4078 6470
247 373 348 431 761

246 482 490 555 quamvis
517 481 836 538 Christianis
869 481 1112 538 ﬁdelibus
1156 499 1186 539 ιι
1214 485 1456 542 fidelibus
1504 487 1827 545 iudicentur.

317 577 374 630 2.
406 575 714 630 Miraculum
742 575 882 646 quod
910 575 1192 631 Mediolani
1213 577 1410 634 factum
1435 587 1539 643 est,
1566 594 1689 636 cum
1719 580 1830 636 illic

249 683 512 728 essemus.
540 668 754 740 quando
780 668 1105 724 illuminatus
1128 679 1210 724 est
1232 684 1427 735 caecus,
1450 671 1516 724 ad
1544 672 1832 728 multorum

248 759 492 815 notitiam
520 759 690 829 potuit
716 759 1013 827 pervenire,
1046 759 1166 828 quia
1193 767 1248 814 et
1273 759 1488 830 grandis
1513 769 1593 816 est
1621 762 1830 829 civitas,

247 863 302 908 et
329 851 404 907 ibi
441 861 557 906 erat
584 859 710 905 tunc
751 849 1064 922 imperator,
1093 859 1148 906 et
1185 851 1449 907 immenso
1479 854 1674 923 p0pulo
1697 861 1834 909 teste

249 957 336 996 res
357 950 506 1010 gesta
528 949 630 1004 est,
657 948 1011 994 concurrente
1037 939 1102 994 ad
1131 955 1354 1010 corpora
1382 952 1673 1014 martyrum
1705 943 1834 998 Pro-

251 1030 367 1083 tasii
399 1039 455 1084 et
499 1028 736 1084 Gervasii
770 1046 786 1084 :
814 1043 935 1098 qua:
959 1043 1079 1083 cum
1112 1029 1358 1096 laterent,
1403 1041 1459 1086 et
1501 1032 1710 1101 penitus
1739 1047 1834 1086 ne-

249 1123 540 1186 scirentur,
585 1121 836 1190 episcopo
860 1121 1144 1176 Ambrosio
1172 1138 1269 1193 per
1309 1123 1574 1176 somnium
1601 1123 1836 1179 revelata

251 1214 462 1279 reperta
488 1219 647 1273 sunt;
680 1210 770 1264 ubi
811 1225 985 1266 caecus
1015 1210 1104 1266 ille
1127 1211 1366 1282 depulsis
1393 1213 1663 1268 veteribus
1689 1221 1839 1270 tene-

251 1298 364 1354 bris
391 1299 532 1355 diem
561 1300 695 1354 vidit
721 1298 824 1371 (α).
1138 1368 1146 1376 .

320 1390 377 1446 3.
428 1391 579 1460 Apud
623 1390 995 1461 Carthaginem
1039 1404 1218 1449 autem
1262 1395 1382 1464 quis
1425 1395 1594 1460 novit,
1643 1403 1841 1465 praeter

253 1481 538 1536 admodum
567 1484 935 1552 paucissimos,
963 1485 1210 1547 salutem,
1243 1502 1360 1550 qu:e
1391 1487 1526 1541 Laeta
1568 1495 1652 1542 est
1682 1487 1841 1543 Inno-

253 1573 430 1626 centio
456 1587 520 1626 ex
560 1572 817 1628 advocato
853 1575 1064 1629 vicarite
1109 1575 1454 1644 praefecturae.
1486 1578 1575 1632 ubi
1619 1593 1717 1633 nos
1762 1579 1842 1634 in-

254 1662 554 1726 tcrfuimus,
609 1673 664 1718 et
705 1665 874 1720 oculis
921 1667 1226 1737 aspeximus
1271 1669 1508 1724 nostris?
1550 1668 1841 1726 Venientes

253 1750 398 1807 enim
441 1751 512 1806 de
559 1753 943 1814 transmarinis,
997 1769 1084 1810 me
1129 1765 1184 1810 et
1228 1755 1441 1811 fratrem
1484 1773 1659 1812 meum
1705 1757 1842 1830 Aly-

255 1843 402 1912 pium
429 1842 526 1911 (ι),
556 1844 789 1898 nondum
815 1845 1030 1914 quidem
1060 1848 1304 1913 clericos,
1336 1848 1430 1903 sed
1448 1849 1557 1918 jam
1587 1851 1696 1904 Deo
1724 1864 1842 1904 ser-

254 1933 483 1998 vientes,
511 1945 571 1986 ut
611 1943 726 1988 erat
754 1949 871 1988 cum
917 1944 1024 1992 tota
1051 1937 1212 1992 domo
1238 1955 1332 1993 sua
1363 1939 1794 2009 religiosissimus
1822 1978 1841 2006 ,

255 2023 374 2097 ipse
391 2035 718 2098 susceperat,
737 2036 791 2082 et
808 2029 946 2099 apud
971 2045 1094 2085 eum
1117 2041 1240 2086 tunc
1264 2029 1651 2086 habitabamus.
1672 2031 1842 2087 Cura-

254 2123 408 2183 batur
452 2137 487 2182 ιι
531 2117 748 2182 medicis
780 2145 794 2182 :
830 2121 1034 2178 ttstulas
1061 2122 1112 2188 ⁸,
1155 2137 1289 2192 quas
1329 2137 1641 2178 numerosas
1683 2131 1844 2194 atque

254 2222 538 2292 perplexas
586 2219 766 2274 habuit
812 2219 864 2272 in
918 2213 1217 2282 posteriore
1259 2222 1416 2283 atque
1459 2213 1563 2268 ima
1605 2212 1846 2284 corporis

255 2322 424 2382 parte,
455 2312 562 2381 jam
594 2321 876 2367 set-nerant
919 2307 993 2372 ei,
1020 2314 1075 2361 et
1099 2307 1228 2360 artis
1251 2322 1362 2362 sua:
1388 2316 1582 2362 canora
1609 2305 1845 2362 medica-

255 2403 453 2458 mentis
481 2403 726 2474 agebant.
756 2404 954 2458 Passus
981 2407 1158 2454 autem
1189 2399 1358 2454 fuerat
1384 2401 1434 2454 in
1478 2399 1716 2456 sectione
1755 2399 1844 2455 illa

256 2502 313 2548 et
334 2493 616 2548 diuturnos
639 2502 692 2548 et
719 2496 947 2549 acerbos
971 2489 1205 2545 dolores.
1237 2490 1342 2546 Sed
1372 2505 1510 2545 unus
1538 2491 1680 2546 inter
1707 2489 1848 2544 mul-

258 2592 341 2638 tos
386 2585 536 2639 sinas
577 2584 833 2639 fefellerat
881 2581 1141 2648 medicos,
1190 2591 1347 2653 atque
1395 2584 1464 2638 ita
1511 2583 1754 2649 latuerat,
1786 2591 1848 2638 ut

256 2690 382 2729 eum
429 2691 534 2729 non
567 2684 861 2744 tangerent,
907 2687 1066 2746 quem
1111 2675 1252 2727 ferro
1279 2674 1488 2742 aperire
1530 2675 1844 2730 debuerant.

261 2765 506 2835 Denique
549 2766 749 2820 sanatis
777 2769 1030 2821 omnibus
1057 2779 1176 2832 qua:
1215 2775 1402 2834 aperta
1432 2764 1718 2828 curabant,
1747 2765 1848 2820 iste

258 2865 588 2912 remanserat
629 2856 794 2921 solus,
842 2857 927 2910 cui
979 2853 1172 2910 frustra
1236 2854 1638 2923 impendebatnr
1675 2854 1874 2908 labor.‘

259 2949 405 3017 Quas
449 2963 629 3003 moras
675 2949 762 3003 ille
808 2955 1086 3018 suspectas
1125 2945 1346 3012 habens,
1378 2947 1708 3017 multumque
1739 2945 1848 3000 for-

260 3043 470 3097 midans
516 3056 584 3096 ne
630 3043 822 3096 iterum
871 3047 1180 3105 secaretur,
1228 3039 1368 3107 quod
1425 3039 1476 3094 ei
1531 3039 1848 3109 prmdixcml.

259 3136 395 3190 alius
423 3134 660 3189 medicus
682 3133 1007 3190 domesticus
1033 3131 1173 3202 ejus,
1202 3148 1358 3201 quem
1385 3147 1490 3186 non
1520 3131 1848 3185 admiserant

261 3228 355 3289 illi.
388 3236 448 3282 ut
488 3228 676 3282 saltem
705 3227 930 3289 videret,
959 3241 1082 3280 eum
1116 3225 1342 3294 primum
1369 3236 1546 3280 seetus
1575 3233 1680 3290 est,
1711 3239 1848 3292 quo-

261 3318 422 3372 modo
462 3317 511 3372 id
560 3317 811 3380 facerent,
857 3318 1127 3386 iratusque
1171 3316 1317 3369 illum
1348 3315 1801 3384 domoabjeeerat
1827 3355 1846 3382 ,

258 3412 453 3481 vixque
497 3420 790 3478 receperat,
823 3410 1016 3479 erupit,
1058 3417 1220 3478 atque
1249 3412 1323 3462 ait
1351 3425 1362 3461 :
1392 3407 1587 3463 lterum
1635 3423 1722 3461 me
1757 3422 1848 3461 se-

261 3504 397 3556 cturi
429 3501 602 3555 estis?
628 3501 706 3555 Ad
755 3501 916 3568 illius,
949 3516 1103 3568 quem
1155 3499 1403 3553 noluistis
1450 3513 1568 3553 esse
1607 3514 1848 3568 perseu-

263 3605 401 3658 tem,
452 3594 611 3648 verba
658 3601 915 3649 venturus
964 3591 1126 3646 sum?
1179 3590 1405 3645 lrridere
1456 3590 1530 3644 illi
1583 3589 1874 3645 medicum

262 3684 588 3754 imperitum,
621 3692 927 3752 metumque
953 3681 1184 3736 hominis
1211 3679 1365 3735 bonis
1406 3680 1586 3734 verbis
1616 3679 1849 3748 promis-

261 3773 608 3842 sionibusque
637 3772 823 3826 lenire.
854 3771 1231 3827 Przeterierunt
1268 3783 1322 3825 et
1350 3769 1437 3824 alii
1469 3769 1584 3824 dies
1612 3769 1848 3840 plurimi,

262 3866 506 3936 nihilque
532 3865 842 3935 proﬁciebat
867 3879 1027 3919 omne
1053 3863 1192 3934 quod
1227 3863 1405 3918 fiebat.
1438 3863 1626 3919 Medici
1671 3872 1849 3918 tamen

263 3956 317 4010 in
342 3972 438 4011 sua
471 3955 848 4025 pollicitatione
878 3955 1251 4024 persistehant,
1279 3970 1387 4009 non
1415 3968 1474 4010 se
1501 3955 1649 4009 illum
1673 3957 1849 4010 sinum

265 4047 429 4109 ferro.
462 4048 555 4102 sed
584 4046 983 4101 medicamentis
1008 4061 1128 4102 esse
1155 4047 1449 4102 clausuros.
1481 4047 1855 4102 Adhibuerunt

264 4148 320 4195 et
346 4139 509 4195 alium
556 4139 894 4209 grandmvnm
921 4138 1030 4207 jam
1077 4139 1361 4202 medicum,
1405 4139 1642 4210 satisque
1687 4140 1737 4193 in
1767 4140 1852 4194 illa

265 4241 382 4286 arte
411 4229 678 4284 laudatum
719 4227 916 4299 (adhuc
958 4230 1100 4282 enim
1141 4227 1371 4300 vivebat)
1418 4230 1754 4284 Amtnonimn
1785 4231 1808 4262 ¹
1835 4272 1851 4295 ,

266 4323 354 4392 qui
385 4323 502 4377 loco
541 4324 800 4390 inspecto,
835 4323 972 4377 idem
1005 4321 1143 4391 quod
1177 4323 1248 4375 illi
1275 4338 1341 4377 ex
1367 4336 1554 4377 eorum
1586 4323 1853 4391 diligentia

268 4414 564 4483 peritiaque
591 4415 852 4482 promisit.
884 4412 1049 4482 Cujus
1096 4413 1182 4467 ille
1209 4411 1380 4468 factus
1424 4413 1738 4467 auctoritate
1767 4429 1854 4466 se-

268 4521 450 4570 curus,
478 4505 770 4560 domestico
797 4521 894 4562 suo
942 4506 1167 4569 medico,
1196 4506 1285 4576 qui
1329 4507 1554 4560 futuram
1601 4505 1860 4575 prtedixe-

269 4612 352 4657 rat
377 4600 534 4654 aliam
553 4601 842 4655 sectionem
865 4601 1028 4654 faceta
1052 4599 1336 4665 hilaritate,
1358 4600 1502 4654 velut
1520 4601 1627 4667 jam
1655 4599 1854 4666 salvus,

272 4692 457 4747 illusit.
489 4691 623 4758 Quid
653 4693 800 4761 plura
820 4693 845 4744 Ἰ
872 4692 974 4746 Tot
1001 4691 1114 4745 dies
1144 4700 1325 4762 postea
1353 4691 1581 4745 inaniter
1599 4706 1854 4746 consum-

274 4787 344 4855 pti
373 4784 720 4846 transierunt,
751 4793 807 4838 ut
834 4783 958 4838 fessi
985 4795 1142 4854 atque
1167 4784 1373 4837 confusi
1408 4783 1702 4838 faterentur
1731 4799 1854 4838 eum

274 4877 370 4931 nisi
397 4877 700 4930 ferronnllo
725 4875 884 4930 modo
914 4891 1070 4945 posse
1100 4876 1298 4930 sanari.
1326 4875 1570 4944 Expavit,
1600 4875 1860 4944 expalluit

274 4968 436 5021 nimio
466 4968 656 5020 timore
684 4967 924 5022 turbatus
953 4985 966 5020 ε
995 4976 1155 5037 atque
1184 4967 1270 5022 ιιιιὶ
1299 4981 1358 5021 se
1387 4965 1620 5035 Collegit,
1652 4964 1858 5035 farique

272 5060 462 5127 potttit,
492 5058 640 5112 abire
669 5059 785 5112 illos
807 5058 986 5126 jussit,
1018 5067 1072 5112 et
1110 5059 1174 5112 ad
1206 5073 1265 5112 se
1293 5057 1521 5126 amplius
1559 5072 1663 5109 non
1703 5071 1860 5109 acce-

273 5143 424 5214 dere,
457 5164 554 5202 nec
577 5149 719 5203 aliud
758 5150 990 5204 occurrit
1017 5150 1232 5219 fatigato
1261 5149 1508 5221 lacrymis
1545 5157 1599 5203 et
1626 5147 1714 5201 illa
1748 5146 1858 5216 jam

289 5322 302 5334 .
337 5262 354 5293 ι
390 5259 527 5318 Editi,
552 5259 819 5334 curabatur
851 5260 1115 5334 a-ntedicis
1149 5267 1346 5334 propter
1389 5259 1618 5334 fistulas;
1645 5267 1696 5334 et
1720 5259 1861 5319 intra,

270 5325 382 5385 jam
408 5330 659 5372 secuerunt
688 5337 816 5373 eum.
853 5331 908 5374 Αι
929 5325 1237 5385 manuscripti
1268 5325 1442 5372 omnes
1462 5325 1726 5385 omittunt,_
1748 5334 1862 5383 pro-

274 5383 413 5493 pier;
440 5389 493 5431 et
517 5397 578 5432 ex
605 5385 663 5434 iis
683 5386 875 5447 quidam
900 5385 1096 5445 habent,
1114 5383 1225 5447 join
1247 5393 1496 5436 secuerunt
1517 5384 1593 5446 ei;
1617 5383 1700 5433 alii
1715 5383 1863 5446 longe

278 5459 306 5493 ι,
329 5457 464 5493 ures.
491 5457 617 5493 eum.

278 5457 464 5508 putres,
491 5457 617 5495 eum.

339 5511 358 5571 ξ
383 5507 520 5571 ωίιι,
543 5508 842 5571 μιιιηιοηὶηηι
857 5507 984 5571 dico,
997 5508 1098 5571 qui,
1117 5515 1213 5571 etc.
1231 5515 1284 5558 At
1295 5516 1396 5556 \tss.
1419 5521 1512 5555 non
1524 5505 1860 5571 habent,dico.

339 5568 413 5632 (α)
438 5569 567 5616 tloaf.
598 5569 678 5617 lib.
699 5571 749 5628 9,
770 5568 1127 5632 C0nfess.,'cap.
1153 5569 1201 5632 7_,
1224 5583 1272 5619 n.
1302 5571 1394 5631 lii;
1418 5577 1570 5619 Serm.
1593 5568 1703 5628 518,
1726 5583 1774 5617 ιι.
1806 5569 1822 5618 i
1846 5582 1861 5629 ;

279 5628 405 5694 lib.‘i
437 5635 662 5694 Itetract.,
681 5645 785 5694 cap.
816 5633 887 5692 15,
913 5646 961 5680 ιι.
991 5628 1048 5693 7,
1074 5628 1125 5682 et
1147 5630 1279 5682 alibi.

341 5691 413 5757 (ὁ)
442 5689 656 5757 Alypius,
690 5689 750 5742 s.'
775 5689 1043 5757 Αιιειιδιῑιιίς
1061 5695 1262 5750 amicus,
1289 5698 1501 5757 Tagaste
1526 5689 1775 5757 oriundus,
1799 5690 1865 5739 de

281 5751 378 5817 quo
396 5751 452 5801 in
472 5751 878 5817 tio‘nl'essionilnts:
899 5755 980 5803 lib.
1014 5755 1064 5815 6,
1087 5767 1224 5817 capp.
1251 5756 1308 5807 l0
1353 5751 1404 5806 ἐι
1433 5754 1513 5816 li;
1540 5751 1626 5802 lib.
1665 5753 1713 5812 8,
1753 5763 1858 5815 cap.

285 5813 359 5877 £2,
385 5824 435 5866 et
455 5816 628 5878 [assint
652 5819 697 5866 in
713 5816 944 5880 Epistolis.
972 5813 1236 5868 uacui-in."

1368 373 1568 433 ιιιιειι
1608 375 1974 438 γιρεειιιυε
2007 379 2388 446 SECUNDUS.

1940 495 2257 554 necessitate
2282 501 2590 568 constricto,
2616 503 2717 560 nisi
2737 513 2792 559 ut
2806 505 3082 562 adhiberet
3105 509 3524 570 Alexandrinum

1938 587 2243 657 quemdam,
2274 593 2364 661 qui
2409 603 2537 649 tunc
2571 595 2852 668 chirurgus
2881 600 3139 655 mirabilis
3190 602 3482 658 habebatur
3504 645 3522 670 ,

1940 688 1997 732 ut
2025 679 2137 748 ipso
2179 680 2377 736 faceret
2403 686 2544 754 quod
2572 687 2641 742 ab
2669 689 2774 744 illis
2803 689 2918 746 ﬁeri
2962 693 3176 748 nolebat
3206 696 3388 750 it'atus.
3420 697 3525 752 Sed

1940 781 2283 842 posteaquam
2329 776 2473 830 venit
2520 777 2634 842 ille,
2667 779 3009 850 laboremque
3039 784 3244 837 illorum
3277 787 3332 838 in
3375 786 3522 840 cica-

1940 861 2162 916 tricibus
2189 864 2325 918 sicut
2351 866 2539 920 artifex
2582 869 2731 933 vidit,
2774 871 2896 924 boni
2927 873 3023 926 viri
3069 873 3278 928 functus
3307 874 3486 928 oftieio
3509 916 3524 940 ,

1942 955 2203 1023 persuasit
2233 953 2433 1010 homini
2464 965 2520 1012 ιιι
2545 957 2616 1012 illi
2646 959 2819 1028 potius
2845 961 2933 1031 qni
2962 963 3013 1016 in
3039 979 3104 1017 eo
3142 972 3342 1018 tantum
3372 965 3527 1020 labo-

1942 1055 2208 1109 raverant,
2229 1057 2484 1116 quantum
2513 1049 2625 1117 ipse
2649 1051 2934 1120 inspiciens
2960 1055 3270 1114 mirabatur.
3295 1058 3528 1111 curatio.

1943 1139 2026 1191 nis
2054 1154 2165 1193 sua:
2209 1140 2315 1195 fine
2358 1140 2684 1207 frtterentur,
2714 1143 2969 1212 adjiciens
3008 1147 3148 1216 quod
3194 1162 3379 1202 revera
3425 1148 3526 1204 nisi

1942 1240 2118 1286 sectus
2162 1242 2325 1298 esset,
2355 1235 2532 1290 salvus
2575 1250 2696 1291 esse
2739 1251 2843 1292 non
2873 1250 3082 1307 posset;
3115 1241 3208 1294 sed
3234 1241 3388 1297 valde
3429 1241 3531 1296 ah-

1946 1321 2164 1378 horrere
2191 1337 2221 1377 a
2251 1325 2362 1379 suis
2389 1325 2648 1391 moribus,
2678 1338 2735 1381 nt
2763 1327 3066 1384 hominibus
3108 1347 3332 1399 quorum
3362 1333 3533 1386 artifi-

1944 1412 2292 1468 ciosissimam
2309 1431 2548 1485 operam,
2569 1418 2904 1484 industriam,
2921 1419 3243 1491 diligentiam
3260 1423 3531 1478 admirans

1948 1502 2001 1556 in
2049 1502 2384 1560 cicatricibus
2422 1508 2537 1576 ejus
2568 1508 2790 1572 videret,
2836 1520 3052 1580 propter
3096 1511 3342 1580 exiguum
3389 1513 3532 1583 quod

1949 1595 2242 1662 remansit,
2292 1597 2522 1667 palmam
2573 1601 2702 1652 tanti
2775 1601 2972 1655 laboris
3011 1600 3269 1656 auferret.
3321 1602 3532 1657 Redditi

1947 1694 2073 1741 sunt
2107 1687 2284 1740 animo
2311 1688 2429 1756 ejus
2455 1729 2470 1752 ,
2521 1697 2573 1744 et
2604 1668 2804 1759 placuit
2853 1699 2911 1745 ut
2946 1691 3134 1746 eodem
3174 1693 3536 1748 Alexandrino

1949 1778 2231 1834 assistente
2262 1780 2362 1851 ipsi
2401 1780 2574 1834 sinum
2620 1781 2766 1836 illttm
2810 1780 2972 1844 ferro.
3005 1783 3091 1852 qui
3116 1782 3226 1852 jam
3271 1798 3536 1840 consensu

1948 1870 2187 1924 omnium
2217 1870 2373 1926 aliter
2416 1871 2725 1926 insanabilis
2755 1873 3052 1942 putabatur,
3081 1876 3372 1942 aperirent.
3405 1875 3536 1942 Quae

1949 1977 2036 2020 res
2059 1964 2219 2018 dilata
2247 1972 2332 2020 est
2369 1965 2420 2020 in
2443 1974 2858 2035 consequentem
2887 1965 3049 2021 diem.
3084 1966 3188 2022 Sed
3228 1982 3348 2021 eum
3373 1967 3538 2022 abiis-

1948 2065 2072 2111 sent
2096 2055 2190 2120 illi,
2219 2072 2282 2111 ex
2308 2071 2539 2112 mterore
2565 2056 2729 2111 nimio
2756 2058 2956 2111 domini
2987 2067 3161 2112 tantus
3185 2067 3268 2112 est
3293 2058 3344 2112 in
3374 2058 3538 2113 domo

1952 2147 2044 2204 illa
2073 2158 2292 2203 exortus
2320 2148 2496 2216 dolor,
2530 2157 2590 2203 ut
2642 2159 2890 2220 tanquam
2942 2149 3142 2203 funeris
3169 2151 3409 2218 planctus
3446 2150 3536 2205 vix

1949 2239 2393 2312 comprimeretur
2413 2255 2442 2295 a
2460 2241 2636 2295 nobis.
2657 2239 2956 2294 Visitabant
2975 2255 3096 2294 eum
3115 2242 3350 2310 quotidie
3365 2241 3535 2296 sancti

1950 2331 2072 2397 viri,
2114 2332 2396 2402 episcopus
2441 2340 2567 2386 tunc
2609 2328 2885 2387 Uzalensis
2923 2330 3022 2399 (α),
3068 2329 3239 2386 beata:
3264 2330 3540 2385 memoria:

1950 2421 2292 2488 Saturninus,
2338 2431 2394 2476 et
2438 2421 2718 2494 presbyter
2746 2420 2972 2477 Gulosus
2999 2423 3040 2488 ¹,
3073 2437 3135 2476 ac
3165 2421 3372 2476 diaconi
3402 2419 3538 2476 Car-

1953 2512 2280 2583 thagineusis
2323 2512 2578 2568 Ecclesiae
2609 2531 2624 2568 :
2652 2512 2703 2567 in
2747 2513 2939 2584 quibus
2977 2520 3113 2577 erat,
3143 2522 3210 2566 ‘et
3237 2527 3306 2568 ex
3344 2512 3540 2582 quibus

1952 2604 2096 2659 solus
2122 2610 2206 2660 est
2231 2619 2372 2658 nunc
2408 2604 2459 2658 in
2491 2604 2651 2659 rebus
2677 2602 2943 2663 humanis.
2977 2603 3080 2672 jam
3107 2603 3540 2673 episcOpus-c'um

1953 2697 2157 2752 honore
2196 2712 2225 2750 a
2258 2697 2411 2751 nobis
2455 2696 2636 2752 debito
2681 2697 3036 2750 nominandus
3082 2696 3365 2764 Aurelius,
3411 2710 3533 2752 cum

1951 2806 2057 2862 quo
2077 2792 2420 2844 recordantes
2445 2789 2706 2844 mirabilia
2728 2805 2887 2860 opera
2919 2789 3010 2844 Dei
3035 2790 3078 2856 ',
3100 2787 3168 2844 de
3193 2789 3292 2843 hac
3316 2803 3376 2844 re
3396 2780 3542 2858 saepe

1951 2884 2202 2940 collocuti
2261 2899 2488 2947 sumus,
2535 2897 2766 2952 eumque
2812 2882 2966 2937 valde
3012 2881 3355 2948 meminisse,
3402 2879 3544 2950 qttod

1952 2992 2474 3040 coaunemoramns,
2522 2975 2842 3029 invenimus.
2891 2974 2989 3042 Qui
3035 2990 3156 3028 eum
3201 2989 3358 3038 eum,
3404 2974 3547 3028 sicut

1954 3069 2216 3135 solebant,
2248 3084 2472 3138 vespere
2517 3068 2810 3134 visitarent,
2841 3067 3049 3136 rogavit
3084 3082 3179 3122 eos
3222 3066 3545 3121 miserabili-

1953 3163 2052 3217 bus
2102 3161 2369 3232 lacrymis,
2403 3169 2456 3212 ιιι
2498 3174 2654 3214 mane
2696 3157 3043 3229 dignarentur
3091 3173 3209 3213 esse
3255 3167 3547 3227 przesentes

1952 3268 2050 3310 suo
2076 3253 2244 3308 funeri
2271 3252 2448 3323 potius
2476 3267 2633 3322 quam
2657 3249 2850 3306 dolori.
2883 3250 3085 3305 Tantus
3109 3250 3250 3305 enitn
3281 3266 3402 3306 eum
3429 3239 3556 3306 me-I

1954 3354 2039 3400 tus
2068 3361 2133 3400 ex
2163 3343 2428 3414 prioribus
2458 3344 2724 3397 invaserat
2752 3342 2944 3412 poenis,
2976 3354 3033 3396 ut
3058 3342 3276 3396 seinter
3305 3341 3543 3397 medico-

1954 3454 2070 3494 rum
2104 3453 2291 3492 manus
2318 3453 2424 3490 non
2455 3435 2722 3490 dubitaret
2749 3451 2869 3490 esse
2900 3435 3239 3489 moriturum.
3269 3432 3547 3488 Consolati

1953 3539 2077 3585 sunt
2117 3545 2238 3584 eum
2285 3528 2381 3596 illi,
2412 3537 2465 3582 et
2497 3529 2687 3582 hortati
2726 3536 2786 3582 ut
2827 3527 2880 3582 in
2911 3527 3020 3581 Deo
3063 3525 3273 3590 fideret,
3321 3524 3547 3596 ejusque

1953 3621 2286 3674 voluntatem
2307 3619 2529 3674 viriliter
2549 3617 2729 3673 ferret.
2759 3617 2886 3672 Inde
2905 3617 2971 3671 ad
3003 3618 3296 3671 orationem
3322 3615 3548 3686 ingressi

1955 3703 2190 3767 sumus':
2223 3710 2312 3766 ubi
2362 3709 2516 3765 nobis
2558 3725 2624 3765 ex
2665 3724 2814 3764 more
2851 3724 3022 3779 genua
3054 3709 3358 3778 ligentibus,
3388 3717 3549 3777 atque

1957 3802 2386 3860 incumbentibus
2430 3811 2606 3865 terrae,
2651 3800 2741 3854 ille
2790 3813 2849 3854 se
2894 3799 2964 3853 ita
3012 3798 3254 3870 projeeit,
3299 3808 3549 3866 tanquam

1958 3895 2148 3952 fuisset
2169 3895 2349 3966 aliquo
2369 3895 2602 3965 graviter
2627 3890 2934 3962 impellente
2964 3899 3283 3960 prostratus,
3308 3897 3362 3944 et
3387 3888 3552 3957 coepit

1957 3977 2112 4041 orare
2132 3986 2354 4056 :quibus
2367 3983 2559 4050 modis,
2578 3999 2682 4054 quo
2707 3981 2918 4045 alfectu,
2939 3997 3044 4051 quo
3067 3989 3213 4033 motu
3237 3978 3419 4041 animi,
3444 3992 3552 4048 quo

1960 4059 2122 4133 fluvio
2149 4073 2524 4148 Iacrymarum,
2543 4073 2733 4144 quibus
2750 4072 3035 4145 gemitibus
3057 4081 3212 4141 atque
3231 4069 3551 4139 singultibus

1959 4169 2378 4227 succutientibus
2419 4169 2595 4221 omnia
2624 4167 2860 4222 membra
2891 4165 3008 4234 ejus
3036 4175 3090 4220 ct
3115 4180 3258 4237 pene
3287 4162 3544 4217 interclu-

1960 4263 2210 4318 dentibus
2239 4261 2482 4329 Spiritum
2505 4301 2518 4325 ,
2547 4260 2664 4329 quis
2711 4259 2826 4312 ullis
2856 4258 3086 4330 explicet
3117 4256 3334 4310 verbis?
3363 4255 3552 4311 Utrum

1961 4361 2178 4408 orarent
2212 4353 2324 4417 alii,
2353 4367 2452 4406 nec
2481 4351 2534 4405 in
2572 4351 2686 4405 hmc
2714 4365 2899 4404 eorum
2938 4357 3270 4403 averteretur
3307 4345 3554 4411 intentio,

1963 4444 2285 4500 nesciebam.
2304 4443 2416 4512 Ego
2437 4451 2611 4498 tamen
2627 4455 2845 4512 prorsus
2864 4455 3019 4493 orare
3036 4455 3141 4493 non
3161 4447 3398 4506 poteram
3419 4453 3432 4488 :
3455 4435 3556 4490 hoc

1964 4533 2336 4589 tantummodo
2381 4533 2614 4587 breviter
2658 4532 2708 4584 in
2736 4531 2899 4584 corde
2945 4546 3065 4582 meo
3108 4526 3506 4601 dixi,l)omiue
3535 4567 3554 4593 ,

1964 4641 2098 4696 quas
2141 4634 2350 4678 tuorum
2391 4637 2576 4692 preces
2619 4621 2861 4684 exaudis,
2908 4619 2953 4674 si
2999 4620 3096 4674 bas
3135 4638 3238 4673 non
3287 4617 3552 4673 exaudis?

1963 4715 2102 4770 Nihil
2149 4715 2290 4769 enim
2339 4713 2470 4768 mihi
2511 4713 2787 4766 videbatur
2831 4710 2951 4764 addi
2989 4713 3098 4778 jam
3147 4725 3336 4780 posse,
3369 4708 3468 4761 nisi
3501 4714 3558 4760 nt

1965 4808 2264 4876 exspiraret
2291 4804 2512 4860 orando.
2544 4803 2906 4868 Surrexintns,
2955 4811 3010 4856 et
3056 4810 3274 4870 accepta
3320 4800 3388 4852 ab
3429 4798 3557 4866 Epi-

1967 4916 2131 4970 scopo
2158 4897 2526 4954 benedictione
2551 4896 2930 4960 discessimus;
2959 4902 3177 4963 rogante
3201 4892 3290 4945 illo
3313 4901 3366 4944 ut
3394 4906 3550 4946 mane

1966 4992 2234 5055 adessent,
2265 4990 2370 5045 illis
2397 4998 2455 5044 ttt
2482 5005 2636 5058 teque
2662 4991 2840 5044 animo
2864 4995 3008 5041 esset
3047 4984 3402 5039 hortantibus.
3435 4983 3562 5037 Illn-

1973 5084 2050 5136 xit
2079 5081 2195 5138 dies
2237 5083 2328 5152 qtti
2357 5080 2710 5144 metuebatur,
2755 5078 2976 5131 aderant
3004 5075 3148 5144 servi
3176 5076 3289 5139 Dei,
3318 5076 3455 5127 sicut
3497 5088 3557 5128 se

1968 5175 2242 5231 adfuturos
2282 5190 2401 5229 esse
2447 5173 2800 5244 promiserant
2831 5186 2844 5222 :
2879 5169 3101 5239 ingreSsi
3151 5177 3276 5224 sunt
3315 5167 3504 5221 medici
3537 5204 3558 5232 ,

1971 5279 2225 5338 parantur
2269 5265 2449 5320 Otttttia
2494 5280 2614 5334 qua:
2656 5263 2782 5315 hora
2832 5261 2915 5314 illa
2962 5259 3249 5331 poscebat,
3283 5256 3560 5312 tremenda

1970 5362 2288 5417 ferramenta
2321 5357 2679 5428 proferuntur,
2709 5355 2946 5410 attonitis
2971 5351 3353 5423 suspensisque
3379 5349 3561 5404 muni-

1971 5456 2087 5508 bus.
2122 5452 2211 5507 Eis
2251 5461 2428 5504 autem
2459 5463 2683 5520 quorum
2725 5454 2842 5501 erat
2871 5444 3042 5514 major
3068 5443 3379 5508 auctoritas,
3408 5438 3562 5495 defe-

1971 5558 2112 5603 ctum
2154 5542 2314 5599 animi
2345 5543 2463 5612 ejus
2507 5538 2834 5595 consolando
2862 5538 3214 5609 erigentibus,
3257 5535 3325 5592 ad
3371 5546 3563 5591 manus

1986 5703 1992 5708 '
2037 5685 2052 5716 ι
2089 5681 2310 5743 Plerique
2332 5684 2460 5735 Mss,
2483 5674 2699 5743 attingas.

2035 5748 2055 5777 ι
2090 5733 2314 5804 ι-ιιιιυὶιῇιιε
2331 5733 2460 5804 Mss,
2482 5733 2722 5791 mirabilia
2742 5749 2944 5802 operum
2969 5738 3075 5788 Μ.

2036 5807 2109 5870 ((ι)
2136 5801 2274 5866 Infra,
2299 5817 2331 5853 ιι
2373 5801 2451 5851 9-1.
