4078 6482
531 359 644 419 ’163

527 476 725 546 sectari
754 474 991 532 membra
1033 473 1086 530 in
1129 472 1325 530 lectulo
1361 480 1770 543 componuntur,
1817 469 2096 526 solvuntur

527 566 654 642 nodi
683 567 1108 638 ligamentorum,
1137 563 1368 618 nudatur
1397 562 1567 630 locus,
1594 561 1808 631 inspicit
1833 559 2094 625 medicus,

525 665 582 726 α
602 657 888 714 secandum
909 655 1061 710 illum
1085 655 1262 710 sinum
1301 663 1537 708 armatus
1559 661 1720 722 atque
1757 651 1989 706 intentus
2011 649 2096 704 iu-

523 747 708 816 quirit.
733 745 1009 802 Scrutatur
1035 745 1226 808 oculis,
1257 743 1538 814 digitisque
1564 748 1898 806 contrectat;
1931 746 2098 795 tentat

525 836 755 906 denique
795 833 965 890 modis
991 833 1282 889 omnibus:
1314 833 1514 888 invenit
1553 830 1910 886 firmissimam
1951 830 2094 885 cica-

524 925 731 980 tricem.
759 923 878 981 Jam
904 925 990 980 illa
1013 924 1193 980 laetitia
1231 932 1288 980 et
1314 923 1430 979 laus
1452 933 1611 994 atque
1633 924 1919 994 gratiarum
1955 922 2098 978 actio

521 1016 850 1074 misericordi
891 1026 949 1074 et
991 1015 1336 1086 omnipotenti
1385 1015 1514 1080 Deo,
1564 1014 1834 1086 qute‘fusa
1878 1022 1962 1071 est
1999 1029 2096 1070 ore

520 1109 758 1164 omnium
783 1108 1195 1180 lacrymautibus
1217 1107 1445 1178 gaudiis,
1476 1123 1583 1162 non
1607 1115 1692 1162 est
1714 1105 2092 1162 committenda

521 1199 656 1256 meis
679 1199 856 1255 verbis
883 1216 898 1254 :
928 1201 1191 1268 cogitetur
1217 1199 1410 1268 potius,
1436 1213 1594 1268 quam
1619 1197 1844 1252 dicatur.

589 1293 645 1347 3.
684 1291 742 1348 lu
775 1291 961 1350 eadem
983 1291 1304 1362 Carthagine
1331 1291 1630 1346 Innocentis
1647 1330 1664 1356 ,
1692 1287 2092 1359 religiosissima

519 1383 738 1451 femina,
758 1383 828 1440 de
848 1383 1110 1454 primariis
1140 1383 1306 1455 ipsius
1331 1382 1578 1444 civitatis.
1620 1381 1674 1436 in
1704 1379 1933 1435 mamilla
1960 1395 2091 1434 can-

517 1488 665 1532 crum
688 1473 913 1531 habebat
938 1491 953 1530 :
974 1490 1108 1540 rem,
1134 1474 1271 1530 sicut
1296 1472 1484 1529 medici
1502 1473 1703 1536 dicunt,
1744 1471 1900 1526 nullis
1921 1470 2090 1525 medi-

515 1566 776 1622 tamentis
795 1566 1084 1622 sanabilem
1113 1563 1209 1639 (α).
1237 1566 1342 1622 Aut
1372 1579 1500 1636 ergo
1525 1563 1741 1634 praecidi
1775 1562 1944 1630 solet,
1971 1571 2026 1618 et
2057 1577 2091 1617 a

515 1669 742 1726 corpore
767 1655 998 1725 separari
1019 1656 1311 1712 membrum
1349 1650 1439 1710 οδε
1480 1655 1744 1718 nascitur;
1772 1661 1882 1717 aut,
1910 1661 1968 1706 ut
1994 1652 2092 1706 ali-

513 1756 713 1818 quanto
733 1747 891 1803 homo
917 1747 1114 1803 diutius
1141 1747 1300 1811 vivat,
1322 1756 1499 1802 tamen
1524 1745 1646 1800 inde
1670 1754 1842 1800 morte
1861 1743 2090 1815 quamli-

514 1839 604 1897 bet
636 1839 834 1896 tardius
864 1839 1132 1904 adfutura,
1172 1838 1462 1896 secundum
1491 1836 1861 1908 Hippocratis,
1901 1843 1960 1890 ut
2013 1834 2091 1890 fe-

513 1939 654 1997 runt,
686 1930 1000 1987 sententiam
1029 1931 1047 1963 ¹
1079 1929 1399 2001 (Aphorism.
1424 1937 1551 1984 sect.
1573 1927 1630 1995 6,
1659 1924 1894 1997 aph.58)
1914 1923 2089 1981 omnis

509 2031 597 2077 est
646 2021 937 2077 omittenda
967 2021 1192 2076 curatio.
1224 2020 1336 2075 Hoc
1374 2019 1462 2074 illa
1507 2033 1540 2073 a
1568 2018 1739 2088 perito
1776 2015 1984 2071 medico
2033 2023 2090 2072 et

510 2126 624 2168 suae
665 2109 846 2166 domui
895 2110 1305 2166 familiarissima
1353 2115 1652 2178 accepant,
1698 2114 1755 2162 et
1791 2105 1859 2161 ad
1913 2105 2086 2160 solum

513 2201 680 2257 Deum
702 2215 762 2256 se
788 2199 994 2256 orando
1020 2207 1374 2256 converterat.
1405 2197 1736 2254 Admonetur
1783 2195 1836 2250 in
1885 2193 2088 2250 somnis

509 2293 964 2362 appropinquante
992 2289 1214 2356 Pascha,
1242 2289 1371 2345 utin
1402 2297 1550 2360 parte
1575 2287 1886 2342 feminarum
1902 2283 2088 2340 obser-

511 2383 654 2437 vanti
694 2381 760 2436 ad
802 2381 1297 2450 baptisterium(b),
1325 2393 1674 2450 quacumque
1715 2374 1791 2431 illi
1823 2375 2085 2442 baptizata

510 2472 758 2543 primitus
780 2471 1117 2536 occurrisset,
1135 2471 1369 2541 signaret
1391 2469 1442 2525 ei
1457 2467 1632 2524 locum
1649 2467 1799 2537 signo
1821 2465 2016 2521 Christi
2031 2466 2083 2518 ἐ

510 2563 668 2630 fecit,
693 2571 750 2618 et
791 2561 1072 2618 confestim
1121 2561 1320 2616 sanitas
1357 2567 1640 2614 consecuta
1675 2566 1777 2613 est.
1851 2554 2084 2610 Medicus

509 2668 642 2709 sane
675 2653 766 2724 qui
795 2653 844 2708 ei
891 2652 1119 2719 dixerat,
1150 2661 1208 2706 ut
1235 2651 1362 2706 nihil
1393 2648 1684 2704 curationis
1717 2647 2010 2710 adhiberet,
2039 2646 2084 2700 si

510 2743 667 2812 paulo
691 2741 889 2797 diutius
907 2741 1066 2797 vellet
1088 2740 1288 2803 vivere.
1329 2753 1450 2794 cum
1482 2737 1800 2808 inspexisset
1832 2751 1948 2790 eam
1987 2752 2082 2804 po-

508 2839 646 2896 stea,
670 2840 724 2886 et
747 2831 1078 2886 sanissimam
1104 2830 1449 2901 comperisset
1465 2869 1480 2893 ,
1501 2844 1658 2901 quam
1699 2827 1848 2900 prius
1889 2826 2086 2882 habere

509 2923 637 2978 illud
664 2923 859 2978 malum
880 2922 970 2979 tali
1000 2923 1326 2992 inspectione
1347 2930 1669 2993 cognoverat
1695 2961 1710 2986 ,
1735 2919 1981 2987 quaesivit
2015 2919 2084 2973 ab

509 3029 571 3068 ca
624 3013 967 3070 vehementer
1007 3014 1133 3085 quid
1186 3013 1516 3068 adhibuisset
1544 3013 1599 3076 ³;
1632 3011 1870 3080 cupiens.
1911 3025 2083 3078 quan-

509 3112 621 3158 tum
644 3103 864 3173 intelligi
890 3103 1066 3167 datur,
1099 3118 1256 3159 nosse
1279 3103 1742 3167 medicamentum,
1760 3115 1865 3171 quo
1887 3099 2085 3168 Hippo-

505 3194 665 3249 cratis
691 3193 928 3250 deliuitio
948 3196 1263 3250 vinceretur.
1293 3194 1530 3263 Cumque
1553 3193 1620 3246 ab
1648 3207 1710 3246 ea
1734 3191 1857 3262 quid
1886 3191 2081 3247 factum

504 3293 647 3338 esset
675 3285 943 3352 audisset,
966 3299 1098 3341 voce
1134 3285 1278 3339 velut
1313 3282 1700 3340 contemnentis
1721 3291 1776 3338 et
1801 3283 1947 3336 vultu
1965 3323 1982 3348 ,
2011 3282 2080 3336 ita

508 3384 565 3429 ut
613 3375 702 3430 illa
748 3386 1010 3431 metueret
1043 3392 1110 3431 ne
1144 3375 1354 3446 aliquod
1401 3375 1840 3430 contumeliosum
1863 3375 2081 3429 verbum

507 3467 769 3538 proferret
799 3469 849 3522 in
890 3467 1182 3531 Christum,
1230 3466 1475 3538 religiosa
1519 3465 1816 3522 urbanitate
1857 3480 2082 3534 respon-

503 3559 648 3616 disse
695 3560 857 3616 fertur
889 3560 1202 3626 :Putabam,
1257 3558 1445 3629 inquit,
1493 3574 1740 3628 maguum
1789 3555 1985 3625 aliquid
2031 3566 2082 3611 te

505 3649 635 3704 mihi
673 3649 831 3705 fuisse
862 3649 1143 3706 dicturam.
1167 3651 1338 3719 Atque
1379 3649 1466 3704 illa
1494 3648 1603 3718 jam
1639 3647 2076 3711 exhorrescentc,

507 3756 630 3794 mox
659 3740 857 3796 addidit
887 3758 900 3794 :
931 3740 1065 3809 Quid
1089 3741 1290 3810 grande
1320 3740 1436 3796 fecit
1461 3739 1704 3795 Christus
1734 3754 1923 3794 sanare
1949 3753 2081 3796 can-

505 3832 771 3902 crum,qui
791 3833 1196 3902 quatriduanum
1211 3842 1476 3888 mortuum
1495 3831 1768 3887 suscitavit
1783 3829 1960 3903 (Joan.
1981 3832 2082 3901 xl)?

505 3921 619 3976 lloc
643 3937 743 3992 ego
769 3938 889 3977 cum
918 3922 1184 3978 audissem
1200 3965 1215 3988 ,
1239 3933 1293 3978 et
1314 3921 1657 3978 vehementer
1684 3919 2078 3986 stomacharer,

507 4011 560 4091 lu
591 4012 678 4068 illa
706 4013 925 4069 civitate
952 4023 1110 4083 atque
1145 4014 1198 4068 in
1228 4015 1314 4068 illa
1353 4028 1576 4083 persona
1597 4052 1613 4078 ,
1643 4027 1748 4066 non
1775 4013 1957 4083 utique
1984 4011 2082 4066 ob-

509 4119 685 4168 scura,
713 4105 908 4160 factum
938 4116 1043 4160 tam
1084 4106 1269 4176 ingens
1291 4105 1600 4160 miraculum
1628 4105 1705 4160 sic
1728 4105 1892 4160 latere
1915 4146 1928 4169 ,
1955 4105 2081 4162 hinc

505 4207 625 4246 cam
647 4201 700 4246 et
731 4193 1116 4248 admonendam
1159 4204 1215 4250 et
1267 4210 1402 4264 pene
1447 4194 1825 4265 objurgandam
1879 4196 2077 4266 putavi.

505 4280 638 4347 Quae
655 4295 776 4336 cum
796 4282 923 4336 mihi
940 4282 1294 4352 respondisset
1312 4300 1416 4338 non
1430 4298 1488 4340 se
1508 4285 1629 4340 inde
1649 4286 1876 4341 tacuisse
1893 4327 1909 4354 ,
1935 4301 2081 4357 qua:-

571 4439 590 4471 ι
625 4443 690 4488 Ita
707 4440 1031 4508 manum-imi.
1060 4447 1113 4508 5t
1128 4441 1243 4508 editi
1262 4441 1398 4490 Vind.
1423 4449 1522 4508 Am.
1539 4447 1636 4508 Ιῑιξ.2
1653 4447 1822 4508 eamut
1832 4442 2080 4508 aliqumtto

506 4498 1025 4571 {tanaquictiusyiéau
1048 4501 1264 4571 fauentis
1279 4501 1513 4571 apertis
1533 4498 1798 4571 mitigtmda
1816 4498 2077 4571 frequenti-

507 4553 834 4638 te.
862 4553 1557 4638 ξιιμςιξνδειετειπηρηιειηιιεικς
1573 4553 2079 4638 ministram

501 4617 824 4699 confidamus,
847 4623 1108 4696 secundum
1147 4617 1466 4687 Hippocratis,
1505 4632 1557 4697 ut
1576 4627 1758 4700 fertur,
1777 4617 2075 4700 senlattiam.

507 4682 655 4732 ludum
686 4689 817 4742 tov.,
839 4692 942 4740 aut,
959 4691 1018 4748 ut
1039 4684 1436 4748 ahquautohomo
1465 4687 1644 4738 diutius
1666 4697 1806 4748 urat,
1829 4702 1942 4738 nam
1961 4690 2078 4740 inde

504 4752 706 4815 mortem
722 4744 1058 4815 quauttmtlibet
1082 4744 1269 4815 tardius
1287 4746 1585 4811 adfuturam,
1613 4744 1877 4800 secundum
1897 4751 2078 4815 Hippo-

503 4806 668 4868 cratis,
694 4806 744 4854 ut
764 4806 936 4868 fertur,
959 4806 1254 4868 sententiam.

570 4866 591 4928 ξ
624 4868 738 4915 \‘ind
764 4865 863 4928 itm.
889 4873 942 4928 et
963 4874 1057 4928 πῃ,
1081 4865 1217 4928 signo
1240 4867 1398 4918 crucis
1421 4867 1616 4919 t‘ltristi.

503 4926 759 5036 ῃ
777 4927 900 5036 $1M
923 4926 1215 4979 adhibuisset
1246 4928 1522 4980 curationis.
1561 4932 1723 4992 Abest,
1747 4931 2023 4990 curationis,
2048 4948 2078 4984 a

727 5003 756 5037 II
777 5001 853 5037 IIS.

569 5004 1110 5114 quando
1130 5063 1303 5114 cancer
1347 5049 1430 5114 illo
1463 5051 1718 5114 iuvaluerit
1739 5059 1791 5102 et
1833 5055 2080 5114 perfectus

504 5104 822 5175 fueritutrge
846 5104 1091 5171 t‘auléuum,
1115 5111 1495 5175 'I‘herapeuticou
1529 5114 1587 5160 ad
1609 5104 1892 5162 (:laucoueui
1917 5104 2012 5163 lib.
2028 5117 2074 5174 2,

506 5181 612 5226 cap.
644 5170 715 5219 l0.
738 5178 985 5226 (amns.

567 5183 1204 5298 ¥b)'2:e(ti(t‘togr?:uliquitus
1225 5234 1460 5296 Baptismo
1491 5234 1764 5298 lraesaipta
1804 5243 1942 5286 extra
1986 5251 2078 5287 ne-

507 5291 804 5356 cessitatem
833 5292 981 5356 fuisse
1001 5291 1172 5342 t‘aischa
1213 5303 1264 5344 et
1288 5291 1644 5354 't’euteccsten,
1667 5291 1854 5346 constat
1877 5311 1940 5345 ex
1963 5306 2080 5347 Ter-

505 5348 724 5423 tulliani»,
745 5352 865 5402 libro
880 5355 944 5423 de
967 5358 1217 5423 saluismo,
1241 5369 1350 5423 cap.
1376 5358 1463 5407 t9:
1489 5359 1588 5419 qui,
1622 5348 1645 5404 ἆ
1673 5359 1828 5416 Diem,
1853 5374 1876 5403 ν
1904 5359 2077 5423 inquit,

515 5422 538 5452 α
563 5413 805 5484 Eaptismo
843 5413 1187 5484 solemuiorem
1205 5413 1642 5484 'Paschapraéstat,
1681 5413 1880 5484 cumet
1920 5413 2080 5480 [assio

513 5486 537 5513 ε
569 5473 842 5538 Domini,_in
865 5487 958 5538 qua
974 5477 1220 5538 tingiumr,
1241 5473 1497 5536 adimpléta
1521 5473 1822 5530 estIExiude
1844 5473 2078 5531 Penteco-

507 5543 540 5606 ε
560 5537 637 5579 ste
652 5547 682 5606 γ
711 5532 787 5606 μά
799 5532 978 5606 _cst',_ut
998 5532 1217 5600 loquitur
1229 5541 1278 5606 in
1311 5532 1435 5589 baro
1467 5540 1532 5590 de
1549 5547 1733 5606 Corona
1761 5541 1943 5606 militia.
1966 5554 2075 5606 cap-

503 5586 611 5666 ξνέ
643 5586 986 5666 adieyascbte
1020 5586 1276 5666 usquead
1294 5586 2081 5666 venalitafj'CﬁﬁidabHii

512 5651 762 5726 ξιὲγεκξτίβ
781 5654 1061 5726 latissimus“
1077 5651 1117 5722 si
1131 5663 1280 5726 ειιίυιη
1303 5651 1416 5712 est:
1442 5651 1543 5726 ειυσ
1569 5671 1622 5714 et
1645 5651 1830 5726 υὸιιιίιιί
1851 5651 2079 5726 έθειιπθὲ

511 5725 542 5789 ε
560 5715 1086 5789 turpissimam
1105 5715 1435 5786 "frequentata
1461 5715 1570 5788 'est.
1617 5733 1670 5776 et
1689 5725 1845 5789 εηιίε
1880 5724 2082 5789 spirit"!

510 5787 544 5826 s
559 5776 712 5830 sancti
731 5775 968 5832 dedhxata'.
988 5775 1235 5840 coquus:

1614 357 1702 423 DE
1735 353 2058 413 ClVl'l'A'l‘l-Z
2095 353 2231 421 Mil,
2268 352 2330 412 8.
2368 346 2730 416 AUGUSTI!"

3674 359 3822 423 τω.

2204 466 2304 524 sivi
2331 467 2401 524 ab
2419 468 2519 534 eis,
2547 482 2684 539 quas
2705 469 2841 526 forte
2863 477 2990 525 tunc
3019 478 3286 528 matronas
3305 471 3652 531 amicissimus
3685 491 3782 534 se-

2199 570 2324 612 cum
2342 556 2590 625 habebat,
2616 569 2794 614 utrum
2835 561 2938 616 hoc
2972 569 3128 616 antea
3173 564 3414 619 scissent.
3462 565 3787 636 llesponde~

2200 654 2326 711 runt
2346 661 2408 704 se
2425 648 2644 703 omnino
2665 649 2920 705 nescisse.
2941 649 3098 716 Ecce,
3124 649 3362 721 inquam,
3381 655 3647 724 quomodo
3667 672 3790 713 non-

2200 745 2366 804 taces,
2394 747 2454 794 ut
2477 753 2576 795 nec
2593 739 2711 796 ista:
2733 739 2972 806 audiant,
2987 755 3107 811 qua
3135 741 3228 796 tibi
3255 752 3399 798 tanta
3421 743 3790 804 familiaritate

2197 824 2511 899 junguntur.
2539 828 2608 885 Et
2626 829 2749 900 quia
2773 829 3006 887 breviter
3027 831 3096 888 ab
3115 845 3182 888 ω
3207 834 3575 902 quasiveram,
3602 836 3790 892 fecius

2200 917 2306 974 illis
2323 919 2661 976 audientibus
2679 921 3010 991 multumque
3032 921 3348 978 mirantibus
3359 933 3419 980 et
3433 925 3788 994 gloriﬁcantia

2198 1006 2302 1063 bus
2328 1009 2517 1075 Deum,
2547 1019 2715 1066 totum
2742 1025 2809 1068 ex
2836 1009 3026 1068 ordine
3045 1050 3063 1078 ,
3087 1013 3530 1084 quetuadmodum
3563 1027 3775 1086 gestum

2198 1097 2378 1168 fuerit,
2405 1101 2682 1160 indicaret.

2266 1191 2325 1248 4.
2360 1191 2618 1252 Medicum
2640 1195 2658 1226 ¹
2683 1192 2968 1264 quemdam
2997 1193 3285 1265 podagr-um
3313 1196 3371 1252 in
3393 1197 3581 1253 eadem
3603 1199 3735 1253 urbe
3753 1238 3773 1264 ,

2195 1279 2289 1349 qui
2337 1295 2460 1336 cum
2500 1281 2739 1338 dedisset
2773 1299 2968 1338 nomen
3020 1283 3091 1339 ad
3132 1283 3486 1354 Baptismum,
3501 1298 3555 1342 et
3601 1287 3788 1358 pridie-

2195 1387 2353 1442 quam
2378 1373 2756 1450 baptizaretur,
2775 1376 2827 1430 in
2853 1376 3055 1431 somnis
3072 1391 3103 1430 a
3123 1377 3301 1446 pueris
3321 1377 3484 1448 nigris
3501 1379 3710 1434 cirratis
3724 1382 3776 1441 ν.

2194 1478 2330 1534 quos
2384 1465 2710 1536 intelligebat
2757 1467 3027 1524 daemones
3046 1508 3063 1530 .
3104 1468 3359 1538 baptizari
3401 1471 3589 1525 eodem
3627 1486 3780 1526 anno

2196 1556 2492 1625 prohibitus
2536 1557 2757 1625 luisset,
2794 1558 2984 1628 eisque
3022 1575 3127 1614 non
3176 1559 3568 1629 obtemperans,
3607 1561 3785 1616 etiam~

2193 1649 2630 1705 conculcantibus
2673 1649 2837 1720 pedes
2877 1651 2996 1720 ejus
3032 1650 3092 1722 in,
3127 1650 3370 1707 dolorem
3403 1653 3720 1708 acerrimum
3749 1693 3788 1720 ,.

2192 1739 2402 1808 qualem
2425 1755 2693 1811 nunquam
2728 1751 2981 1812 expertus
3003 1751 3089 1798 est
3105 1783 3126 1810 ,
3149 1743 3278 1799 isset
3300 1743 3343 1807 ³,
3363 1745 3636 1815 magisque
3674 1760 3788 1801 eos

2192 1831 2410 1886 vincens
2430 1831 2639 1888 lavacro
2668 1833 3105 1903 regenerationis,
3133 1842 3192 1889 ut
3222 1845 3456 1899 voverat,
3485 1835 3626 1890 ablui
3659 1851 3770 1892 non

2192 1922 2501 1987 distulisset,
2533 1923 2587 1977 in
2615 1923 3068 1995 Baptismateipso
3090 1939 3196 1979 non
3231 1925 3406 1980 solum
3424 1925 3630 1992 dolore,
3660 1942 3786 1998 quo-

2193 2015 2329 2070 ultra
2354 2015 2570 2070 solitqu
2610 2016 2961 2081 cruciabatur,
2997 2033 3180 2072 verum
3209 2017 3374 2072 etiam
3414 2017 3643 2087 podagra
3671 2034 3770 2074 ca-

2190 2106 2400 2174 ruisse,
2441 2122 2544 2162 nec
2566 2107 2797 2176 amplius
2813 2149 2829 2172 ,
2859 2123 2979 2164 eum
3003 2108 3096 2163 diu
3116 2119 3300 2180 postea
3328 2110 3577 2176 vixisset,
3605 2109 3786 2178 pedes

2188 2197 2422 2255 doluisse
2443 2199 2566 2270 quis
2587 2199 2769 2255 novit?
2790 2199 2899 2256 Nos
2923 2209 3098 2256 tamen
3127 2200 3372 2256 novimus
3390 2242 3409 2269 ,
3432 2210 3490 2256 et
3514 2201 3783 2271 paucissi-

2188 2289 2262 2344 mi
2282 2288 2470 2346 fratres
2487 2289 2555 2346 ad
2573 2305 2708 2361 quos
2729 2289 2780 2344 id
2807 2291 2974 2359 potuit
2999 2291 3297 2360 pervenire.

2259 2381 2314 2438 5.
2354 2381 2433 2437 Ex
2459 2380 2663 2439 mimo‘
2687 2382 2907 2452 quidam
2951 2381 3327 2448 Curubitauus,
3371 2399 3478 2439 non
3519 2385 3691 2440 solum
3733 2402 3785 2440 a-

2189 2473 2438 2543 paralysi,
2466 2488 2653 2528 verum
2672 2473 2834 2529 etiam
2853 2472 2924 2528 ab
2943 2473 3154 2529 informi
3178 2473 3412 2544 pondere
3434 2475 3765 2544 genitalium,

2187 2577 2308 2616 cum
2348 2563 2728 2633 baptizaretur,
2780 2562 2960 2619 salvus
2999 2563 3219 2618 effectus
3257 2574 3373 2628 est;
3413 2573 3469 2618 et
3516 2564 3781 2620 liberatus

2187 2663 2414 2724 utraque
2441 2654 2717 2719 molestia,
2749 2661 3001 2724 tanquam
3043 2654 3167 2708 mali
3215 2653 3346 2708 nihil
3391 2653 3661 2710 habuisset
3710 2655 3782 2710 iu-

2186 2761 2431 2815 corpore,
2459 2745 2528 2802 de
2551 2745 2697 2802 fonte
2715 2746 3135 2816 regenerationis
3173 2746 3432 2802 ascendit.
3474 2745 3607 2815 Quis
3647 2746 3760 2802 hoc

2189 2847 2388 2906 pratter
2414 2835 2669 2891 Corubim
2694 2837 2858 2900 novit,
2890 2847 2944 2892 et
2987 2845 3182 2905 praeter
3209 2837 3512 2892 rarissimas
3553 2837 3778 2906 aliquos

2187 2929 2278 2997 qui
2302 2927 2405 2983 hoc
2428 2927 2746 2996 ubicumque
2771 2927 2956 2982 audire
2982 2927 3423 2998 potueruntiitlos
3445 2937 3620 2983 autem
3641 2943 3774 2983 cum

2187 3016 2290 3072 hoc
2306 3017 2774 3088 comperissemus,
2797 3017 3016 3087 iubente
3040 3028 3224 3074 sancto
3245 3019 3498 3088 episcopo
3522 3019 3766 3084 Aurelio,

2187 3108 2348 3164 etiam
2401 3117 2462 3163 ut
2506 3108 2711 3164 veniret
2749 3108 3121 3177 Carthaginem
3151 3108 3684 3178 fecimus:quamvis
3733 3125 3780 3163 a-

2187 3199 2382 3255 talibus
2401 3200 2544 3269 prius
2562 3198 2990 3264 audierimus,de
3016 3213 3240 3269 quorum
3266 3197 3368 3253 tide
3388 3198 3634 3254 dubitare
3658 3213 3781 3254 non:

2187 3303 2484 3360 possemus.

2255 3381 2310 3435 6.
2352 3379 2444 3436 Vir
2467 3378 2773 3434 tribunitius
2803 3377 3091 3448 Hesperius
3115 3378 3252 3446 apud
3279 3377 3300 3408 '
3327 3391 3424 3432 nos
3451 3386 3566 3440 est;
3608 3376 3776 3431 habet

2186 3471 2239 3526 iu
2271 3471 2539 3527 territorio
2559 3469 2861 3526 Fussalensi
2883 3468 3099 3524 fundum
3123 3467 3324 3524 Zubedi
3348 3467 3370 3500 ⁸
3397 3467 3720 3537 appellatqu
3748 3482 3763 3519 :

2185 3562 2273 3617 ubi
2297 3577 2420 3617 cum
2463 3561 2754 3616 afflictione
2792 3560 3100 3615 animalium
3137 3569 3194 3614 et
3228 3573 3504 3614 servomm
3545 3571 3778 3612 suorum

2184 3651 2403 3708 domum
2423 3667 2574 3708 suam
2600 3651 2882 3722 spirituum
2909 3650 3259 3722 malignorum
3286 3651 3393 3704 vim
3411 3649 3625 3704 noxium
3640 3664 3777 3718 per-

2186 3743 2294 3814 peti
2319 3743 2668 3813 comperisset
2693 3782 2712 3808 ,
2750 3741 2955 3808 rogavit
2991 3750 3224 3804 nostros,
3256 3755 3344 3794 me
3367 3739 3612 3803 absente,
3643 3754 3772 3807 pre-

2183 3835 2450 3906 sbyteros,
2489 3844 2547 3890 ut
2572 3835 2764 3904 aliquis
2791 3848 2978 3890 eorum
3023 3833 3114 3888 illo
3143 3841 3408 3903 pergeret,
3434 3831 3587 3902 cujus
3629 3845 3759 3887 ora-

2187 3923 2421 3979 tionibus
2438 3924 2709 3980 cederent.
2731 3923 2972 3979 Perrexit
2989 3921 3344 3988 unus,obtulit
3355 3922 3426 3976 ibi
3445 3921 3776 3978 sacriﬁcium.

2184 4014 2429 4084 corporis
2473 4013 2708 4080 Christi,
2743 4028 2904 4070 orans
2927 4022 3182 4084 quantum
3210 4013 3397 4082 potuit,
3423 4023 3478 4068 ut
3526 4024 3765 4068 cessaret

2185 4104 2274 4160 illa
2302 4106 2510 4161 vexatio
2545 4123 2559 4160 :
2592 4105 2704 4161 Deo
2739 4106 2980 4176 protinus
3002 4105 3290 4161 miserante
3309 4106 3554 4161 cessavit.
3593 4108 3763 4161 Acce-

2184 4206 2338 4270 perat
2371 4205 2549 4253 autem
2576 4196 2646 4252 ab
2667 4197 2842 4252 amico
2869 4211 2967 4251 suo
3011 4205 3204 4252 terram
3237 4205 3476 4251 sanctam
3503 4196 3573 4252 de
3606 4195 3763 4252 Jero-

2183 4288 2402 4360 solymis
2426 4288 2663 4355 allatam,
2701 4287 2791 4343 ubi
2819 4288 3058 4358 sepultus
3080 4287 3324 4343 Christus
3351 4285 3440 4343 die
3476 4288 3636 4343 tertio
3678 4305 3766 4343 re-

2183 4378 2446 4443 surrexit;
2484 4393 2708 4448 eamque
2757 4378 3108 4447 suspenderat
3150 4379 3201 4433 in
3239 4378 3482 4433 cubicqu
3525 4394 3649 4446 suo,
3697 4395 3767 4438 ne

2182 4468 2308 4540 quid
2339 4469 2463 4524 mali
2493 4469 2656 4524 etiam
2683 4468 2798 4539 ipse
2841 4478 3128 4538 pateretur.
3157 4469 3227 4523 At
3278 4468 3368 4522 ubi
3413 4467 3606 4524 domus
3647 4470 3773 4539 ejus

2182 4561 2252 4615 ab
2281 4561 2366 4616 illa
2419 4561 2758 4618 iufestatioue
2797 4569 3016 4632 purgata
3067 4569 3170 4625 est,
3209 4558 3335 4630 quid
3378 4559 3448 4615 de
3499 4560 3585 4616 illa
3622 4569 3762 4616 terra

2184 4652 2356 4720 fieret,
2377 4653 2668 4723 cogitabat;
2693 4667 2850 4723 quam
2881 4651 3081 4706 diutius
3109 4649 3165 4705 in
3191 4649 3435 4706 cubiculo
3472 4666 3572 4706 suo
3604 4665 3762 4706 reve-

2183 4745 2368 4799 rentiae
2385 4759 2544 4800 causa
2577 4744 2774 4800 habere
2801 4741 3029 4798 nolebat.
3057 4741 3217 4796 Forte
3241 4741 3466 4808 accidit,
3506 4751 3564 4796 ut
3587 4757 3685 4812 ego
3709 4750 3769 4797 et

2181 4835 2385 4904 collega
2432 4843 2558 4890 tunc
2611 4849 2764 4891 meus
2813 4834 3096 4904 episcOpns
3142 4833 3424 4888 Siuitcnsis
3469 4834 3489 4865 ⁷
3519 4833 3759 4889 ecclesia

2246 4989 2261 5054 ε
2299 4986 2432 5054 \‘lud.
2449 4995 2546 5037 Am.
2567 4993 2642 5036 Er.
2671 4993 2722 5038 et
2741 4983 2957 5054 quinque
2981 4993 3085 5054 ttss.
3106 4985 3346 5054 praebent,
3375 4984 3663 5054 Hemjittimt.
3682 5045 3709 5054 ν.

2244 5053 2266 5082 ²
2298 5049 2432 5098 Vind.
2460 5059 2557 5099 Iun.
2581 5055 2675 5107 ιτ..
2697 5045 2895 5099 curatis.
2916 5045 3177 5108 Attiovfet
3189 5048 3516 5108 utanusu'ipti,
3535 5045 3760 5102 cirratt's.

2183 5110 2228 5160 id
2253 5121 2347 5167 est,
2362 5112 2576 5160 crinitis:
2596 5104 2704 5158 nam
2731 5110 2884 5160 cirros
2903 5104 3072 5170 capitis
3090 5121 3254 5159 cnoes
3277 5104 3625 5170 interpretatur
3640 5116 3754 5156 acti-

2184 5174 2310 5221 ttitts.
2337 5171 2578 5241 Martialis,
2596 5170 2680 5241 lib.
2694 5170 2747 5240 ρ.
2760 5171 2921 5241 epigr-
3029 5183 3041 5218 τ
3274 5229 3286 5240 ,
3314 5235 3326 5241 _
3361 5227 3374 5240 .

2370 5241 2461 5282 Nec
2485 5235 2704 5282 matutini
2725 5235 2910 5282 cirrata
2930 5237 3124 5282 caterva
3154 5235 3389 5292 magistri.

2251 5297 2270 5357 ξ
2303 5292 2438 5357 Vind.
2466 5303 2564 5342 Am.
2593 5301 2644 5342 et
2665 5293 2994 5357 aliquot_ttss.,
3011 5299 3277 5357 manasset.

2249 5356 2268 5385 ’⁸
2292 5355 2418 5422 _F.diti
2444 5368 2547 5422 pro,
2575 5362 2645 5403 επ
2666 5351 2828 5422 ntitito,
2849 5354 3048 5422 habent,
3067 5361 3104 5422 ε
3299 5351 3474 5422 :idquc
3498 5353 3758 5422 superiori-

2183 5417 2275 5480 bus
2292 5413 2696 5480 itaconjunctum,
2710 5415 2916 5480 adgquor
2936 5413 3160 5480 tdpotuit
3181 5413 3427 5476 pervenire
3446 5425 3474 5463 e

2247 5475 3080 5548 {EdiuoﬁtE‘FPKd-WSEWL‘
3255 5543 3281 5548 _
3329 5542 3367 5548 ,ί
3407 5534 3420 5546 .

2244 5537 2406 5648 Ima}.
2419 5531 2618 5588 'cdbedt’.
2639 5545 2847 5598 omniat-
2870 5531 2997 5600 sse,
3014 5531 3228 5587 'zabedi.
3250 5534 3440 5594 caeteri,
3469 5531 3654 5583 Zuretti
3675 5545 3757 5594 ap-

2217 5612 2406 5648 cuntur.

2183 5612 2644 5722 “ﬁgmenta.
2671 5667 2724 5722 et
2745 5667 2874 5720 Lov.,
2891 5657 3177 5722 Syuicensis.
3202 5655 3358 5718 \‘ind.,
3381 5653 3686 5722 syrtistensis:
3707 5659 3753 5701 At

2183 5727 2311 5786 Uss,
2330 5715 2603 5786 '._<iuit_msis.
2640 5721 2758 5771 \‘ide
2795 5715 3046 5786 Epistolas:
3077 5719 3158 5784 23,
3195 5733 3304 5770 cum
3327 5715 3437 5770 uota
3454 5730 3565 5782 qua:
3587 5715 3651 5766 de
3672 5716 3756 5763 hoc

2190 5784 2343 5835 verbo
2363 5783 2540 5834 ibidem
2563 5790 2748 5834 tractat.
2831 5783 2858 5838 '.
