4078 6532
379 387 479 445 765

374 504 725 583 Maximinus,
783 508 836 565 in
885 509 1129 581 proximo
1173 524 1413 567 essemus
1456 527 1481 571 ἱ
1520 521 1578 567 ut
1638 511 1941 567 veniremus

371 601 573 672 rogavit
597 643 613 665 ,
635 612 689 658 et
709 603 969 658 venimus.
987 602 1223 674 Cumque
1245 604 1397 661 nobis
1423 604 1597 660 omnia
1639 602 1941 668 retulisset,

370 690 529 746 etiam
578 690 682 747 hoc
724 692 926 762 petivit,
967 702 1025 747 ut
1068 692 1394 749 infoderetur
1435 693 1645 759 alicubi,
1675 700 1831 763 atque
1869 691 1938 746 ibi

370 782 666 837 orationum
697 783 843 839 locus
874 783 1024 839 fieret
1044 823 1061 851 ,
1090 784 1181 839 ubi
1214 785 1372 841 etiam
1409 792 1624 855 possent
1655 781 1939 839 Christiani

366 870 435 925 ad
459 872 775 927 celebranda
801 888 920 943 quae
958 872 1051 929 Dei
1080 882 1204 928 sunt
1233 874 1561 945 congregari.
1589 874 1701 928 Non
1742 872 1938 928 restiti-

364 977 487 1019 mus
515 982 528 1017 :
556 963 752 1019 factum
795 973 895 1020 est.
922 965 1047 1020 Erat
1075 966 1144 1020 ibi
1182 966 1391 1036 juvenis
1415 966 1733 1037 paralyticos
1773 963 1934 1019 msti-

363 1067 529 1109 canus
559 1070 573 1108 :
612 1054 713 1109 hoc
737 1054 916 1110 audito
942 1057 1126 1124 petivit
1146 1072 1175 1109 a
1202 1058 1505 1123 parentibus
1529 1057 1670 1120 suis,
1700 1065 1757 1109 ut
1784 1056 1933 1110 illum

364 1141 431 1196 ad
458 1157 579 1197 eum
610 1143 785 1198 locum
813 1153 1053 1200 sanctum
1074 1160 1176 1199 non
1205 1154 1513 1200 cunctanter
1526 1145 1794 1199 afferrent.
1816 1146 1933 1211 Quo

318 1270 331 1285 .
360 1246 484 1285 cum
509 1231 695 1287 fuisset
717 1233 929 1299 allatus,
954 1236 1142 1301 oravit,
1172 1243 1328 1305 atque
1351 1234 1474 1290 inde
1503 1235 1753 1291 continuo
1784 1232 1933 1303 pedi-

361 1318 463 1376 bus
491 1322 603 1377 suis
619 1324 797 1377 salvus
819 1325 1094 1379 abscessit.

430 1412 484 1467 7.
530 1412 826 1469 Victoriana
855 1414 1047 1471 dicitur
1073 1414 1215 1479 villa,
1254 1415 1323 1471 ab
1350 1413 1784 1485 Hippone-Regio
1823 1412 1929 1469 mi-

358 1519 461 1559 nus
484 1505 694 1574 triginta
722 1506 952 1563 millibus
968 1508 1141 1563 abest.
1167 1508 1411 1562 Memoria
1443 1519 1733 1579 martyrum
1751 1507 1820 1562 ibi
1844 1516 1929 1564 est

356 1593 826 1650 Mrdiolanensittm
857 1597 1079 1652 Protasii
1109 1607 1163 1653 et
1188 1598 1442 1654 Gervasii.
1478 1597 1719 1652 l‘ortatns
1754 1607 1927 1653 esteo

355 1684 569 1753 quidam
597 1684 927 1746 adolescens,
957 1686 1047 1755 qui
1065 1702 1186 1741 cum
1210 1686 1297 1741 die
1324 1687 1497 1741 medio
1522 1697 1757 1754 tempore.
1779 1695 1929 1741 testa-

356 1775 427 1829 tis
450 1789 644 1843 equum
671 1775 909 1829 ablueret
930 1776 980 1829 itt
1011 1776 1242 1830 [luminis
1267 1776 1488 1845 gurgite,
1519 1776 1811 1829 dannonem
1841 1776 1925 1829 in-

355 1864 544 1919 currit.
584 1864 657 1918 lbi
682 1879 801 1919 cum
824 1864 1026 1934 jaceret
1052 1866 1130 1920 vel
1167 1866 1321 1919 morti
1377 1866 1667 1933 proximus,
1717 1865 1797 1919 vel
1846 1864 1923 1919 si-

355 1953 611 2009 millimus
640 1962 867 2021 mortuo,
888 1954 956 2010 ad
986 1957 1315 2025 vespertinos
1335 1957 1459 2012 illuc
1485 1955 1709 2027 ltymnos
1732 1966 1785 2010 et
1803 1971 1925 2010 ora-

357 2032 529 2100 tiones
550 2060 672 2100 cum
690 2047 893 2102 ancillis
902 2047 1015 2103 suis
1024 2055 1079 2103 et
1096 2046 1410 2118 quibusdam
1435 2047 1924 2103 sanctimonialibus

356 2144 423 2190 ex
448 2149 601 2191 more
627 2133 838 2191 domina
872 2137 1222 2208 possessionis
1246 2137 1484 2203 inteavit;
1514 2144 1672 2209 atque
1698 2138 1925 2209 hymnos

354 2235 573 2282 cantare
621 2235 915 2297 ceperunt.
954 2226 1070 2294 Qua
1113 2242 1245 2283 voce
1293 2227 1382 2282 ille
1424 2227 1575 2296 quasi
1607 2242 1921 2298 percussus,

353 2329 613 2392 excussus
650 2325 734 2373 est
762 2326 854 2372 :et
878 2332 1001 2373 cum
1037 2317 1253 2373 terribili
1289 2317 1500 2373 fremitu
1535 2317 1703 2373 altare
1733 2331 1923 2388 appre-

352 2405 579 2464 hensum
609 2421 821 2464 movere
843 2422 947 2463 non
972 2407 1173 2463 audens
1195 2407 1307 2464 sive
1331 2423 1435 2465 non
1452 2408 1653 2474 valens,
1674 2418 1923 2478 tanquam

351 2511 420 2553 eo
438 2497 595 2553 fuerit
621 2498 883 2568 alligatus,
898 2506 990 2552 aut
1007 2497 1215 2565 afﬁxus,
1239 2498 1452 2554 tenebat
1481 2515 1495 2552 :
1525 2506 1579 2553 et
1596 2511 1716 2553 cum
1733 2496 1922 2568 grandi

351 2586 550 2657 ejulatu
573 2588 713 2657 parci
741 2588 841 2644 sibi
866 2602 1080 2658 rogans,
1106 2589 1454 2644 conﬁtebatur
1482 2588 1569 2643 ubi
1614 2588 1921 2644 adolescen-

352 2684 484 2741 tem,
508 2686 562 2731 et
581 2677 811 2748 quando,
834 2687 888 2732 et
915 2677 1179 2748 quomodo
1217 2678 1488 2734 invaserit.
1538 2678 1813 2733 Postremo
1860 2693 1921 2734 se

352 2765 619 2821 exiturum
642 2781 761 2821 esse
783 2766 1101 2822 denuntians
1118 2809 1134 2831 ,
1165 2769 1401 2823 membra
1429 2768 1547 2836 ejus
1587 2768 1788 2839 singula
1824 2783 1922 2823 no-

352 2856 761 2927 minabat,qu:e
807 2873 869 2915 se
913 2869 1303 2929 amputaturmn
1353 2860 1536 2915 exiens
1578 2860 1916 2917 minabatur:

351 2954 509 3016 atque
532 2947 671 3002 inter
693 2947 807 3004 bare
833 2949 992 3004 verba
1028 2949 1271 3005 discessit
1291 2949 1359 3005 ab
1390 2949 1624 3006 homine.
1655 2950 1759 3006 Sed
1789 2966 1919 3007 ocu-

349 3037 432 3093 lus
451 3039 568 3107 ejus
595 3037 649 3093 in
677 3040 940 3095 maxillam
970 3040 1145 3107 fusus,
1173 3041 1316 3096 tenui
1345 3042 1538 3097 venula
1566 3041 1634 3095 ab
1661 3042 1920 3099 interiore

349 3128 500 3198 quasi
549 3129 725 3184 radice
751 3130 1029 3200 pendebat,
1058 3140 1328 3202 totumque
1354 3134 1469 3203 ejus
1496 3131 1745 3198 medium,
1776 3132 1919 3202 quod

351 3218 601 3288 nigellum
632 3218 839 3288 fuerat,
866 3221 1209 3277 albicaverat.
1236 3223 1352 3289 Quo
1400 3223 1515 3280 viso
1559 3224 1648 3293 qui
1697 3224 1922 3281 aderant

348 3309 755 3378 (concurrerant
781 3321 959 3367 autem
998 3314 1156 3367 etiam
1178 3313 1265 3369 alii
1287 3313 1504 3369 vocibus
1527 3314 1641 3384 ejus
1662 3315 1836 3382 acciti,
1865 3324 1921 3371 et

349 3414 409 3454 se
433 3415 620 3454 omnes
655 3402 707 3456 in
730 3403 1021 3457 orationem
1062 3418 1155 3475 pro
1184 3404 1276 3459 illo
1298 3409 1623 3473 straverant)
1642 3446 1658 3473 ,
1679 3407 1920 3478 quamvis

349 3506 471 3545 eum
495 3507 620 3547 sana
650 3503 824 3551 mente
851 3507 993 3550 stare
1020 3496 1340 3566 gauderent,
1374 3514 1555 3553 rursus
1581 3508 1754 3553 tamen
1791 3513 1918 3567 pro-

349 3592 468 3653 pter
494 3585 705 3640 oculum
751 3585 867 3655 ejus
911 3587 1237 3654 contristati,
1264 3588 1524 3643 medicum
1574 3590 1916 3659 qurerendum

348 3690 469 3730 esse
489 3675 757 3731 dicebant.
781 3677 852 3731 lbi
885 3678 1104 3733 maritus
1149 3680 1345 3734 sororis
1386 3680 1523 3748 ejus,
1549 3681 1640 3750 qui
1672 3696 1794 3736 cum
1823 3680 1919 3736 illo

347 3766 631 3832 detulerat,
663 3767 857 3824 Potens
879 3778 979 3834 est,
998 3769 1169 3838 inquit
1194 3770 1331 3826 Deus
1348 3810 1363 3836 ,
1388 3780 1689 3825 sanctorum
1722 3772 1919 3826 oratio-

348 3856 522 3923 nibus,
558 3858 646 3927 qui
676 3856 874 3929 fugavit
899 3859 1216 3926 dmmonent,
1244 3859 1421 3915 lumen
1460 3860 1707 3916 reddere.
1732 3860 1913 3925 Tunc,

349 3942 488 4021 sicut
512 3947 715 4017 potuit,
753 3949 963 4004 oculum
1002 3950 1203 4020 lapsum
1232 3959 1391 4019 atque
1424 3950 1738 4019 pendentem
1758 3990 1774 4015 ,
1799 3950 1917 4006 loco

346 4050 446 4090 suo
465 4048 771 4092 revocatum
798 4038 977 4109 ligavit
1000 4038 1265 4110 orario(a)
1290 4057 1303 4091 :
1328 4054 1425 4094 nec
1450 4040 1547 4094 nisi
1571 4049 1688 4109 post
1711 4030 1937 4108 septem.

346 4128 464 4183 dies
490 4128 692 4198 putavit
715 4144 835 4184 esse
855 4130 1184 4185 solvendum.
1216 4128 1366 4197 Quod
1400 4144 1520 4184 cum
1548 4128 1792 4195 fecisset,
1830 4143 1919 4203 sa-

356 4219 636 4274 nissimum
686 4219 889 4275 invenit
945 4218 1040 4290 (b).
1091 4220 1270 4275 Sanati
1298 4229 1422 4275 sunt
1462 4220 1567 4276 illic
1614 4229 1668 4276 et
1695 4218 1917 4287 alii,de

348 4308 543 4380 quibus
568 4309 744 4364 dicere
760 4309 969 4379 longum
986 4316 1085 4363 est.

415 4400 471 4453 8.
499 4398 888 4469 ilipponensem
934 4398 1215 4468 quamdam
1239 4397 1493 4468 virginem
1533 4398 1665 4464 scio,
1709 4413 1829 4454 cum
1856 4413 1917 4456 se

346 4488 467 4544 oleo
491 4487 842 4558 perunxisset,
869 4490 953 4541 cui
997 4504 1093 4558 pro
1134 4488 1218 4543 illa
1248 4502 1406 4542 orans
1437 4487 1711 4559 presbyter
1750 4489 1918 4544 instil-

348 4577 551 4632 laverat
572 4578 833 4647 lacrymas
848 4592 992 4641 suas,
1010 4592 1131 4631 mox
1150 4593 1178 4630 a
1194 4576 1459 4631 daemonio
1472 4577 1634 4633 luisse
1653 4589 1911 4634 sanatam.

344 4667 471 4723 Scio
493 4667 652 4722 etiam
691 4666 997 4737 episcOpum
1028 4667 1190 4721 semel
1235 4681 1333 4736 pro
1376 4665 1733 4731 adolescente,
1756 4686 1913 4738 quem

344 4773 452 4813 non
480 4758 643 4824 vidit,
668 4772 871 4825 orasse,
904 4758 1155 4828 illumque
1196 4758 1337 4812 illico
1374 4757 1619 4813 da-mone
1658 4760 1912 4815 caruisse.

414 4849 470 4905 9.
497 4848 627 4904 Erat
647 4848 860 4918 quidam
901 4863 1061 4904 senex
1103 4847 1401 4902 Florentius
1430 4848 1778 4919 Hipponensis
1815 4865 1916 4904 no-

342 4949 472 5005 ster,
504 4940 664 4995 homo
688 4939 965 5010 religiosus
989 4948 1044 4995 et
1068 4954 1294 5010 pauper;
1321 4940 1541 4993 sartoris
1568 4954 1626 4995 se
1652 4950 1767 4995 arte
1796 4956 1918 5010 pas-

342 5030 519 5093 cebat,
549 5029 781 5085 casulam
810 5030 1132 5100 perdiderat,
1159 5039 1213 5085 et
1249 5029 1390 5084 unde
1425 5030 1523 5084 sibi
1568 5040 1770 5085 emeret
1807 5047 1913 5086 non

344 5121 568 5176 habebat
603 5137 617 5173 :
648 5120 715 5175 ad
736 5120 930 5190 Viginti
952 5121 1229 5190 Martyres,
1256 5136 1480 5191 quorum
1503 5121 1755 5176 memoria
1777 5122 1914 5192 apud

342 5224 443 5266 nos
484 5219 569 5265 est
611 5210 954 5265 celeberrima
996 5212 1088 5282 (c),
1121 5211 1266 5265 clara
1315 5226 1461 5275 voce,
1510 5218 1569 5264 ut
1611 5211 1908 5277 vestirctnr,

341 5300 535 5355 oravit.
565 5300 858 5356 Audierunt
900 5315 1022 5354 eum
1067 5300 1451 5363 adolescentes,
1494 5301 1583 5368 qui
1632 5301 1766 5355 forte
1812 5300 1913 5355 ad-

404 5390 479 5453 (α)
498 5394 728 5466 ,οι-πινῦιιιῐι
752 5389 969 5466 hoc
990 5390 1233 5466 sudarium
1257 5396 1358 5466 est,
1373 5391 1477 5466 sive
1501 5390 1704 5466 linteum
1714 5398 1915 5463 tergen-

340 5450 513 5500 do'ori
553 5460 787 5512 paratum.
831 5452 1144 5513 Hieronymus
1187 5451 1234 5497 in
1273 5452 1415 5511 Epist.
1458 5452 1515 5498 ad
1566 5450 1909 5512 Nepotianum:

347 5529 371 5557 a
391 5511 593 5584 Plenum
627 5512 995 5584 dedecorisest
1018 5512 1486 5584 refertomarsupio,
1510 5512 1638 5574 quod
1672 5514 1914 5561 sudarium

347 5571 1279 5644 ιοεινίυῐιηεεεεηοιιιξψβεξειοτίρνίοτ
1387 5571 1394 5572 ί

405 5633 479 5694 (b)
518 5631 809 5683 simillimam
849 5631 1092 5682 historiam
1133 5632 1199 5694 de
1259 5639 1436 5680 Joanne
1468 5631 1717 5694 AChttzibite
1762 5633 1915 5682 babes

362 5692 469 5773 ιριὶά
514 5696 791 5757 Evagrium,
828 5695 1045 5743 Historiae
1081 5693 1420 5743 ecclesiastica:
1463 5692 1586 5741 libro
1607 5693 1670 5752 4,
1714 5707 1819 5756 cap.
1861 5694 1912 5753 7,

337 5764 663 5878 ωῶιῶῗΐρι-
683 5823 960 5866 sermonem
982 5816 1090 5877 δῦ,
1118 5817 1167 5866 in
1184 5826 1354 5865 eorum
1376 5812 1521 5863 natalt
1543 5813 1776 5865 habitum.

1451 399 1651 461 LIBER
1692 397 2054 458 VIGESIMUS
2087 399 2458 465 SECUNDllS.

3495 415 3604 472 786

2045 522 2198 566 erant
2225 551 2242 579 ,
2293 512 2586 583 irrisor“;
2622 528 2852 588 cumque
2881 516 3242 577 discedentem
3280 523 3609 594 exagitante;

2045 603 2532 671 prosequebantur;
2556 607 2706 676 quasi
2736 607 2754 639 ⁸
2781 622 2813 662 a
2850 607 3168 681 Ilartyribus
3208 612 3607 684 quinquagenos

2043 690 2197 746 folles
2221 691 2321 761 (α),
2349 693 2490 750 unde
2529 697 2898 753 vestimentum
2947 710 3172 767 emeret,
3200 702 3492 771 petivisset.
3537 705 3606 760 At

2042 780 2130 836 ille
2169 780 2363 835 tacitus
2387 782 2685 852 ambulans,
2713 785 2941 856 ejectum
2964 788 3215 859 grandem
3245 790 3442 859 piscem
3488 793 3605 863 ρει,

2041 870 2292 939 pitantem
2319 871 2449 926 vidit
2472 871 2525 926 in
2552 873 2749 941 littore,
2776 891 3003 946 eumque
3043 880 3149 934 illis
3188 880 3486 937 faventibus
3521 894 3607 939 ato

2038 973 2143 1028 que
2169 959 2540 1029 adjuvantibus
2582 963 2953 1032 apprehendit,
2973 977 3028 1023 et
3048 968 3256 1025 cuidam
3299 986 3473 1042 coquo
3495 973 3603 1029 Ca-

2037 1058 2155 1105 toso
2182 1052 2201 1082 '
2226 1052 2460 1117 nomine,
2502 1052 2639 1109 bene
2661 1056 2967 1123 christiano,
3008 1059 3076 1113 ad
3109 1060 3388 1130 coquinam
3416 1063 3605 1118 condi-

2035 1142 2245 1209 tariam,
2295 1143 2532 1199 indicans
2557 1146 2684 1215 quid
2728 1156 2933 1216 gestum
2972 1150 3063 1216 sit,
3112 1152 3362 1207 trecentis
3386 1152 3603 1208 follibus

2035 1231 2291 1298 vendidit,
2321 1234 2493 1289 lanam
2520 1249 2834 1303 comparare
2859 1236 2980 1292 in-lc
3015 1238 3322 1310 disponens,
3363 1250 3422 1296 ut
3461 1256 3603 1297 uxor

2032 1320 2150 1390 ejus
2192 1321 2460 1392 quomodo
2511 1333 2711 1393 posset,
2751 1325 2800 1379 ei
2842 1340 2950 1395 quo
2977 1327 3302 1396 indueretur,
3342 1332 3599 1388 efficeret.

2030 1412 2135 1469 Sed
2163 1428 2364 1484 coquus
2409 1415 2693 1473 concidens
2730 1412 2952 1487 piscem,
2994 1421 3243 1473 annulum
3288 1434 3506 1477 aureum
3541 1422 3601 1478 ita

2033 1503 2325 1558 ventriculo
2360 1504 2477 1572 ejus
2514 1506 2734 1572 invenit,
2765 1522 2993 1577 moxque
3039 1508 3378 1565 miseratione
3405 1511 3596 1578 ﬂexus,

2030 1601 2086 1649 ct
2114 1592 2367 1664 religione
2395 1598 2723 1664 perterritus,
2756 1595 2954 1651 homini
2975 1614 3097 1652 eum
3123 1598 3372 1667 reddidit,
3392 1600 3603 1669 dicens,

2032 1682 2169 1737 Ecce
2188 1683 2454 1752 quomodo
2481 1684 2674 1753 Viginti
2704 1686 2961 1758 Martyres
2985 1697 3037 1743 te
3068 1688 3379 1745 vestierunt.

2104 1771 2191 1826 10.
2234 1772 2315 1829 Ad
2368 1775 2900 1844 Aquas-Tibilitanas
2934 1777 3007 1847 (ὁ)
3051 1780 3299 1849 episcopo
3342 1780 3597 1838 ail'erente

2032 1861 2287 1932 Praejecto
2312 1866 2333 1897 ³
2361 1867 2611 1936 reliquias
2637 1868 2883 1939 martyris
2909 1870 3273 1938 gloriosissimi
3319 1872 3595 1940 Stephani,

2028 1954 2092 2007 ad
2123 1954 2238 2023 ejus
2262 1958 2571 2013 memoriam
2602 1959 2845 2014 veniebat
2867 1977 3070 2030 magna:
3092 1961 3443 2017 multitudinis
3466 1979 3598 2017 con-

2026 2058 2214 2100 cursus
2235 2055 2289 2099 et
2312 2061 2583 2101 occursus.
2615 2047 2693 2102 lbi
2718 2065 2857 2104 caeca
2888 2051 3097 2116 mulier,
3120 2062 3173 2103 ιιι
3202 2053 3267 2105 ad
3288 2054 3596 2123 episcopum

2028 2144 2323 2205 portantem
2353 2137 2633 2194 duceretur
2660 2135 2700 2203 ⁸,
2745 2140 2917 2193 oravit
2958 2155 2974 2192 :
3021 2138 3179 2195 liores
3219 2144 3351 2210 quos
3396 2139 3600 2198 ferebat

2025 2224 2206 2290 dedit;
2234 2227 2452 2297 recepit,
2493 2227 2663 2282 oculis
2706 2227 2962 2294 admovit,
3005 2230 3241 2298 protinus
3286 2232 3434 2284 vidit.
3464 2232 3595 2286 Stu-

2028 2317 2271 2385 pentibus
2300 2318 2391 2387 qui
2431 2316 2675 2384 aderant,
2717 2319 2936 2387 pra-ibat
2960 2320 3253 2385 exsultans,
3297 2322 3434 2376 viam
3472 2337 3599 2378 car-.

2024 2421 2178 2476 petis,
2205 2416 2257 2461 et
2280 2406 2379 2461 via:
2404 2406 2593 2463 ducem
2619 2406 2837 2462 ulterius
2857 2424 2961 2462 non
2987 2409 3276 2478 requirens.

2099 2498 2182 2552 ll.
2211 2496 2483 2551 Memorati
2531 2498 2838 2552 memoriam
2877 2499 3143 2570 martyris,
3175 2515 3293 2568 quzc
3322 2500 3489 2569 posita
3510 2510 3592 2557 est

2026 2584 2079 2640 itt
2104 2587 2324 2641 castello
2348 2586 2621 2650 Sinitensi,
2659 2586 2802 2656 quod
2847 2587 3169 2658 Hipponensi
3198 2590 3421 2645 colonia:
3462 2594 3599 2646 vici-,

2031 2693 2156 2733 num
2200 2686 2305 2744 est,
2345 2676 2583 2748 ejusdem
2631 2677 2731 2731 loci
2779 2676 3353 2748 Lucillus'episcojms,
3400 2682 3597 2751 populo

2029 2769 2363 2838 praecedente
2401 2778 2561 2837 atque
2598 2777 2852 2839 sequente
2896 2770 3156 2838 portabat.
3187 2770 3405 2837 Fistula,
3443 2772 3595 2841 cujus

2024 2858 2263 2912 molestia
2292 2857 2402 2926 jam
2445 2857 2532 2911 diu
2584 2857 2934 2922 laboraverat,
2978 2868 3032 2912 et
3082 2859 3467 2914 fantiliarissimi
3506 2861 3591 2914 sui

2022 2947 2235 3012 ntedici,
2273 2947 2361 3016 qui
2411 2961 2528 3001 eam
2572 2960 2779 3002 secaret
2806 2946 2829 2979 ⁸
2849 2989 2865 3012 ,
2894 2949 3267 3016 opperiebatur
3296 2962 3503 3012 manus,
3533 2951 3592 3003 il-

2024 3036 2125 3091 lius
2152 3037 2252 3106 pia:
2277 3036 2502 3091 sarcina:
2527 3038 2823 3091 vectatione
2850 3048 3065 3105 repente
3089 3047 3269 3091 sanata
3300 3047 3383 3092 est
3423 3056 3435 3091 :
3468 3054 3591 3093 nam

2020 3129 2273 3198 deinceps
2295 3143 2411 3183 eam
2442 3129 2493 3182 in
2520 3142 2618 3183 suo
2639 3143 2862 3196 corpore
2884 3145 2987 3181 non
3020 3128 3236 3182 invenit.

2094 3223 2179 3277 12.
2213 3221 2507 3275 Eucltarins
2535 3231 2615 3275 est
2642 3221 2663 3252 ⁸
2708 3221 2981 3291 presbyter
3009 3236 3072 3275 ex
3129 3220 3394 3290 llispania,
3437 3220 3591 3275 Cala-

2022 3316 2160 3369 ιιιίιξ⁷
2192 3313 2391 3367 habitat
2418 3310 2512 3383 (ι’).
2541 3312 2701 3365 veteri
2746 3311 2932 3365 morbo
2957 3312 3141 3365 calculi
3173 3312 3470 3376 laborabat;
3494 3327 3591 3381 per

2020 3404 2327 3459 memoriam
2352 3403 2637 3472 supradicti
2678 3402 2944 3471 martyris,
2982 3418 3137 3469 quam
3184 3401 3451 3454 Possidius
3499 3403 3590 3455 illo

2020 3494 2233 3549 advexit
2273 3492 2680 3564 episcopus“),
2708 3492 2885 3545 salvus
2934 3493 3099 3545 factus
3146 3501 3245 3545 est.
3282 3492 3420 3545 Idem
3474 3492 3588 3559 ipso

2020 3594 2202 3654 postea
2225 3584 2410 3637 morbo
2433 3583 2536 3636 alio
2554 3582 2980 3650 praevalesccnte,
3008 3591 3242 3634 morttms
3264 3582 3339 3634 sic
3355 3580 3585 3649 jacebat,

2022 3685 2077 3728 ut
2103 3674 2150 3728 ei
2172 3674 2281 3743 jam
2314 3674 2527 3743 pollices
2567 3672 2851 3740 ligarentur
2880 3687 2894 3723 :
2925 3670 3270 3739 Opitulatione
3312 3672 3586 3725 memorati

2020 3768 2287 3836 martyris,
2314 3779 2435 3818 cum
2476 3764 2543 3817 de
2574 3763 2827 3817 memoria
2867 3762 2981 3828 ejus
3018 3770 3279 3830 reportata
3326 3760 3509 3815 fuisset
3531 3772 3587 3816 et

2018 3872 2179 3925 super
2206 3854 2429 3925 jacentis
2455 3867 2648 3924 corpus
2672 3853 2831 3907 missa
2870 3853 3031 3922 ipsius
3056 3852 3345 3921 presbyteri
3385 3852 3582 3918 tunica,

2017 3949 2300 4002 suscitatus
2325 3956 2425 4002 est.

2092 4040 2175 4095 l5.
2207 4038 2327 4092 Fuit
2370 4037 2440 4092 ibi
2486 4037 2566 4091 vir
2608 4035 2661 4090 itt
2702 4034 2889 4089 ordine
2912 4049 3011 4089 suo
3037 4034 3337 4103 primarius.
3370 4035 3585 4091 nomine

2019 4129 2291 4193 Martialis,
2321 4144 2435 4181 :cvo
2450 4127 2558 4196 jam
2586 4126 2779 4196 gravis,
2811 4134 2865 4178 et
2894 4125 3110 4177 tnnltum
3137 4139 3166 4176 a
3195 4124 3447 4193 religione
3484 4126 3584 4179 ab-

2020 4223 2245 4277 horrens
2268 4219 2573 4275 christiana.
2615 4216 2849 4272 llabcbat
2890 4230 3016 4270 sane
3056 4215 3263 4268 lidcletn
3305 4215 3489 4282 filiam,
3530 4225 3584 4269 et

2083 4357 2099 4385 ι
2136 4352 2273 4401 vind.
2298 4359 2395 4399 Am.
2420 4357 2493 4400 Er.
2520 4358 2572 4400 et
2593 4348 2774 4413 aliquot
2798 4347 3122 4409 manuscrlpti,
3141 4345 3279 4409 quasi
3299 4345 3399 4409 qni.

2047 4416 2102 4523 I’
2127 4416 2199 4464 sic
2220 4420 2327 4464 Mss.
2367 4420 2424 4462 At
2444 4413 2560 4462 uliti
2592 4412 2726 4460 Vind.
2752 4420 2873 4469 Am.,
2896 4417 3105 4459 Carloso.
3139 4416 3210 4457 tr.
3237 4416 3287 4457 et
3311 4419 3441 4466 Lov.,
3464 4416 3585 4458 (ar-

2063 4487 2175 4523 toso.

2082 4536 2104 4565 ³
2134 4534 2249 4581 editi
2268 4533 2403 4582 \‘ind.
2422 4539 2494 4581 Er.
2512 4539 2703 4589 ethov.,
2723 4531 2953 4591 Projecto.
2971 4536 3172 4591 veteres
3185 4527 3313 4587 libri,
3326 4528 3581 4591 APrwjerte.

2080 4596 2102 4630 δ
2134 4595 2269 4652 aditi,
2291 4600 2552 4655 portantem
2583 4592 2784 4655 pignora
2807 4589 2962 4641 sacra
2994 4590 3267 4639 duceretur.
3291 4589 3488 4647 absunt,
3508 4589 3586 4651 μέ-
3608 4644 3612 4648 Α

2018 4668 2167 4719 gnara
2188 4668 2346 4711 sacra,
2359 4667 2398 4719 _a
2420 4663 2524 4701 Mss.

2017 4708 2041 4719 ”
2079 4718 2101 4749 ⁵
2135 4723 2259 4773 Esau,
2286 4708 2369 4777 qni
2389 4726 2499 4777 etim
2518 4716 2716 4763 secaret.
2737 4709 2878 4777 Paulo
2893 4722 3025 4777 post,
3049 4717 3183 4767 ante,
3205 4717 3397 4777 repente
3416 4714 3587 4777 sanata

2017 4783 2104 4835 est,
2126 4770 2310 4825 atblttut'
2324 4775 2460 4823 vind.
2492 4786 2590 4822 Αιιι.
2616 4781 2668 4822 et
2690 4779 2783 4837 εικ,
2820 4770 3110 4837 ιιιιῐδωιεωσ
3144 4770 3299 4835 attigs”:
3318 4770 3542 4831 relqnius
3564 4782 3584 4821 :
3608 4832 3611 4837 λ

2019 4839 2144 4901 quod
2170 4851 2262 4885 non
2284 4844 2359 4885 est
2377 4837 2425 4883 in
2447 4843 2565 4901 inv.
2582 4848 2675 4883 nec
2696 4835 3018 4901 in__n_tanu_s;:ri|
3037 4836 3114 4882 tis.
3152 4898 3160 4901 Α
3267 4899 3274 4901 Α
3304 4891 3316 4901 _
3352 4842 3353 4845 ‘
3460 4890 3471 4901 .
3520 4890 3562 4901 __

2083 4899 2105 4929 ⁸
2138 4905 2202 4947 ita
2222 4905 2423 4947 veteres
2460 4895 2587 4945 libri.
2610 4902 2666 4945 At
2687 4896 2804 4944 editi
2827 4890 3069 4953 omittunt,
3091 4898 3161 4943 est
3188 4905 3207 4942 :
3230 4899 3282 4942 et
3303 4891 3427 4950 loco,
3452 4890 3585 4941 Ιιιιὺί·

2018 4965 2103 5019 tat,
2128 4962 2305 5019 lerunt,
2332 4956 2568 5007 habitans.

2080 5015 2100 5053 ί
2136 5021 2267 5069 \ind.
2294 5015 2392 5067 λιιι.
2419 5026 2491 5066 Er.
2518 5026 2569 5069 et
2591 5024 2715 5073 Mss,
2744 5015 2999 5065 (Italarum.

2083 5082 2157 5146 (ο)
2196 5081 2349 5131 Palles
2361 5079 2473 5146 dicti
2499 5081 2676 5128 nttmmi
2698 5076 2951 5146 asaeculo,
2976 5087 3074 5146 quo
3095 5075 3394 5146 conduntur:
3419 5086 3579 5145 genus

2018 5135 2228 5197 Iuncta:
2253 5150 2330 5191 est
2358 5140 2476 5190 alias
2496 5154 2659 5195 aereae,
2682 5138 2801 5186 alias
2823 5135 3092 5197 argenteae.
3117 5141 3259 5197 Porro
3283 5135 3422 5197 tolles
3438 5135 3442 5136 ⁷
3458 5138 3582 5197 aed-

2020 5194 2181 5266 pieudi
2206 5204 2327 5263 istic,
2361 5214 2455 5249 non
2493 5194 2731 5266 argentei,
2749 5198 2836 5246 sed
2861 5194 2993 5266 terei,
3022 5195 3237 5266 mystici"
3276 5196 3387 5244 fere
3401 5194 3584 5266 valoris

2018 5255 2164 5328 atque
2206 5255 2414 5328 assesct
2436 5255 2573 5311 solidi
2616 5255 2823 5328 omnem
2860 5265 3036 5328 nostra
3050 5255 3336 5328 (agilitatem
3362 5264 3416 5303 ut
3450 5258 3584 5328 putat

2017 5316 2290 5375 Siriuoudus
2309 5324 2660 5371 adSertuonem
2682 5319 2790 5374 589,
2815 5320 2897 5380 qui
2919 5316 3038 5366 alias
3054 5318 3113 5366 ill
3147 5318 3275 5366 inter
3297 5316 3581 5380 sirtuondia-
3602 5366 3603 5373 η

2018 5400 2119 5436 nos.
2170 5386 2333 5433 Suitlas
2374 5390 2535 5430 autem
2572 5381 2733 5429 follem
2786 5378 2977 5429 οιῙυΙιιιιι
3018 5393 3129 5429 esse
3172 5379 3309 5437 dicit,
3345 5378 3401 5426 ad
3439 5390 3584 5428 voces

2260 5441 2461 5493 I'houcis
2513 5450 2565 5491 et
2607 5448 2841 5490 xei-mata.
2883 5442 3184 5490 Mutinaotur
3225 5447 3461 5501 ιιι-λωτῷ
3491 5438 3583 5487 fol-

2038 5498 2110 5557 eis
2146 5508 2193 5554 in
2216 5504 2298 5553 lib.
2337 5505 2369 5551 5
2411 5510 2575 5565 contra
2613 5502 2915 5565 Cresconium
2938 5535 2952 5559 ,
2988 5501 3159 5565 [1.3.3,
3193 5498 3389 5565 necnon
3429 5498 3511 5565 lib.
3540 5501 3578 5565 ι

2019 5569 2175 5616 Evodii
2198 5567 2262 5614 de
2283 5563 2515 5614 liraculis
2544 5572 2591 5614 s.
2619 5563 2861 5626 Stephani,
2880 5576 2985 5624 cap.
3006 5564 3084 5622 ll,
3125 5563 3175 5611 in
3193 5562 3335 5624 hujus
3356 5563 3469 5612 tomi
3491 5562 3581 5623 Αρ-

2040 5629 2240 5677 iendice.

2019 5643 2240 5691 penance.

2079 5691 2150 5750 (ti)
2174 5685 2307 5735 'I'ibili
2325 5686 2472 5750 _urbis
2490 5687 2707 5750 meminit
2731 5686 2871 5745 Epist.
2903 5684 3033 5750 ll_3_._
3105 5746 3116 5750 _
3139 5744 3152 5750 _
3350 5730 3389 5750 _,

2584 5754 2683 5797 uot.
2727 5738 2873 5809 supra
2988 5746 3071 5796 lib.
3102 5744 3175 5808 li,
3349 5742 3437 5803 24,.
3467 5738 3576 5792 ι]-

2184 5815 2321 5870 inira,
2344 5821 2394 5857 ιι.
2418 5815 2495 5858 au.
2958 5820 2961 5823 ·
3204 5850 3209 5855 τ
