4078 6540
448 417 552 474 767

440 541 696 600 generum
744 525 935 587 eodem
980 539 1120 580 anno
1167 523 1506 593 baptizatum.
1563 523 1692 592 Qui_
1719 535 1837 577 cum
1879 535 2007 576 eum

443 625 789 688 agrotantem
809 614 988 671 multi
1015 624 1070 670 et
1104 616 1308 684 magnis
1334 612 1584 685 lacrymis
1615 614 1632 646 ι
1660 623 1926 683 rogarent,
1955 621 2011 667 ιιι

355 708 358 712 ί
443 706 764 762 cbristianus
793 706 960 770 fieret,
988 719 1203 774 prorsus
1241 703 1441 767 abnuit,
1485 717 1683 772 eosque
1727 719 1758 756 a
1801 719 1858 758 se
1903 713 2013 756 tur-

444 795 567 851 bida
597 796 954 866 indignatione
995 795 1279 850 submovit.
1311 795 1493 849 Visum
1536 803 1619 849 est
1645 809 1845 863 genero
1872 795 2009 862 ejus,

445 894 507 942 ut
527 886 626 940 iret
647 885 715 940 ad
740 885 1050 940 memoriam
1086 884 1255 939 sancti
1279 883 1552 952 Stephani,
1583 891 1637 937 et
1680 882 1785 937 illic
1814 897 1909 952 pro
1947 896 2014 937 eo

443 981 695 1044 quantum
718 982 894 1044 posset
913 983 1110 1042 oraret,
1139 983 1195 1028 ut
1218 975 1352 1029 Deus
1379 974 1451 1028 illi
1478 973 1628 1028 daret
1647 980 1877 1026 mentem
1908 972 2008 1027 bo-

445 1080 591 1131 nam,
616 1081 719 1136 qua
747 1065 969 1122 credere
1016 1081 1120 1121 non
1163 1066 1402 1121 ditl'erret
1447 1065 1498 1119 in
1535 1064 1821 1119 Christum.
1870 1063 2016 1118 Fecit

447 1157 551 1212 hoc
574 1157 772 1228 ingenti
801 1159 997 1228 gemitu
1027 1168 1079 1214 et
1099 1157 1247 1223 ﬂetu,
1277 1166 1330 1212 et
1356 1158 1633 1212 sinceriter
1650 1156 1871 1210 ardente
1901 1156 2015 1224 pie-

447 1249 569 1303 tatis
594 1249 787 1304 all‘ectu
812 1265 829 1304 :
857 1249 1050 1305 deinde
1093 1250 1402 1315 abscedens,
1437 1247 1632 1318 aliquid
1654 1247 1724 1302 de
1740 1247 1891 1301 altari
1915 1247 2016 1301 llo-

446 1355 586 1406 rum,
609 1342 751 1412 quod
778 1345 1037 1407 occurrit,
1065 1341 1212 1405 tulit;
1241 1341 1414 1411 eique,
1439 1354 1559 1395 cum
1583 1339 1690 1408 jam
1721 1353 1826 1393 nox
1851 1347 2012 1404 esset,

445 1429 513 1506 ad
542 1437 702 1498 caput
720 1432 894 1499 posuit
921 1446 936 1482 :
972 1441 1077 1484 tum
1103 1431 1386 1486 dormitum
1414 1439 1516 1486 est.
1546 1429 1614 1484 Et
1639 1443 1764 1485 ecce
1784 1439 1910 1484 ante
1935 1428 2015 1482 di-

448 1518 682 1574 luculum
710 1521 924 1587 clamat,
949 1530 1006 1575 ut
1023 1521 1088 1575 ad
1115 1521 1418 1591 episcopum
1444 1529 1768 1587 curreretur,
1795 1521 1883 1590 qui
1907 1535 2020 1576 me-

444 1624 571 1665 cum
612 1609 747 1678 forte
782 1618 906 1665 tunc
943 1618 1058 1666 erat
1078 1610 1230 1679 apud
1259 1610 1572 1680 Hipponem.
1604 1611 1733 1663 Cum
1769 1626 1895 1679 ergo
1920 1625 2018 1664 au-

379 1685 384 1690 ’
449 1698 618 1755 disset
648 1715 768 1756 eum
795 1701 1090 1763 absentem,
1117 1700 1302 1755 venire
1342 1699 1684 1770 presbyteros
1711 1699 2014 1769 postulavit.

450 1790 742 1858 Venerunt,
766 1791 986 1847 credere
1027 1808 1086 1848 se
1112 1791 1266 1858 dixit,
1297 1791 1682 1846 admirantibus
1711 1800 1868 1860 atque
1891 1807 2020 1860 gau-

449 1879 693 1935 dentibus
709 1883 971 1947 omnibus,
993 1882 1281 1951 baptizatus
1297 1892 1399 1937 est.
1422 1882 1531 1936 Hoc
1546 1885 1585 1946 ³,
1606 1882 1851 1950 quamdiu
1869 1883 2017 1950 vixit,

452 1971 507 2026 in
535 1987 630 2028 ore
675 1972 898 2028 habebat
947 1991 962 2027 :
1015 1975 1246 2039 Christe,
1291 1975 1471 2044 accipe
1521 1975 1762 2043 spiritum
1803 1990 2018 2028 meum:

449 2077 571 2116 cum
601 2063 714 2119 haec
741 2065 900 2120 verba
927 2066 1214 2121 beatissimi
1241 2066 1511 2134 Stephani,
1535 2065 1746 2135 quando
1763 2065 2021 2132 lapidatus

448 2162 532 2208 est
556 2168 586 2207 a
605 2153 822 2222 Iudaeis,
853 2157 1032 2209 ultima
1063 2156 1222 2211 fuisse
1243 2154 1594 2226 (Act.vn,58)
1621 2156 1874 2219 nesciret;
1905 2171 2021 2223 qurc

451 2242 577 2298 huic
600 2259 809 2314 quoque
847 2244 1027 2299 ultima
1072 2243 1286 2300 fuerunt
1319 2262 1333 2299 :
1367 2260 1486 2300 nam
1537 2260 1643 2299 non
1692 2244 1858 2299 multo
1906 2253 2023 2313 post

449 2331 610 2388 etiam
635 2333 750 2403 ipse
773 2334 1047 2390 defunctus
1075 2343 1178 2390 est.

523 2425 610 2480 14.
638 2425 816 2481 Sanati
845 2435 970 2482 sunt
1015 2427 1122 2482 illic
1156 2442 1253 2497 per
1277 2425 1518 2481 eumdem
1549 2435 1832 2496 martyrem
1861 2425 2026 2479 etiam

454 2514 670 2586 podagri
700 2516 827 2582 duo,
857 2531 994 2570 unus
1013 2517 1164 2582 civis,
1193 2517 1500 2588 peregrinus
1526 2531 1693 2580 unus;
1727 2514 1818 2568 sed
1845 2517 1974 2569 civis
2002 2515 2024 2546 ³

452 2605 599 2660 οηιηί
620 2606 778 2662 modo
804 2623 820 2662 :
847 2609 1152 2676 peregrinus
1177 2619 1350 2663 autem
1382 2623 1477 2678 per
1505 2607 1876 2664 revelatiouem
1899 2608 2025 2676 quid

453 2696 729 2752 adhiberet
766 2698 978 2767 quando
1006 2699 1228 2764 doleret,
1276 2699 1506 2766 audivit;
1548 2711 1602 2756 et
1643 2717 1764 2755 cum
1817 2700 1916 2753 hoc
1945 2698 2019 2753 fe-

453 2790 606 2856 cerit,
628 2790 780 2844 dolor
797 2791 1046 2845 continuo
1069 2792 1413 2862 conquiescit.

528 2880 616 2936 15.
658 2881 908 2936 Audurus
934 2898 1128 2938 nomen
1159 2894 1241 2940 est
1269 2885 1432 2950 fundi,
1461 2885 1548 2940 ubi
1592 2885 1812 2941 ecclesia
1841 2895 1942 2950 est,
1969 2894 2024 2941 et

456 2967 511 3024 in
531 2984 593 3026 ea
619 2972 871 3027 memoria
907 2973 1160 3044 Stephani
1186 2976 1451 3047 martyris.
1476 2975 1706 3032 Puerum
1740 2968 2020 3046 quemdam

455 3063 752 3132 parvulum,
789 3079 908 3120 cum
938 3067 991 3121 in
1025 3082 1148 3122 area
1189 3067 1418 3134 luderet,
1458 3068 1814 3123 exorbitantes
1859 3067 2022 3124 boves

454 3153 545 3221 qui
575 3153 869 3211 vehiculum
917 3157 1213 3224 trahebant,
1263 3168 1375 3214 rota
1415 3159 1763 3222 obtrivcrttnt,
1807 3169 1861 3215 et
1897 3175 2023 3215 con-

462 3241 634 3298 festim
666 3246 938 3315 palpitavit
963 3247 1259 3316 exspirans.
1289 3249 1438 3304 Hunc
1466 3259 1636 3304 mater
1661 3259 1928 3318 arreptum
1957 3251 2022 3305 ad

453 3332 694 3389 eamdem
718 3337 1025 3391 memoriam
1049 3338 1255 3408 posuit;
1287 3347 1342 3394 et
1363 3354 1467 3394 non
1495 3341 1666 3395 Solum
1690 3340 1898 3407 revixit,
1930 3356 2022 3396 ve-

459 3437 576 3477 rum
607 3425 764 3479 etiam
783 3425 978 3481 illmsus
1005 3427 1264 3497 apparuit.

531 3515 616 3570 16.
651 3515 1074 3572 Sanetimonialis
1101 3518 1340 3589 quzedam
1387 3518 1442 3574 in
1465 3519 1635 3574 vicina
1667 3521 2021 3589 possessione,

457 3621 578 3675 qua:
591 3605 898 3676 Caspaliana
926 3608 1136 3674 dicitur,
1159 3624 1278 3664 cum
1316 3610 1625 3681 aegritudine
1652 3611 1930 3674 laboraret,
1962 3627 2024 3666 ac

457 3694 848 3765 desperaretur,
874 3697 940 3753 ad
969 3698 1207 3754 eamdem
1237 3701 1548 3755 memoriam
1576 3701 1748 3756 tunica
1787 3701 1902 3768 ejus
1942 3701 2022 3755 al-

461 3786 563 3840 lata
583 3795 697 3842 est:
722 3803 841 3858 qute
864 3799 1145 3860 antequam
1168 3800 1525 3859 revocaretur,
1550 3793 1632 3847 illa
1655 3791 1896 3848 defuncta
1919 3802 2021 3848 est.

459 3877 571 3934 Hac
593 3886 766 3933 tamen
799 3880 972 3935 tunica
1001 3891 1324 3949 aperuerunt
1363 3883 1588 3938 cadaver
1613 3883 1728 3954 ejus
1755 3894 2020 3954 parentes,

453 3975 513 4022 et
536 3978 748 4038 recepto
767 3971 951 4040 spiritu
971 3972 1112 4026 salva
1135 3974 1268 4028 facta
1289 3981 1388 4029 est.
1733 3971 1736 3976 ’

529 4060 616 4114 17.
645 4060 795 4130 Apud
823 4061 1115 4132 Hipponem
1139 4063 1334 4118 Bassus
1370 4063 1580 4134 quidam
1625 4063 1791 4136 Syrus
1819 4064 1882 4118 ad
1916 4080 2026 4118 mc-

459 4151 680 4206 tnoriam
733 4152 969 4221 ejusdem
1009 4155 1254 4225 martyris
1290 4154 1474 4208 orabat
1512 4169 1608 4223 pro
1644 4164 1932 4224 aegrotante
1972 4163 2028 4209 et

459 4241 788 4311 periclitante
809 4244 932 4308 lilia,
960 4260 1127 4314 eoque
1156 4259 1336 4300 secum
1367 4255 1566 4300 vestem
1593 4245 1708 4314 ejus
1736 4247 2020 4300 attulerat:

458 4348 580 4388 cum
607 4348 733 4389 ecce
754 4335 901 4404 pueri
927 4337 995 4390 de
1021 4335 1180 4392 domo
1198 4346 1563 4402 cucurrerunt,
1584 4336 1671 4406 qui
1690 4336 1738 4389 ei
1763 4345 2024 4391 mortuam

461 4424 782 4481 nuntiarent.
807 4425 912 4481 Sed
931 4442 1074 4493 cum,
1101 4438 1287 4482 orante
1307 4427 1418 4493 illo,
1443 4427 1510 4482 ab
1536 4425 1720 4480 amicis
1743 4425 1858 4495 ejus
1884 4425 2028 4479 exci-

460 4525 730 4585 perentur,
767 4516 1146 4587 prohibuerunt
1172 4533 1264 4572 eos
1311 4518 1386 4572 illi
1413 4517 1610 4584 dicere,
1640 4531 1708 4572 ne
1729 4531 1823 4586 per
1852 4515 2027 4585 publi-

460 4623 579 4662 cum
607 4609 893 4680 plangeret.
919 4609 1019 4677 Qui
1045 4626 1163 4667 cum
1190 4609 1404 4666 domum
1433 4610 1658 4666 redisset
1677 4609 1785 4679 jam
1811 4622 2027 4663 suorum

459 4699 744 4768 ejulatibus
770 4710 1162 4770 personantem,
1183 4711 1238 4756 et
1257 4710 1457 4756 vestem
1482 4701 1602 4756 lilia:
1619 4715 1777 4772 quam
1804 4698 2025 4765 ferebat,
2049 4709 2051 4711 ‘

461 4804 624 4872 super
649 4804 765 4845 eam
797 4791 1125 4860 projecisset,
1153 4790 1356 4845 reddita
1393 4799 1476 4846 est
1501 4792 1641 4846 vitaz.

532 4882 621 4938 18.
650 4881 852 4937 Rursus
875 4882 1068 4937 ibidem
1097 4882 1237 4951 apud
1262 4897 1360 4937 nos
1379 4881 1585 4948 lrenaai.
1611 4882 1883 4953 cujusdam
1913 4883 2026 4938 col-

461 4974 664 5030 lectarii
691 4975 846 5040 filius,
869 4974 1180 5046 aegritudine
1205 4975 1496 5030 exstinctus
1521 4982 1623 5030 est.
1653 4975 1890 5044 Cumque
1915 4991 2031 5030 cor-

463 5078 562 5135 pus
572 5064 771 5134 iaceret
794 5068 1057 5131 exanime,
1078 5075 1238 5136 atque
1266 5079 1297 5119 a
1328 5057 1625 5134 lugentibus
1649 5074 1702 5120 et
1729 5065 2030 5120 lamentan-

465 5156 604 5214 tibns
645 5155 912 5227 exsequis:
955 5167 1298 5227 pararentur,
1337 5156 1624 5211 amicorum
1666 5155 1782 5224 ejus
1821 5155 2032 5224 quidam

471 5250 608 5305 inter
639 5245 862 5301 aliorum
887 5246 1274 5302 consolantium
1316 5245 1478 5300 verba
1509 5245 1786 5315 suggessit.
1814 5255 1870 5297 ut
1894 5245 2034 5312 ejus-

470 5337 590 5391 dem
621 5337 868 5409 martyris
887 5335 1007 5393 oleo
1039 5350 1232 5408 corpus
1266 5347 1667 5408 peruugeretur.
1690 5333 1904 5389 Factum
1930 5342 2032 5398 est,

472 5435 528 5482 et
551 5424 761 5482 revixit.
1022 5428 1029 5434 '

531 5561 550 5596 ι
583 5559 724 5630 aditi,
748 5559 1002 5630 etptagm's
1035 5562 1256 5630 precibus
1273 5569 1322 5615 et
1342 5559 1590 5626 lacrgpnis.
1630 5568 1688 5611 At
1727 5558 2037 5622 manttsa'ipti

467 5629 652 5695 carent2
678 5621 978 5695 precibus'et.
1037 5621 1099 5695 ι

525 5697 546 5726 ι
579 5681 689 5735 Sola
708 5681 857 5733 editio
879 5689 1010 5744 Lov.,
1040 5684 1141 5734 m'c.

525 5754 546 5786 ³
585 5748 721 5813 Vind.
747 5755 848 5813 am.
871 5752 968 5805 Β..
999 5743 1106 5800 tres
1142 5746 1408 5813 podagrici,
1447 5747 1546 5801 duo
1577 5745 1718 5810 cives,
1753 5743 2036 5809 peregrinus

465 5807 998 5873 m.sedciret,etc.
1143 5807 1152 5811 ⁷
1265 5807 1287 5813 ⁷
1392 5807 1402 5813 ⁷
1606 5821 1608 5824 '

1481 411 1570 468 ne
1603 409 1922 467 cxvm'rn
1963 409 2093 478 DEI,
2133 411 2190 465 s.
2225 409 2588 468 AUCUSTINI
2653 479 2656 482 ,

3580 417 3704 470 763

2191 525 2276 580 19.
2319 526 2553 596 Itemque
2595 526 2733 596 apud
2777 542 2874 580 nos
2919 525 3000 580 vir
3034 525 3335 582 tribunitius
3365 529 3645 585 Eleusinus
3690 534 3705 564 ³

2120 628 2280 682 super
2325 615 2634 668 memoriam
2663 615 2906 687 Martyris
2930 617 2973 681 ⁸,
3014 630 3130 685 qua:
3165 617 3216 670 in
3241 617 3545 674 suburbano
3573 620 3691 690 ejus

2119 704 2550 774 est,a-gritudine
2574 706 2925 760 exanimatum
2954 708 3128 776 posuit
3148 707 3460 763 infautulum
3480 709 3687 764 lilium;

2121 801 2176 848 et
2205 805 2324 862 post
2350 797 2664 876 orationem,
2688 811 2843 865 quam
2872 811 2996 851 cum
3032 797 3214 853 multis
3235 798 3484 870 laerymis
3509 801 3576 855 ibi
3601 801 3691 855 fu-

2119 882 2216 947 dit,
2250 885 2508 938 vivcntem
2529 885 2740 940 levavit.
3611 897 3624 910 ‘

2191 975 2279 1028 ΞΟ.
2329 975 2462 1042 Quid
2511 976 2738 1032 faciam?
2764 976 2929 1048 Urget
2977 976 3131 1048 hujus
3173 981 3348 1049 operis
3385 980 3640 1050 implendi
3671 983 3696 1015 ³

2121 1067 2421 1134 promissio,
2456 1076 2511 1121 ut
2549 1084 2652 1122 non
2697 1069 2781 1122 hic
2813 1069 3008 1136 possim
3056 1072 3230 1124 munia
3272 1086 3698 1127 commemorare

2121 1171 2240 1225 qua:
2268 1159 2419 1211 scio:
2453 1169 2506 1212 et
2542 1159 2722 1226 procul
2749 1159 2910 1214 dubio
2938 1159 3178 1230 plerique
3212 1171 3536 1225 nostrorum,
3567 1177 3694 1214 cum

2123 1246 2238 1300 lucc
2264 1247 2457 1312 legent,
2492 1246 2747 1302 dolebunt
2785 1263 2870 1304 me
2908 1257 3012 1302 tam
3058 1250 3220 1304 multa
3262 1250 3691 1319 prartermisissc,

2121 1349 2240 1404 quae
2267 1336 2444 1405 utique
2472 1351 2677 1391 mecum
2703 1339 2893 1392 sciunt.
2924 1338 3066 1406 Quos
3087 1339 3194 1407 jam
3234 1355 3394 1403 nunc,
3443 1350 3499 1393 ut
3542 1341 3696 1408 igno-

2121 1437 2290 1492 scant,
2316 1443 2477 1497 rogo;
2519 1437 2574 1483 et
2599 1429 2831 1499 cogitent
2857 1444 3011 1498 quam
3054 1430 3238 1498 prolixi
3281 1429 3476 1484 laboris
3518 1433 3586 1484 sit
3613 1431 3695 1483 fa-

2122 1531 2264 1579 cere.
2291 1517 2430 1586 quod
2459 1533 2544 1572 me
2581 1517 2666 1572 hic
2695 1535 2797 1572 non
2838 1517 3014 1574 facere
3045 1520 3275 1588 suscepti
3301 1521 3478 1590 operis
3507 1533 3693 1575 ncces-

2123 1607 2251 1661 sitas
2297 1608 2456 1677 cogit.
2499 1608 2552 1663 Si
2585 1608 2724 1663 enim
2757 1609 3006 1663 miracula
3045 1610 3350 1676 sanitatum,
3397 1622 3452 1664 ut
3479 1612 3580 1664 alia
3607 1621 3692 1666 ta-

2122 1711 2293 1762 ceam,
2319 1713 2379 1751 ea
2408 1699 2769 1753 tantummodo
2794 1700 2948 1753 velim
2997 1700 3250 1764 scribere,
3279 1716 3398 1769 quze
3430 1716 3523 1769 per
3553 1699 3697 1757 lnme

2123 1795 2430 1856 martyrem,
2463 1787 2512 1840 id
2555 1797 2656 1851 est,
2702 1788 3138 1856 gloriosissimum
3181 1789 3529 1858 Stephanum,
3558 1790 3694 1845 facta

2124 1887 2248 1930 sunt
2275 1877 2326 1930 in
2353 1877 2562 1932 colonia
2588 1879 2905 1945 Calamcnsi,
2930 1891 2982 1933 et
3011 1881 3060 1935 in
3088 1888 3289 1946 nostra,
3321 1881 3531 1947 plurimi
3558 1896 3692 1935 cou-

2126 1969 2333 2024 licicudi
2359 1980 2478 2023 sunt
2507 1971 2622 2024 libri
2649 1987 2664 2024 :
2699 1987 2796 2025 nec
2823 1979 2996 2026 tamen
3025 1972 3200 2025 omnia
3225 1972 3396 2041 colligi
3426 1981 3707 2040 poterunt,

2124 2061 2216 2114 sed
2249 2070 2448 2114 tantum
2475 2061 2540 2115 de
2565 2061 2755 2131 quibus
2789 2061 2946 2116 libelli
2971 2061 3077 2115 dati
3113 2071 3254 2127 sunt,
3286 2063 3372 2132 qui
3409 2063 3696 2115 recitaren-

2126 2159 2209 2206 tur
2239 2153 2288 2206 iu
2332 2153 2554 2222 populis.
2591 2153 2642 2208 ld
2679 2167 2903 2223 namque
2936 2153 3050 2208 fleri
3079 2149 3361 2217 voluimus,
3402 2170 3520 2208 cum
3552 2155 3699 2209 vidc-

2126 2258 2306 2297 remus
2360 2243 2590 2313 antiquis
2641 2243 2832 2298 similia
2887 2244 3180 2298 divinarum
3237 2245 3385 2314 signa
3440 2245 3695 2299 virtutum

2125 2335 2282 2387 etiam
2324 2335 2517 2389 nostris
2544 2337 2866 2405 temporibus
2909 2335 3266 2406 frequentari;
3295 2348 3344 2391 ct
3371 2352 3430 2390 ea
3463 2353 3565 2389 non
3603 2336 3700 2390 dv-

2129 2423 2254 2478 hcre
2302 2426 2583 2479 multorum
2625 2429 2824 2480 notitia:
2850 2427 3110 2495 deperire.
3143 2426 3384 2480 Nondum
3413 2438 3493 2480 est
3520 2441 3694 2480 autem

2129 2513 2418 2575 biennium.
2449 2531 2516 2569 cx
2544 2532 2646 2585 quo
2667 2517 2802 2585 apud
2835 2517 3124 2586 Hipponem
3155 2517 3372 2587 Regium
3399 2519 3554 2586 coepit
3578 2533 3706 2572 esse

2129 2604 2225 2658 ista
2251 2607 2503 2659 memoria
2536 2606 2633 2676 (a),
2662 2617 2713 2660 et
2741 2608 2941 2674 multis,
2978 2609 3116 2679 quod
3161 2609 3313 2663 nobis
3342 2611 3694 2663 certissimum

2130 2709 2230 2761 est,
2261 2716 2363 2752 non
2411 2700 2546 2754 datis
2583 2698 2790 2764 libellis,
2835 2701 2902 2756 de
2947 2701 3010 2755 iis
3046 2718 3164 2771 qua:
3210 2701 3519 2755 mirabiliter
3561 2702 3706 2754 fat-ta-

2129 2800 2272 2856 sunt.
2305 2791 2378 2847 illi
2409 2792 2505 2862 ipsi
2533 2792 2620 2863 qui
2647 2791 2753 2847 dati
2793 2801 2915 2847 sunt
2947 2792 3019 2846 ad‘
3049 2794 3377 2862 septuaginta
3411 2792 3574 2846 ferme
3600 2809 3720 2866 ιιιιρ¹

2131 2897 2337 2938 mcrum
2368 2893 2739 2953 pervenerant,
2765 2882 2974 2953 quando
3010 2883 3106 2937 ista
3133 2882 3440 2952 conscripsi.
3469 2881 3700 2938 Calama:

2129 2989 2277 3041 vero,
2303 2975 2388 3028 ubi
2417 2985 2470 3029 ct
2507 2974 2619 3042 ipsa
2665 2975 2914 3029 memoria
2957 2975 3099 3044 prius
3135 2989 3253 3028 esse
3283 2975 3460 3042 coepit,
3490 2984 3543 3027 et
3575 2989 3698 3028 cre-

2129 3064 2278 3120 brius
2302 3065 2513 3127 dantur,
2539 3064 2933 3135 incomparabili
2960 3063 2982 3096 ⁸
3002 3065 3334 3120 multitudine
3354 3074 3622 3135 superant.

2199 3156 2289 3211 21.
2331 3156 2474 3212 Uzali
2522 3157 2716 3222 etiam,
2757 3172 2875 3227 quae
2916 3157 3120 3211 colonia
3164 3155 3329 3212 Uticze
3372 3157 3543 3213 vi‘cina
3588 3165 3704 3221 est,

2131 3235 2294 3301 multa
2327 3246 2580 3316 prmclara
2628 3262 2720 3317 per
2746 3247 2991 3301 eumdem
3021 3247 3302 3318 Martyrem
3335 3248 3466 3302 facta
3495 3262 3698 3318 cogno-

2130 3336 2304 3391 vimus
2332 3352 2344 3389 :
2372 3337 2524 3406 cujus
2567 3336 2638 3392 ibi
2683 3336 2938 3391 memoria
2968 3336 3121 3406 longe
3170 3337 3316 3406 prius
3357 3352 3513 3406 quam
3557 3336 3713 3406 apud

2131 3440 2263 3492 nos,
2301 3425 2369 3480 ab
2394 3425 2642 3495 episcopo
2668 3424 2870 3479 Evodio
2899 3426 3183 3480 constituta
3213 3435 3314 3480 est.
3347 3425 3448 3480 Sed
3485 3425 3698 3480 libello-

2129 3533 2247 3571 rum
2278 3515 2572 3571 dandorum
2621 3515 2691 3570 ibi
2733 3516 3061 3572 consuetudo
3094 3531 3197 3571 nou
3239 3525 3354 3583 est,
3398 3515 3479 3571 vel
3525 3517 3707 3584 potius

2129 3624 2234 3664 non
2265 3607 2402 3664 fuit:
2432 3623 2553 3662 nam
2598 3607 2823 3662 fortasse
2869 3622 3010 3662 nunc
3050 3621 3169 3662 esse
3205 3607 3313 3678 jam
3343 3596 3522 3676 etrapit.
3566 3607 3709 3662 Cum

2129 3703 2270 3758 enim
2315 3718 2482 3773 nuper
2521 3702 2629 3757 illic
2671 3717 2933 3764 essemus,
2981 3701 3304 3768 Petroniam,
3348 3701 3715 3754 clarissimam

2129 3792 2403 3857 feminam,
2433 3808 2551 3864 qua:
2576 3792 2645 3848 ibi
2668 3792 2987 3846 mirabiliter
3008 3807 3070 3845 ex
3097 3806 3288 3861 magno
3310 3800 3467 3859 atque
3493 3791 3700 3844 diutor—

2129 3901 2220 3952 no,
2253 3885 2306 3939 in
2335 3899 2442 3955 quo
2470 3883 2795 3939 medicorum
2836 3882 3097 3952 adjutoria
3141 3889 3329 3934 cuncta
3371 3879 3710 3946 defecerant,

2126 3977 2380 4049 languore
2405 3984 2589 4032 sanata
2612 3983 2713 4039 est,
2737 3974 2932 4030 hortati
2959 3988 3144 4029 sumus
3164 3973 3371 4028 volente
3395 3971 3714 4042 supradicto-

2190 4171 2206 4203 ³
2243 4167 2460 4219 Nonnulli
2481 4173 2608 4229 Mss,
2627 4163 2913 4229 Eleusinius.

2189 4233 2212 4264 ²
2245 4231 2378 4279 Vind.
2404 4238 2505 4278 Am.
2530 4225 2604 4277 Er.
2629 4236 2682 4278 et
2699 4227 2865 4290 plures
2882 4225 3206 4290 manustripti',
3224 4229 3514 4290 martyrum.

2191 4292 2212 4357 Ρ
2243 4291 2377 4357 Vind.
2402 4299 2503 4357 am.
2524 4296 2598 4338 Er.
2625 4297 2678 4338 et
2697 4286 2824 4357 lusa,
2847 4286 3135 4357 ᾗῃιηζαιάαξ
3363 4286 3366 4287 ⁷
3439 4286 3450 4296 ⁵

2188 4354 2212 4386 δ
2242 4353 2347 4404 sola
2370 4351 2517 4403 editio
2538 4358 2669 4412 t.ov.,
2689 4347 2977 4400 incredibili.

2189 4461 2263 4523 (α)
2285 4440 2414 4534 eius
2433 4455 3160 4534 mutastisieehsciima
3192 4452 3584 4534 “:tP.‘3°e.£‘l’.'_‘i'P.

2128 4515 2274 4570 linem
2294 4515 2531 4578 anni426,
2553 4524 2636 4567 aut
2659 4515 2761 4566 non'
2791 4517 2942 4565 multo
2991 4515 3167 4578 serius.
3216 4522 3324 4562 Nam
3365 4515 3587 4578 exstabat
3603 4515 3701 4574 jam

2129 4583 2343 4644 Hippone
2367 4583 2457 4644 ista
2470 4574 2695 4644 Stephani
2712 4578 2936 4644 martyris
2955 4577 3336 4644 memoria,_cum
3358 4574 3565 4644 illud__ibi
3585 4587 3704 4623 eon-

2130 4609 2343 4644 πιιννυιισ
2367 4609 2457 4631 ιυκ
2470 4609 2695 4641 οισγιιιιιι
2714 4609 2806 4627 ..,...
2819 4609 2936 4641 ψ...
2956 4609 3187 4625 ...ω-..,....
3227 4609 3336 4624 ..,....
3361 4609 3474 4624 .....,.
3497 4609 3565 4622 ..,.
3586 4609 3703 4623 νυ..-

2130 4645 2257 4708 tigit,
2284 4643 2417 4708 quod
2437 4655 2548 4708 mox
2572 4639 2886 4708 referendum
2907 4645 3005 4708 est,
3016 4638 3075 4708 .in
3097 4609 3227 4708 Pauli
3245 4643 3298 4708 et
3331 4634 3548 4708 Palladiae
3569 4649 3704 4708 cuia.-

2131 4693 2264 4753 tioné
2288 4693 2584 4752 miraculum.
2610 4707 2670 4749 Ea
2692 4707 2858 4750 autem
2878 4693 3062 4748 curatio
3080 4699 3293 4754 pertinet
3313 4697 3371 4745 ad
3395 4709 3574 4745 annum
3591 4693 3700 4754 425.

2130 4766 2258 4827 quod
2280 4765 2477 4827 quidem
2499 4763 2798 4827 hacgrati_o_n_e
2815 4757 3214 4827 deprehenditur.
3238 4765 3286 4807 tu
3305 4757 3475 4827 libello
3493 4770 3604 4815 suo,
3620 4759 3707 4819 qui

2130 4817 2362 4875 sermone
2407 4824 2653 4887 Augustini
2686 4821 2779 4871 322
2798 4817 3330 4887 continetur,_testatur
3367 4817 3539 4887 Paulus
3568 4817 3705 4887 8836

2131 4899 2349 4937 sororem
2379 4879 2628 4934 Palladiam
2659 4901 2682 4929 ιι
2720 4884 2909 4932 visione
2946 4879 3255 4930 kalendarum
3275 4880 3601 4941 januariarum
3622 4879 3704 4927 die

2140 4965 2162 4993 α
2198 4948 2465 4997 admonitos
2481 4963 2504 4990 ι
2532 4945 2762 4995 divinitus
2782 4944 2949 5003 fuisse,
2971 4949 3026 4991 ut
3048 4944 3312 5003 Hipponem
3355 4943 3502 5003 irent,
3540 4941 3709 5003 ibique

2133 5009 2238 5059 fore
2260 5016 2315 5058 ut
2350 5009 2604 5058 sanitatem
2633 5024 2656 5052 ι
2672 5007 2794 5054 intra
2819 5001 3015 5055 tertium
3035 5001 3258 5063 mensem
3279 5018 3302 5046 ι
3336 5001 3639 5063 reciperent,
3659 5001 3703 5050 id

2135 5077 2230 5129 est,
2261 5071 2384 5119 intra
2419 5080 2640 5129 mensem
2682 5067 2922 5116 martium.
2965 5062 3136 5129 Paulus
3159 5076 3302 5129 porro
3322 5062 3577 5129 sanitatem
3601 5063 3704 5125 ipso

2133 5124 2228 5180 die'
2249 5131 2484 5179 dominico
2518 5128 2726 5188 Pascha,
2757 5139 2893 5176 soror
2915 5139 3036 5188 vero
3078 5124 3233 5186 ipsius
3252 5138 3316 5174 ex
3338 5124 3574 5188 dominico
3621 5124 3705 5188 t'a-

2137 5193 2267 5242 solm:
2312 5193 2392 5241 die
2434 5191 2582 5241 tertio
2603 5185 2923 5249 recuperasse
2938 5187 3018 5249 hic
3035 5185 3271 5249 narratur.
3296 5185 3624 5249 atquit'aseha
3641 5186 3707 5249 ab

2136 5254 2262 5301 anno
2285 5252 2393 5309 415,
2426 5266 2525 5312 quo
2545 5244 3012 5312 reliquiaggstepbani
3052 5247 3274 5312 martyris
3295 5247 3342 5294 in
3366 5244 3600 5296 i’alestina
3623 5245 3710 5293 dc-

2137 5321 2280 5362 tceta:
2309 5308 2623 5373 sunt,'usque
2639 5308 2696 5358 ad
2715 5310 2822 5367 427,
2846 5308 2944 5373 quo
2960 5308 3151 5373 Vandali
3177 5308 3374 5373 striam
3396 5313 3706 5373 occuparunt,

2136 5388 2232 5423 non
2265 5368 2434 5424 incidit
2460 5376 2507 5422 in
2543 5368 2764 5421 incusem
2802 5368 3023 5420 martium
3043 5370 3132 5418 nisi
3176 5370 3301 5417 forte
3337 5381 3463 5418 anno
3483 5368 3591 5429 ΩΒ,
3618 5380 3710 5429 quo

2137 5435 2314 5500 festum
2355 5435 2543 5500 Pascha:
2569 5433 2684 5483 dicit
2705 5432 2967 5500 Bucbetjius
3009 5429 3243 5500 artatinis
3275 5429 3515 5500 nonnullis
3545 5427 3712 5500 die—22

2137 5497 2293 5560 martii
2330 5494 2628 5544 celebratum
2643 5507 2668 5560 _:
2693 5495 2895 5560 tametsi
2915 5505 2985 5560 ex
3010 5489 3511 5560 littermpominiealis
3539 5490 3711 5560 obser-

2140 5558 2330 5608 vatione
2345 5554 2883 5622 oemrrere_debuisset
2897 5554 2981 5604 die
3004 5553 3062 5622 ii)
3077 5552 3256 5622 aprilis2
3280 5552 3420 5622 sicuti
3453 5551 3512 5622 ad
3538 5549 3710 5622 praedi-

2139 5626 2266 5668 ctum
2299 5624 2578 5667 Sermonem
2599 5615 2693 5666 323
2729 5618 3010 5666 notavimus.
3035 5611 3354 5674 tm'Stepbani
3389 5613 3610 5674 martyris
3631 5625 3709 5674 re:

2140 5680 2382 5744 vetatione
2436 5685 2489 5728 et
2509 5679 2600 5744 __de
2653 5678 2805 5744 ipsius
2851 5673 3092 5744 miraculis
3114 5673 3302 5744 scripta
3343 5673 3482 5744 aviti,
3506 5673 3711 5744 tne-iani

2140 5741 2305 5790 severi
2325 5747 2375 5789 et
2398 5739 2552 5788 Evodii
2579 5732 2771 5788 nomine
2797 5737 2990 5799 vulgata
3012 5732 3308 5785 exhibentur
3341 5735 3390 5784 in
3411 5732 3608 5797 septimi
3630 5732 3713 5781 hu-

2139 5807 2219 5868 jus
2243 5804 2355 5853 tonti
2379 5801 2669 5864 Appendicc.
3141 5837 3155 5841 _
