4078 6492
322 372 422 429 769

319 481 420 536 loci
462 482 748 553 episcopo,
776 494 835 538 ut
878 483 1110 541 libellum
1136 486 1310 554 daret,
1352 491 1442 559 qui
1485 490 1798 546 recitaretur
1825 491 1877 545 in

316 570 548 640 papulo;
589 581 642 626 et
684 573 1114 632 obedientissime
1149 579 1326 646 paruit
1359 577 1457 652 (α).
1489 581 1545 635 ln
1573 594 1680 651 quo
1710 582 1885 651 posuit

315 659 498 725 etiam,
527 660 666 731 quod
698 660 783 716 hic
808 664 1032 719 reticere
1056 682 1163 719 non
1187 682 1426 735 possum,
1455 669 1702 739 quamvis
1724 670 1793 724 ad
1819 686 1882 724 ea

313 763 432 815 qua:
453 747 555 802 hoc
579 764 714 819 opus
738 762 947 821 urgent,
977 755 1224 810 festinare
1246 759 1553 826 compellar.
1581 761 1621 813 Α
1650 759 1880 829 quodam

310 838 498 892 Judmo
522 839 657 894 dixit
685 842 784 896 sibi
807 842 968 899 fuisse
991 862 1320 914 persuasum,
1350 858 1409 903 ut
1445 852 1693 905 :innultttn
1717 855 1881 922 capil-

313 932 439 984 latio
482 932 691 1002 cingulo
724 935 738 965 ί
773 935 1064 1003 insereret,
1110 939 1250 1008 quod
1296 940 1395 994 sub
1435 943 1580 996 omni
1624 952 1774 998 veste
1813 944 1877 999 ad

314 1022 454 1077 nuda
495 1026 733 1093 corporis
773 1028 1105 1097 cingeretur:
1132 1032 1218 1099 qui
1260 1034 1486 1088 annulus
1525 1035 1745 1091 haberet
1780 1038 1881 1092 sub

314 1130 523 1181 gemma
556 1116 780 1185 lapidem
809 1118 859 1171 in
897 1120 1113 1175 renibus
1138 1123 1404 1178 inventum
1434 1126 1602 1180 bovis.
1633 1127 1741 1182 lloc
1764 1129 1882 1184 alli-

313 1216 435 1275 gata
459 1209 607 1276 quasi
640 1210 877 1265 remedio
907 1211 971 1265 ad
1012 1214 1177 1267 sancti
1206 1215 1447 1285 Martyris
1487 1218 1663 1271 limina
1694 1221 1877 1276 venie-

250 1330 264 1378 .’
314 1295 421 1349 bat.
463 1297 567 1351 Sed
602 1300 830 1368 profecta
848 1316 886 1354 'a
913 1302 1266 1374 Carthagine,
1291 1322 1412 1362 cum
1443 1308 1493 1361 itt
1524 1309 1753 1364 confinio
1779 1310 1877 1365 llu-

310 1387 470 1440 minis
497 1387 744 1458 Bagrada:
767 1392 815 1445 in
841 1408 933 1446 sua
963 1397 1296 1464 possessione
1324 1401 1622 1463 mansisset,
1652 1418 1877 1470 surgens

296 1485 363 1529 nt
410 1476 510 1532 iter
553 1493 843 1549 perageret,
893 1495 1018 1541 ante
1061 1488 1221 1555 pedes
1266 1503 1391 1544 suos
1430 1491 1576 1545 ilium
1609 1492 1875 1562 jacentcm

302 1571 560 1626 annulum
592 1575 749 1639 vidit,
779 1586 833 1630 et
858 1580 1176 1647 capillatiam
1208 1597 1391 1636 zonam
1429 1599 1529 1654 qua
1559 1583 1730 1640 fuerat
1756 1587 1877 1641 alli-

294 1670 476 1729 gatus,
505 1665 690 1719 mirata
726 1670 964 1722 tentavit.
994 1670 1039 1738 ρ
1062 1688 1161 1725 tam
1190 1688 1309 1726 cum
1337 1676 1555 1729 omnino
1584 1677 1692 1730 suis
1719 1677 1874 1732 nodis

296 1754 660 1821 ﬁrmissimis,
707 1758 840 1812 sicut
894 1759 1101 1826 fuerat,
1150 1764 1495 1831 comperisset
1541 1766 1869 1834 adstrictam,

291 1844 574 1912 crepuisse
619 1857 775 1916 atque
825 1851 1101 1925 exsiluisse
1142 1855 1392 1908 annulmu
1438 1857 1699 1924 suSpicala
1744 1870 1868 1914 est:

301 1935 392 2004 qui
436 1937 596 1990 etiam
645 1938 757 2007 ipse
798 1956 917 1994 cum
962 1942 1331 2013 integerrimus
1374 1945 1559 2002 fuisset
1603 1948 1867 2016 iuventus,

294 2026 493 2080 futurae
515 2028 701 2083 salutis
725 2032 1117 2100 quodammodo
1138 2036 1334 2106 pignus
1358 2037 1424 2093 de
1446 2050 1590 2094 tanto
1616 2040 1870 2097 miraculo

298 2128 359 2170 se
378 2117 646 2186 accepisse
667 2123 1016 2191 praesumpsit,
1038 2134 1196 2195 atque
1222 2126 1349 2181 illud
1374 2129 1638 2184 vinculum
1664 2133 1738 2203 (b)
1760 2135 1868 2188 sol-

294 2221 451 2273 vens,
481 2208 638 2263 simul
674 2226 799 2265 cum
826 2213 1014 2269 eodem
1034 2217 1260 2283 annulo,
1291 2219 1599 2290 projecit‘in
1644 2222 1863 2280 ﬂumen.

297 2297 412 2353 Non
449 2300 715 2355 credunt'
746 2308 867 2369 hoc,
907 2307 994 2375 qui
1035 2308 1193 2362 etiam
1235 2310 1511 2367 Dominum
1554 2313 1729 2371 Jesum
1774 2334 1868 2386 per

288 2389 503 2459 integra
546 2392 821 2462 virginalia
866 2398 1048 2452 matris
1089 2400 1326 2465 enixum,
1369 2412 1421 2456 et
1462 2404 1529 2458 ad
1577 2404 1866 2476 discipulos

291 2480 450 2535 ostiis
476 2482 673 2537 clausis
698 2484 989 2554 ingressum
1029 2486 1191 2544 fuisse
1217 2506 1319 2544 non
1346 2492 1570 2547 credunt
1596 2511 1608 2547 :
1640 2496 1733 2550 sed
1763 2495 1863 2551 hoc

286 2577 446 2625 certe
470 2581 728 2639 queram,
759 2583 832 2640 et,
862 2575 907 2629 si
946 2591 1127 2631 verum
1157 2578 1469 2645 invenerint,
1512 2583 1594 2636 illa
1625 2585 1860 2640 credant.

286 2658 603 2715 Clarissima
629 2662 819 2717 femina
845 2673 946 2729 est,
973 2667 1221 2721 nobiliter
1243 2678 1384 2735 nata,
1412 2671 1659 2727 nobiliter
1680 2686 1861 2743 nupta,

293 2750 603 2821 Carthagini
651 2751 853 2808 habitat
894 2772 910 2808 :
950 2756 1123 2826 ampla
1168 2758 1375 2823 civitas,
1421 2763 1594 2831 ampla
1639 2780 1861 2833 persona

289 2856 408 2896 rem
436 2853 735 2912 quaerentes
779 2845 944 2901 latere
988 2862 1092 2901 non
1136 2849 1281 2905 sinit.
1330 2850 1527 2922 Martyr
1552 2864 1696 2909 certe
1725 2856 1857 2926 ipse,

290 2947 399 3002 quo
425 2935 741 3003 impetrante
765 2937 851 2992 illa
875 2948 1056 2994 sanata
1078 2949 1179 3006 est,
1208 2942 1260 2995 in
1285 2942 1472 2998 Filium
1500 2949 1860 3016 permanentis

291 3023 511 3094 virginis
549 3025 795 3091 credidit,
837 3028 888 3082 in
917 3043 1039 3084 eum
1068 3032 1157 3101 qui
1187 3031 1337 3087 ostiis
1378 3034 1570 3089 clausis
1598 3036 1663 3090 ad
1702 3037 1862 3091 disci-

287 3117 443 3187 pulos
492 3118 770 3189 ingressus
811 3128 928 3187 est,
973 3123 1195 3178 credidit
1240 3141 1253 3177 :
1301 3135 1600 3195 postremo,
1646 3139 1862 3199 propter

291 3211 430 3281 quod
458 3214 637 3267 omnia
668 3214 762 3268 ista
790 3213 1041 3270 dicuntur
1062 3232 1091 3269 a
1122 3217 1294 3282 nobis,
1325 3219 1377 3273 in
1410 3234 1530 3274 eum
1561 3220 1650 3289 qui
1675 3236 1861 3277 ascen-

290 3304 366 3360 dit
391 3305 444 3359 in
472 3307 667 3361 eretum
695 3323 814 3363 cum
840 3324 1000 3365 carne
1024 3352 1037 3375 ,
1085 3311 1137 3366 in
1174 3327 1273 3381 qua
1305 3326 1669 3371 resurrcxerat
1691 3360 1705 3382 ,
1738 3334 1857 3372 rre-

282 3392 461 3459 didit;
506 3406 561 3451 et
588 3398 706 3452 ideo
730 3414 825 3469 per
848 3416 967 3454 eum
995 3408 1137 3456 tanta
1168 3403 1317 3466 fiunt,
1342 3406 1461 3475 quia
1500 3423 1596 3477 pro
1632 3409 1727 3462 ista
1756 3410 1859 3466 fide

290 3486 519 3539 animam
553 3490 744 3556 posuit.
775 3490 928 3543 Fiunt
958 3507 1085 3561 ergo
1128 3494 1289 3547 etiam
1321 3511 1458 3550 nunc
1503 3498 1663 3552 tnulta
1695 3501 1855 3554 mira-

282 3577 425 3639 cttla,
453 3578 642 3631 eodem
673 3580 778 3633 Deo
805 3580 1027 3635 faciente
1073 3597 1165 3649 per
1190 3597 1323 3652 quos
1349 3585 1492 3652 vult,
1531 3596 1583 3640 et
1608 3590 1858 3657 quemad-

286 3667 504 3720 modum
537 3668 676 3733 vult,
709 3669 796 3738 (ιιιί
840 3680 890 3724 et
917 3671 1003 3725 illa
1035 3688 1151 3742 qua:
1182 3674 1404 3743 legimus
1428 3675 1553 3732 fecit
1584 3696 1596 3732 :
1634 3680 1726 3733 sed
1758 3682 1853 3736 ista

284 3773 386 3813 nec
426 3759 673 3814 similiter
720 3762 1071 3829 innotescunt,
1116 3780 1309 3835 neque,
1341 3778 1398 3821 ut
1436 3784 1540 3824 non
1569 3772 1812 3828 excidant
1835 3774 1856 3806 ³

284 3852 486 3913 animo,
515 3853 663 3921 quasi
701 3853 882 3923 glarea
910 3857 1198 3923 memoriae,
1244 3859 1427 3913 crebra
1474 3861 1700 3917 lectione
1738 3872 1858 3918 tun-

285 3941 504 3996 duntur.
538 3942 669 3997 Nam
712 3952 765 3999 et
810 3945 897 3999 ubi
939 3946 1208 4017 diligentia
1253 3958 1367 4016 est,
1394 3965 1511 4020 qua:
1552 3968 1691 4010 nunc
1718 3954 1855 4025 apud

288 4049 383 4087 nos
411 4049 532 4089 esse
574 4038 769 4104 cmpit,
797 4045 854 4090 ut
877 4038 1041 4093 libelli
1067 4056 1249 4095 eorum
1277 4045 1363 4114 qui
1396 4044 1647 4100 benelicia
1679 4048 1852 4117 perci-

289 4125 458 4193 piunt,
502 4130 792 4182 recitentur
829 4129 880 4182 in
927 4132 1151 4200 populo,
1181 4136 1347 4190 semel
1376 4136 1479 4193 hoc
1505 4138 1723 4193 audiunt
1764 4140 1853 4209 qui

286 4216 499 4283 adsunt,
532 4219 813 4289 pluresque
840 4232 943 4274 non
983 4222 1210 4289 adsunt,
1238 4234 1295 4278 ιιι
1322 4242 1418 4281 nec
1450 4228 1523 4282 illi
1555 4230 1641 4298 qui
1669 4230 1854 4286 adfue-

289 4317 432 4373 runt,
467 4319 583 4377 post
608 4310 809 4379 aliquot
831 4311 968 4378 dies,
1008 4314 1147 4382 quod
1180 4314 1480 4382 audierunt,
1509 4328 1686 4375 mente
1722 4322 1854 4376 reti-

286 4406 463 4463 neant,
508 4408 561 4453 et
585 4400 671 4453 vix
712 4402 989 4471 quisquam
1014 4400 1353 4474 ‘reperiatur
1397 4408 1630 4476 illorum,
1670 4412 1757 4481 qui
1803 4413 1854 4468 ei

284 4503 444 4558 quem
474 4503 579 4542 non
609 4489 841 4545 adfuisse
869 4494 1198 4563 cognoverit,
1220 4496 1429 4573 indicet
1462 4500 1600 4568 quod
1632 4501 1851 4557 audivit.

353 4577 446 4632 22.
486 4577 659 4634 Unum
686 4590 767 4635 est
799 4583 937 4651 apud
970 4599 1066 4639 nos
1094 4584 1320 4650 factum,
1362 4602 1466 4641 non
1497 4590 1666 4659 majus
1696 4607 1852 4660 quam

286 4669 374 4725 illa
398 4684 521 4739 qua:
548 4670 687 4739 dixi,
718 4672 810 4727 sed
848 4682 952 4727 tam
980 4675 1182 4729 clarum
1208 4685 1366 4746 atque
1396 4678 1598 4733 illustre
1624 4681 1853 4736 miracu-

286 4761 417 4827 lum,
448 4771 505 4816 ut
532 4764 735 4818 nullum
763 4765 994 4821 arbitrer
1018 4783 1137 4822 esse
1165 4768 1576 4838 Hipponensium
1595 4814 1609 4837 ,
1636 4774 1723 4843 qui
1754 4774 1855 4830 hoc

284 4866 390 4910 non
433 4857 520 4910 vel
557 4856 769 4921 viderit,
818 4860 902 4914 vel
929 4859 1194 4927 didicerit,
1242 4862 1440 4917 nullum
1485 4864 1573 4935 qui
1613 4865 1852 4922 oblivisci

283 4945 386 4999 ulla
416 4945 626 5000 ratione
653 4950 898 5015 potuerit.
930 4951 1119 5006 Decem
1145 4952 1358 5023 quidam
1387 4953 1573 5009 fratres
1600 4957 1850 5026 (quorum

281 5033 489 5105 septem
516 5044 641 5091 sunt
666 5053 861 5105 mares,
892 5050 999 5097 tres
1028 5042 1258 5114 feminas)
1289 5044 1355 5099 de
1377 5045 1617 5100 Cmsarea
1642 5046 1852 5116 Cappao

281 5126 454 5182 (locis:
477 5137 698 5182 suorum
738 5131 932 5185 civium
960 5148 1065 5186 non
1096 5135 1375 5205 ignobiles,
1420 5137 1699 5192 maledicto
1737 5154 1850 5192 ma-

286 5218 385 5274 tris
410 5222 635 5287 recenti,
664 5222 827 5290 patris
850 5236 1035 5277 eorum
1061 5224 1205 5279 obitu
1246 5225 1529 5292 destituta),
1575 5245 1693 5299 qua:
1718 5228 1853 5299 inju-

345 5394 363 5455 ε
399 5391 533 5455 vim.
562 5398 660 5442 Am.
686 5399 761 5443 εει.
788 5400 840 5443 et
870 5401 995 5455 uss...
1015 5394 1219 5446 vinculo.

344 5454 366 5522 ξ
402 5451 588 5522 aliquot
609 5460 734 5509 διεδ..
759 5463 857 5504 Non
879 5451 1095 5522 credant.
1121 5466 1175 5509 Et
1193 5458 1403 5522 quidam,
1428 5468 1527 5511 Non
1542 5462 1760 5515 credent.

346 5515 369 5585 ξ
402 5514 568 5585 plures
592 5522 717 5585 Mss...
740 5516 994 5566 excedant.

344 5635 419 5697 (.t)
444 5636 542 5701 \_'_id.
568 5635 823 5701 sermones
843 5638 1054 5689 518-524
1070 5676 1085 5699 ,
1111 5647 1228 5691 tom.
1252 5643 1284 5692 5
1304 5677 1320 5701 ,
1355 5655 1543 5693 necnon
1578 5644 1753 5696 librum
1788 5648 1852 5699 de

280 5695 517 5767 Ilii-acula
537 5705 582 5767 δ.
601 5704 699 5767 Stet
714 5698 842 5767 hani,
866 5703 911 5749 in
940 5695 1082 5766 hujus
1104 5706 1218 5754 torui
1240 5706 1270 5754 7
1294 5695 1585 5767 Appendiee.

344 5756 419 5820 (ὁ)
452 5764 588 5807 Forte
604 5794 618 5818 ,
653 5758 909 5820 cingulum.

1427 377 1629 437 LIBER
1668 376 2026 435 VICESIMUS
2061 377 2411 442 SECUNDUS

2908 307 2941 325 ο

3446 406 3549 464 770

1994 486 2126 542 riam
2150 489 2250 585 sibi
2287 492 2356 547 ab
2392 494 2473 549 eis
2513 493 2704 554 factam
2727 501 3069 561 acerbissime
3090 507 3232 585 tulit,
3262 512 3353 567 tali
3398 528 3553 585 poena

1988 587 2111 634 sunt
2156 578 2406 638 divinitus
2449 590 2701 655 coerciti,
2747 602 2805 647 ut
2851 582 3176 654 horribiliter
3214 578 3556 673 quaterentur

1989 684 2176 727 omnes
2202 682 2434 733 tremore
2461 681 2818 739 membrorum
2850 704 2862 739 :
2892 687 2943 740 in
2974 704 3075 759 qua
3113 691 3401 753 fmdissima
3427 714 3554 768 spe-

1985 765 2069 815 cie
2087 762 2275 817 oculos
2292 777 2506 821 suorum
2526 771 2718 825 civium
2742 790 2846 830 non
2870 776 3116 849 ferentes,
3133 762 3554 855 quaquaversum
3613 794 3617 799 ’

1985 851 2176 921 cuique
2207 855 2284 910 ire
2310 856 2481 913 visum
2511 871 2613 928 est,
2647 873 2758 921 toto
2788 882 2923 936 pene
2947 851 3268 941 vagabantur
3288 880 3415 935 orbe
3442 881 3522 935 Ro

1984 957 2162 999 mane.
2207 944 2286 1000 Ex
2317 946 2401 1002 his
2437 951 2595 1006 etiam
2633 957 2696 1010 ad
2728 974 2825 1013 nos
2851 975 3108 1019 venerunt
3136 966 3274 1033 duo,
3305 970 3469 1026 frater
3495 982 3551 1027 et

1983 1046 2156 1100 soror,
2198 1037 2398 1094 Paulus
2438 1051 2494 1096 et
2536 1044 2789 1113 Palladia,
2833 1055 3010 1108 multis
3032 1056 3150 1111 aliis
3184 1060 3311 1115 locis
3338 1063 3549 1119 miseria

1984 1123 2289 1185 dilfamante
2311 1129 2419 1199 jam
2445 1135 2664 1211 cogniti.
2697 1138 2965 1199 Venerunt
2998 1157 3171 1203 autem
3198 1162 3321 1207 ante
3348 1156 3547 1211 Pascha

1982 1214 2147 1270 ferme
2173 1218 2289 1274 dies
2326 1222 2625 1291 quindecim
2646 1268 2663 1291 ,
2698 1212 2975 1287 ecclesiam
3016 1239 3281 1305 quotidie,
3310 1252 3365 1296 et
3394 1245 3444 1298 in
3484 1262 3547 1299 ea

1982 1308 2292 1363 memoriam
2358 1312 2724 1380 gloriosissimi
2790 1319 3041 1390 Stephani
3108 1325 3544 1397 frequentabant.

1984 1405 2199 1452 orantes
2227 1408 2285 1453 ut
2307 1400 2417 1468 jam
2456 1403 2554 1458 sibi
2583 1406 2883 1473 placaretur
2908 1411 3066 1479 Deus,
3097 1424 3151 1469 et
3176 1419 3396 1475 salutem
3440 1425 3545 1491 pri-

1978 1483 2171 1540 stinam
2195 1489 2461 1546 redderet.
2490 1494 2555 1548 Et
2580 1495 2716 1561 illic,
2746 1509 2801 1554 et
2828 1517 3159 1574 quacumque
3182 1508 3199 1539 ⁸
3230 1508 3389 1572 ibant,
3418 1483 3546 1569 eon-

1978 1576 2259 1633 vertebant
2296 1581 2349 1635 in
2388 1597 2449 1638 se
2490 1586 2716 1643 civitatis
2748 1596 3313 1660 aspeettun.'Nonnulli
3339 1604 3425 1672 qui
3451 1619 3544 1659 eos

1975 1664 2103 1720 alibi
2133 1667 2393 1738 viderant,
2421 1689 2740 1748 causamque
2767 1685 3009 1739 tremoris
3046 1702 3227 1744 eorum
3268 1704 3541 1761 noverant,

1975 1754 2115 1821 aliis,
2141 1767 2197 1812 ut
2223 1759 2414 1830 cuique
2439 1774 2699 1832 poterant,
2726 1770 3041 1830 indicabant.
3069 1776 3222 1833 Venit
3247 1790 3300 1835 ct
3320 1754 3541 1849 Pascha,

1973 1851 2132 1913 atque
2175 1847 2290 1916 ipso
2333 1850 2423 1906 die
2460 1853 2728 1911 dominico
2768 1876 2943 1929 mane,
2987 1880 3106 1920 cum
3143 1868 3252 1937 jam
3291 1847 3541 1943 frequens

1974 1936 2200 2005 populus
2230 1955 2460 2007 praasens
2486 1956 2657 2009 esset,
2695 1957 2749 2003 et
2777 1951 2877 2006 loci
2917 1957 3084 2010 sancti
3122 1936 3417 2029 cancellos,
3449 1963 3540 2018 ubi

1974 2027 2282 2096 martyrium
2305 2041 2419 2086 erat
2440 2034 2482 2098 ',
2506 2034 2644 2091 idem
2664 2038 2875 2106 juvenis
2895 2058 3051 2099 orans
3076 2054 3298 2116 teneret,
3319 2027 3539 2121 repente

1972 2126 2267 2183 prostratus
2293 2129 2410 2188 est,
2454 2133 2509 2179 et
2535 2125 2815 2185 dormienti
2855 2133 3156 2191 simillimus
3191 2139 3357 2208 jaeuit
3383 2160 3398 2198 :
3428 2159 3536 2200 non

1975 2212 2147 2262 tamen
2193 2216 2446 2280 tremens,
2495 2216 2633 2273 sicut
2656 2220 2812 2277 etiam
2861 2240 2955 2293 per
2991 2242 3233 2286 somnum
3264 2233 3284 2264 ³
3307 2235 3535 2293 solebat.

1970 2294 2315 2389 Stupentibus
2343 2305 2431 2374 qui
2456 2306 2694 2376 aderant,
2721 2320 2878 2383 atque
2904 2317 3020 2372 aliis
3045 2325 3357 2389 paventibus
3374 2366 3389 2389 ,
3416 2329 3536 2384 aliis

1967 2387 2287 2457 dolentibus,
2312 2408 2432 2448 cum
2453 2411 2573 2453 eum
2600 2402 2812 2469 quidam
2835 2407 3027 2463 vellent
3048 2387 3274 2480 erigere,
3298 2387 3533 2473 nonnulli

1970 2480 2369 2551 prohibuerunt,
2410 2497 2465 2541 et
2503 2491 2677 2559 potius
2714 2495 2915 2552 exitum
2957 2504 3370 2570 exspectandum
3413 2522 3536 2564 esse

1968 2569 2234 2626 dixerunt.
2260 2574 2325 2629 Et
2350 2591 2475 2634 ecce
2499 2585 2747 2650 surrexit,
2770 2595 2824 2640 et
2848 2603 2952 2643 non
2977 2569 3254 2662 tremebat,
3277 2601 3535 2668 quoniam

1965 2671 2182 2718 sanatus
2206 2674 2341 2731 erat,
2372 2676 2423 2722 et
2448 2670 2623 2725 stabat
2648 2673 2956 2745 incolumis,
2989 2682 3198 2740 intuens
3245 2687 3535 2748 intuentes.

1965 2752 2094 2820 Quis
2112 2770 2239 2825 ergo
2263 2772 2323 2812 se
2346 2761 2513 2816 tenuit
2534 2778 2563 2816 a
2592 2764 2832 2823 laudibus
2862 2769 2994 2825 Dei?
3032 2772 3380 2833 Clamantium
3408 2796 3533 2849 gra-

1965 2842 2344 2915 tulantiumque
2373 2850 2589 2905 vocibus
2626 2855 2846 2911 ecclesia
2878 2875 3250 2934 usquequaque
3272 2842 3531 2938 completa

1962 2942 2063 2987 est.
2094 2934 2219 2990 inde
2247 2938 2312 2991 ad
2339 2954 2423 2995 me
2446 2944 2694 3011 curritur,
2724 2948 2808 3001 ubi
2838 2951 3084 3007 sedebam
3110 2956 3217 3023 jam
3250 2934 3536 3025 processu-

1962 3037 2084 3077 rus:
2111 3026 2257 3081 irruit
2284 3030 2416 3084 alter
2432 3033 2653 3101 quisque
2673 3047 2790 3105 post
2808 3041 3048 3110 alterum,
3069 3049 3241 3102 omnis
3270 3054 3532 3119 posterior

1961 3114 2109 3181 quasi
2141 3131 2354 3185 novum,
2395 3122 2534 3190 quod
2566 3125 2701 3179 alius
2731 3128 2876 3196 prior
2903 3130 3127 3200 dixerat,
3176 3114 3478 3198 nuntiantes
3508 3162 3523 3198 :

1962 3219 2152 3274 meque
2166 3209 2427 3276 gaudente
2444 3222 2497 3267 et
2513 3216 2650 3283 apud
2670 3233 2755 3273 me
2783 3223 2977 3289 gratias
3005 3225 3109 3278 Deo
3132 3240 3340 3297 agente,
3358 3233 3528 3303 ingre-

1959 3295 2103 3353 ditttr
2131 3300 2287 3355 etiam
2334 3303 2445 3373 ipse
2485 3321 2606 3361 cum
2656 3310 2908 3379 pluribus,
2955 3295 3239 3375 inclinatur
3260 3324 3325 3377 ad
3356 3295 3525 3393 genua

1962 3402 2101 3453 mea,
2134 3391 2353 3459 erigitur
2381 3394 2446 3448 ad
2474 3398 2716 3453 osculum
2746 3417 2943 3459 meum.
2976 3406 3314 3467 Procedimns
3338 3391 3403 3468 ad
3433 3432 3527 3486 po-

1963 3478 2163 3546 pulum,
2193 3482 2343 3550 pleua
2371 3495 2487 3539 erat
2514 3489 2736 3544 ecclesia
2754 3533 2768 3555 ,
2810 3498 3124 3561 personabat
3147 3504 3364 3558 vocibus
3392 3478 3527 3575 gau-

1961 3567 2199 3634 diorum,
2234 3572 2341 3626 Deo
2371 3578 2607 3643 gratias!
2654 3580 2763 3636 Deo
2803 3583 3022 3643 laudes!
3057 3591 3268 3647 nemine
3298 3567 3526 3665 tacente,

1960 3658 2081 3713 hinc
2107 3670 2267 3731 atque
2313 3664 2434 3721 inde
2462 3669 2820 3727 clamantium.
2873 3676 3104 3735 Salutavi
3149 3687 3439 3754 populum,
3473 3658 3529 3747 et

1958 3764 2139 3804 rursus
2165 3752 2351 3808 eadem
2379 3755 2701 3815 ferventiore
2727 3779 2857 3820 voce
2882 3752 3198 3827 clamabant.
3226 3774 3387 3831 Facto
3412 3752 3529 3836 tan-

1958 3839 2079 3894 dem
2129 3842 2379 3911 silentio,
2429 3847 2819 3918 Scripturarttm
2868 3856 3163 3917 divinarum
3222 3874 3345 3920 sunt
3393 3868 3529 3926 lecta

1957 3931 2234 3987 solemnia.
2268 3936 2368 3991 Ubi
2413 3948 2584 3995 autem
2631 3953 2842 4001 ventum
2884 3957 2966 4003 est
3006 3952 3071 4006 ad
3117 3955 3218 4009 mei
3265 3962 3528 4017 sermonis

1958 4021 2151 4088 locum,
2182 4025 2287 4081 dixi
2319 4044 2479 4096 pauca
2511 4048 2607 4101 pro
2637 4043 2875 4107 tempore
2900 4051 2955 4096 et
2982 4057 3077 4111 pro
3116 4045 3254 4102 illitts
3278 4049 3527 4117 jucundi-

1959 4122 2065 4170 tate
2106 4117 2321 4175 laetitiae.
2354 4121 2516 4193 Magis
2552 4128 2692 4181 enim
2721 4142 2814 4183 eos
2858 4131 2910 4187 in
2947 4147 3107 4204 opere
3132 4136 3309 4194 divino
3338 4159 3523 4212 quam-

1957 4207 2077 4262 dam
2110 4209 2201 4265 Dei
2243 4212 2619 4283 eloquentiam,
2666 4235 2770 4275 non
2810 4224 3011 4291 audire,
3058 4228 3151 4282 sed
3193 4207 3531 4292 considerare

1959 4302 2195 4369 permisi.
2226 4302 2507 4361 Nobiscum
2539 4304 2698 4364 homo
2728 4315 2955 4381 prandit,
2990 4327 3044 4372 et
3068 4318 3347 4392 diligenter
3371 4326 3525 4381 nobis

1956 4403 2172 4447 omnem
2216 4408 2326 4449 sua:
2368 4412 2431 4453 ac
2481 4408 2735 4456 maternae
2799 4404 3149 4479 fraternaeque
3215 4415 3530 4473 calamitatis

1957 4479 2205 4537 indicavit
2231 4486 2522 4542 historiam.
2552 4491 2800 4562 Sequenti
2833 4497 3010 4565 itaque
3036 4501 3143 4568 die,
3177 4513 3294 4571 post
3320 4521 3527 4561 sermo.

1958 4586 2079 4627 nem
2104 4574 2387 4642 redditum,
2416 4581 2735 4636 narrationis
2759 4584 2873 4653 eius
2894 4586 3130 4644 libellum
3158 4593 3209 4645 in
3236 4596 3525 4652 crastinum

1956 4664 2153 4733 populo
2179 4668 2506 4723 recitandum
2537 4673 2754 4740 promisi
2786 4673 2988 4746 (Serm.
3015 4678 3112 4735 321
3138 4681 3177 4752 ).
3210 4684 3361 4752 Quod
3404 4701 3523 4742 cum

1956 4770 2024 4810 ex
2067 4756 2335 4814 dominico
2376 4759 2596 4818 Pascha)
2638 4763 2726 4820 die
2772 4768 2932 4823 tertio
2980 4772 3129 4827 lieret
3178 4776 3231 4829 in
3274 4777 3526 4845 gradibus

1956 4846 2189 4912 exedrze,
2216 4849 2267 4904 in
2297 4865 2398 4920 qua
2420 4850 2487 4906 de
2512 4854 2789 4923 superiore
2818 4848 3071 4930 loquebar
3096 4864 3233 4929 loco,
3261 4866 3358 4920 feci
3386 4877 3527 4924 stare

1956 4938 2143 4993 ambos
2166 4939 2386 5006 fratres,
2416 4957 2536 4998 cum
2567 4959 2750 5001 eorum
2792 4950 3054 5019 legeretur
3080 4951 3287 5008 libellus
3317 4958 3334 5024 (
3358 4958 3526 5015 Serm.

1957 5028 2104 5100 522).
2135 5030 2441 5089 intuebatur
2471 5039 2695 5107 populus
2732 5043 3008 5096 universus
3038 5038 3197 5099 sexus
3235 5056 3527 5119 utriusque,

1958 5136 2118 5175 unum
2145 5131 2371 5179 stantem
2400 5126 2518 5182 sine
2545 5128 2768 5184 deformi
2800 5142 2944 5186 motu
2969 5172 2986 5199 ,
3013 5134 3236 5190 alteram
3278 5141 3525 5198 membris

1956 5214 2202 5271 omnibus
2239 5226 2685 5274 contrementem.
2711 5222 2775 5275 Et
2804 5224 2891 5292 qui
2931 5224 3103 5294 ipsum
3130 5216 3524 5297 non'videraut,

1957 5304 2081 5372 quid
2124 5305 2175 5359 in
2219 5321 2287 5362 eo
2327 5308 2521 5363 divina:
2570 5311 2949 5370 misericordim
2975 5316 2997 5348 ⁸
3029 5317 3223 5373 factum
3269 5334 3444 5388 esset,
3476 5325 3527 5380 in

1957 5394 2074 5463 ejus
2118 5411 2305 5451 sorore
2356 5400 2663 5455 cernebant.
2710 5401 2972 5460 Videbant
3016 5409 3154 5462 enim
3198 5413 3321 5481 quid
3364 5412 3415 5467 in
3464 5429 3528 5468 eo

2020 5528 2038 5607 ξ
2072 5527 2205 5607 ξςίιιά.
2230 5534 2429 5607 slmLEr.
2453 5545 2563 5607 cum
2578 5534 2824 5607 nonnullis
2843 5540 3197 5607 manusqiptis,
3214 5555 3526 5607 quocumque.

2019 5590 2039 5619 ²
2072 5589 2289 5667 Nonnulli
2314 5598 2440 5650 MSS.,
2468 5592 2546 5643 ubi
2579 5595 2807 5659 martyris
2850 5597 3075 5649 Memoria
3086 5589 3215 5652 ἐταὶ.
3227 5589 3507 5667 ἰιιιᾶᾗὲἕῶ

1956 5649 2124 5712 tiogest
2146 5657 2197 5698 et
2220 5649 2481 5712 glossema.

2020 5710 2042 5776 ξ
2075 5717 2146 5776 μσς,
2170 5710 2369 5770 et'Lov.,
2394 5727 2479 5776 per
2501 5715 2755 5776 murium.
2776 5718 3093 5771 Fmendantur
3116 5736 3177 5772 ex
3202 5723 3310 5774 aliis
3331 5724 3482 5775 libris.

2020 5770 2043 5802 δ
2077 5770 2265 5833 Aliquot
2287 5770 2417 5836 Mss.)
2442 5775 2559 5839 quid
2583 5777 2631 5826 in
2654 5791 2710 5828 co
2744 5778 2904 5829 dicina
2926 5770 3271 5835 misericordia.
