4078 6506
268 399 366 456 773

265 506 487 564 CAPUT
516 504 609 561 XI.
637 535 708 554 —-—
731 501 919 570 Com
963 499 1252 555 Platonicos
1275 539 1291 563 ,
1316 498 1402 568 qui
1437 497 1501 551 de
1528 493 1841 551 naturalibus

332 599 718 652 elementorum'
759 590 1061 664 ponderibus
1125 595 1541 660 argumauauur
1596 594 1848 638 terrenum

336 706 518 759 corpus
545 689 596 741 in
622 688 747 740 caelo
774 700 880 738 esse
905 700 1005 736 non
1033 696 1198 752 posse.

336 784 389 837 t.
428 780 623 834 Contra
650 776 792 847 quod
823 789 1071 844 magnum
1099 772 1190 826 Dei
1215 769 1412 825 donum
1444 766 1850 823 ratiocinatores

268 873 393 934 isti.
441 885 668 942 quorum
713 867 1061 938 cagitationes
1103 863 1252 918 novit
1298 862 1554 918 Dominus
1597 860 1848 932 quoniam

275 979 421 1015 vatim
449 971 574 1016 sunt
603 961 620 1030 (
655 959 798 1013 Paul.
826 973 950 1013 xcm
974 998 989 1022 ,
1017 957 1075 1010 Η
1103 954 1146 1028 ),
1169 954 1235 1009 de
1262 952 1585 1024 ponderibus
1608 951 1850 1006 elemen-

274 1063 446 1107 torum
495 1059 934 1120 argumentantur
983 1066 997 1101 τ
1053 1047 1302 1117 quoniam
1350 1045 1552 1106 scilicet
1597 1041 1850 1112 magistro

269 1145 488 1198 Platone
517 1142 859 1204 didicerunt,
909 1137 1088 1192 mundi
1115 1136 1220 1190 duo
1246 1149 1471 1205 corpora
1502 1132 1730 1187 maxima
1766 1139 1849 1185 at-

271 1251 372 1302 que
401 1243 668 1301 postrema
694 1230 900 1284 duobus
931 1227 1118 1282 mediis
1141 1267 1156 1290 ,
1200 1240 1325 1280 aere
1368 1225 1571 1279 scilicet
1598 1231 1652 1277 et
1676 1237 1809 1291 aqua
1831 1260 1848 1286 ,

267 1339 384 1378 esse
405 1325 646 1391 Copulata
675 1332 832 1390 atque
852 1317 1152 1387 conjuncta.
1181 1317 1258 1370 Ac
1281 1329 1372 1383 per
1394 1315 1495 1369 hoc
1519 1355 1534 1380 ,
1563 1313 1807 1382 inquiunt
1832 1351 1848 1376 ,

267 1419 514 1484 quotliatlt
548 1422 686 1467 terra
725 1411 918 1465 abhinc
961 1424 1175 1463 sursum
1208 1422 1392 1461 versus
1421 1414 1505 1460 est
1530 1404 1694 1474 prima
1722 1444 1736 1467 ,
1768 1417 1854 1456 sc-

267 1507 435 1560 cuuda
473 1521 608 1575 aqua
647 1520 808 1574 super
834 1513 1028 1558 terram
1055 1543 1070 1566 ,
1099 1501 1287 1555 tertius
1314 1514 1406 1553 aer
1430 1513 1592 1566 super
1617 1511 1806 1566 aquam
1833 1535 1850 1560 ,

267 1610 507 1671 quartum
531 1615 691 1668 super
715 1614 839 1653 aera
862 1597 1090 1658 coelum;
1120 1610 1223 1648 non
1249 1600 1422 1662 potest
1440 1607 1558 1645 esse
1580 1599 1851 1686 terrenum

266 1705 459 1758 corpus
485 1691 535 1743 iu
567 1690 722 1743 melo.
753 1686 1033 1741 Momeutis
1057 1685 1200 1738 enim
1232 1682 1461 1753 propriis
1485 1722 1500 1745 ,
1531 1690 1584 1735 ut
1609 1680 1852 1735 ordinem

267 1796 420 1834 suum
453 1789 667 1834 teneant
692 1822 705 1836 .
735 1778 941 1848 singula
962 1777 1222 1831 elementa
1254 1774 1535 1828 librantur.
1568 1772 1704 1826 Ecce
1722 1785 1855 1841 qua-

270 1873 404 1925 libus
428 1871 754 1938 argumentis
781 1868 1181 1938 omnipotentiae
1214 1866 1305 1920 Dei
1333 1865 1562 1920 humana
1585 1862 1856 1918 contradi-

265 1963 338 2016 cit
367 1962 647 2017 inﬁrmltas
672 2004 686 2025 ,
715 1976 874 2032 quam
908 1958 1145 2030 possidet
1172 1958 1397 2012 vanitas.
1428 1956 1566 2023 Quid
1606 1971 1736 2025 ergo
1778 1956 1854 2008 fa-

264 2054 413 2106 ciunt
443 2053 495 2107 iu
521 2068 646 2107 aere
675 2061 884 2107 terrena
909 2059 986 2105 tot
1007 2063 1236 2119 corpora
1256 2089 1270 2111 ,
1294 2064 1415 2103 cum
1443 2063 1473 2102 a
1502 2057 1642 2101 terra
1669 2047 1738 2100 sit
1763 2063 1856 2101 aer

271 2142 496 2197 tertius?
523 2141 632 2196 Nisi
664 2146 802 2196 forte
824 2181 840 2205 ,
867 2139 959 2210 qui
988 2154 1087 2210 per
1124 2138 1424 2208 plumarum
1459 2146 1512 2192 et
1559 2152 1854 2206 pennarum

267 2234 535 2289 levitatem
578 2234 795 2289 donavit
831 2233 1007 2287 avium
1053 2231 1279 2287 terrenis
1304 2231 1619 2299 corporibus
1644 2238 1701 2284 ut
1729 2245 1854 2299 por-

272 2336 450 2381 tentur
475 2326 526 2380 in
557 2342 682 2382 aere
704 2368 718 2390 ,
754 2325 1143 2380 immortalibus
1171 2323 1323 2379 factis
1342 2323 1656 2394 corporibus
1685 2322 1858 2377 homi-

269 2435 399 2474 num
430 2434 535 2474 non
566 2419 761 2489 poterit
785 2418 985 2473 donare
1007 2417 1261 2473 virtutem
1285 2457 1302 2482 ,
1325 2431 1427 2485 qua
1451 2416 1607 2469 etiam
1634 2413 1687 2469 in
1708 2429 1857 2469 sum-

273 2525 360 2564 mo
385 2509 527 2565 celo
568 2509 780 2564 valeant
807 2508 1066 2563 habitare.
1098 2507 1357 2563 Animalia
1386 2520 1595 2574 quoque
1617 2504 1728 2575 ipsa
1757 2513 1862 2558 ter-

267 2615 396 2658 rem
417 2597 436 2666 ’,
469 2619 589 2671 qua:
618 2603 799 2656 volare
830 2618 935 2656 non
960 2608 1215 2670 possunt,
1247 2599 1298 2653 in
1321 2597 1513 2666 quibus
1536 2607 1590 2652 et
1611 2597 1857 2650 homines

267 2704 391 2750 sunt
415 2737 430 2761 ,
463 2696 600 2750 sicut
629 2695 729 2749 sub
754 2710 889 2765 aqua
920 2695 1094 2764 pisces
1117 2733 1132 2756 ,
1165 2708 1283 2761 qua:
1311 2700 1434 2745 sunt
1459 2706 1715 2760 aquarum
1740 2690 1859 2744 ani-

274 2787 431 2842 malia
455 2827 470 2851 ,
501 2788 569 2840 ita
600 2786 699 2842 sub
725 2795 868 2841 terra
897 2786 1079 2838 vivere
1107 2782 1428 2837 debuerunt.
1459 2780 1567 2836 Cur
1596 2796 1724 2850 ergo
1754 2795 1860 2834 non

271 2879 459 2932 saltem
480 2878 547 2932 de
567 2877 802 2933 secundo
824 2918 838 2939 ,
863 2876 914 2931 id
937 2885 1019 2931 est
1041 2917 1057 2940 ,
1089 2875 1154 2928 de
1175 2874 1326 2944 aquis
1349 2915 1364 2938 ,
1387 2873 1479 2927 sed
1503 2873 1570 2926 de
1591 2874 1859 2928 elemento

271 2969 432 3023 tertio
461 2976 728 3022 terrenum
755 2967 952 3021 animal
974 2965 1147 3034 carpit
1173 2964 1309 3018 hanc
1330 2963 1534 3016 vitam?
1559 2979 1721 3032 quare
1741 2979 1862 3016 cum

274 3060 536 3129 pertineat
562 3058 629 3112 ad
659 3067 854 3113 terram
880 3099 896 3123 ,
929 3057 980 3111 in
1009 3055 1246 3111 secundo
1270 3096 1285 3119 ,
1309 3054 1448 3123 quod
1475 3069 1636 3125 super
1664 3061 1862 3108 terram

275 3162 356 3205 est
379 3193 395 3214 .
421 3151 688 3206 elemento
713 3150 891 3204 vivere
911 3149 956 3202 si
985 3157 1206 3218 cogatur
1223 3187 1239 3211 ,
1270 3145 1524 3202 continuo
1553 3144 1862 3211 suﬁocatur,

274 3253 329 3296 et
357 3251 413 3296 ut
443 3242 622 3307 vivat,
653 3240 786 3296 vivit
804 3240 857 3296 in
880 3240 1040 3295 tertio
1059 3239 1082 3291 ι
1099 3253 1169 3293 au
1187 3245 1332 3292 errat
1361 3236 1447 3291 hic
1476 3235 1609 3290 ordo
1629 3235 1864 3290 elemen-

276 3343 452 3387 turum
478 3375 492 3398 ,
523 3333 604 3387 vel
637 3333 811 3402 potius
841 3347 948 3386 nou
973 3330 1026 3384 in
1057 3337 1244 3384 natura
1274 3342 1452 3382 rerum
1477 3367 1494 3393 ,
1525 3325 1620 3381 sed
1651 3324 1705 3381 in
1737 3326 1866 3380 isto-

278 3441 393 3480 rum
422 3424 968 3496 argumentationibus
995 3420 1212 3476 deﬁcit?
1234 3419 1436 3474 Omitto
1462 3418 1641 3474 dicere
1665 3458 1678 3480 .
1711 3416 1853 3488 quod

275 3519 382 3585 jam
412 3518 466 3572 in
487 3517 642 3571 tertio
656 3516 862 3572 decimo
883 3514 1019 3569 libro
1037 3512 1145 3568 dixi
1185 3513 1325 3580 (cap.
1356 3511 1423 3565 18
1443 3509 1483 3580 ).
1509 3525 1668 3579 quam
1693 3509 1859 3563 multa

279 3606 456 3676 gravia
493 3614 702 3662 terrena
733 3606 840 3659 sint
864 3617 1085 3672 corpora
1109 3640 1126 3666 ,
1153 3604 1293 3654 sicut
1318 3598 1590 3668 plumbum
1615 3639 1632 3662 ,
1658 3609 1714 3652 et
1761 3596 1871 3651 l'ur-

282 3714 420 3751 mam
451 3706 630 3751 tanien
656 3696 724 3750 ab
746 3694 949 3750 artiﬁce
973 3692 1269 3761 accipiant,
1301 3705 1404 3760 qua
1433 3698 1617 3745 natare
1657 3688 1875 3744 valeant

281 3805 444 3858 super
471 3803 662 3857 aquam
703 3785 827 3857 (a):
865 3794 920 3840 et
963 3793 1015 3838 ut
1057 3782 1283 3853 accipiat
1325 3780 1632 3850 qualitatem
1679 3794 1876 3848 corpus

286 3881 577 3934 humanum
603 3919 617 3942 ,
644 3893 744 3947 qua
775 3875 899 3931 ferri
925 3875 975 3929 in
997 3874 1190 3930 coelum
1219 3913 1234 3934 ,
1264 3881 1318 3926 et
1344 3885 1464 3925 esse
1491 3869 1658 3940 possit
1687 3869 1740 3923 in
1768 3884 1879 3924 cae-

285 3971 335 4024 Io
357 4012 371 4032 ,
407 3967 757 4035 munipotettti
786 3963 988 4019 Artiﬁci
1017 3959 1444 4017 contradicitur?

353 4061 408 4115 2.
450 4059 565 4114 Jam
591 4074 719 4112 vero
744 4066 929 4112 contra
955 4054 1081 4109 illud
1102 4052 1242 4124 quod
1265 4051 1373 4106 dixi
1404 4049 1649 4120 superius
1675 4090 1691 4113 .
1718 4048 1878 4104 etiam

287 4154 447 4207 isltml
469 4149 873 4205 considerantes
894 4156 1052 4215 atque
1074 4151 1358 4198 tractantes
1385 4141 1769 4195 elementorum
1796 4154 1883 4194 or-

287 4245 472 4298 dinem
498 4282 515 4307 ,
548 4256 653 4309 quo
681 4237 994 4300 conﬁdunt,
1041 4250 1145 4288 non
1184 4232 1459 4286 inveniunt
1486 4231 1705 4285 omnino
1742 4229 1883 4300 quod

289 4336 492 4390 dicant.
523 4332 612 4386 Sic
639 4340 723 4386 est
745 4329 888 4385 enim
917 4327 1040 4381 hinc
1064 4339 1276 4380 sursum
1299 4337 1488 4376 versus
1513 4332 1654 4376 terra
1676 4320 1848 4392 prima
1865 4361 1882 4386 ,

288 4443 427 4496 aqua
455 4424 688 4481 secunda
712 4465 729 4491 ,
756 4422 945 4478 tertius
975 4435 1068 4475 aer
1093 4459 1111 4484 ,
1145 4426 1393 4488 quartum
1436 4415 1631 4469 corium
1657 4454 1673 4479 ,
1705 4422 1764 4468 ut
1792 4429 1885 4468 sn-

290 4535 387 4590 per
415 4517 594 4572 omnia
621 4514 690 4569 sit
709 4513 902 4568 anima:
924 4521 1130 4566 natura.
1156 4508 1288 4562 Nam
1315 4514 1369 4560 et
1392 4503 1706 4559 Aristoteles
1725 4504 1883 4574 quin-

279 4600 403 4664 tum
432 4621 629 4678 corpus
651 4620 769 4663 eam
803 4603 939 4658 dixit
976 4616 1097 4658 esse
1123 4597 1221 4674 (ὁ),
1263 4607 1318 4654 et
1365 4596 1517 4651 Plato
1560 4595 1788 4650 nullum.
1832 4594 1888 4652 Si

291 4705 536 4774 quintum
580 4706 762 4761 esset,
809 4705 957 4751 certe
995 4695 1241 4763 superius
1283 4699 1431 4746 esset
1463 4688 1715 4744 ueteris:
1768 4701 1890 4742 eum

291 4808 424 4848 vero
452 4791 656 4847 nullum
683 4797 767 4844 est
790 4827 808 4854 ,
834 4787 1002 4842 multo
1029 4783 1196 4855 magis
1223 4789 1439 4853 superat
1462 4780 1663 4835 omnia.
1695 4778 1753 4834 In
1783 4787 1891 4834 ter-

293 4899 428 4938 reno
455 4897 584 4952 ergo
608 4879 738 4950 quid
768 4878 894 4933 facit
922 4875 1190 4947 oorpore!
1237 4873 1291 4928 in
1322 4871 1422 4927 hac
1449 4869 1591 4926 mole
1619 4868 1745 4941 quid
1785 4869 1894 4939 agit

294 4973 547 5031 subtilior
589 4969 878 5026 omnibus?
919 4969 971 5024 in
1010 4968 1110 5022 hoc
1146 4965 1381 5038 pondere
1413 4962 1543 5035 quid
1579 4963 1689 5033 agit
1726 4961 1896 5017 levior

296 5063 549 5120 omnibus
569 5062 593 5116 τ
615 5060 669 5115 in
694 5059 796 5115 hac
817 5058 1069 5115 tarditate
1092 5057 1218 5127 quid
1239 5055 1347 5127 agit
1366 5053 1595 5110 celerior
1613 5051 1896 5115 omnibus?

298 5158 450 5212 Itane
479 5169 574 5224 per
600 5147 761 5222 hujus
788 5159 898 5205 tam
927 5149 1244 5205 excellentis
1272 5157 1477 5202 natura:
1506 5145 1757 5200 meritum
1786 5158 1895 5199 non

299 5247 499 5315 poterit
519 5246 662 5303 efﬁci
685 5285 703 5312 ,
744 5251 805 5298 ut
841 5256 1037 5313 corpus
1073 5241 1191 5310 ejus
1232 5239 1442 5294 levetur
1486 5238 1541 5298 in
1578 5236 1770 5292 malum
1796 5277 1813 5303 ,
1843 5243 1901 5291 et

304 5356 426 5400 eum
457 5341 630 5396 valeat
656 5351 800 5394 nunc
822 5345 1010 5392 natura
1032 5347 1318 5401 corporum
1349 5339 1687 5387 terrenorum
1717 5327 1900 5398 depri-

313 5449 458 5490 nere
487 5432 696 5486 animas
729 5427 979 5483 deorsum
1004 5465 1021 5493 ,
1069 5421 1356 5494 aliquando
1397 5429 1451 5477 et
1492 5421 1686 5476 anima:
1723 5421 1902 5476 levare

332 5537 524 5580 ursum
552 5530 762 5576 terrena
785 5529 1009 5584 corpora
1034 5528 1140 5567 non
1171 5511 1425 5566 valebunt
1455 5511 1480 5564 τ

384 5616 440 5670 3.
480 5613 597 5670 Jam
622 5611 666 5665 si
690 5610 757 5664 ad
781 5621 966 5663 eorum
997 5604 1251 5660 miracula
1279 5602 1557 5657 veniamus
1583 5641 1598 5668 ,
1627 5615 1746 5671 quae
1767 5598 1902 5656 facta

372 5726 449 5788 (ιι)
487 5721 659 5773 Confer
697 5717 1018 5777 aristotelem,
1058 5715 1144 5766 lib.
1184 5714 1216 5764 4
1252 5714 1318 5764 de
1370 5712 1514 5788 Curio.
1559 5725 1666 5788 cap.
1720 5710 1770 5761 6.

379 5849 453 5913 (δ)
478 5846 646 5897 Oont'er
668 5855 830 5907 supra,
851 5841 934 5891 lib.
961 5840 1034 5902 10,
1059 5852 1164 5903 cap.
1194 5838 1267 5901 ιϐ,
1285 5852 1331 5887 η,
1358 5782 1660 5890 amcam

1383 384 1588 442 LIBER
1625 377 1993 439 VlGESIIlUS
2030 378 2420 439 SECUNDUS.

3433 393 3538 454 776

1957 505 1989 545 a
2016 490 2118 546 diis
2147 492 2257 547 suis
2277 501 2552 563 opponunt
2571 493 2890 568 Martyribus
2917 500 3112 555 nostris
3131 541 3146 566 .
3170 517 3346 559 nonne
3371 507 3532 562 etiam

1956 583 2069 654 ipsa
2102 600 2197 654 pro
2229 587 2380 641 nobis
2409 588 2618 655 facere,
2657 598 2712 644 et
2751 591 2905 645 nobis
2944 594 3274 662 reperientur
3317 601 3537 654 omnino

1957 676 2258 743 proﬁcere?
2283 675 2413 732 Nam
2439 677 2578 733 inter
2619 694 2808 749 magna
2853 682 3106 739 miracula
3147 684 3366 742 deorum
3408 704 3539 744 suo-

1956 779 2111 828 rum,
2146 765 2384 834 profecto
2418 783 2667 840 maguum
2710 770 2837 827 illud
2863 782 2944 828 est
2970 814 2987 840 ,
3017 775 3158 844 quod
3190 775 3357 832 Varro
3385 795 3538 834 com-

1956 866 2253 922 memorat,
2287 857 2552 914 Vestalem
2571 862 2831 934 virginem
2855 903 2871 927 ,
2895 880 3015 919 cum
3039 866 3423 934 periclitaretur
3442 870 3540 924 fal-

1957 960 2015 998 sa
2045 948 2347 1016 suspicione
2371 948 2439 1004 de
2467 959 2652 1020 stupro
2675 993 2691 1016 ,
2733 953 2968 1008 cribrum
3009 956 3256 1025 implesse
3297 974 3432 1029 aqua
3473 961 3540 1016 de

1957 1033 2175 1100 Tiberi,
2203 1048 2256 1092 ct
2281 1039 2346 1093 ad
2374 1055 2498 1094 suos
2519 1039 2727 1109 judices
2770 1044 2914 1098 nulla
2957 1045 3073 1114 ejus
3116 1057 3264 1116 parte
3304 1051 3540 1106 stillante

1957 1136 2219 1197 portasse.
2248 1130 2379 1198 Quis
2413 1147 2563 1201 aqua:
2605 1133 2809 1201 pondus
2847 1151 3006 1204 supra
3048 1139 3280 1192 cribrum
3328 1142 3541 1195 tenuit?

1957 1222 2084 1295 quis
2118 1231 2195 1277 tot
2221 1224 2465 1278 cavernis
2497 1224 2800 1293 patentibus
2831 1226 2956 1280 nihil
2991 1227 3111 1282 inde
3141 1229 3192 1282 iu
3225 1240 3419 1285 terram
3448 1249 3541 1286 ca-

1957 1317 2086 1371 dure
2115 1316 2401 1386 permisit?
2432 1316 2759 1385 Responsuri
2791 1327 2913 1370 sunt
2937 1359 2951 1380 ,
2997 1319 3201 1388 Aliquis
3242 1321 3370 1376 deus
3392 1364 3407 1387 ,
3452 1333 3543 1378 aut
3606 1378 3616 1392 ,

1956 1407 2149 1477 aliquis
2176 1406 2406 1461 dmmon.
2439 1407 2496 1462 Si
2525 1406 2656 1461 deus
2679 1449 2695 1473 ,
2726 1409 2979 1477 numquid
3009 1410 3176 1477 major
3202 1421 3282 1466 est
3313 1413 3423 1468 Deo
3447 1416 3538 1482 qui

1959 1495 2082 1551 fecit
2109 1497 2249 1552 hunc
2278 1496 2576 1550 mundum?
2605 1497 2658 1551 Si
2689 1496 2898 1551 daamon
2924 1537 2938 1561 ,
2981 1500 3235 1568 numquid
3280 1504 3542 1570 potentior

1957 1596 2042 1640 est
2063 1587 2266 1656 Angeio
2286 1627 2301 1652 ,
2328 1587 2416 1657 qui
2441 1587 2550 1641 Deo
2569 1588 2734 1641 servit
2756 1627 2773 1652 ,
2802 1603 2832 1641 a
2858 1604 2965 1658 quo
2985 1589 3153 1644 factus
3174 1603 3253 1644 est
3278 1594 3540 1646 mundus?

1957 1676 2015 1734 Si
2043 1694 2172 1748 ergo
2195 1678 2328 1733 deus
2361 1678 2535 1733 minor
2555 1718 2570 1744 ,
2597 1679 2679 1733 vel
2706 1679 2924 1748 angelus
2947 1721 2964 1745 ,
3003 1680 3085 1733 vel
3123 1681 3333 1735 dtcmou
3377 1685 3546 1751 potuit

1959 1771 2167 1841 pondus
2195 1770 2396 1825 humidi
2427 1770 2672 1825 elementi
2705 1771 2780 1823 sic
2804 1771 3131 1840 suspendere
3154 1813 3168 1834 ,
3199 1782 3258 1825 ut
3283 1789 3544 1842 aquarum

1960 1864 2202 1918 videatur
2238 1872 2435 1917 mutata
2475 1863 2639 1917 fuisse
2679 1873 2867 1916 natura
2897 1881 2910 1916 :
2961 1862 3104 1918 itane
3133 1864 3272 1918 Deus
3299 1866 3547 1934 oiunipo-

1965 1964 2084 2010 tens
2106 1997 2120 2017 ,
2155 1954 2246 2025 qui
2275 1956 2450 2010 omnia
2482 1955 2594 2025 ipse
2620 1955 2822 2010 creavit
2851 1955 3113 2010 elementa
3139 1998 3154 2021 ,
3187 1965 3399 2012 terreno
3423 1973 3547 2012 cor-

1960 2047 2077 2117 pori
2107 2061 2270 2117 grave
2301 2047 2508 2116 pondus
2533 2047 2742 2102 auferre
2771 2063 2876 2102 non
2909 2049 3102 2117 poterit
3125 2089 3139 2112 ,
3168 2059 3226 2103 ut
3265 2051 3316 2104 in
3356 2050 3546 2105 eodem

1961 2140 2230 2194 elemento
2258 2138 2459 2194 habitet
2486 2139 2807 2195 viviﬁcatum
2832 2154 3026 2211 corpus
3050 2182 3066 2208 ,
3109 2141 3160 2196 in
3186 2159 3292 2214 quo
3320 2144 3548 2200 voluerit

1960 2231 2234 2286 viviﬁcans
2262 2232 2522 2301 spiritus?

2032 2324 2088 2378 ι.
2131 2323 2332 2378 Deinde
2376 2339 2499 2378 cum
2536 2339 2658 2379 aera
2695 2325 2930 2380 medium
2966 2334 3166 2394 ponant
3206 2326 3345 2381 inter
3373 2325 3548 2397 ignem

1963 2415 2196 2485 desuper
2222 2424 2278 2471 et
2302 2431 2494 2484 aquam
2524 2415 2709 2471 subter
2732 2458 2746 2481 ,
2773 2416 2899 2486 quid
2937 2427 3021 2472 est
3059 2417 3202 2487 quod
3245 2435 3365 2472 eum
3415 2419 3554 2474 inter

1967 2521 2163 2576 aquam
2192 2515 2246 2560 et
2271 2522 2463 2576 aquam
2487 2546 2504 2572 ,
2533 2517 2585 2562 et
2615 2507 2753 2562 inter
2776 2523 2968 2577 aquam
2998 2518 3052 2562 et
3080 2519 3274 2564 terram
3302 2527 3444 2582 saepe
3473 2511 3556 2566 in-

1965 2597 2255 2652 venimus?
2279 2597 2416 2664 Quid
2447 2597 2589 2652 enim
2620 2599 2809 2652 volunt
2836 2615 2956 2654 esse
2981 2615 3208 2669 aquosas
3236 2601 3404 2657 nubes
3425 2644 3440 2667 ,
3473 2602 3558 2658 in.

1968 2696 2049 2742 ter
2079 2703 2214 2758 quas
2239 2698 2292 2742 et
2333 2687 2499 2743 maria
2546 2703 2640 2748 aer
2679 2689 2887 2743 medius
2925 2691 3230 2759 reperitur?
3271 2692 3510 2758 Quonam
3535 2727 3560 2758 ο

1969 2793 2154 2848 quaeso
2178 2819 2196 2844 ,
2225 2779 2616 2834 elementorum
2649 2779 2882 2849 pondere
2907 2790 3070 2851 atque
3097 2781 3283 2836 ordine
3308 2781 3558 2850 efﬁcitur,

1971 2880 2031 2925 ut
2070 2879 2338 2926 torrentes
2376 2871 2742 2925 violentissimi
2782 2881 2940 2942 atque
2979 2871 3321 2926 undosissimi
3347 2913 3362 2936 ,
3407 2881 3562 2926 antc-

1969 2981 2128 3035 quam
2158 2965 2258 3019 sub
2284 2979 2408 3019 aere
2438 2964 2492 3018 in
2521 2964 2678 3019 terris
2705 2973 2922 3018 currant
2945 3005 2961 3029 ,
2989 2979 3153 3033 super
3175 2980 3297 3018 aera
3325 2963 3375 3018 in
3411 2964 3564 3019 nubi-

1973 3058 2074 3112 bus
2103 3058 2367 3127 pendeant
2388 3059 2410 3113 ?
2429 3056 2536 3112 Cur
2561 3057 2793 3127 denique
2810 3073 2904 3112 aer
2923 3067 3004 3111 est
3032 3058 3237 3112 medius
3258 3059 3395 3112 inter
3413 3075 3563 3114 sum-

1957 3165 2058 3227 ma
2088 3149 2211 3204 caeli
2237 3190 2253 3213 ,
2297 3158 2351 3203 et
2398 3147 2539 3203 nuda
2585 3158 2846 3203 terrarum
2879 3150 2918 3213 ',
2960 3162 3381 3219 quaquaversum
3418 3149 3565 3204 orbis

1975 3243 2279 3298 extenditur
2301 3284 2318 3309 ,
2349 3242 2395 3296 si
2422 3243 2571 3297 locus
2593 3241 2710 3312 ejus
2733 3241 2873 3296 inter
2897 3241 3090 3296 calum
3119 3249 3171 3294 et
3195 3254 3361 3309 aquas
3381 3281 3396 3307 ,
3422 3239 3564 3295 sicut

1975 3349 2234 3406 aquarum
2262 3333 2401 3388 inter
2425 3333 2597 3403 ipsum
2625 3341 2681 3386 et
2710 3340 2882 3386 terras
2906 3339 2990 3385 est
3009 3329 3376 3408 constitutus?

2047 3428 2102 3483 5.
2147 3427 2422 3482 Postremo
2454 3425 2500 3480 si
2539 3426 2609 3480 ita
2637 3433 2720 3481 est
2753 3424 3136 3479 elementorum
3175 3422 3307 3477 ordo
3343 3421 3566 3499 disposi.

1979 3528 2065 3574 tus
2090 3562 2105 3586 ,
2136 3529 2192 3574 ut
2223 3518 2518 3574 secundum
2555 3517 2830 3573 Platenem
2868 3515 3078 3570 duobus
3120 3514 3311 3575 mediis
3334 3562 3351 3588 ,
3396 3521 3447 3576 id
3485 3531 3567 3578 est

1978 3626 2104 3666 aere
2129 3616 2184 3664 et
2209 3626 2344 3680 aqua
2373 3651 2388 3675 ,
2431 3609 2539 3664 duo
2575 3618 2815 3664 extrema
2839 3647 2856 3674 ,
2901 3608 2952 3664 id
2987 3615 3071 3665 est
3110 3607 3244 3679 ignis
3286 3620 3342 3666 et
3386 3622 3525 3667 terra
3548 3652 3567 3677 ,

1975 3702 2265 3773 junguntur
2289 3744 2304 3767 ,
2327 3701 2554 3770 caelique
2575 3699 2813 3754 obtineat
2840 3697 2930 3755 ille
2951 3702 3147 3755 summi
3172 3704 3191 3733 ¹
3215 3702 3389 3756 locum
3413 3743 3427 3767 ,
3453 3702 3568 3758 hzec

1980 3803 2158 3848 autem
2188 3792 2304 3857 imi,
2332 3792 2478 3846 velut
2505 3791 2827 3846 fundaminis
2855 3790 3037 3846 mundi
3062 3831 3078 3859 ,
3108 3801 3164 3847 et
3201 3792 3323 3848 ideo
3352 3793 3404 3848 in
3429 3794 3570 3849 cmlo

1969 3902 2105 3956 esse
2136 3903 2240 3942 non
2270 3896 2443 3956 potest
2471 3897 2654 3952 terra;
2697 3902 2794 3941 cur
2827 3896 2909 3943 est
2956 3888 3069 3958 ipse
3113 3889 3249 3959 ignis
3293 3889 3346 3944 in
3388 3891 3569 3945 terra?

1984 3977 2288 4033 Secundum
2317 3977 2454 4031 hanc
2475 3977 2669 4047 quippe
2698 3977 2959 4032 rationem
2987 3979 3057 4032 ita
3081 3978 3179 4033 ista
3201 3978 3310 4034 duo
3336 3980 3573 4035 elemen-

1986 4077 2038 4124 ta
2067 4068 2121 4124 in
2150 4068 2282 4124 locis
2308 4067 2535 4139 propriis
2560 4110 2577 4134 ,
2619 4068 2725 4122 imo
2757 4083 2819 4123 ac
2860 4082 3071 4123 summo
3091 4110 3109 4136 ,
3157 4079 3293 4124 terra
3337 4079 3392 4125 et
3436 4070 3574 4141 ignis

1986 4175 2107 4218 esse
2131 4159 2429 4216 debuerunt
2454 4201 2469 4225 ,
2499 4167 2555 4213 ut
2576 4160 3026 4230 quemadmodum
3057 4159 3243 4214 nolunt
3270 4161 3321 4214 in
3361 4175 3575 4216 summo

1988 4266 2109 4307 esse
2139 4267 2295 4322 posse
2323 4250 2466 4321 quod
2493 4250 2584 4306 imi
2611 4259 2693 4304 est
2717 4292 2733 4317 ,
2766 4251 2835 4305 ita
2864 4266 2962 4306 nec
2989 4251 3042 4304 in
3085 4251 3192 4305 imo
3239 4260 3418 4320 posset
3455 4268 3576 4309 esse

1989 4342 2130 4414 quod
2171 4343 2362 4398 summi
2406 4350 2510 4397 est.
2556 4343 2706 4397 Sicut
2747 4357 2876 4413 ergo
2908 4343 3103 4397 nullam
3131 4352 3317 4412 putant
3345 4343 3426 4397 vel
3455 4357 3578 4398 esse

1993 4436 2081 4490 vel
2109 4435 2339 4490 futuram
2366 4450 2485 4490 esse
2513 4444 2671 4489 terra:
2704 4435 3015 4503 particulam
3059 4435 3110 4488 in
3148 4434 3286 4489 caelo
3307 4474 3324 4499 ,
3352 4433 3422 4487 ita
3453 4433 3578 4487 nul-

1993 4527 2098 4581 lam
2128 4525 2441 4595 particulam
2472 4525 2653 4580 videre
2679 4524 2962 4578 debuimus
2984 4525 3124 4593 ignis
3154 4526 3207 4579 in
3237 4535 3398 4580 terra.
3429 4523 3579 4579 Nune

1993 4631 2123 4672 vero
2149 4633 2253 4671 non
2279 4616 2451 4670 solum
2483 4615 2535 4670 in
2564 4615 2720 4669 terris
2744 4658 2759 4681 ,
2791 4631 2974 4669 verum
3003 4616 3160 4670 etiam
3193 4617 3292 4671 sub
3323 4615 3479 4670 terris
3507 4595 3579 4670 ita

1995 4717 2115 4774 est,
2174 4717 2233 4762 ut
2278 4721 2400 4761 eum
2453 4715 2701 4761 eructent
2747 4707 2978 4761 vertices
3032 4710 3334 4772 montium;
3389 4716 3582 4776 praeter

1996 4798 2138 4870 quod
2169 4799 2222 4853 in
2250 4797 2438 4854 usibus
2464 4798 2736 4852 hominum
2766 4806 2821 4852 et
2848 4812 2969 4852 esse
3008 4798 3181 4868 ignem
3227 4799 3277 4851 in
3321 4807 3457 4851 terra
3483 4838 3500 4863 ,
3527 4807 3583 4853 et

1997 4907 2120 4946 eum
2151 4889 2297 4945 nasci
2320 4889 2562 4945 videmus
2608 4905 2671 4943 ex
2717 4899 2857 4943 terra
2889 4905 2902 4942 :
2953 4887 3381 4959 quandoquidem
3420 4897 3475 4942 ct
3515 4887 3583 4948 de

1999 4985 2154 5053 lignis
2178 4982 2322 5038 etde
2347 4980 2610 5052 lapidibus
2630 4983 2866 5037 nascitur
2890 5022 2904 5044 ,
2935 4989 3054 5050 qua:
3075 4987 3200 5032 sunt
3219 4992 3441 5048 corpora
3467 4961 3584 5034 sine

1999 5073 2331 5129 dubitatione
2372 5081 2609 5128 terrena.
2658 5070 2763 5127 Sed
2816 5071 2940 5135 ille,
2991 5067 3270 5139 inquiunt,
3321 5069 3458 5140 ignis
3502 5077 3587 5124 est

2002 5167 2321 5238 tranquillus
2340 5209 2355 5233 ,
2383 5181 2547 5236 purus
2571 5206 2586 5229 ,
2618 5163 2864 5218 innoxius
2889 5204 2902 5224 .
2936 5163 3292 5231 sempiternus
3318 5178 3332 5214 :
3363 5161 3461 5216 iste
3487 5175 3585 5215 au-

2005 5269 2112 5315 tem
2147 5259 2387 5315 turbidus
2412 5300 2428 5324 ,
2453 5257 2659 5312 fumeus
2683 5296 2698 5321 ,
2721 5253 3085 5324 corruptibilis
3103 5262 3262 5323 atque
3287 5263 3585 5322 corruptor.

2007 5353 2119 5408 Nec
2175 5360 2353 5407 tamen
2403 5346 2701 5416 corrumpit
2752 5357 3000 5415 montes,
3053 5345 3104 5398 in
3152 5345 3342 5415 quibus
3389 5343 3589 5414 iugiter

2009 5450 2198 5500 a:stuat
2220 5483 2237 5509 ,
2268 5452 2627 5508 cavernasque
2655 5446 2940 5491 terrarum.
2972 5434 3169 5489 Verum
3196 5445 3314 5489 esto
3343 5477 3356 5497 ,
3400 5435 3470 5488 sit
3511 5433 3588 5488 illi

2010 5535 2112 5591 iste
2137 5531 2409 5589 dissimilis
2433 5572 2449 5596 ,
2480 5539 2539 5584 ut
2583 5529 2807 5604 ωτι-φὶς
2843 5526 3254 5582 habitationibus
3289 5533 3543 5596 congruat
3571 5541 3585 5579 :

2011 5641 2107 5682 cur
2131 5620 2261 5694 ergo
2293 5621 2480 5677 nolunt
2508 5627 2564 5674 ut
2590 5615 2869 5674 credamus
2893 5626 3132 5672 naturam
3160 5631 3440 5689 corporum
3476 5622 3589 5670 ter-

2080 5767 2096 5797 ι
2133 5771 2198 5812 tta
2221 5767 2325 5811 Mss.
2353 5767 2408 5811 At
2428 5758 2565 5820 Editi,
2583 5764 2628 5809 et
2647 5756 2744 5809 iuta
2760 5764 3019 5808 terrarum.

2082 5829 2104 5858 ⁸
2137 5823 2272 5885 Editi,
2296 5833 2566 5880 arumnam;
2587 5820 2988 5871 discntieutibus
3008 5828 3107 5867 \tss.
3438 5853 3470 5869 ,
