4078 6468
539 372 650 431 775

543 506 800 548 renorum
829 490 1112 562 aliquando
1133 484 1586 559 incorruptibilem
1615 487 1806 543 factam
1834 487 1972 543 caelo
1995 500 2126 540 con-

546 584 845 638 venientem
871 581 1099 637 futuram
1126 624 1141 647 ,
1173 582 1309 635 sicut
1335 595 1473 634 nunc
1500 579 1635 650 ignis
1658 577 2017 647 corruptibilis
2045 575 2131 630 his

544 679 797 733 convenit
822 677 1018 736 terris?
1045 676 1182 730 Nihil
1227 677 1383 746 igitur
1423 672 1648 727 aderunt
1690 688 1754 726 ex
1804 669 2130 741 ponderibus

547 781 708 840 atque
735 758 921 824 ordine
944 770 1326 823 elementorum
1355 810 1368 831 ,
1406 766 1547 821 unde
1589 764 1938 836 omnipotenti
1980 763 2089 817 Deo
2112 803 2128 827 ,

545 860 830 928 quominus
871 858 1028 914 faciat
1070 873 1291 930 corpora
1342 867 1519 912 nostra
1560 857 1681 912 talia
1708 898 1723 922 ,
1777 866 1834 910 ut
1871 858 2031 910 etiam
2076 854 2130 908 in

544 952 683 1004 eicio
709 949 914 1019 possint
946 949 1184 1004 habitare
1207 991 1221 1015 ,
1258 949 1620 1019 praescribaut.

543 1061 772 1116 CAPUT
812 1047 1233 1117 Xll.——Contra
1275 1060 1556 1114 calumnias
1599 1059 1902 1127 inﬁdelium,
1952 1058 2130 1128 quibus

606 1152 919 1206 Christianos
943 1152 1006 1206 de
1039 1153 1229 1206 credita
1255 1154 1421 1205 carnis
1449 1152 1810 1205 resurrectione
1836 1150 2068 1206 irrident.

619 1267 671 1321 1.
745 1266 852 1322 Sed
872 1266 1341 1334 scrupulosissime
1389 1280 1667 1334 quzerere,
1717 1273 1772 1318 et
1819 1264 1977 1319 fidem
2025 1278 2128 1334 qua

545 1357 817 1414 credimus
845 1367 1266 1414 resurrecturum
1311 1373 1546 1423 carnem,
1580 1357 1652 1411 ita
1681 1355 1992 1424 quaerendo,
2038 1369 2129 1408 as-

545 1451 723 1504 solent
767 1449 1009 1514 irridere,
1051 1449 1238 1505 Utrum
1285 1448 1421 1502 fctus
1455 1448 1679 1503 abortivi
1712 1447 2036 1518 resurgant?
2063 1447 2130 1502 Et

543 1543 795 1612 quoniam
828 1543 1078 1596 Dominus
1102 1543 1194 1607 ait,
1223 1542 1380 1596 Amen
1410 1542 1524 1595 dico
1552 1541 1708 1604 vobis,
1738 1540 1955 1611 capillus
1982 1539 2128 1609 capi-

544 1635 610 1689 tis
633 1635 781 1690 vestri
808 1652 908 1688 non
935 1634 1109 1705 peribit
1138 1633 1290 1706 (Luc.
1326 1650 1438 1700 XXI,
1472 1634 1557 1704 l8)
1587 1652 1600 1688 :
1632 1643 1808 1688 utrum
1845 1642 2046 1688 statura
2073 1641 2129 1687 et

545 1727 712 1782 robur
738 1727 959 1797 :equalia
997 1727 1169 1781 futura
1209 1727 1316 1780 sint
1344 1726 1613 1790 omnibus,
1652 1741 1718 1778 an
1747 1725 1976 1779 diversa:
2001 1737 2126 1778 cor-

544 1834 734 1890 porum
757 1819 1116 1890 quantitates?
1140 1819 1205 1873 Si.
1226 1819 1370 1873 enim
1400 1818 1673 1889 :cqualitas
1693 1831 1976 1886 corporum
2003 1815 2126 1881 erit,

547 1911 691 1966 unde
714 1910 1151 1982 habebuntquod
1180 1910 1266 1967 hic
1296 1925 1401 1964 non
1429 1909 1727 1973 habuerunt
1753 1910 1802 1961 in
1833 1909 1972 1962 mole
1999 1921 2126 1961 cor-

543 2003 690 2072 poris
731 2001 807 2056 illi
836 2001 1085 2074 abortivi,
1129 2001 1176 2056 si
1215 2009 1495 2067 resurgeut
1534 2011 1590 2054 et
1619 2000 1759 2069 ipsi?
1788 2003 1894 2054 Aut
1933 1998 1978 2052 si
2019 2013 2127 2052 non

543 2103 845 2164 resurgent,
877 2095 999 2163 quia
1044 2108 1143 2148 nec
1189 2093 1297 2146 nati
1347 2101 1492 2156 sunt,
1534 2091 1627 2145 sed
1667 2090 1841 2154 eiiusi,
1881 2089 2125 2145 eamdem

543 2185 891 2255 qumstlouem
933 2169 1000 2239 de
1033 2185 1268 2254 parvulis
1299 2193 1531 2246 versant,
1561 2181 1703 2236 unde
1746 2181 1850 2236 illis
1879 2194 2126 2235 mensura

543 2274 807 2345 corporis,
836 2289 994 2345 quam
1022 2274 1422 2329 nuucdeluisse
1446 2271 1706 2332 videmus,
1734 2269 1974 2334 accedat,
2003 2284 2127 2324 cum

542 2364 597 2420 in
627 2365 725 2421 hac
750 2374 906 2421 aetate
941 2366 1259 2420 moriuntur.
1291 2363 1474 2436 Neque
1509 2364 1652 2420 enim
1682 2363 1874 2418 dicturi
1914 2377 2124 2429 sumus,

542 2473 638 2513 eos
665 2473 771 2514 non
817 2469 1231 2522 resurrecturos,
1263 2458 1350 2528 qui
1395 2472 1500 2511 non
1541 2455 1711 2510 solum
1739 2452 2124 2525 generationis,

541 2563 728 2604 verum
753 2549 913 2604 etiam
943 2547 1364 2618 regenerationis
1387 2561 1612 2615 capaces
1635 2553 1776 2599 sunt.
1808 2543 2010 2598 Deinde
2039 2542 2127 2597 in-

542 2649 835 2711 terrogant,
867 2656 1024 2710 quem
1054 2639 1270 2694 modum
1320 2639 1430 2709 ipsa
1461 2637 1738 2708 mqualitas
1763 2635 2006 2691 habitura
2031 2635 2125 2692 sit.

542 2731 601 2787 Si
622 2733 764 2786 enim
794 2741 900 2786 tam
932 2731 1105 2801 magni
1145 2739 1201 2784 ct
1237 2739 1342 2783 tam
1378 2728 1516 2798 longi
1547 2735 1706 2783 cruut
1728 2742 1936 2790 omnes,
1965 2742 2124 2797 quam

542 2823 761 2880 fuerunt
785 2825 1105 2896 quicumque
1133 2823 1217 2877 hic
1243 2824 1455 2878 fuerunt
1489 2820 1704 2875 maximi
1731 2830 1892 2891 atque
1930 2819 2130 2890 longis-

543 2916 687 2974 simi.
727 2930 834 2969 nou
864 2915 1034 2969 solum
1077 2913 1144 2968 de
1185 2913 1435 2982 parvulis,
1484 2911 1581 2968 sed
1613 2911 1679 2966 de
1705 2911 1947 2981 plurimis
1975 2926 2125 2981 quae-

544 3006 725 3071 ruut‘,
757 3005 896 3060 unde
937 3005 1040 3059 illis
1073 3019 1409 3060 accessurtun
1448 3003 1536 3069 sit,
1564 3002 1704 3074 quod
1739 3002 1824 3058 hic
1862 3001 2050 3068 defuit,
2080 3002 2128 3057 si

546 3097 648 3151 hoc
698 3097 920 3168 quisque
963 3096 1206 3165 recipiet,
1246 3094 1388 3166 quod
1433 3094 1518 3150 hic
1563 3095 1768 3150 habuit.
1823 3095 1879 3148 Si
1922 3103 2124 3162 autem,

545 3188 688 3258 quod
724 3189 797 3243 ait
826 3189 1134 3259 Apostolus,
1160 3202 1477 3243 occursuros
1503 3202 1600 3243 nos
1627 3201 1817 3243 omnes
1841 3189 1894 3243 in
1921 3205 2127 3243 mensu-

541 3297 654 3333 ram
681 3279 841 3334 letalis
866 3277 1192 3349 plenitudinis
1212 3278 1397 3332 Christi
1423 3276 1638 3349 (Ephes.
1667 3294 1739 3344 tv,
1772 3279 1892 3348 i5);
1918 3289 1972 3334 et
1998 3279 2127 3335 illud

543 3369 794 3436 alterum,
829 3369 967 3435 Quos
997 3368 1370 3440 wwdestinavit
1396 3370 1716 3438 couformes’
1746 3370 1981 3442 imaginis
2005 3369 2130 3426 Filii

542 3461 624 3516 sui
651 3461 827 3529 (Rom.
857 3475 970 3522 vui,
999 3459 1113 3530 29),
1141 3460 1220 3516 sic
1258 3459 1658 3530 intclbgendum
1687 3472 1791 3527 est,
1831 3473 1886 3516 ut
1923 3471 2126 3517 statura

543 3560 599 3606 et
626 3550 813 3605 modus
842 3550 1036 3606 Christi
1067 3551 1308 3622 corporis
1333 3551 1571 3606 omnium
1612 3553 1700 3622 qui
1733 3553 1786 3608 in
1814 3569 1978 3624 regno
2008 3555 2128 3624 ejus

544 3651 736 3710 erunt,
791 3641 1147 3698 humanorum
1197 3657 1482 3712 corporum
1529 3643 1600 3698 sit
1650 3642 1862 3699 futurus
1903 3661 1918 3699 :
1953 3644 2129 3701 Multis

546 3736 673 3801 erit,
696 3735 959 3806 inquiunt,
982 3735 1050 3790 de
1073 3735 1436 3806 magnitudine
1464 3743 1518 3791 et
1537 3735 1864 3806 longitudine
1887 3739 2130 3808 corporis

546 3826 933 3882 detrahendum
964 3843 978 3879 :
1007 3835 1061 3880 et
1089 3827 1176 3880 ubi
1211 3825 1322 3896 jam
1348 3827 1472 3892 erit,
1501 3827 1733 3899 Capillus
1773 3830 1953 3898 capitis
1982 3833 2129 3886 vestri

543 3934 643 3972 non
668 3917 863 3989 peribit,
897 3918 939 3971 si
961 3918 1029 3972 de
1053 3917 1164 3988 ipsa
1193 3917 1434 3988 corporis
1457 3921 1749 3990 quantitate
1771 3931 1875 3976 tam
1903 3924 2128 3978 multum

545 4010 780 4079 peribit?
805 4009 1056 4076 Quamvis
1101 4018 1155 4064 et
1194 4008 1263 4065 de
1302 4010 1430 4080 ipsis
1468 4010 1674 4080 capillis
1700 4012 1871 4083 possit
1913 4013 2127 4085 inquiri,

546 4113 723 4158 utrum
754 4103 940 4158 redeat
978 4101 1232 4173 quidquid
1263 4091 1603 4158 tendentibus
1642 4103 1858 4160 decidit.
1888 4105 2040 4172 Quod
2083 4107 2130 4162 si

547 4193 842 4248 rediturum
873 4202 974 4258 est,
1005 4193 1127 4262 quis
1164 4207 1270 4248 non
1299 4193 1594 4250 exborreat
1632 4197 1774 4251 illam
1814 4197 2129 4255 deformita-

547 4284 694 4351 tem?
741 4283 875 4341 Nam
918 4283 1022 4340 hoc
1067 4295 1122 4340 et
1161 4285 1228 4341 de
1270 4286 1534 4357 unguibus
1571 4288 1779 4345 videtur
1828 4294 2130 4350 necessario

544 4387 886 4451 secuturum,
935 4387 994 4432 ut
1045 4376 1230 4433 redeat
1270 4385 1378 4433 tam
1423 4380 1650 4436 multum
1697 4383 1838 4453 quod
1887 4388 2129 4457 corporis

481 4484 486 4488 ‘
546 4460 836 4526 curatura‘
864 4468 1120 4524 desecuit.
1170 4469 1238 4525 Et
1279 4470 1368 4526 ubi
1413 4471 1518 4530 erit
1561 4472 1761 4529 decus?
1800 4475 1940 4545 quod
1979 4488 2130 4534 certe

545 4561 738 4633 majus,
767 4577 926 4632 quam
957 4563 1009 4616 in
1037 4562 1136 4618 ista
1175 4578 1299 4620 esse
1339 4565 1684 4636 corruptione
1713 4569 1904 4637 potuit,
1954 4569 2007 4625 in
2039 4571 2128 4628 illa

544 4656 657 4723 jam
699 4640 1097 4709 immortalitate
1131 4669 1251 4710 esse
1276 4641 1512 4712 debebit.
1542 4656 1598 4714 Si
1639 4669 1816 4714 autem
1846 4677 1951 4717 non
1998 4663 2127 4719 red-

550 4745 667 4811 ibit,
706 4759 836 4815 ergo
863 4745 1058 4816 peribit
1085 4763 1099 4801 :
1130 4748 1396 4816 quomodo
1430 4764 1578 4820 ergo,
1611 4751 1874 4822 inquiunt,
1905 4757 2129 4826 capillus

547 4837 736 4908 capitis
766 4851 873 4892 non
900 4837 1132 4907 peribit?
1164 4837 1238 4892 De
1265 4841 1433 4896 macie
1459 4856 1674 4911 quoque
1700 4844 1782 4899 vel
1809 4846 2128 4916 pinguedine

547 4927 796 4983 similiter
837 4927 1131 4998 disputant.
1170 4926 1301 4982 Nam
1353 4929 1397 4984 si
1435 4931 1668 5002 aequales
1711 4948 1898 4990 omnes
1940 4949 2126 5003 erunt;

550 5035 657 5075 non
695 5019 877 5087 utique
916 5018 1006 5072 alii
1057 5019 1244 5085 macri,
1291 5018 1380 5072 alii
1411 5019 1634 5091 pingues
1675 5033 1852 5079 erunt.
1896 5027 2129 5085 Accedet

548 5126 678 5180 ergo
716 5109 834 5165 aliis
861 5109 1080 5180 aliquid,
1127 5110 1247 5164 aliis
1288 5109 1574 5167 minuetur.
1623 5114 1701 5168 Ac
1732 5130 1826 5183 per
1853 5117 1974 5185 hoc,
2021 5135 2125 5175 non

547 5201 688 5272 quod
733 5210 850 5258 erat
891 5200 1271 5272 recipiendum.
1314 5202 1409 5258 sed
1450 5203 1645 5259 alicubi
1685 5205 1984 5266 addendum
2021 5222 2126 5282 est,

547 5291 689 5362 quod
706 5308 811 5352 non
839 5290 970 5358 fuit;
1001 5300 1058 5346 et
1081 5293 1270 5347 alicubi
1294 5292 1641 5363 perdendum,
1668 5299 1809 5368 quod
1839 5300 1956 5356 fuit.

620 5384 676 5439 2.
718 5386 792 5441 De
821 5386 949 5456 ipsis
984 5385 1144 5441 etiam
1183 5388 1612 5457 corruptionibus
1653 5401 1708 5446 et
1742 5393 2128 5464 dilapsiouibus

551 5489 832 5548 corporum
874 5485 1225 5546 mortuorum,
1255 5493 1377 5533 cum
1420 5479 1564 5534 aliud
1596 5492 1830 5539 vertatur
1873 5487 1924 5541 in
1953 5489 2128 5556 pulve-

611 5629 628 5700 ξ
659 5627 735 5700 sic
746 5697 754 5700 Α
765 5625 1013 5700 pediti
1033 5641 1173 5700 gero,
1195 5627 1283 5679 sed
1297 5633 1344 5700 et
1357 5627 1659 5700 deplurirnis
1679 5636 1867 5700 magnis
1882 5646 2123 5700 (luerunt.

605 5691 629 5717 ⁸
800 5689 1000 5749 addunt,
1187 5691 1315 5764 quod
1338 5689 1541 5764 verbum
1567 5694 1657 5744 hoc
1679 5689 2011 5764 Apdstoli'loco
2026 5689 2125 5755 noti

540 5753 748 5818 reperiri
771 5750 822 5799 iu
845 5750 1182 5818 inaniis-impiis
1198 5750 1294 5813 iam
1317 5752 1575 5818 aliquoties
1599 5764 1676 5808 est
1697 5750 2027 5815 observatum.

607 5816 628 5847 ³
660 5818 797 5879 miti,
823 5831 958 5867 cura.
985 5815 1154 5866 Helius
1170 5822 1260 5865 Itss
1283 5851 1297 5876 ,
1317 5815 1562 5867 curatura.

1611 367 1698 424 DE
1735 365 2055 423 CIVITATE
2095 364 2227 433 DEI,
2266 364 2324 423 S.
2365 367 2737 430 AUGUSTINI

3715 387 3824 446 776

2233 499 2371 553 rem,
2404 479 2644 547 in'au'ras
2670 489 2814 548 aliud
2838 494 3152 564 exlialetur;
3181 498 3288 555 sint
3311 515 3446 572 quos
3475 504 3683 578 bestiae,
3714 512 3825 569 sint

2235 594 2368 649 quos
2416 582 2552 652 ignis
2609 585 2898 654 absumat;
2945 589 3220 664 naufragio
3263 597 3345 652 vel
3397 601 3826 677 quibuscumque

2233 673 2387 742 aquis
2424 674 2494 728 ita
2523 675 2741 745 quidam
2771 689 3009 747 pereant,
3034 693 3092 737 ut
3115 699 3300 741 eorum
3329 704 3522 747 carnes
3550 695 3602 748 iu
3625 673 3825 751 humo-

2233 778 2347 819 rem
2372 768 2592 836 putredo
2614 769 2900 838 dissolvat;
2928 790 3035 830 non
3063 778 3403 838 mediocriter
3419 799 3821 854 permoventur.

2234 862 2394 925 atque
2422 859 2600 913 omnia
2643 860 2742 914 ista
2774 863 3010 937 recolligi
3047 866 3099 920 in
3127 884 3344 926 carnem
3373 884 3425 928 et
3468 877 3821 949 redintegrari

2235 959 2394 1015 posse
2431 964 2536 1004 non
2566 951 2810 1008 credunt.
2849 954 3238 1017 Cousectautur
3268 964 3427 1020 etiam
3455 983 3695 1040 quasque
3721 972 3825 1028 fm-

2234 1036 2429 1094 ditates
2454 1049 2509 1095 et
2535 1042 2695 1110 vitia,
2727 1045 2843 1101 sive
2871 1049 3181 1119 accedaut‘,
3210 1054 3329 1110 sive
3369 1036 3656 1116 nascantur
3685 1080 3698 1116 :
3729 1065 3822 1119 ubi

2233 1138 2290 1184 et
2329 1143 2663 1190 monstrosos
2708 1148 2893 1207 partus
2933 1157 3053 1196 cum
3099 1143 3324 1204 horrore
3368 1161 3526 1220 atque
3571 1155 3824 1213 irrisione

2231 1233 2676 1294 commemorant,
2697 1237 2753 1284 et
2778 1233 3057 1302 requirunt
3082 1251 3326 1306 quaenam
3350 1243 3616 1312 cujusque
3639 1245 3824 1301 defor-

2235 1315 2434 1371 mitatis
2460 1323 2785 1377 resurrectio
2814 1325 2883 1379 sit
2907 1324 3107 1382 futura.
3141 1330 3197 1386 Si
3225 1333 3366 1388 enim
3400 1337 3529 1392 nihil
3559 1340 3663 1394 tale
3693 1341 3822 1398 red-

2234 1403 2312 1460 ire
2341 1407 2392 1460 in
2420 1423 2616 1480 corpus
2642 1411 2873 1471 hominis
2915 1417 3236 1488 dixerimus,
3268 1431 3671 1496 responsionem
3713 1451 3823 1490 no-

2233 1505 2397 1552 stram
2428 1500 2494 1556 de
2522 1501 2655 1558 locis
2675 1507 2973 1575 vulnerum,
2996 1528 3115 1568 cum
3139 1517 3330 1585 quibus
3359 1519 3637 1579 Dominum
3663 1525 3825 1584 Chri-

2233 1598 2375 1645 stum
2411 1598 2770 1654 resurrexisse
2801 1603 3176 1674 przedicamus,
3217 1625 3274 1663 se
3299 1613 3668 1673 confutatur-os
3695 1635 3823 1676 esse

2235 1697 2588 1752 praesumunt.
2620 1690 2725 1746 Sed
2759 1693 2896 1750 inter
2915 1697 3028 1753 iure
3048 1701 3225 1755 omnia
3251 1707 3476 1774 quaestio
3504 1707 3822 1770 difﬁcillima

2234 1773 2319 1829 illa
2359 1781 2695 1848 pr0ponitur,
2743 1785 2796 1839 in
2839 1786 2993 1858 cujus
3028 1805 3243 1854 carnem
3273 1773 3518 1853 reditura
3563 1801 3632 1855 sit
3667 1819 3821 1869 caro,

2233 1883 2332 1936 qua
2370 1884 2566 1940 corpus
2601 1873 2843 1942 alterius,
2885 1885 3149 1938 vescentis
3175 1883 3402 1942 humana
3442 1890 3646 1947 viscera
3681 1894 3824 1951 fame

2232 1959 2607 2029 compellente,
2657 1966 2910 2022 nutritur.
2963 1969 3018 2026 lu
3059 1987 3275 2030 Carnem
3321 1979 3520 2050 quippe
3557 1998 3822 2042 conversa

2232 2057 2315 2102 est
2342 2051 2476 2116 ejus,
2501 2053 2590 2122 qui
2622 2054 2812 2113 talibus
2833 2059 2964 2116 visit
2989 2064 3284 2133 alimentis;
3305 2079 3358 2123 et
3387 2087 3448 2126 ea
3471 2087 3592 2143 qua:
3620 2079 3824 2134 macies

2231 2139 2539 2239 ostende-rat
2586 2144 2926 2215 detrimenta,
2981 2156 3265 2226 supplevit.
3321 2139 3508 2219 Utrum
3560 2182 3690 2239 ergo
3743 2171 3822 2228 illi

2232 2229 2418 2328 redeat
2448 2231 2648 2328 homini
2671 2239 2824 2310 cujus
2851 2258 2978 2300 caro
3009 2247 3154 2316 prius
3177 2249 3296 2320 fuit,
3325 2269 3392 2308 au
3419 2256 3497 2312 illi
3524 2229 3699 2328 potius
3719 2279 3820 2318 cu-

2227 2317 2317 2389 jus
2345 2332 2527 2391 postea
2556 2325 2693 2384 facta
2733 2341 2833 2398 est,
2865 2334 2934 2390 ad
2977 2337 3078 2395 hoc
3117 2317 3537 2416 percontantur,-
3558 2360 3618 2406 ut

2232 2417 2642 2474 resurrectionis
2681 2421 2944 2483 illudant:
2974 2445 3037 2485 ac
3077 2433 3155 2489 sic
3196 2437 3390 2492 anima:
3429 2439 3694 2512 humanm,
3717 2458 3818 2502 aut

2231 2506 2582 2607 alternantes,
2624 2514 2765 2570 sicut
2804 2517 2978 2588 Plato,
3004 2537 3160 2579 veras
3187 2526 3524 2586 infelicitates
3552 2506 3819 2607 falsasque

2233 2599 2548 2700 promittant
2588 2603 2980 2677 beatitudiues;
3024 2624 3118 2670 aut
3143 2628 3262 2688 post
3290 2623 3486 2678 multas
3513 2625 3694 2682 itidem

2231 2687 2443 2746 diversa
2470 2710 2692 2780 corpora
2724 2702 3109 2772 revolutiones,
3146 2687 3441 2781 aliquando
3473 2724 3649 2774 tamen
3675 2687 3820 2788 eam,

2232 2781 2372 2884 sicut
2399 2783 2744 2884 Pprphyrius,
2775 2795 2930 2852 linire
2957 2798 3219 2868 miserias,
3243 2813 3298 2858 et
3324 2805 3392 2861 ad
3431 2823 3524 2862 eas
3550 2781 3822 2884 nunquam

2232 2875 2410 2932 redire
2435 2876 2735 2951 fateantur;
2765 2901 2869 2942 non
2897 2895 3077 2946 tamen
3102 2907 3302 2967 corpus
3327 2895 3572 2957 habendo
3596 2875 3825 2962 immor-

2233 2967 2360 3034 tale,
2389 2969 2483 3025 sed
2510 2986 2704 3043 corpus
2729 2990 2890 3034 omne
2914 2979 3187 3052 fugiendo.

2232 3079 2462 3138 CAPUT
2501 3081 2639 3140 Xlll.
2664 3116 2739 3128 —
2762 3089 2843 3143 An
2865 3091 3078 3148 abortivi
3104 3110 3206 3150 non
3235 3098 3520 3168 pertineant
3544 3103 3615 3158 ad
3647 3122 3820 3162 resur-

2330 3175 2624 3242 rectionem,
2650 3178 2697 3234 si
2720 3181 2966 3249 psrtinent
2992 3184 3064 3239 ad
3092 3202 3360 3244 numerum
3386 3202 3723 3250 mortuorum.

2304 3291 2386 3347 Ad
2428 3291 2546 3348 hate
2570 3310 2698 3365 ergo
2724 3311 2843 3368 qua:
2873 3298 2940 3354 ab
2974 3314 3160 3356 eorum
3204 3314 3357 3374 parte
3399 3310 3690 3375 contraria,
3737 3329 3820 3369 me

2232 3383 2516 3455 dirigente,
2554 3387 2683 3441 mihi
2730 3389 2978 3447 videntur
3020 3396 3284 3465 opposita,
3326 3399 3687 3459 misericordia
3731 3406 3822 3465 Dei

2233 3478 2370 3532 miris
2407 3479 2612 3534 nisibus
2653 3495 2811 3549 opem
2851 3484 3078 3551 ferente,
3121 3490 3496 3560 respondeam.
3536 3495 3824 3553 Abortivos

2235 3571 2392 3639 fetus,
2425 3574 2537 3644 qui,
2563 3590 2684 3631 cum
2705 3577 2817 3647 jam
2858 3581 3116 3638 vixissent
3141 3585 3193 3638 in
3221 3594 3395 3653 utero,
3425 3587 3492 3642 ibi
3521 3600 3646 3644 sunt
3675 3607 3826 3646 mor-

2219 3665 2333 3731 .tui,
2371 3677 2772 3726 resurrecturos
2797 3681 2855 3727 ut
2893 3672 3185 3743 affirmare,
3233 3678 3304 3733 ita
3351 3694 3542 3750 negare
3586 3699 3692 3737 non
3724 3699 3826 3738 auo

2232 3758 2338 3815 deo
2367 3777 2380 3813 :
2411 3764 2654 3830 quamvis
2681 3778 2787 3819 non
2811 3765 3018 3822 videam
3048 3770 3316 3839 quomodo
3342 3772 3407 3827 ad
3436 3789 3531 3828 eos
3559 3790 3664 3830 nou
3699 3793 3826 3846 per-

2236 3851 2405 3907 tineat
2433 3855 2754 3910 resurrectio
2783 3869 3136 3924 mortuorum,
3184 3861 3228 3916 si
3274 3878 3378 3917 non
3421 3864 3733 3922 eximuntur
3759 3867 3824 3923 de

2236 3959 2461 3999 numero
2499 3957 2854 4002 mortuorum.
2904 3953 3011 4005 Λιιι
3055 3953 3198 4007 enim
3241 3969 3345 4009 non
3393 3971 3582 4012 omnes
3627 3959 3823 4016 mortui

2234 4043 2536 4104 resurgent,
2567 4045 2622 4092 et
2655 4049 2811 4094 erunt
2836 4040 3028 4111 aliqua:
3055 4043 3301 4099 humana:
3325 4048 3518 4103 auinue
3557 4051 3676 4104 sine
3700 4065 3822 4104 cor-
3877 4095 3886 4103 .

2234 4124 2456 4194 poribus
2485 4127 2538 4181 in
2563 4137 2848 4198 :eternum,
2879 4148 2999 4203 qua:
3027 4149 3256 4205 corpora
3296 4137 3547 4206 humana,
3579 4141 3821 4211 quamvis

2233 4215 2372 4271 intra
2399 4217 2606 4274 viscera
2634 4231 2900 4292 materna,
2933 4234 3208 4295 gestarum
3235 4246 3248 4282 :
3272 4237 3363 4282 aut
3390 4230 3432 4284 si
3474 4247 3668 4288 omnes
3709 4235 3819 4288 ani-

2234 4325 2338 4364 mae
2371 4309 2614 4367 humana:
2640 4313 2899 4383 recipient
2927 4318 3260 4385 resurgentia
3305 4334 3398 4373 sua
3424 4335 3674 4390 corpora,
3704 4338 3820 4393 qua:

2236 4400 2538 4459 habuerunt
2563 4404 2883 4476 ubicumque
2906 4407 3160 4476 viventia,
3201 4419 3256 4465 et
3283 4413 3561 4468 morientia
3588 4414 3820 4485 relique-

2235 4505 2380 4563 runt,
2410 4511 2516 4552 non
2547 4498 2760 4552 invenio
2788 4499 3234 4570 quemadmodum
3264 4504 3437 4559 dicam
3480 4506 3548 4561 ad
3591 4523 3818 4565 resurre-

2234 4593 2464 4647 ctionem
2491 4607 2600 4646 non
2624 4593 2894 4662 pertinere
2915 4603 3268 4662 mortuorum,
3298 4612 3666 4669 quoscumque
3689 4617 3819 4654 moro

2238 4692 2358 4737 tuos
2388 4683 2548 4737 etiam
2589 4684 2645 4738 in
2682 4683 2849 4740 uteris
2875 4694 3129 4742 matrum.
3161 4687 3266 4742 Sed
3308 4689 3619 4774 utrumlibet
3645 4690 3713 4746 de
3742 4691 3819 4746 his

2235 4775 2458 4845 quisque
2484 4775 2704 4844 sentiat,
2732 4775 2874 4844 quod
2901 4777 2970 4832 de
2989 4777 3101 4848 jam
3129 4779 3269 4833 natis
3301 4780 3588 4836 infantibus
3615 4783 3818 4837 dixeri-

2235 4883 2376 4937 mus,
2408 4866 2510 4923 hoc
2535 4868 2696 4923 etiam
2732 4867 2799 4924 de
2840 4868 2944 4925 illis
2985 4869 3386 4942 intelligendum
3430 4875 3533 4942 est,
3563 4875 3608 4930 si
3639 4891 3822 4930 resur-

2233 4969 2359 5029 gent
2388 4956 2488 5032 (a).

2233 5071 2460 5128 CAPUT
2490 5069 2631 5127 XIV.
2660 5073 2836 5128 -Αη
2887 5073 3104 5147 infantes
3146 5076 3201 5130 iu
3242 5094 3303 5132 ea
3343 5077 3444 5132 sint
3491 5079 3812 5133 resurrecturi

2308 5162 2600 5216 habitudine
2640 5163 2890 5234 corporis,
2930 5181 3086 5236 quam
3111 5166 3331 5223 habituri
3367 5179 3511 5223 erant
3537 5171 3702 5224 atatis
3728 5187 3814 5224 ac-

2303 5273 2465 5312 €888“.

2303 5366 2440 5435 Quid
2466 5381 2596 5439 ergo
2637 5367 2706 5424 de
2743 5367 3032 5428 infantibus
3071 5370 3264 5427 dicturi
3299 5385 3506 5438 sumus,
3551 5373 3653 5428 nisi
3695 5373 3812 5444 quia

2235 5474 2339 5512 nou
2369 5452 2420 5512 iu
2448 5473 2510 5513 ea
2541 5461 2897 5516 resurrecturi
2937 5471 3062 5516 sunt
3088 5462 3327 5532 corporis
3363 5463 3673 5534 exiguitate,
3713 5480 3814 5534 qua

2231 5553 2462 5618 mortui;
2501 5552 2596 5608 sed
2621 5553 2766 5624 quod
2803 5555 2885 5611 eis
2923 5555 3122 5612 tardius
3149 5571 3489 5612 accessurum
3539 5569 3656 5614 erat
3683 5571 3815 5614 tem-

2232 5663 2383 5719 pore,
2415 5647 2517 5702 hoc
2543 5658 2667 5704 sunt
2704 5648 2799 5704 illo
2839 5649 2932 5705 Dei
2971 5664 3132 5720 opere
3171 5651 3308 5706 miro
3344 5660 3506 5723 atque
3533 5654 3815 5710 αξιοι-πίειιο

2294 5765 2312 5797 ι
2348 5761 2482 5812 vind.
2508 5769 2608 5811 Am.
2632 5768 2708 5811 Er.
2735 5769 2788 5812 et
2809 5769 2936 5822 Mss,
2960 5761 3058 5813 sive
3077 5762 3320 5814 accidant.
3401 5801 3411 5810 .ι

2293 5826 2368 5886 (a)
2399 5823 2530 5876 conf.
2554 5824 2788 5874 Enchirid.
2812 5839 2864 5874 ιι.
2884 5825 2947 5874 9.3
2964 5859 2980 5885 ,
3011 5825 3160 5875 initio.
