4078 6498
318 365 418 423 777

315 479 612 550 recepturi?
651 478 707 534 In
736 481 995 534 sententia
1024 480 1219 549 quippe
1259 478 1487 542 Domini,
1537 477 1623 531 ubi
1663 476 1757 540 ait,
1783 473 1883 529 Ca-

315 569 466 637 pillus
500 571 681 638 capitis
707 571 854 624 vestri
881 587 980 623 non
1010 569 1184 637 peribit
1214 569 1364 642 (Luc.
1396 585 1508 630 xxi,
1539 567 1652 638 18),
1683 567 1879 621 dictum

311 667 394 712 est
433 674 537 714 non
564 658 866 713 defuturum
896 673 1016 713 esse
1053 659 1193 728 quod
1235 658 1348 722 fuit,
1378 673 1482 711 non
1511 667 1687 710 autem
1716 669 1879 725 nega-

309 758 420 802 tum
454 759 537 804 est
575 749 876 806 adfuturum
917 764 1036 804 esse
1081 749 1221 819 quod
1261 749 1446 804 defuit.
1492 748 1664 804 Defuit
1701 759 1879 804 autem

309 837 497 892 infanti
523 850 733 894 mortuo
757 840 989 909 perfecta
1008 840 1269 908 quantitas
1290 841 1370 892 sui
1395 840 1634 908 corporis
1662 857 1674 892 :
1706 838 1881 909 perfe-

303 936 395 981 cto
417 929 610 997 quippe
639 928 824 983 infanti
849 928 997 983 deest
1023 928 1199 996 utique
1225 928 1476 997 perfectio
1505 928 1877 998 magnitudinis

307 1020 634 1087 corporalis;
660 1036 778 1089 quze
816 1035 936 1073 cum
965 1020 1268 1082 accesserit,
1294 1019 1402 1086 jam
1443 1028 1642 1072 statura
1671 1018 1877 1087 longior

302 1120 426 1161 esse
452 1122 557 1161 non
587 1109 771 1176 possit.
797 1107 946 1161 Hunc
974 1106 1311 1177 perfectionis
1341 1105 1552 1159 modum
1579 1107 1653 1160 sic
1683 1105 1878 1159 habent

307 1210 512 1264 omnes,
555 1207 614 1252 ut
657 1214 776 1252 cum
828 1199 917 1252 illo
966 1198 1329 1268 concipiantur
1360 1205 1518 1265 atque
1559 1203 1873 1260 nascantur;

306 1286 397 1340 sed
438 1287 633 1342 habent
671 1287 724 1340 in
760 1287 985 1352 ratione,
1018 1301 1122 1340 non
1165 1287 1216 1340 in
1257 1285 1437 1340 mole:
1467 1286 1600 1339 sicut
1631 1286 1741 1353 ipsa
1764 1285 1873 1352 jam

300 1375 540 1429 membra
574 1376 749 1429 omnia
792 1385 918 1430 sunt
944 1377 1170 1430 latenter
1199 1378 1252 1428 in
1297 1375 1520 1438 semine,
1552 1388 1671 1426 cum
1711 1373 1872 1427 etiam

299 1466 440 1520 natis
469 1466 720 1521 nonnulla
746 1467 918 1522 adhuc
943 1466 1137 1529 desint,
1180 1466 1316 1520 sicut
1356 1465 1562 1529 dentes,
1589 1480 1651 1518 ac
1675 1466 1718 1518 si
1747 1462 1874 1534 quid

297 1555 586 1623 ejusmodi.
635 1555 689 1609 ln
716 1571 817 1625 qua
848 1557 1053 1611 ratione
1091 1555 1498 1627 uniuscujusque
1523 1555 1758 1608 materia:
1787 1553 1872 1608 inc

297 1646 408 1699 dita
428 1647 709 1714 corporali,
735 1646 843 1714 jam
875 1643 1286 1714 quodammodo,
1321 1655 1377 1697 ut
1405 1645 1473 1696 ita
1499 1643 1696 1707 dicam,
1722 1642 1871 1696 licia-

298 1737 444 1790 tum‘
479 1751 597 1791 esse
633 1736 842 1790 videtur
865 1735 962 1808 (a),
1007 1735 1146 1806 quod
1177 1734 1410 1790 nondum
1449 1743 1551 1800 est,
1593 1734 1700 1786 imo
1729 1731 1870 1801 quod

297 1826 446 1892 latet,
478 1826 572 1881 sed
594 1840 811 1880 accessu
839 1826 1095 1896 temporis
1121 1826 1240 1889 erit,
1271 1824 1354 1878 vel
1375 1823 1547 1892 potius
1573 1820 1864 1891 apparebit.

295 1917 354 1972 In
394 1917 493 1972 hac
534 1932 661 1987 ergo
704 1917 878 1971 infans
901 1917 1010 1985 jam
1054 1915 1232 1971 brevis
1270 1923 1363 1969 aut
1401 1914 1586 1984 longus
1628 1921 1731 1975 est,
1777 1911 1866 1980 qui

293 2005 470 2062 brevis
497 2007 750 2076 longusve
791 2005 996 2060 futurus
1043 2011 1144 2060 est.
1190 2003 1491 2059 Secundum
1521 2003 1658 2056 hanc
1699 2000 1866 2055 ratio-

293 2112 414 2152 nem
455 2097 692 2167 profecto
736 2097 788 2151 in
833 2097 1220 2150 resurrectione
1270 2094 1507 2164 corporis
1550 2093 1866 2147 detrimenta

291 2187 532 2256 corporis
575 2201 680 2242 non
727 2187 972 2240 timemus
1007 2203 1020 2239 :
1054 2185 1194 2255 quia,
1233 2185 1333 2238 etsi
1375 2183 1646 2253 aequalitas
1689 2181 1863 2235 futura

291 2287 438 2332 esset
462 2279 717 2343 omnium,
754 2278 824 2331 ita
853 2286 908 2331 ut
945 2291 1130 2330 omnes
1154 2290 1319 2344 usque
1348 2274 1415 2328 ad
1439 2274 1710 2344 giganteas
1747 2286 1862 2326 ma-

291 2368 594 2438 gnitudines
634 2369 988 2439 pervenirent,
1024 2383 1089 2423 ne
1123 2366 1198 2421 illi
1223 2367 1348 2436 qui‘
1389 2366 1602 2420 maximi
1629 2364 1858 2429 fuerunt,

290 2459 465 2513 minus
492 2458 746 2514 haberent
789 2457 985 2528 aliquid
1028 2458 1079 2510 in
1123 2464 1344 2518 statura,
1377 2453 1517 2525 quod
1559 2454 1637 2508 eis
1677 2462 1860 2508 contra

289 2549 606 2604 sententiam
644 2547 839 2604 Christi
881 2549 1097 2618 periret,
1153 2547 1241 2617 qui
1279 2547 1428 2627 dixit,
1480 2559 1576 2600 nec
1613 2545 1860 2614 capillum

289 2641 479 2709 capitis
523 2655 644 2696 esse
669 2643 992 2710 periturum;
1039 2637 1276 2692 Creatori
1315 2638 1495 2707 utique
1523 2637 1611 2706 qui
1657 2636 1862 2692 creavit

287 2739 476 2785 cuncta
502 2730 568 2784 de
597 2730 781 2796 nihilo,
811 2727 1074 2800 quomodo
1115 2727 1270 2782 desse
1297 2735 1490 2796 posset,
1521 2725 1662 2780 unde
1699 2724 1862 2781 adde-

288 2829 372 2874 ret
397 2819 536 2887 quod
565 2818 865 2874 addendum
890 2833 1008 2873 esse
1035 2818 1201 2872 mirus
1221 2817 1406 2871 artifex
1436 2816 1656 2870 nosset?

287 2910 510 2967 CAPUT
549 2910 664 2966 XV.
711 2939 783 2950 —
822 2910 902 2963 An
951 2911 1018 2962 ad
1079 2908 1330 2962 Dominici
1380 2911 1603 2977 corporis
1655 2907 1860 2961 modum

390 3000 615 3054 omnium
644 3009 954 3053 mortuorum
994 3007 1334 3052 rcsurrectura
1371 2997 1469 3050 sint
1513 3012 1747 3066 corpora.

353 3080 462 3137 Sed
511 3083 691 3151 utique
728 3081 970 3137 Christus
1018 3082 1070 3134 in
1113 3095 1174 3134 ea
1215 3094 1460 3134 mensura
1498 3079 1755 3148 corporis,
1805 3079 1857 3132 in

289 3189 390 3243 qua
417 3181 500 3228 est
533 3181 790 3237 mortuus,
819 3170 1098 3235 reurrexit,
1131 3183 1228 3224 nec
1257 3167 1338 3224 fas
1357 3167 1379 3200 ⁸
1406 3175 1488 3224 est
1509 3167 1707 3231 dicere,
1734 3183 1855 3222 cum

288 3261 690 3318 resurrectionis
727 3263 960 3316 omnium
1002 3271 1210 3330 tempus
1251 3259 1476 3322 venerit,
1525 3272 1856 3312 accessuram

288 3353 499 3423 corpori
545 3353 657 3422 ejus
685 3368 802 3407 eam
846 3351 1280 3422 magnitudinem,
1309 3365 1465 3420 quam
1508 3363 1612 3403 non
1654 3348 1855 3413 habuit,

288 3441 500 3512 quando
521 3440 572 3495 in
597 3456 660 3496 ea
692 3441 986 3510 discipulis,
1018 3441 1068 3494 in
1094 3455 1197 3510 qua
1225 3439 1327 3494 illis
1349 3446 1464 3494 erat
1493 3447 1668 3503 notus,
1692 3451 1856 3506 appa-

286 3534 413 3600 ruit,
457 3541 514 3586 ut
552 3532 872 3602 longissimis
923 3531 1037 3585 fieri
1084 3531 1250 3600 possit
1291 3530 1528 3599 arqualis.
1577 3529 1634 3584 Si
1679 3538 1857 3584 autem

283 3626 575 3680 dixerimus
618 3624 685 3678 ad
730 3623 987 3678 Dominici
1032 3623 1272 3692 corporis
1299 3621 1512 3676 modum
1541 3623 1698 3678 etiam
1727 3636 1860 3691 quo-

287 3730 509 3788 rumque
537 3714 738 3785 majora
765 3727 985 3784 corpora
1016 3711 1321 3785 redigenda,
1354 3713 1546 3783 peribit
1571 3713 1638 3768 de
1665 3711 1858 3766 multo-

286 3822 400 3862 rum
447 3805 758 3876 corporibus
800 3805 1104 3875 plurimnm,
1152 3820 1271 3860 cum
1313 3803 1428 3873 ipse
1467 3817 1568 3858 nec
1609 3804 1856 3872 capillum

286 3897 576 3965 periturum
605 3909 726 3951 esse
751 3895 1074 3965 promiserit.
1105 3895 1289 3950 Restat
1321 3907 1471 3963 ergo,
1501 3900 1558 3947 ut
1583 3907 1732 3948 suam
1767 3908 1858 3948 re-

286 3986 446 4055 cipiat
478 3985 702 4055 quisque
727 3999 1050 4052 mensuram,
1081 3999 1237 4055 quam
1263 3985 1345 4039 vel
1373 3983 1554 4038 habuit
1578 3984 1630 4037 in
1664 3983 1856 4052 juven-

283 4082 416 4141 tute,
443 4074 649 4130 etiamsi
675 4089 836 4130 senex
861 4083 943 4128 est
966 4086 1237 4140 mortuus;
1259 4075 1342 4129 vel
1372 4074 1541 4128 fuerat
1561 4073 1853 4140 habiturus,

287 4165 332 4219 si
361 4175 444 4220 est
464 4174 588 4220 ante
612 4163 909 4220 defunctus.
938 4167 1110 4233 Atque
1146 4164 1271 4217 illud
1303 4163 1440 4232 quod
1467 4177 1855 4218 commemora-

287 4253 359 4307 vit
390 4253 676 4322 Apostolus
700 4253 766 4308 de
807 4267 1054 4307 mensura
1091 4253 1258 4306 aetatis
1285 4252 1628 4321 plenitudinis
1657 4250 1854 4306 Christi

285 4342 499 4415 (Ephes.
529 4359 602 4409 tv,
639 4343 753 4413 15),
799 4353 890 4398 aut
928 4352 1146 4413 propter
1192 4343 1333 4396 aliud
1379 4343 1727 4412 intelligamus
1771 4341 1855 4395 di-

285 4443 426 4488 ctnm
455 4448 597 4499 esse,
627 4433 679 4488 id
705 4444 806 4498 est,
833 4443 890 4488 ut
929 4435 1004 4488 illi
1033 4433 1188 4502 capiti
1230 4433 1282 4486 in
1310 4432 1512 4501 populis
1539 4432 1855 4486 Christianis

286 4523 572 4578 accedente
623 4525 858 4579 omnium
910 4523 1234 4594 perfectione
1279 4523 1632 4576 membrorum
1683 4521 1855 4576 aetatis

285 4614 397 4682 ejus
438 4627 685 4667 mensura
737 4614 1096 4682 compleatur;
1137 4620 1245 4678 aut,
1285 4612 1330 4667 si
1369 4610 1471 4665 hoc
1511 4611 1578 4666 de
1621 4599 1857 4666 resuﬂe-

284 4704 458 4756 ctione
487 4715 768 4771 corporum
795 4701 993 4755 dictum
1022 4711 1125 4767 est,
1169 4701 1248 4755 sic
1288 4701 1608 4768 accipiamus
1630 4701 1850 4767 dictum,

285 4798 343 4843 nt
371 4805 469 4844 nec
502 4791 663 4856 ultra,
691 4805 789 4845 nec
819 4790 1262 4860 infrajuvenilem
1281 4789 1302 4822 ⁸
1328 4791 1550 4846 formam
1578 4802 1856 4862 resurgant

283 4893 508 4948 corpora
544 4887 911 4946 mortuorum;
941 4880 1033 4935 sed
1077 4882 1127 4934 in
1167 4881 1284 4950 ejus
1320 4882 1511 4936 astate“
1550 4889 1605 4936 et
1640 4881 1852 4948 robore,

284 4983 452 5038 usque
473 4968 539 5022 ad
565 4984 722 5038 quam
743 4969 1012 5024 Christum
1043 4971 1125 5025 hic.
1152 4970 1459 5039 pervenisse
1488 4971 1851 5041 cognovimus.

283 5058 434 5111 Circa
476 5058 690 5127 triginta
733 5059 927 5128 quippe
969 5073 1136 5113 annos
1175 5059 1493 5114 definierunt
1537 5074 1656 5114 esse
1696 5061 1854 5114 etiam

343 5207 360 5238 ¹
397 5205 534 5256 Vind.
558 5215 658 5256 Am.
682 5215 734 5258 et
753 5213 849 5265 εει-η
871 5207 1105 5257 innatum.

344 5269 365 5298 ³
398 5273 528 5340 l.ov.,
555 5281 614 5339 ne
633 5268 708 5340 illi
724 5268 918 5332 quidem
935 5267 1039 5331 qui.
1078 5268 1243 5328 Abest,
1267 5269 1476 5331 quidem,
1493 5269 1555 5317 ab
1584 5268 1728 5318 editis
1748 5269 1855 5319 aliis

283 5333 335 5376 et
359 5333 710 5389 manuscriptis.

345 5389 367 5420 ³
400 5389 533 5437 Vind.
573 5396 674 5452 Arn.
698 5395 750 5439 et
767 5395 863 5449 En,
885 5390 1040 5452 nefas.
1062 5389 1357 5451 Castigantur
1382 5402 1444 5438 ex
1488 5389 1633 5439 editis
1663 5389 1773 5439 aliis
1797 5397 1848 5440 et

280 5451 632 5502 manuscrintis.

341 5464 749 5567 10:53:33:th
785 5507 1090 5571 jnvenalem;
1115 5514 1167 5558 et
1190 5507 1328 5568 infra,
1367 5521 1471 5571 cap.
1499 5509 1576 5570 16,
1590 5509 1807 5571 juvenali
1834 5523 1853 5562 :

279 5583 429 5622 atque
447 5573 512 5619 ita
529 5578 818 5619 constanter.

390 5634 462 5682 sic
605 5637 658 5679 At
682 5630 818 5689 editi,
842 5631 926 5678 sed
950 5627 1002 5678 in
1024 5643 1080 5678 ea
1096 5633 1252 5680 (etate.

344 5695 418 5756 (a)
474 5695 670 5756 Dictum
699 5691 1009 5756 translatione
1033 5693 1338 5756 texentium;
1377 5691 1508 5752 quasi
1544 5692 1639 5752 jam
1657 5689 1737 5739 illa
1758 5704 1850 5740 ceu

283 5750 380 5806 tela
400 5750 536 5804 texta
561 5757 638 5799 est
661 5752 706 5798 in
731 5763 897 5812 puero,
915 5751 1003 5800 sed
1024 5764 1119 5799 non
1144 5750 1407 5811 exillioata.
1467 5750 1574 5800 ius.
1601 5759 1752 5801 Vives.

523 5833 745 5892 Sancr.
792 5834 1068 5893 Auoos'r.
1114 5831 1250 5891 VII.

1433 361 1630 433 LIBER
1673 356 2026 414 V'IGESIMUS
2066 361 2432 420 SECUNDUS.

3449 376 3551 432 778

1991 473 2170 528 srcculi
2219 474 2372 544 hujus
2418 475 2704 531 doctissimi
2759 477 2997 534 homines
3040 479 3552 555 juventutennqnae

1987 580 2108 619 cum
2145 565 2304 620 fuerit
2331 568 2500 634 spatio
2529 569 2741 637 proprio
2767 571 3064 634 terminata,
3105 571 3227 627 inde
3241 573 3350 641 jam
3380 573 3550 630 homi-

1985 667 2108 707 nem
2138 654 2192 706 in
2217 653 2528 708 detrimenta
2566 671 2784 725 vergere
2812 657 3080 727 gravioris
3109 673 3171 713 ac
3208 660 3390 715 senilis
3418 671 3551 716 mta-

1985 744 2070 797 tis.
2099 742 2166 798 Et
2194 743 2313 797 ideo
2343 759 2445 797 non
2475 759 2591 798 esse
2619 746 2836 811 dictum,
2863 747 2918 801 In
2949 763 3249 804 mensuram
3275 752 3547 819 corporis;

1981 835 2086 895 vel,
2114 833 2171 888 In
2208 848 2511 888 mensuram
2553 845 2766 892 statura:
2793 855 2806 890 :
2831 839 2944 906 sed,
2985 841 3038 893 in
3074 855 3359 894 mensuram
3385 845 3548 897 a'tatis

1977 923 2300 994 plenitudinis
2324 922 2526 980 Christi.

1978 1012 2201 1070 CAPUT
2232 1013 2370 1068 XVI.
2389 1014 2644 1079 —Qualis
2668 1016 2989 1088 intelligenda
3013 1020 3078 1072 sit
3109 1029 3394 1074 sanctorum
3419 1039 3543 1076 con-

2293 1104 2533 1171 formatio
2573 1106 2638 1157 ad
2663 1107 2929 1176 imaginem
2957 1107 3084 1162 Filii
3111 1108 3225 1164 Da’.

2048 1192 2179 1246 Illud
2207 1195 2363 1248 etiam
2391 1193 2530 1263 quod
2559 1195 2632 1249 ait
2655 1236 2669 1258 ,
2699 1200 3079 1265 prwdestinatos
3106 1202 3387 1268 conformes
3411 1204 3544 1257 ima-

1975 1283 2106 1351 ginis
2138 1282 2260 1336 Filii
2313 1283 2406 1336 Dci
2433 1283 2602 1352 (Rom.
2649 1301 2766 1346 vni.
2806 1285 2895 1355 29)
2922 1327 2936 1351 ,
2961 1295 3134 1354 potest
3165 1298 3218 1344 et
3246 1291 3540 1346 secundum

1975 1368 2281 1424 interiorem
2331 1371 2599 1426 hominem
2625 1373 2870 1442 intelligi.
2908 1373 3057 1429 Unde
3096 1379 3248 1432 nobis
3273 1381 3380 1434 alio
3423 1380 3542 1435 loco

1973 1459 2120 1526 dicit,
2141 1459 2309 1514 Nolite
2328 1463 2634 1532 conformari
2655 1463 2771 1516 huic
2795 1463 3000 1529 sarculo,
3023 1466 3110 1518 sed
3133 1468 3474 1534 reformamini
3489 1472 3540 1525 in

1971 1549 2189 1602 novitate
2227 1551 2404 1604 mentis
2445 1561 2619 1604 vestrae
2671 1553 2689 1623 (
2716 1550 2852 1606 Ibid.
2877 1569 2948 1607 xu
2976 1595 2991 1620 ,
3023 1554 3058 1607 2
3081 1555 3122 1625 ).
3165 1554 3264 1612 Ubi
3301 1573 3426 1627 ergo
3452 1575 3537 1614 re-

1971 1635 2298 1704 formamur,
2329 1653 2398 1692 ne
2444 1640 2832 1695 conformemur
2874 1641 3000 1696 huic
3049 1645 3246 1699 sacculo
3275 1687 3288 1708 ,
3311 1647 3384 1700 ibi
3415 1662 3543 1702 con-

1969 1724 2257 1779 formamur
2287 1727 2378 1782 Dei
2425 1727 2582 1782 Filio.
2610 1729 2786 1784 Potest
2835 1739 2888 1786 et
2926 1731 3004 1785 sic
3031 1735 3218 1803 accipi,
3243 1744 3319 1800 ut,
3345 1752 3538 1806 quem-

1967 1815 2251 1870 admodum
2302 1817 2388 1872 ille
2439 1818 2593 1872 nobis
2644 1821 3002 1887 mortalitate,
3053 1822 3123 1876 ita
3190 1837 3286 1878 nos
3329 1826 3407 1880 illi
3455 1827 3538 1882 ef-

1967 1903 2206 1958 ficiamur
2272 1906 2664 1963 immortalitate
2730 1909 3032 1966 conformes
3082 1913 3269 1982 :quod
3325 1917 3538 1984 quidem

1965 2001 2019 2049 et
2037 1995 2102 2048 ad
2155 1995 2320 2064 ipsam
2366 1999 2809 2054 resurrectionem
2859 2016 3142 2071 corporum
3188 2007 3437 2075 pertinet.
3479 2009 3538 2064 Si

1964 2096 2140 2141 autem
2158 2089 2386 2143 etiamin
2414 2089 2494 2145 his
2510 2092 2705 2158 verbis,
2725 2107 2828 2163 qua
2852 2093 3018 2149 forma
3045 2107 3403 2154 resurrectura
3429 2102 3538 2156 sint

1964 2190 2186 2246 corpora
2223 2194 2403 2234 sumus
2423 2180 2717 2247 admoniti;
2769 2184 2904 2238 sicut
2949 2185 3036 2240 illa
3076 2201 3352 2255 mensura,
3382 2191 3451 2244 ita
3482 2201 3535 2246 et

1964 2267 2062 2320 ista
2115 2267 2494 2334 conformatio,
2537 2286 2644 2326 non
2678 2275 2984 2342 quantitatis
3033 2276 3370 2347 intelligenda
3411 2287 3532 2345 est,

1961 2357 2054 2409 sed
2095 2360 2284 2411 anatis.
2321 2358 2619 2429 Resurgent
2644 2362 2819 2430 itaque
2849 2377 3034 2418 omnes
3067 2375 3170 2417 tam
3201 2367 3374 2436 magni
3415 2382 3536 2422 cor-

1965 2461 2114 2516 pore,
2145 2462 2302 2517 quam
2330 2449 2413 2503 vel
2443 2460 2594 2505 erant
2623 2493 2639 2518 ,
2667 2453 2748 2506 vel
2773 2451 2929 2506 futuri
2951 2464 3099 2508 erant
3128 2455 3178 2509 in
3212 2456 3430 2525 juvenili
3457 2473 3533 2512 ae-

1963 2548 2099 2603 tate,
2125 2542 2364 2610 quamvis
2391 2542 2519 2596 nihil
2545 2543 2718 2597 oberit
2739 2584 2753 2606 ,
2777 2545 2984 2599 etiamsi
3029 2547 3129 2600 erit
3167 2549 3421 2602 infantilis
3448 2551 3534 2603 vel

1961 2631 2141 2683 senilis
2180 2630 2418 2699 corporis
2448 2631 2612 2684 forma
2641 2673 2657 2697 ,
2703 2631 2791 2684 ubi
2833 2648 2932 2686 nec
2962 2635 3155 2688 mentis
3180 2676 3196 2700 ,
3229 2651 3327 2690 nec
3368 2637 3534 2706 ipsius

1961 2719 2198 2787 corporis
2225 2719 2330 2772 ulla
2360 2720 2655 2774 remanebit
2676 2721 2973 2775 infirmitas.
2994 2721 3142 2777 Unde
3167 2727 3324 2778 etiam
3350 2726 3395 2778 si
3417 2727 3535 2795 quis

1961 2810 2013 2862 in
2040 2825 2105 2863 eo
2130 2811 2369 2878 corporis
2390 2811 2548 2865 modo
2573 2852 2588 2877 ,
2620 2813 2670 2864 in
2710 2828 2814 2881 quo
2838 2812 3114 2868 defunctus
3144 2822 3225 2869 est
3246 2857 3260 2880 ,
3293 2831 3538 2872 resurre-

1959 2910 2165 2954 cturum
2185 2917 2609 2972 unumquemque
2629 2903 2921 2970 contendit,
2950 2917 3152 2960 nonest
3181 2922 3300 2961 cum
3325 2909 3419 2963 illo
3450 2911 3531 2962 Ia-

1961 2991 2170 3045 boriosa
2199 2993 2614 3047 contradictione
2643 2994 3004 3062 pugnandum.

1959 3080 2180 3136 CAPUT
2209 3081 2370 3136 XVII.
2397 3082 2565 3136 -An
2612 3084 2664 3136 in
2693 3100 2783 3137 suo
2822 3100 2943 3137 sexu
2990 3087 3337 3141 resuscitanda
3386 3098 3536 3158 atque

2255 3189 2493 3227 mansura
2515 3173 2615 3228 sint
2657 3189 2869 3244 corpora
2899 3175 3222 3246 feminarum.

2029 3262 2275 3318 Nonnulli
2307 3272 2521 3332 propter
2546 3262 2647 3318 hoc
2691 3264 2830 3333 quod
2857 3263 3053 3319 dictum
3099 3275 3182 3320 est
3204 3308 3219 3332 ,
3252 3265 3420 3322 Donec
3445 3285 3530 3322 oc-

1958 3369 2219 3407 curramus
2263 3369 2431 3407 omnes
2459 3355 2475 3384 ¹
2506 3353 2558 3406 in
2590 3353 2751 3405 virum
2796 3357 3067 3424 perfectum
3097 3396 3111 3420 ,
3154 3357 3205 3408 in
3248 3373 3533 3411 mensuram

1957 3443 2118 3497 relatis
2144 3442 2471 3513 plenitudinis
2495 3439 2681 3498 Christi
2706 3442 2920 3514 (Ep/tes.
2952 3460 3024 3507 tv,
3071 3445 3160 3514 15)
3187 3463 3200 3510 ;
3233 3454 3306 3510 et,
3329 3452 3536 3518 confor-

1959 3552 2061 3589 mes
2080 3536 2313 3605 imaginis
2345 3533 2470 3588 Filii
2492 3533 2626 3599 Dei;
2654 3550 2751 3589 nec
2781 3537 2832 3588 in
2855 3549 2983 3589 sexu
3003 3535 3231 3590 femineo
3253 3551 3531 3594 resurrec-

1959 3632 2104 3677 turas
2128 3622 2350 3677 feminas
2372 3622 2591 3676 credunt
2619 3664 2634 3687 ,
2666 3623 2758 3676 sed
2787 3623 2837 3675 in
2861 3623 2995 3676 virili
3035 3639 3220 3678 omnes
3246 3627 3394 3678 ainnt
3417 3626 3494 3696 (a)
3514 3644 3533 3682 ε

1958 3713 2204 3784 quoniam
2234 3714 2369 3766 Deus
2397 3712 2568 3766 solum
2598 3713 2766 3766 virum
2799 3713 2922 3766 fecit
2965 3726 3031 3765 ex
3081 3712 3205 3766 limo
3230 3754 3244 3779 ,
3278 3712 3528 3788 feminam

1958 3817 2027 3858 ex
2055 3803 2188 3857 viro.
2207 3801 2312 3857 Sed
2339 3801 2468 3855 mihi
2499 3801 2688 3856 melius
2709 3815 2894 3870 sapere
2922 3801 3186 3867 videntur,
3215 3803 3301 3871 qui
3330 3813 3532 3857 utrum-

1959 3907 2061 3964 que
2105 3907 2291 3947 sexum
2341 3901 2765 3946 resurrecturum
2801 3905 2920 3946 esse
2968 3906 3076 3945 non
3123 3891 3384 3948 dubitant.
3417 3893 3534 3948 Non

1958 3984 2099 4039 enim
2125 3983 2288 4037 libido
2312 3982 2382 4036 ibi
2411 3983 2530 4047 erit,
2581 3997 2698 4051 qua:
2723 3982 3048 4036 confusionis
3079 3992 3160 4037 est
3184 3997 3366 4038 causa.
3393 3983 3530 4039 Nam

1959 4075 2260 4145 priusquam
2292 4081 2620 4144 peccassent,
2654 4071 2778 4126 nudi
2806 4082 2978 4138 erant,
3008 4083 3060 4128 et
3105 4088 3210 4127 non
3239 4073 3534 4130 confunde-

1961 4166 2152 4220 bantur
2181 4164 2260 4218 vir
2285 4172 2338 4218 et
2365 4162 2582 4218 femina.
2611 4161 2930 4231 Corporibus
2957 4177 3083 4232 ergo
3117 4163 3224 4216 illis
3270 4163 3400 4218 vitia
3431 4163 3531 4220 de-

1960 4255 2239 4310 trahentur
2260 4295 2275 4321 ,
2301 4263 2486 4308 natura
2521 4254 2838 4307 servabitur.
2867 4252 2980 4306 Non
3013 4262 3093 4307 est
3121 4263 3299 4308 autem
3344 4256 3530 4310 vitium

1959 4361 2125 4401 sexus
2152 4346 2411 4400 femineus
2441 4361 2454 4397 :
2484 4343 2576 4398 sed
2603 4352 2789 4397 natura
2824 4361 2836 4395 :
2869 4358 2985 4413 qua:
3013 4353 3136 4398 tunc
3162 4345 3373 4412 quidem
3403 4355 3457 4399 et
3495 4361 3528 4400 a

1959 4435 2244 4490 concubitu
2289 4445 2343 4489 et
2381 4449 2412 4488 a
2467 4443 2624 4504 partu
2675 4434 2922 4486 immunis
2978 4433 3114 4488 erit:
3148 4442 3303 4487 erunt
3351 4441 3530 4490 tamen

1961 4525 2203 4579 membra
2233 4524 2482 4588 feminea,
2516 4538 2620 4576 non
2648 4521 3041 4576 accommodata
3073 4525 3187 4576 usui
3212 4523 3405 4588 veteri,
3434 4524 3528 4580 sed

1968 4613 2147 4668 decori
2174 4627 2332 4679 novo,
2361 4627 2465 4681 quo
2521 4611 2912 4665 non'alliciatur
2939 4613 3243 4680 aspicientis
3269 4615 3528 4684 concupi-

1957 4705 2204 4771 scentia,
2271 4719 2390 4774 quae
2459 4703 2601 4756 nulla
2650 4703 2788 4769 erit,
2843 4701 2936 4757 sed
2990 4703 3082 4758 Dei
3151 4705 3394 4761 laudetur
3442 4720 3530 4759 sa-

1959 4794 2156 4866 pientia
2191 4804 2348 4863 atque
2395 4792 2696 4858 clementia,
2724 4792 2813 4862 qui
2841 4800 2895 4846 et
2922 4793 3063 4862 quod
3090 4809 3196 4848 non
3218 4803 3332 4848 erat
3360 4794 3488 4849 fecit
3508 4835 3527 4862 ,

1957 4894 2012 4940 et
2047 4885 2293 4940 liberavit
2347 4897 2378 4936 a
2447 4884 2784 4952 corruptione
2851 4883 2990 4953 quod
3037 4885 3177 4938 fecit.
3243 4885 3314 4939 Ut
3384 4885 3527 4941 enim

1959 4975 2012 5029 in
2039 4974 2255 5028 exordio
2295 4972 2505 5043 generis
2532 4971 2749 5028 humani
2775 4971 2842 5027 de
2881 4973 3046 5027 latere
3074 4972 3172 5025 viri
3215 4973 3530 5030 dormientis

1959 5073 2108 5120 costa
2134 5065 2370 5119 detracta
2415 5063 2611 5118 femina
2638 5063 2789 5117 fieret
2809 5104 2824 5127 ,
2859 5062 3123 5116 Christum
3154 5071 3208 5116 et
3235 5063 3529 5124 Ettclesiam

1958 5157 2047 5210 tali
2075 5155 2211 5209 facto
2231 5157 2340 5224 jam
2369 5163 2493 5208 tunc
2519 5151 2824 5222 prophetari
2856 5151 3152 5220 oportebat.
3181 5153 3354 5222 Sopor
3373 5155 3524 5224 quip.

1958 5259 2025 5314 pe
2052 5243 2250 5298 illeviri
2280 5243 2430 5315 (Gen.
2455 5257 2491 5296 ιι
2520 5280 2535 5306 ,
2566 5241 2684 5310 21),
2716 5255 2860 5295 mors
2885 5251 2999 5294 erat
3024 5240 3219 5296 Christi
3251 5243 3348 5314 (ὁ),
3376 5247 3521 5314 cujus

1957 5335 2214 5390 exanimis
2238 5335 2290 5387 in
2319 5347 2476 5388 cruce
2498 5332 2775 5401 pendentis
2816 5332 2951 5387 latus
2986 5334 3168 5388 lancea
3203 5338 3527 5404 perforatum

2022 5447 2039 5478 ι
2075 5446 2157 5494 Hic
2181 5445 2230 5492 in
2252 5442 2354 5492 sola
2377 5443 2591 5492 editione
2619 5449 2728 5493 Lov.
2757 5443 2961 5501 additur,
2979 5442 3033 5493 in
3054 5443 3280 5496 unitatem
3299 5445 3432 5501 ﬁdei.

2025 5506 2097 5567 (a)
2123 5511 2296 5567 Auctor
2315 5512 2393 5552 est
2411 5505 2737 5567 Hieronymus,
2781 5504 2983 5564 Epistola
3006 5505 3065 5553 ad
3087 5504 3451 5567 ,Pamrmchium,
3479 5510 3526 5564 in

1959 5579 2022 5616 eo
2035 5563 2212 5614 errore
2235 5563 2383 5612 fuisse
2405 5563 2680 5625 Qrigenbm.
2717 5563 2933 5614 Armenis
2955 5566 3179 5614 eumdem
3203 5581 3420 5616 errorem
3439 5563 3526 5618 tri-

1957 5628 2062 5677 buit
2077 5626 2222 5674 Guido
2243 5623 2510 5683 Carmelita,
2531 5632 2581 5674 et
2604 5627 2832 5676 vicesimo
2854 5625 2958 5674 loco
2986 5627 3114 5676 inter
3137 5641 3308 5678 eorum
3331 5641 3527 5682 errores

1957 5693 2200 5737 recenset.
2225 5693 2470 5739 COQUEUS.

2017 5748 2089 5809 (ὁ)
2110 5747 2238 5796 Conl'.
2264 5746 2348 5795 ιιι).
2375 5746 2404 5794 2
2423 5747 2486 5796 de
2502 5753 2617 5796 Gen.
2643 5753 2770 5796 cont.
2789 5747 2984 5794 Mauich.
3008 5758 3057 5794 ιι.
3078 5749 3158 5797 57.

2716 5826 3183 5906 {Vingt~cinq.}
