  <div class='ocr_page' id='page_1' title='image "/cluster/home/n/w/nwhite01/storage/ocr_20150623/41/hvd.32044015706344/395.png"; bbox 0 0 4078 6506; ppageno 0'>
   <div class='ocr_carea' id='block_1_1' title="bbox 531 392 634 448">
    <p class='ocr_par' dir='ltr' id='par_1_1' title="bbox 531 392 634 448">
     <span class='ocr_line' id='line_1_1' title="bbox 531 392 634 448; baseline 0.019 -2"><span class='ocrx_word' id='word_1_1' title='bbox 531 392 634 448; x_wconf 75' lang='grc'><strong>779</strong></span> 
     </span>
    </p>
   </div>
   <div class='ocr_carea' id='block_1_2' title="bbox 528 491 2104 573">
    <p class='ocr_par' dir='ltr' id='par_1_2' title="bbox 528 491 2104 573">
     <span class='ocr_line' id='line_1_2' title="bbox 528 491 2104 573; baseline -0.01 -15"><span class='ocrx_word' id='word_1_2' title='bbox 528 511 632 570; x_wconf 87' lang='lat' dir='ltr'><strong>est,</strong></span> <span class='ocrx_word' id='word_1_3' title='bbox 659 511 817 573; x_wconf 91' lang='lat' dir='ltr'><strong>atque</strong></span> <span class='ocrx_word' id='word_1_4' title='bbox 845 499 967 557; x_wconf 87' lang='lat' dir='ltr'><strong>inde</strong></span> <span class='ocrx_word' id='word_1_5' title='bbox 999 497 1211 570; x_wconf 80' lang='lat' dir='ltr'><strong>sanguis</strong></span> <span class='ocrx_word' id='word_1_6' title='bbox 1250 506 1302 553; x_wconf 89' lang='lat' dir='ltr'><strong>et</strong></span> <span class='ocrx_word' id='word_1_7' title='bbox 1330 509 1461 568; x_wconf 83' lang='lat' dir='ltr'><strong>aqua</strong></span> <span class='ocrx_word' id='word_1_8' title='bbox 1482 493 1744 566; x_wconf 74' lang='lat' dir='ltr'><strong>proﬂuxit</strong></span> <span class='ocrx_word' id='word_1_9' title='bbox 1767 491 1947 564; x_wconf 78' lang='lat' dir='ltr'><strong>(Joan.</strong></span> <span class='ocrx_word' id='word_1_10' title='bbox 1982 508 2067 545; x_wconf 77' lang='lat' dir='ltr'><strong>xix</strong></span> <span class='ocrx_word' id='word_1_11' title='bbox 2090 531 2104 557; x_wconf 95' lang='lat'><strong>,</strong></span> 
     </span>
    </p>
   </div>
   <div class='ocr_carea' id='block_1_3' title="bbox 530 581 2107 663">
    <p class='ocr_par' dir='ltr' id='par_1_3' title="bbox 530 581 2107 663">
     <span class='ocr_line' id='line_1_3' title="bbox 530 581 2107 663; baseline -0.009 -15"><span class='ocrx_word' id='word_1_12' title='bbox 530 594 622 663; x_wconf 70' lang='grc'><strong>54)</strong></span> <span class='ocrx_word' id='word_1_13' title='bbox 651 607 801 662; x_wconf 82' lang='lat' dir='ltr'><strong>:quae</strong></span> <span class='ocrx_word' id='word_1_14' title='bbox 841 597 1168 645; x_wconf 89' lang='lat' dir='ltr'><strong>sacramenta</strong></span> <span class='ocrx_word' id='word_1_15' title='bbox 1194 603 1313 643; x_wconf 90' lang='lat' dir='ltr'><strong>esse</strong></span> <span class='ocrx_word' id='word_1_16' title='bbox 1341 589 1583 642; x_wconf 84' lang='lat' dir='ltr'><strong>novimus</strong></span> <span class='ocrx_word' id='word_1_17' title='bbox 1603 627 1618 651; x_wconf 91' lang='lat'><strong>,</strong></span> <span class='ocrx_word' id='word_1_18' title='bbox 1645 583 1844 656; x_wconf 79' lang='lat' dir='ltr'><strong>quibus</strong></span> <span class='ocrx_word' id='word_1_19' title='bbox 1875 581 2107 636; x_wconf 80' lang='lat' dir='ltr'><strong>aediﬁca-</strong></span> 
     </span>
    </p>
   </div>
   <div class='ocr_carea' id='block_1_4' title="bbox 531 676 2104 745">
    <p class='ocr_par' dir='ltr' id='par_1_4' title="bbox 531 676 2104 745">
     <span class='ocr_line' id='line_1_4' title="bbox 531 676 2104 745; baseline -0.008 -9"><span class='ocrx_word' id='word_1_20' title='bbox 531 693 618 737; x_wconf 91' lang='lat' dir='ltr'><strong>tur</strong></span> <span class='ocrx_word' id='word_1_21' title='bbox 644 680 900 740; x_wconf 85' lang='lat' dir='ltr'><strong>Ecclesia.</strong></span> <span class='ocrx_word' id='word_1_22' title='bbox 924 679 1054 734; x_wconf 89' lang='lat' dir='ltr'><strong>Nam</strong></span> <span class='ocrx_word' id='word_1_23' title='bbox 1084 677 1186 733; x_wconf 89' lang='lat' dir='ltr'><strong>hoc</strong></span> <span class='ocrx_word' id='word_1_24' title='bbox 1213 678 1371 732; x_wconf 89' lang='lat' dir='ltr'><strong>etiam</strong></span> <span class='ocrx_word' id='word_1_25' title='bbox 1392 677 1560 732; x_wconf 85' lang='lat' dir='ltr'><strong>verbo</strong></span> <span class='ocrx_word' id='word_1_26' title='bbox 1575 676 1852 745; x_wconf 75' lang='lat' dir='ltr'><strong>Scriptum</strong></span> <span class='ocrx_word' id='word_1_27' title='bbox 1880 686 1974 725; x_wconf 88' lang='lat' dir='ltr'><strong>usa</strong></span> <span class='ocrx_word' id='word_1_28' title='bbox 1995 679 2104 734; x_wconf 90' lang='lat' dir='ltr'><strong>est,</strong></span> 
     </span>
    </p>
   </div>
   <div class='ocr_carea' id='block_1_5' title="bbox 527 764 2106 844">
    <p class='ocr_par' dir='ltr' id='par_1_5' title="bbox 527 764 2106 844">
     <span class='ocr_line' id='line_1_5' title="bbox 527 764 2106 844; baseline -0.008 -16"><span class='ocrx_word' id='word_1_29' title='bbox 527 775 615 829; x_wconf 85' lang='lat' dir='ltr'><strong>ubi</strong></span> <span class='ocrx_word' id='word_1_30' title='bbox 646 791 748 830; x_wconf 92' lang='lat' dir='ltr'><strong>non</strong></span> <span class='ocrx_word' id='word_1_31' title='bbox 773 773 984 844; x_wconf 77' lang='lat' dir='ltr'><strong>legitur,</strong></span> <span class='ocrx_word' id='word_1_32' title='bbox 1007 772 1295 838; x_wconf 83' lang='lat' dir='ltr'><strong>Formavit,</strong></span> <span class='ocrx_word' id='word_1_33' title='bbox 1319 780 1411 826; x_wconf 92' lang='lat' dir='ltr'><strong>aut</strong></span> <span class='ocrx_word' id='word_1_34' title='bbox 1435 771 1640 836; x_wconf 79' lang='lat' dir='ltr'><strong>Finxit;</strong></span> <span class='ocrx_word' id='word_1_35' title='bbox 1669 764 2106 837; x_wconf 66' lang='lat' dir='ltr'><strong>sed,£diﬁcavit</strong></span> 
     </span>
    </p>
   </div>
   <div class='ocr_carea' id='block_1_6' title="bbox 529 855 2107 932">
    <p class='ocr_par' dir='ltr' id='par_1_6' title="bbox 529 855 2107 932">
     <span class='ocr_line' id='line_1_6' title="bbox 529 855 2107 932; baseline -0.006 -16"><span class='ocrx_word' id='word_1_36' title='bbox 529 879 639 916; x_wconf 86' lang='lat' dir='ltr'><strong>eam</strong></span> <span class='ocrx_word' id='word_1_37' title='bbox 681 863 732 916; x_wconf 90' lang='lat' dir='ltr'><strong>in</strong></span> <span class='ocrx_word' id='word_1_38' title='bbox 773 861 1030 918; x_wconf 77' lang='lat' dir='ltr'><strong>mulierem</strong></span> <span class='ocrx_word' id='word_1_39' title='bbox 1062 860 1211 932; x_wconf 83' lang='lat' dir='ltr'><strong>(Gen.</strong></span> <span class='ocrx_word' id='word_1_40' title='bbox 1257 877 1334 928; x_wconf 88' lang='lat' dir='ltr'><strong>ll,</strong></span> <span class='ocrx_word' id='word_1_41' title='bbox 1361 861 1457 930; x_wconf 74' lang='grc'><strong>22)</strong></span> <span class='ocrx_word' id='word_1_42' title='bbox 1491 859 1694 915; x_wconf 48' lang='lat' dir='ltr'><strong>cunde</strong></span> <span class='ocrx_word' id='word_1_43' title='bbox 1721 869 1777 915; x_wconf 90' lang='lat' dir='ltr'><strong>et</strong></span> <span class='ocrx_word' id='word_1_44' title='bbox 1813 855 2107 929; x_wconf 84' lang='lat' dir='ltr'><strong>Apostolus</strong></span> 
     </span>
    </p>
   </div>
   <div class='ocr_carea' id='block_1_7' title="bbox 527 946 2099 1023">
    <p class='ocr_par' dir='ltr' id='par_1_7' title="bbox 527 946 2099 1023">
     <span class='ocr_line' id='line_1_7' title="bbox 527 946 2099 1023; baseline -0.004 -15"><span class='ocrx_word' id='word_1_45' title='bbox 527 953 930 1008; x_wconf 71' lang='lat' dir='ltr'><strong>aediﬁcationem</strong></span> <span class='ocrx_word' id='word_1_46' title='bbox 957 953 1086 1008; x_wconf 81' lang='lat' dir='ltr'><strong>dicit</strong></span> <span class='ocrx_word' id='word_1_47' title='bbox 1128 953 1365 1022; x_wconf 90' lang='lat' dir='ltr'><strong>corporis</strong></span> <span class='ocrx_word' id='word_1_48' title='bbox 1391 952 1588 1008; x_wconf 85' lang='lat' dir='ltr'><strong>Christi</strong></span> <span class='ocrx_word' id='word_1_49' title='bbox 1618 951 1834 1023; x_wconf 84' lang='lat' dir='ltr'><strong>(Ephes.</strong></span> <span class='ocrx_word' id='word_1_50' title='bbox 1862 965 1938 1016; x_wconf 88' lang='lat' dir='ltr'><strong>tv,</strong></span> <span class='ocrx_word' id='word_1_51' title='bbox 1975 946 2064 1017; x_wconf 74' lang='grc'>12)</span> <span class='ocrx_word' id='word_1_52' title='bbox 2084 989 2099 1015; x_wconf 88' lang='grc'><strong><em>,</em></strong></span> 
     </span>
    </p>
   </div>
   <div class='ocr_carea' id='block_1_8' title="bbox 528 1039 2096 1113">
    <p class='ocr_par' dir='ltr' id='par_1_8' title="bbox 528 1039 2096 1113">
     <span class='ocr_line' id='line_1_8' title="bbox 528 1039 2096 1113; baseline -0.003 -16"><span class='ocrx_word' id='word_1_53' title='bbox 528 1043 669 1113; x_wconf 92' lang='lat' dir='ltr'><strong>quod</strong></span> <span class='ocrx_word' id='word_1_54' title='bbox 698 1055 780 1099; x_wconf 92' lang='lat' dir='ltr'><strong>est</strong></span> <span class='ocrx_word' id='word_1_55' title='bbox 826 1042 1086 1099; x_wconf 83' lang='lat' dir='ltr'><strong>Ecclesia.</strong></span> <span class='ocrx_word' id='word_1_56' title='bbox 1131 1043 1383 1098; x_wconf 86' lang='lat' dir='ltr'><strong>Creatura</strong></span> <span class='ocrx_word' id='word_1_57' title='bbox 1417 1051 1499 1097; x_wconf 75' lang='grc' dir='ltr'><strong>ρει</strong></span> <span class='ocrx_word' id='word_1_58' title='bbox 1540 1057 1667 1112; x_wconf 88' lang='lat' dir='ltr'><strong>ergo</strong></span> <span class='ocrx_word' id='word_1_59' title='bbox 1723 1041 1814 1096; x_wconf 90' lang='lat' dir='ltr'><strong>Dci</strong></span> <span class='ocrx_word' id='word_1_60' title='bbox 1869 1039 2096 1103; x_wconf 80' lang='lat' dir='ltr'><strong>femina,</strong></span> 
     </span>
    </p>
   </div>
   <div class='ocr_carea' id='block_1_9' title="bbox 529 1131 2094 1200">
    <p class='ocr_par' dir='ltr' id='par_1_9' title="bbox 529 1131 2094 1200">
     <span class='ocr_line' id='line_1_9' title="bbox 529 1131 2094 1200; baseline -0.003 -12"><span class='ocrx_word' id='word_1_61' title='bbox 529 1136 665 1189; x_wconf 87' lang='lat' dir='ltr'><strong>sicut</strong></span> <span class='ocrx_word' id='word_1_62' title='bbox 696 1135 777 1188; x_wconf 88' lang='lat' dir='ltr'><strong>vir</strong></span> <span class='ocrx_word' id='word_1_63' title='bbox 810 1153 824 1189; x_wconf 88' lang='lat'><strong>:</strong></span> <span class='ocrx_word' id='word_1_64' title='bbox 854 1134 948 1190; x_wconf 89' lang='lat' dir='ltr'><strong>sed</strong></span> <span class='ocrx_word' id='word_1_65' title='bbox 969 1143 1026 1190; x_wconf 91' lang='lat' dir='ltr'><strong>ut</strong></span> <span class='ocrx_word' id='word_1_66' title='bbox 1053 1134 1121 1190; x_wconf 93' lang='lat' dir='ltr'><strong>de</strong></span> <span class='ocrx_word' id='word_1_67' title='bbox 1146 1134 1261 1188; x_wconf 86' lang='lat' dir='ltr'><strong>viro</strong></span> <span class='ocrx_word' id='word_1_68' title='bbox 1289 1134 1460 1200; x_wconf 90' lang='lat' dir='ltr'><strong>ﬁeret,</strong></span> <span class='ocrx_word' id='word_1_69' title='bbox 1487 1133 1658 1188; x_wconf 85' lang='lat' dir='ltr'><strong>unitas</strong></span> <span class='ocrx_word' id='word_1_70' title='bbox 1681 1131 2045 1187; x_wconf 87' lang='lat' dir='ltr'><strong>commendata</strong></span> <span class='ocrx_word' id='word_1_71' title='bbox 2078 1144 2094 1194; x_wconf 91' lang='lat'><strong>;</strong></span> 
     </span>
    </p>
   </div>
   <div class='ocr_carea' id='block_1_10' title="bbox 531 1221 2093 1290">
    <p class='ocr_par' dir='ltr' id='par_1_10' title="bbox 531 1221 2093 1290">
     <span class='ocr_line' id='line_1_10' title="bbox 531 1221 2093 1290; baseline -0.004 -12"><span class='ocrx_word' id='word_1_72' title='bbox 531 1234 584 1279; x_wconf 92' lang='lat' dir='ltr'><strong>ut</strong></span> <span class='ocrx_word' id='word_1_73' title='bbox 613 1233 787 1279; x_wconf 88' lang='lat' dir='ltr'><strong>autem</strong></span> <span class='ocrx_word' id='word_1_74' title='bbox 820 1224 909 1279; x_wconf 88' lang='lat' dir='ltr'><strong>illo</strong></span> <span class='ocrx_word' id='word_1_75' title='bbox 935 1224 1095 1280; x_wconf 89' lang='lat' dir='ltr'><strong>modo</strong></span> <span class='ocrx_word' id='word_1_76' title='bbox 1125 1224 1278 1279; x_wconf 92' lang='lat' dir='ltr'><strong>ﬁeret</strong></span> <span class='ocrx_word' id='word_1_77' title='bbox 1303 1265 1318 1290; x_wconf 87' lang='lat'><strong>,</strong></span> <span class='ocrx_word' id='word_1_78' title='bbox 1345 1223 1587 1278; x_wconf 87' lang='lat' dir='ltr'><strong>Christus</strong></span> <span class='ocrx_word' id='word_1_79' title='bbox 1611 1264 1626 1288; x_wconf 90' lang='lat'><strong>,</strong></span> <span class='ocrx_word' id='word_1_80' title='bbox 1655 1230 1711 1276; x_wconf 94' lang='lat' dir='ltr'><strong>ut</strong></span> <span class='ocrx_word' id='word_1_81' title='bbox 1735 1221 1932 1276; x_wconf 91' lang='lat' dir='ltr'><strong>dictum</strong></span> <span class='ocrx_word' id='word_1_82' title='bbox 1974 1229 2053 1274; x_wconf 88' lang='lat' dir='ltr'><strong>est</strong></span> <span class='ocrx_word' id='word_1_83' title='bbox 2077 1259 2093 1283; x_wconf 92' lang='lat'><strong>,</strong></span> 
     </span>
    </p>
   </div>
   <div class='ocr_carea' id='block_1_11' title="bbox 529 1313 2094 1384">
    <p class='ocr_par' dir='ltr' id='par_1_11' title="bbox 529 1313 2094 1384">
     <span class='ocr_line' id='line_1_11' title="bbox 529 1313 2094 1384; baseline -0.005 -16"><span class='ocrx_word' id='word_1_84' title='bbox 529 1323 583 1368; x_wconf 91' lang='lat' dir='ltr'><strong>et</strong></span> <span class='ocrx_word' id='word_1_85' title='bbox 623 1313 859 1369; x_wconf 88' lang='lat' dir='ltr'><strong>Ecclesia</strong></span> <span class='ocrx_word' id='word_1_86' title='bbox 890 1313 1108 1384; x_wconf 89' lang='lat' dir='ltr'><strong>ﬁgurata</strong></span> <span class='ocrx_word' id='word_1_87' title='bbox 1159 1321 1260 1369; x_wconf 88' lang='lat' dir='ltr'><strong>est.</strong></span> <span class='ocrx_word' id='word_1_88' title='bbox 1290 1313 1389 1380; x_wconf 86' lang='lat' dir='ltr'><strong>Qui</strong></span> <span class='ocrx_word' id='word_1_89' title='bbox 1439 1327 1566 1382; x_wconf 89' lang='lat' dir='ltr'><strong>ergo</strong></span> <span class='ocrx_word' id='word_1_90' title='bbox 1595 1320 1874 1380; x_wconf 88' lang='lat' dir='ltr'><strong>utrumque</strong></span> <span class='ocrx_word' id='word_1_91' title='bbox 1911 1324 2094 1364; x_wconf 78' lang='lat' dir='ltr'><strong>sexum</strong></span> 
     </span>
    </p>
   </div>
   <div class='ocr_carea' id='block_1_12' title="bbox 531 1398 2095 1474">
    <p class='ocr_par' dir='ltr' id='par_1_12' title="bbox 531 1398 2095 1474">
     <span class='ocr_line' id='line_1_12' title="bbox 531 1398 2095 1474; baseline -0.004 -16"><span class='ocrx_word' id='word_1_92' title='bbox 531 1404 796 1472; x_wconf 90' lang='lat' dir='ltr'><strong>instituit,</strong></span> <span class='ocrx_word' id='word_1_93' title='bbox 828 1413 1110 1474; x_wconf 89' lang='lat' dir='ltr'><strong>utrumque</strong></span> <span class='ocrx_word' id='word_1_94' title='bbox 1149 1403 1410 1458; x_wconf 87' lang='lat' dir='ltr'><strong>restituet.</strong></span> <span class='ocrx_word' id='word_1_95' title='bbox 1445 1401 1682 1470; x_wconf 87' lang='lat' dir='ltr'><strong>Denique</strong></span> <span class='ocrx_word' id='word_1_96' title='bbox 1705 1409 1760 1455; x_wconf 91' lang='lat' dir='ltr'><strong>et</strong></span> <span class='ocrx_word' id='word_1_97' title='bbox 1786 1401 1897 1469; x_wconf 90' lang='lat' dir='ltr'><strong>ipse</strong></span> <span class='ocrx_word' id='word_1_98' title='bbox 1941 1398 2095 1453; x_wconf 89' lang='lat' dir='ltr'><strong>Jesus</strong></span> 
     </span>
    </p>
   </div>
   <div class='ocr_carea' id='block_1_13' title="bbox 533 1489 2090 1564">
    <p class='ocr_par' dir='ltr' id='par_1_13' title="bbox 533 1489 2090 1564">
     <span class='ocr_line' id='line_1_13' title="bbox 533 1489 2090 1564; baseline -0.004 -17"><span class='ocrx_word' id='word_1_99' title='bbox 533 1494 897 1564; x_wconf 77' lang='lat' dir='ltr'><strong>interrogatus</strong></span> <span class='ocrx_word' id='word_1_100' title='bbox 922 1509 951 1548; x_wconf 91' lang='lat' dir='ltr'><strong>a</strong></span> <span class='ocrx_word' id='word_1_101' title='bbox 980 1493 1304 1556; x_wconf 74' lang='lat' dir='ltr'><strong>Sadducscis,</strong></span> <span class='ocrx_word' id='word_1_102' title='bbox 1327 1491 1415 1562; x_wconf 90' lang='lat' dir='ltr'><strong>qui</strong></span> <span class='ocrx_word' id='word_1_103' title='bbox 1445 1491 1706 1561; x_wconf 88' lang='lat' dir='ltr'><strong>negabant</strong></span> <span class='ocrx_word' id='word_1_104' title='bbox 1735 1489 2090 1544; x_wconf 55' lang='lat' dir='ltr'><strong>resurrectio.</strong></span> 
     </span>
    </p>
   </div>
   <div class='ocr_carea' id='block_1_14' title="bbox 524 1579 2093 1656">
    <p class='ocr_par' dir='ltr' id='par_1_14' title="bbox 524 1579 2093 1656">
     <span class='ocr_line' id='line_1_14' title="bbox 524 1579 2093 1656; baseline -0.004 -17"><span class='ocrx_word' id='word_1_105' title='bbox 524 1600 669 1651; x_wconf 91' lang='lat' dir='ltr'><strong>nem,</strong></span> <span class='ocrx_word' id='word_1_106' title='bbox 697 1586 848 1655; x_wconf 86' lang='lat' dir='ltr'><strong>cujus</strong></span> <span class='ocrx_word' id='word_1_107' title='bbox 874 1593 1075 1656; x_wconf 87' lang='lat' dir='ltr'><strong>septem</strong></span> <span class='ocrx_word' id='word_1_108' title='bbox 1127 1582 1346 1638; x_wconf 80' lang='lat' dir='ltr'><strong>fratrum</strong></span> <span class='ocrx_word' id='word_1_109' title='bbox 1373 1583 1474 1637; x_wconf 91' lang='lat' dir='ltr'><strong>erit</strong></span> <span class='ocrx_word' id='word_1_110' title='bbox 1503 1597 1634 1636; x_wconf 84' lang='lat' dir='ltr'><strong>uxor</strong></span> <span class='ocrx_word' id='word_1_111' title='bbox 1657 1623 1671 1648; x_wconf 92' lang='lat'><strong>,</strong></span> <span class='ocrx_word' id='word_1_112' title='bbox 1699 1596 1854 1652; x_wconf 91' lang='lat' dir='ltr'><strong>quam</strong></span> <span class='ocrx_word' id='word_1_113' title='bbox 1901 1579 2093 1649; x_wconf 81' lang='lat' dir='ltr'><strong>singuli</strong></span> 
     </span>
    </p>
   </div>
   <div class='ocr_carea' id='block_1_15' title="bbox 526 1669 2090 1744">
    <p class='ocr_par' dir='ltr' id='par_1_15' title="bbox 526 1669 2090 1744">
     <span class='ocr_line' id='line_1_15' title="bbox 526 1669 2090 1744; baseline -0.004 -16"><span class='ocrx_word' id='word_1_114' title='bbox 526 1675 861 1742; x_wconf 87' lang='lat' dir='ltr'><strong>habuerunt,</strong></span> <span class='ocrx_word' id='word_1_115' title='bbox 896 1675 1019 1729; x_wconf 90' lang='lat' dir='ltr'><strong>dum</strong></span> <span class='ocrx_word' id='word_1_116' title='bbox 1049 1673 1272 1744; x_wconf 90' lang='lat' dir='ltr'><strong>quisque</strong></span> <span class='ocrx_word' id='word_1_117' title='bbox 1301 1687 1486 1727; x_wconf 90' lang='lat' dir='ltr'><strong>eorum</strong></span> <span class='ocrx_word' id='word_1_118' title='bbox 1538 1672 1701 1727; x_wconf 81' lang='lat' dir='ltr'><strong>vellet</strong></span> <span class='ocrx_word' id='word_1_119' title='bbox 1728 1669 1960 1725; x_wconf 79' lang='lat' dir='ltr'><strong>defuncti</strong></span> <span class='ocrx_word' id='word_1_120' title='bbox 2005 1685 2090 1723; x_wconf 85' lang='lat' dir='ltr'><strong>se-</strong></span> 
     </span>
    </p>
   </div>
   <div class='ocr_carea' id='block_1_16' title="bbox 503 1761 2090 1836">
    <p class='ocr_par' dir='ltr' id='par_1_16' title="bbox 503 1761 2090 1836">
     <span class='ocr_line' id='line_1_16' title="bbox 503 1761 2090 1836; baseline -0.003 -17"><span class='ocrx_word' id='word_1_121' title='bbox 503 1781 671 1833; x_wconf 55' lang='lat' dir='ltr'><strong>tmen,</strong></span> <span class='ocrx_word' id='word_1_122' title='bbox 701 1767 836 1821; x_wconf 90' lang='lat' dir='ltr'><strong>sicut</strong></span> <span class='ocrx_word' id='word_1_123' title='bbox 859 1766 967 1822; x_wconf 80' lang='lat' dir='ltr'><strong>Lex</strong></span> <span class='ocrx_word' id='word_1_124' title='bbox 982 1773 1326 1836; x_wconf 73' lang='lat' dir='ltr'><strong>prazceperat,</strong></span> <span class='ocrx_word' id='word_1_125' title='bbox 1355 1763 1618 1818; x_wconf 81' lang='lat' dir='ltr'><strong>excitare:</strong></span> <span class='ocrx_word' id='word_1_126' title='bbox 1650 1761 1868 1829; x_wconf 75' lang='lat' dir='ltr'><strong>Erratis,</strong></span> <span class='ocrx_word' id='word_1_127' title='bbox 1903 1761 2090 1831; x_wconf 86' lang='lat' dir='ltr'><strong>inquit,</strong></span> 
     </span>
    </p>
   </div>
   <div class='ocr_carea' id='block_1_17' title="bbox 526 1851 2090 1928">
    <p class='ocr_par' dir='ltr' id='par_1_17' title="bbox 526 1851 2090 1928">
     <span class='ocr_line' id='line_1_17' title="bbox 526 1851 2090 1928; baseline -0.003 -17"><span class='ocrx_word' id='word_1_128' title='bbox 526 1862 796 1913; x_wconf 85' lang='lat' dir='ltr'><strong>nescientes</strong></span> <span class='ocrx_word' id='word_1_129' title='bbox 827 1858 1140 1928; x_wconf 89' lang='lat' dir='ltr'><strong>Scripturas,</strong></span> <span class='ocrx_word' id='word_1_130' title='bbox 1170 1871 1328 1925; x_wconf 87' lang='lat' dir='ltr'><strong>neque</strong></span> <span class='ocrx_word' id='word_1_131' title='bbox 1351 1856 1578 1909; x_wconf 81' lang='lat' dir='ltr'><strong>virtutem</strong></span> <span class='ocrx_word' id='word_1_132' title='bbox 1597 1853 1690 1907; x_wconf 97' lang='lat' dir='ltr'><strong>Dei</strong></span> <span class='ocrx_word' id='word_1_133' title='bbox 1716 1851 1926 1923; x_wconf 82' lang='lat' dir='ltr'><strong>(Matth.</strong></span> <span class='ocrx_word' id='word_1_134' title='bbox 1961 1867 2090 1918; x_wconf 77' lang='lat' dir='ltr'><strong>xxu,</strong></span> 
     </span>
    </p>
   </div>
   <div class='ocr_carea' id='block_1_18' title="bbox 518 1945 2092 2022">
    <p class='ocr_par' dir='ltr' id='par_1_18' title="bbox 518 1945 2092 2022">
     <span class='ocr_line' id='line_1_18' title="bbox 518 1945 2092 2022; baseline -0.002 -20"><span class='ocrx_word' id='word_1_135' title='bbox 518 1949 633 2022; x_wconf 75' lang='lat'><strong>29).</strong></span> <span class='ocrx_word' id='word_1_136' title='bbox 664 1949 731 2002; x_wconf 90' lang='lat' dir='ltr'><strong>Et</strong></span> <span class='ocrx_word' id='word_1_137' title='bbox 757 1965 874 2003; x_wconf 90' lang='lat' dir='ltr'><strong>cum</strong></span> <span class='ocrx_word' id='word_1_138' title='bbox 909 1949 1056 2003; x_wconf 91' lang='lat' dir='ltr'><strong>locus</strong></span> <span class='ocrx_word' id='word_1_139' title='bbox 1102 1958 1245 2002; x_wconf 90' lang='lat' dir='ltr'><strong>esset</strong></span> <span class='ocrx_word' id='word_1_140' title='bbox 1272 1948 1311 2013; x_wconf 74' lang='grc' dir='ltr'><strong>ι,</strong></span> <span class='ocrx_word' id='word_1_141' title='bbox 1337 1956 1396 2001; x_wconf 86' lang='grc' dir='ltr'><strong>ιιι</strong></span> <span class='ocrx_word' id='word_1_142' title='bbox 1423 1947 1644 2011; x_wconf 84' lang='lat' dir='ltr'><strong>diceret,</strong></span> <span class='ocrx_word' id='word_1_143' title='bbox 1699 1945 1772 2000; x_wconf 91' lang='lat' dir='ltr'><strong>De</strong></span> <span class='ocrx_word' id='word_1_144' title='bbox 1799 1959 1900 2014; x_wconf 89' lang='lat' dir='ltr'><strong>qua</strong></span> <span class='ocrx_word' id='word_1_145' title='bbox 1949 1945 2092 1999; x_wconf 90' lang='lat' dir='ltr'><strong>enim</strong></span> 
     </span>
    </p>
   </div>
   <div class='ocr_carea' id='block_1_19' title="bbox 517 2024 2092 2109">
    <p class='ocr_par' dir='ltr' id='par_1_19' title="bbox 517 2024 2092 2109">
     <span class='ocr_line' id='line_1_19' title="bbox 517 2024 2092 2109; baseline -0.005 -14"><span class='ocrx_word' id='word_1_146' title='bbox 517 2056 606 2095; x_wconf 91' lang='lat' dir='ltr'><strong>me</strong></span> <span class='ocrx_word' id='word_1_147' title='bbox 636 2039 991 2109; x_wconf 84' lang='lat' dir='ltr'><strong>interrogatis,</strong></span> <span class='ocrx_word' id='word_1_148' title='bbox 1015 2040 1099 2093; x_wconf 87' lang='lat' dir='ltr'><strong>vir</strong></span> <span class='ocrx_word' id='word_1_149' title='bbox 1125 2039 1223 2094; x_wconf 88' lang='lat' dir='ltr'><strong>erit</strong></span> <span class='ocrx_word' id='word_1_150' title='bbox 1252 2038 1411 2093; x_wconf 89' lang='lat' dir='ltr'><strong>etiam</strong></span> <span class='ocrx_word' id='word_1_151' title='bbox 1440 2024 1569 2107; x_wconf 65' lang='lat' dir='ltr'><strong>ipsa,</strong></span> <span class='ocrx_word' id='word_1_152' title='bbox 1603 2051 1710 2090; x_wconf 92' lang='lat' dir='ltr'><strong>non</strong></span> <span class='ocrx_word' id='word_1_153' title='bbox 1740 2036 1959 2099; x_wconf 87' lang='lat' dir='ltr'><strong>mulier;</strong></span> <span class='ocrx_word' id='word_1_154' title='bbox 1987 2049 2092 2088; x_wconf 89' lang='lat' dir='ltr'><strong>non</strong></span> 
     </span>
    </p>
   </div>
   <div class='ocr_carea' id='block_1_20' title="bbox 520 2127 2094 2196">
    <p class='ocr_par' dir='ltr' id='par_1_20' title="bbox 520 2127 2094 2196">
     <span class='ocr_line' id='line_1_20' title="bbox 520 2127 2094 2196; baseline -0.004 -10"><span class='ocrx_word' id='word_1_155' title='bbox 520 2132 620 2186; x_wconf 84' lang='lat' dir='ltr'><strong>hoc</strong></span> <span class='ocrx_word' id='word_1_156' title='bbox 642 2131 774 2184; x_wconf 74' lang='lat' dir='ltr'><strong>dixit</strong></span> <span class='ocrx_word' id='word_1_157' title='bbox 806 2147 822 2185; x_wconf 91' lang='lat'><strong>:</strong></span> <span class='ocrx_word' id='word_1_158' title='bbox 845 2129 937 2184; x_wconf 87' lang='lat' dir='ltr'><strong>sed</strong></span> <span class='ocrx_word' id='word_1_159' title='bbox 967 2129 1104 2184; x_wconf 76' lang='lat' dir='ltr'><strong>dixit</strong></span> <span class='ocrx_word' id='word_1_160' title='bbox 1131 2170 1146 2194; x_wconf 91' lang='lat'><strong>,</strong></span> <span class='ocrx_word' id='word_1_161' title='bbox 1176 2128 1245 2187; x_wconf 85' lang='lat' dir='ltr'><strong>In</strong></span> <span class='ocrx_word' id='word_1_162' title='bbox 1272 2129 1632 2183; x_wconf 69' lang='lat' dir='ltr'><strong>resurrectione</strong></span> <span class='ocrx_word' id='word_1_163' title='bbox 1656 2127 1788 2180; x_wconf 90' lang='lat' dir='ltr'><strong>enim</strong></span> <span class='ocrx_word' id='word_1_164' title='bbox 1818 2142 1973 2196; x_wconf 76' lang='lat' dir='ltr'><strong>neque</strong></span> <span class='ocrx_word' id='word_1_165' title='bbox 1998 2142 2094 2179; x_wconf 84' lang='lat' dir='ltr'><strong>nu-</strong></span> 
     </span>
    </p>
   </div>
   <div class='ocr_carea' id='block_1_21' title="bbox 519 2216 2093 2294">
    <p class='ocr_par' dir='ltr' id='par_1_21' title="bbox 519 2216 2093 2294">
     <span class='ocr_line' id='line_1_21' title="bbox 519 2216 2093 2294; baseline -0.003 -19"><span class='ocrx_word' id='word_1_166' title='bbox 519 2225 630 2276; x_wconf 86' lang='lat' dir='ltr'><strong>beut</strong></span> <span class='ocrx_word' id='word_1_167' title='bbox 654 2263 669 2288; x_wconf 91' lang='lat'><strong>,</strong></span> <span class='ocrx_word' id='word_1_168' title='bbox 702 2238 859 2294; x_wconf 87' lang='lat' dir='ltr'><strong>neque</strong></span> <span class='ocrx_word' id='word_1_169' title='bbox 907 2237 1088 2275; x_wconf 78' lang='lat' dir='ltr'><strong>uxores</strong></span> <span class='ocrx_word' id='word_1_170' title='bbox 1116 2222 1336 2286; x_wconf 76' lang='lat' dir='ltr'><strong>ducent,</strong></span> <span class='ocrx_word' id='word_1_171' title='bbox 1359 2220 1447 2273; x_wconf 89' lang='lat' dir='ltr'><strong>sed</strong></span> <span class='ocrx_word' id='word_1_172' title='bbox 1476 2228 1590 2272; x_wconf 86' lang='lat' dir='ltr'><strong>sunt</strong></span> <span class='ocrx_word' id='word_1_173' title='bbox 1619 2218 1745 2273; x_wconf 91' lang='lat' dir='ltr'><strong>sicut</strong></span> <span class='ocrx_word' id='word_1_174' title='bbox 1799 2217 1972 2288; x_wconf 62' lang='grc' dir='ltr'><strong>Ληρειί</strong></span> <span class='ocrx_word' id='word_1_175' title='bbox 1999 2216 2093 2270; x_wconf 89' lang='lat' dir='ltr'><strong>Dei</strong></span> 
     </span>
    </p>
   </div>
   <div class='ocr_carea' id='block_1_22' title="bbox 515 2308 2093 2383">
    <p class='ocr_par' dir='ltr' id='par_1_22' title="bbox 515 2308 2093 2383">
     <span class='ocr_line' id='line_1_22' title="bbox 515 2308 2093 2383; baseline -0.003 -17"><span class='ocrx_word' id='word_1_176' title='bbox 515 2313 569 2366; x_wconf 87' lang='lat' dir='ltr'><strong>in</strong></span> <span class='ocrx_word' id='word_1_177' title='bbox 623 2311 746 2366; x_wconf 78' lang='lat' dir='ltr'><strong>caelo</strong></span> <span class='ocrx_word' id='word_1_178' title='bbox 776 2309 935 2383; x_wconf 84' lang='lat' dir='ltr'><strong>(Ibid.</strong></span> <span class='ocrx_word' id='word_1_179' title='bbox 982 2309 1094 2381; x_wconf 76' lang='lat'><strong>50).</strong></span> <span class='ocrx_word' id='word_1_180' title='bbox 1127 2309 1381 2380; x_wconf 64' lang='lat' dir='ltr'><strong>Aiquales</strong></span> <span class='ocrx_word' id='word_1_181' title='bbox 1412 2309 1593 2380; x_wconf 87' lang='lat' dir='ltr'><strong>utique</strong></span> <span class='ocrx_word' id='word_1_182' title='bbox 1629 2308 1845 2378; x_wconf 87' lang='lat' dir='ltr'><strong>Angelis</strong></span> <span class='ocrx_word' id='word_1_183' title='bbox 1876 2309 2093 2362; x_wconf 90' lang='lat' dir='ltr'><strong>immor-</strong></span> 
     </span>
    </p>
   </div>
   <div class='ocr_carea' id='block_1_23' title="bbox 516 2403 2085 2470">
    <p class='ocr_par' dir='ltr' id='par_1_23' title="bbox 516 2403 2085 2470">
     <span class='ocr_line' id='line_1_23' title="bbox 516 2403 2085 2470; baseline -0.002 -13"><span class='ocrx_word' id='word_1_184' title='bbox 516 2404 719 2459; x_wconf 90' lang='lat' dir='ltr'><strong>talitate</strong></span> <span class='ocrx_word' id='word_1_185' title='bbox 744 2419 806 2458; x_wconf 87' lang='lat' dir='ltr'><strong>ac</strong></span> <span class='ocrx_word' id='word_1_186' title='bbox 831 2403 1102 2470; x_wconf 86' lang='lat' dir='ltr'><strong>felicitate,</strong></span> <span class='ocrx_word' id='word_1_187' title='bbox 1139 2418 1245 2458; x_wconf 87' lang='lat' dir='ltr'><strong>non</strong></span> <span class='ocrx_word' id='word_1_188' title='bbox 1289 2418 1450 2458; x_wconf 87' lang='lat' dir='ltr'><strong>carne</strong></span> <span class='ocrx_word' id='word_1_189' title='bbox 1480 2419 1492 2456; x_wconf 95' lang='lat'>:</span> <span class='ocrx_word' id='word_1_190' title='bbox 1525 2403 1663 2456; x_wconf 89' lang='lat' dir='ltr'><strong>sicut</strong></span> <span class='ocrx_word' id='word_1_191' title='bbox 1708 2416 1806 2455; x_wconf 91' lang='lat' dir='ltr'><strong>nec</strong></span> <span class='ocrx_word' id='word_1_192' title='bbox 1846 2416 2085 2455; x_wconf 82' lang='lat' dir='ltr'><strong>resurre-</strong></span> 
     </span>
    </p>
   </div>
   <div class='ocr_carea' id='block_1_24' title="bbox 520 2493 2091 2566">
    <p class='ocr_par' dir='ltr' id='par_1_24' title="bbox 520 2493 2091 2566">
     <span class='ocr_line' id='line_1_24' title="bbox 520 2493 2091 2566; baseline -0.001 -17"><span class='ocrx_word' id='word_1_193' title='bbox 520 2496 725 2560; x_wconf 89' lang='lat' dir='ltr'><strong>ctione,</strong></span> <span class='ocrx_word' id='word_1_194' title='bbox 776 2509 879 2566; x_wconf 91' lang='lat' dir='ltr'><strong>qua</strong></span> <span class='ocrx_word' id='word_1_195' title='bbox 927 2509 1032 2548; x_wconf 89' lang='lat' dir='ltr'><strong>non</strong></span> <span class='ocrx_word' id='word_1_196' title='bbox 1063 2493 1398 2564; x_wconf 87' lang='lat' dir='ltr'><strong>indiguerunt</strong></span> <span class='ocrx_word' id='word_1_197' title='bbox 1436 2493 1657 2563; x_wconf 87' lang='lat' dir='ltr'><strong>Angeli;</strong></span> <span class='ocrx_word' id='word_1_198' title='bbox 1688 2495 1935 2562; x_wconf 81' lang='lat' dir='ltr'><strong>quoniam</strong></span> <span class='ocrx_word' id='word_1_199' title='bbox 1994 2507 2091 2548; x_wconf 89' lang='lat' dir='ltr'><strong>nec</strong></span> 
     </span>
    </p>
   </div>
   <div class='ocr_carea' id='block_1_25' title="bbox 516 2582 2088 2656">
    <p class='ocr_par' dir='ltr' id='par_1_25' title="bbox 516 2582 2088 2656">
     <span class='ocr_line' id='line_1_25' title="bbox 516 2582 2088 2656; baseline -0.004 -16"><span class='ocrx_word' id='word_1_200' title='bbox 516 2586 651 2641; x_wconf 90' lang='lat' dir='ltr'><strong>mori</strong></span> <span class='ocrx_word' id='word_1_201' title='bbox 691 2592 994 2656; x_wconf 89' lang='lat' dir='ltr'><strong>potuerunt.</strong></span> <span class='ocrx_word' id='word_1_202' title='bbox 1015 2584 1231 2654; x_wconf 86' lang='lat' dir='ltr'><strong>Nuptias</strong></span> <span class='ocrx_word' id='word_1_203' title='bbox 1249 2599 1374 2654; x_wconf 85' lang='lat' dir='ltr'><strong>ergo</strong></span> <span class='ocrx_word' id='word_1_204' title='bbox 1401 2583 1654 2638; x_wconf 91' lang='lat' dir='ltr'><strong>Dominus</strong></span> <span class='ocrx_word' id='word_1_205' title='bbox 1689 2582 1899 2637; x_wconf 89' lang='lat' dir='ltr'><strong>futuras</strong></span> <span class='ocrx_word' id='word_1_206' title='bbox 1929 2598 2088 2654; x_wconf 85' lang='lat' dir='ltr'><strong>nega-</strong></span> 
     </span>
    </p>
   </div>
   <div class='ocr_carea' id='block_1_26' title="bbox 519 2673 2091 2744">
    <p class='ocr_par' dir='ltr' id='par_1_26' title="bbox 519 2673 2091 2744">
     <span class='ocr_line' id='line_1_26' title="bbox 519 2673 2091 2744; baseline 0 -16"><span class='ocrx_word' id='word_1_207' title='bbox 519 2676 600 2730; x_wconf 68' lang='lat' dir='ltr'><strong>vit</strong></span> <span class='ocrx_word' id='word_1_208' title='bbox 627 2691 747 2731; x_wconf 88' lang='lat' dir='ltr'><strong>esse</strong></span> <span class='ocrx_word' id='word_1_209' title='bbox 775 2678 827 2730; x_wconf 94' lang='lat' dir='ltr'><strong>in</strong></span> <span class='ocrx_word' id='word_1_210' title='bbox 859 2677 1252 2730; x_wconf 85' lang='lat' dir='ltr'><strong>resurrectione</strong></span> <span class='ocrx_word' id='word_1_211' title='bbox 1280 2715 1295 2741; x_wconf 93' lang='lat'><strong>,</strong></span> <span class='ocrx_word' id='word_1_212' title='bbox 1320 2689 1424 2728; x_wconf 92' lang='lat' dir='ltr'><strong>non</strong></span> <span class='ocrx_word' id='word_1_213' title='bbox 1460 2673 1682 2730; x_wconf 88' lang='lat' dir='ltr'><strong>feminas</strong></span> <span class='ocrx_word' id='word_1_214' title='bbox 1707 2691 1719 2726; x_wconf 93' lang='lat'><strong>:</strong></span> <span class='ocrx_word' id='word_1_215' title='bbox 1750 2683 1805 2729; x_wconf 92' lang='lat' dir='ltr'><strong>et</strong></span> <span class='ocrx_word' id='word_1_216' title='bbox 1834 2674 1904 2728; x_wconf 89' lang='lat' dir='ltr'><strong>ibi</strong></span> <span class='ocrx_word' id='word_1_217' title='bbox 1931 2690 2091 2744; x_wconf 91' lang='lat' dir='ltr'><strong>nega-</strong></span> 
     </span>
    </p>
   </div>
   <div class='ocr_carea' id='block_1_27' title="bbox 517 2766 2090 2838">
    <p class='ocr_par' dir='ltr' id='par_1_27' title="bbox 517 2766 2090 2838">
     <span class='ocr_line' id='line_1_27' title="bbox 517 2766 2090 2838; baseline -0.003 -16"><span class='ocrx_word' id='word_1_218' title='bbox 517 2769 614 2835; x_wconf 92' lang='lat' dir='ltr'><strong>vit,</strong></span> <span class='ocrx_word' id='word_1_219' title='bbox 643 2768 731 2822; x_wconf 91' lang='lat' dir='ltr'><strong>ubi</strong></span> <span class='ocrx_word' id='word_1_220' title='bbox 754 2767 874 2823; x_wconf 89' lang='lat' dir='ltr'><strong>talis</strong></span> <span class='ocrx_word' id='word_1_221' title='bbox 919 2767 1145 2838; x_wconf 71' lang='lat' dir='ltr'><strong>quaestio</strong></span> <span class='ocrx_word' id='word_1_222' title='bbox 1175 2766 1498 2830; x_wconf 81' lang='lat' dir='ltr'><strong>vertebatur,</strong></span> <span class='ocrx_word' id='word_1_223' title='bbox 1527 2775 1584 2820; x_wconf 91' lang='lat' dir='ltr'><strong>ut</strong></span> <span class='ocrx_word' id='word_1_224' title='bbox 1603 2781 1720 2820; x_wconf 89' lang='lat' dir='ltr'><strong>eam</strong></span> <span class='ocrx_word' id='word_1_225' title='bbox 1751 2774 1939 2835; x_wconf 76' lang='lat' dir='ltr'><strong>negato</strong></span> <span class='ocrx_word' id='word_1_226' title='bbox 1959 2780 2090 2820; x_wconf 77' lang='lat' dir='ltr'><strong>sexu</strong></span> 
     </span>
    </p>
   </div>
   <div class='ocr_carea' id='block_1_28' title="bbox 519 2855 2089 2920">
    <p class='ocr_par' dir='ltr' id='par_1_28' title="bbox 519 2855 2089 2920">
     <span class='ocr_line' id='line_1_28' title="bbox 519 2855 2089 2920; baseline -0.003 -6"><span class='ocrx_word' id='word_1_227' title='bbox 519 2859 762 2914; x_wconf 88' lang='lat' dir='ltr'><strong>muliebri</strong></span> <span class='ocrx_word' id='word_1_228' title='bbox 810 2859 1070 2914; x_wconf 87' lang='lat' dir='ltr'><strong>celeriore</strong></span> <span class='ocrx_word' id='word_1_229' title='bbox 1117 2858 1364 2912; x_wconf 88' lang='lat' dir='ltr'><strong>facilitate</strong></span> <span class='ocrx_word' id='word_1_230' title='bbox 1419 2857 1760 2920; x_wconf 86' lang='lat' dir='ltr'><strong>dissolveret,</strong></span> <span class='ocrx_word' id='word_1_231' title='bbox 1793 2857 1835 2910; x_wconf 92' lang='lat' dir='ltr'><strong>si</strong></span> <span class='ocrx_word' id='word_1_232' title='bbox 1865 2871 1984 2910; x_wconf 91' lang='lat' dir='ltr'><strong>eum</strong></span> <span class='ocrx_word' id='word_1_233' title='bbox 2016 2855 2089 2910; x_wconf 86' lang='lat' dir='ltr'><strong>ibi</strong></span> 
     </span>
    </p>
   </div>
   <div class='ocr_carea' id='block_1_29' title="bbox 519 2948 2091 3018">
    <p class='ocr_par' dir='ltr' id='par_1_29' title="bbox 519 2948 2091 3018">
     <span class='ocr_line' id='line_1_29' title="bbox 519 2948 2091 3018; baseline 0.001 -17"><span class='ocrx_word' id='word_1_234' title='bbox 519 2959 875 3018; x_wconf 70' lang='lat' dir='ltr'><strong>prrcnosccret</strong></span> <span class='ocrx_word' id='word_1_235' title='bbox 922 2966 1028 3006; x_wconf 92' lang='lat' dir='ltr'><strong>non</strong></span> <span class='ocrx_word' id='word_1_236' title='bbox 1057 2949 1326 3005; x_wconf 87' lang='lat' dir='ltr'><strong>futurum:</strong></span> <span class='ocrx_word' id='word_1_237' title='bbox 1361 2949 1468 3004; x_wconf 88' lang='lat' dir='ltr'><strong>imo</strong></span> <span class='ocrx_word' id='word_1_238' title='bbox 1505 2953 1663 3004; x_wconf 82' lang='lat' dir='ltr'><strong>etiam</strong></span> <span class='ocrx_word' id='word_1_239' title='bbox 1713 2948 1942 3002; x_wconf 89' lang='lat' dir='ltr'><strong>futurum</strong></span> <span class='ocrx_word' id='word_1_240' title='bbox 1970 2959 2091 3002; x_wconf 89' lang='lat' dir='ltr'><strong>esse</strong></span> 
     </span>
    </p>
   </div>
   <div class='ocr_carea' id='block_1_30' title="bbox 516 3039 2089 3110">
    <p class='ocr_par' dir='ltr' id='par_1_30' title="bbox 516 3039 2089 3110">
     <span class='ocr_line' id='line_1_30' title="bbox 516 3039 2089 3110; baseline -0.001 -16"><span class='ocrx_word' id='word_1_241' title='bbox 516 3041 746 3096; x_wconf 88' lang='lat' dir='ltr'><strong>ﬁrmavit</strong></span> <span class='ocrx_word' id='word_1_242' title='bbox 783 3041 1028 3106; x_wconf 88' lang='lat' dir='ltr'><strong>dicendo,</strong></span> <span class='ocrx_word' id='word_1_243' title='bbox 1064 3040 1183 3094; x_wconf 88' lang='lat' dir='ltr'><strong>Non</strong></span> <span class='ocrx_word' id='word_1_244' title='bbox 1212 3042 1431 3108; x_wconf 87' lang='lat' dir='ltr'><strong>nubent,</strong></span> <span class='ocrx_word' id='word_1_245' title='bbox 1455 3039 1595 3110; x_wconf 92' lang='lat' dir='ltr'><strong>quod</strong></span> <span class='ocrx_word' id='word_1_246' title='bbox 1619 3040 1684 3094; x_wconf 89' lang='lat' dir='ltr'><strong>ad</strong></span> <span class='ocrx_word' id='word_1_247' title='bbox 1718 3039 1944 3094; x_wconf 88' lang='lat' dir='ltr'><strong>feminas</strong></span> <span class='ocrx_word' id='word_1_248' title='bbox 1973 3055 2089 3108; x_wconf 88' lang='lat' dir='ltr'><strong>pcr-</strong></span> 
     </span>
    </p>
   </div>
   <div class='ocr_carea' id='block_1_31' title="bbox 515 3129 2092 3202">
    <p class='ocr_par' dir='ltr' id='par_1_31' title="bbox 515 3129 2092 3202">
     <span class='ocr_line' id='line_1_31' title="bbox 515 3129 2092 3202; baseline 0.002 -20"><span class='ocrx_word' id='word_1_249' title='bbox 515 3131 689 3198; x_wconf 90' lang='lat' dir='ltr'><strong>tinet;</strong></span> <span class='ocrx_word' id='word_1_250' title='bbox 719 3147 875 3202; x_wconf 86' lang='lat' dir='ltr'><strong>neque</strong></span> <span class='ocrx_word' id='word_1_251' title='bbox 921 3148 1099 3186; x_wconf 76' lang='lat' dir='ltr'><strong>uxores</strong></span> <span class='ocrx_word' id='word_1_252' title='bbox 1141 3133 1366 3198; x_wconf 89' lang='lat' dir='ltr'><strong>ducent,</strong></span> <span class='ocrx_word' id='word_1_253' title='bbox 1419 3130 1557 3200; x_wconf 89' lang='lat' dir='ltr'><strong>quod</strong></span> <span class='ocrx_word' id='word_1_254' title='bbox 1589 3130 1655 3184; x_wconf 89' lang='lat' dir='ltr'><strong>ad</strong></span> <span class='ocrx_word' id='word_1_255' title='bbox 1705 3131 1865 3193; x_wconf 89' lang='lat' dir='ltr'><strong>viros,</strong></span> <span class='ocrx_word' id='word_1_256' title='bbox 1922 3129 2092 3185; x_wconf 91' lang='lat' dir='ltr'><strong>Erunt</strong></span> 
     </span>
    </p>
   </div>
   <div class='ocr_carea' id='block_1_32' title="bbox 517 3221 2087 3292">
    <p class='ocr_par' dir='ltr' id='par_1_32' title="bbox 517 3221 2087 3292">
     <span class='ocr_line' id='line_1_32' title="bbox 517 3221 2087 3292; baseline 0 -16"><span class='ocrx_word' id='word_1_257' title='bbox 517 3237 680 3291; x_wconf 85' lang='lat' dir='ltr'><strong>ergo,</strong></span> <span class='ocrx_word' id='word_1_258' title='bbox 711 3237 828 3292; x_wconf 78' lang='lat' dir='ltr'><strong>qua:</strong></span> <span class='ocrx_word' id='word_1_259' title='bbox 867 3223 950 3278; x_wconf 88' lang='lat' dir='ltr'><strong>vel</strong></span> <span class='ocrx_word' id='word_1_260' title='bbox 993 3223 1192 3278; x_wconf 88' lang='lat' dir='ltr'><strong>nubere</strong></span> <span class='ocrx_word' id='word_1_261' title='bbox 1236 3221 1321 3276; x_wconf 91' lang='lat' dir='ltr'><strong>hic</strong></span> <span class='ocrx_word' id='word_1_262' title='bbox 1363 3222 1558 3287; x_wconf 90' lang='lat' dir='ltr'><strong>solent,</strong></span> <span class='ocrx_word' id='word_1_263' title='bbox 1590 3221 1671 3276; x_wconf 90' lang='lat' dir='ltr'><strong>vel</strong></span> <span class='ocrx_word' id='word_1_264' title='bbox 1717 3223 1910 3277; x_wconf 88' lang='lat' dir='ltr'><strong>ducere</strong></span> <span class='ocrx_word' id='word_1_265' title='bbox 1949 3235 2087 3276; x_wconf 80' lang='lat' dir='ltr'><strong>uxo-</strong></span> 
     </span>
    </p>
   </div>
   <div class='ocr_carea' id='block_1_33' title="bbox 515 3314 1388 3372">
    <p class='ocr_par' dir='ltr' id='par_1_33' title="bbox 515 3314 1388 3372">
     <span class='ocr_line' id='line_1_33' title="bbox 515 3314 1388 3372; baseline -0.003 -2"><span class='ocrx_word' id='word_1_266' title='bbox 515 3331 640 3371; x_wconf 87' lang='lat' dir='ltr'><strong>res:</strong></span> <span class='ocrx_word' id='word_1_267' title='bbox 671 3315 764 3372; x_wconf 91' lang='lat' dir='ltr'><strong>sed</strong></span> <span class='ocrx_word' id='word_1_268' title='bbox 804 3316 876 3370; x_wconf 88' lang='lat' dir='ltr'><strong>ibi</strong></span> <span class='ocrx_word' id='word_1_269' title='bbox 909 3315 1010 3371; x_wconf 84' lang='lat' dir='ltr'><strong>huc</strong></span> <span class='ocrx_word' id='word_1_270' title='bbox 1037 3330 1140 3369; x_wconf 90' lang='lat' dir='ltr'><strong>non</strong></span> <span class='ocrx_word' id='word_1_271' title='bbox 1177 3314 1388 3369; x_wconf 85' lang='lat' dir='ltr'><strong>facient.</strong></span> 
     </span>
    </p>
   </div>
   <div class='ocr_carea' id='block_1_34' title="bbox 499 3423 2086 3496">
    <p class='ocr_par' dir='ltr' id='par_1_34' title="bbox 499 3423 2086 3496">
     <span class='ocr_line' id='line_1_34' title="bbox 499 3423 2086 3496; baseline -0.004 -11"><span class='ocrx_word' id='word_1_272' title='bbox 499 3429 738 3486; x_wconf 81' lang='lat' dir='ltr'><strong>CAPUT</strong></span> <span class='ocrx_word' id='word_1_273' title='bbox 769 3423 954 3484; x_wconf 76' lang='lat' dir='ltr'><strong>XVlll.</strong></span> <span class='ocrx_word' id='word_1_274' title='bbox 984 3457 1057 3468; x_wconf 91' lang='grc'><strong><em>-</em></strong></span> <span class='ocrx_word' id='word_1_275' title='bbox 1081 3426 1160 3481; x_wconf 89' lang='lat' dir='ltr'><strong>De</strong></span> <span class='ocrx_word' id='word_1_276' title='bbox 1185 3427 1290 3481; x_wconf 88' lang='lat' dir='ltr'><strong>viro</strong></span> <span class='ocrx_word' id='word_1_277' title='bbox 1344 3425 1564 3496; x_wconf 76' lang='lat' dir='ltr'><strong>perfecto</strong></span> <span class='ocrx_word' id='word_1_278' title='bbox 1591 3465 1607 3490; x_wconf 90' lang='lat'><strong>,</strong></span> <span class='ocrx_word' id='word_1_279' title='bbox 1635 3425 1689 3479; x_wconf 90' lang='lat' dir='ltr'><strong>id</strong></span> <span class='ocrx_word' id='word_1_280' title='bbox 1735 3435 1807 3479; x_wconf 88' lang='lat' dir='ltr'><strong>est</strong></span> <span class='ocrx_word' id='word_1_281' title='bbox 1846 3424 2046 3480; x_wconf 86' lang='lat' dir='ltr'><strong>Christo</strong></span> <span class='ocrx_word' id='word_1_282' title='bbox 2072 3465 2086 3489; x_wconf 92' lang='lat'><strong>,</strong></span> 
     </span>
    </p>
   </div>
   <div class='ocr_carea' id='block_1_35' title="bbox 585 3517 2091 3592">
    <p class='ocr_par' dir='ltr' id='par_1_35' title="bbox 585 3517 2091 3592">
     <span class='ocr_line' id='line_1_35' title="bbox 585 3517 2091 3592; baseline -0.001 -18"><span class='ocrx_word' id='word_1_283' title='bbox 585 3531 633 3575; x_wconf 89' lang='lat' dir='ltr'><strong>et</strong></span> <span class='ocrx_word' id='word_1_284' title='bbox 657 3536 867 3592; x_wconf 85' lang='lat' dir='ltr'><strong>corpore</strong></span> <span class='ocrx_word' id='word_1_285' title='bbox 893 3521 1002 3590; x_wconf 83' lang='lat' dir='ltr'><strong>ejus</strong></span> <span class='ocrx_word' id='word_1_286' title='bbox 1025 3561 1040 3588; x_wconf 93' lang='lat'><strong>,</strong></span> <span class='ocrx_word' id='word_1_287' title='bbox 1067 3520 1120 3574; x_wconf 85' lang='lat' dir='ltr'><strong>id</strong></span> <span class='ocrx_word' id='word_1_288' title='bbox 1147 3530 1217 3575; x_wconf 90' lang='lat' dir='ltr'><strong>est</strong></span> <span class='ocrx_word' id='word_1_289' title='bbox 1245 3519 1477 3575; x_wconf 83' lang='lat' dir='ltr'><strong>Ecclesia</strong></span> <span class='ocrx_word' id='word_1_290' title='bbox 1512 3560 1526 3584; x_wconf 95' lang='lat'><strong>,</strong></span> <span class='ocrx_word' id='word_1_291' title='bbox 1557 3535 1669 3589; x_wconf 71' lang='lat' dir='ltr'><strong>quae</strong></span> <span class='ocrx_word' id='word_1_292' title='bbox 1692 3528 1763 3574; x_wconf 90' lang='lat' dir='ltr'><strong>est</strong></span> <span class='ocrx_word' id='word_1_293' title='bbox 1789 3519 1952 3588; x_wconf 84' lang='lat' dir='ltr'><strong>ipsius</strong></span> <span class='ocrx_word' id='word_1_294' title='bbox 1980 3517 2091 3589; x_wconf 82' lang='lat' dir='ltr'><strong>ple-</strong></span> 
     </span>
    </p>
   </div>
   <div class='ocr_carea' id='block_1_36' title="bbox 590 3612 786 3667">
    <p class='ocr_par' dir='ltr' id='par_1_36' title="bbox 590 3612 786 3667">
     <span class='ocr_line' id='line_1_36' title="bbox 590 3612 786 3667; baseline 0 0"><span class='ocrx_word' id='word_1_295' title='bbox 590 3612 786 3667; x_wconf 89' lang='lat' dir='ltr'><strong>nitudo.</strong></span> 
     </span>
    </p>
   </div>
   <div class='ocr_carea' id='block_1_37' title="bbox 588 3723 2089 3794">
    <p class='ocr_par' dir='ltr' id='par_1_37' title="bbox 588 3723 2089 3794">
     <span class='ocr_line' id='line_1_37' title="bbox 588 3723 2089 3794; baseline 0 -16"><span class='ocrx_word' id='word_1_296' title='bbox 588 3724 814 3779; x_wconf 91' lang='lat' dir='ltr'><strong>Proinde</strong></span> <span class='ocrx_word' id='word_1_297' title='bbox 841 3723 982 3794; x_wconf 90' lang='lat' dir='ltr'><strong>quod</strong></span> <span class='ocrx_word' id='word_1_298' title='bbox 1008 3723 1084 3778; x_wconf 87' lang='lat' dir='ltr'><strong>ait</strong></span> <span class='ocrx_word' id='word_1_299' title='bbox 1105 3725 1388 3794; x_wconf 81' lang='lat' dir='ltr'><strong>Apostolus</strong></span> <span class='ocrx_word' id='word_1_300' title='bbox 1405 3765 1420 3790; x_wconf 91' lang='lat'><strong>,</strong></span> <span class='ocrx_word' id='word_1_301' title='bbox 1445 3737 1761 3780; x_wconf 88' lang='lat' dir='ltr'><strong>occursuros</strong></span> <span class='ocrx_word' id='word_1_302' title='bbox 1787 3738 1884 3779; x_wconf 89' lang='lat' dir='ltr'><strong>nos</strong></span> <span class='ocrx_word' id='word_1_303' title='bbox 1904 3738 2089 3780; x_wconf 89' lang='lat' dir='ltr'><strong>omnes</strong></span> 
     </span>
    </p>
   </div>
   <div class='ocr_carea' id='block_1_38' title="bbox 516 3816 2088 3888">
    <p class='ocr_par' dir='ltr' id='par_1_38' title="bbox 516 3816 2088 3888">
     <span class='ocr_line' id='line_1_38' title="bbox 516 3816 2088 3888; baseline 0 -16"><span class='ocrx_word' id='word_1_304' title='bbox 516 3820 568 3872; x_wconf 91' lang='lat' dir='ltr'><strong>in</strong></span> <span class='ocrx_word' id='word_1_305' title='bbox 592 3819 758 3871; x_wconf 86' lang='lat' dir='ltr'><strong>virum</strong></span> <span class='ocrx_word' id='word_1_306' title='bbox 781 3816 1096 3888; x_wconf 85' lang='lat' dir='ltr'><strong>perfectum,</strong></span> <span class='ocrx_word' id='word_1_307' title='bbox 1131 3817 1289 3872; x_wconf 85' lang='lat' dir='ltr'><strong>tutius</strong></span> <span class='ocrx_word' id='word_1_308' title='bbox 1319 3816 1483 3887; x_wconf 89' lang='lat' dir='ltr'><strong>ipsius</strong></span> <span class='ocrx_word' id='word_1_309' title='bbox 1521 3817 1971 3872; x_wconf 86' lang='lat' dir='ltr'><strong>circumstantiam</strong></span> <span class='ocrx_word' id='word_1_310' title='bbox 2012 3817 2088 3872; x_wconf 88' lang='lat' dir='ltr'><strong>le-</strong></span> 
     </span>
    </p>
   </div>
   <div class='ocr_carea' id='block_1_39' title="bbox 513 3907 2092 3979">
    <p class='ocr_par' dir='ltr' id='par_1_39' title="bbox 513 3907 2092 3979">
     <span class='ocr_line' id='line_1_39' title="bbox 513 3907 2092 3979; baseline -0.001 -16"><span class='ocrx_word' id='word_1_311' title='bbox 513 3909 709 3963; x_wconf 90' lang='lat' dir='ltr'><strong>ctionis</strong></span> <span class='ocrx_word' id='word_1_312' title='bbox 744 3907 1084 3964; x_wconf 82' lang='lat' dir='ltr'><strong>considerare</strong></span> <span class='ocrx_word' id='word_1_313' title='bbox 1107 3908 1381 3975; x_wconf 87' lang='lat' dir='ltr'><strong>debemus,</strong></span> <span class='ocrx_word' id='word_1_314' title='bbox 1410 3924 1528 3979; x_wconf 69' lang='lat' dir='ltr'><strong>qum</strong></span> <span class='ocrx_word' id='word_1_315' title='bbox 1570 3909 1639 3962; x_wconf 92' lang='lat' dir='ltr'><strong>ita</strong></span> <span class='ocrx_word' id='word_1_316' title='bbox 1667 3923 1725 3963; x_wconf 90' lang='lat' dir='ltr'><strong>se</strong></span> <span class='ocrx_word' id='word_1_317' title='bbox 1755 3908 1912 3963; x_wconf 86' lang='lat' dir='ltr'><strong>habet</strong></span> <span class='ocrx_word' id='word_1_318' title='bbox 1943 3926 1956 3961; x_wconf 87' lang='lat'><strong>:</strong></span> <span class='ocrx_word' id='word_1_319' title='bbox 1989 3909 2092 3975; x_wconf 83' lang='lat' dir='ltr'><strong>Qui</strong></span> 
     </span>
    </p>
   </div>
   <div class='ocr_carea' id='block_1_40' title="bbox 519 4001 2092 4072">
    <p class='ocr_par' dir='ltr' id='par_1_40' title="bbox 519 4001 2092 4072">
     <span class='ocr_line' id='line_1_40' title="bbox 519 4001 2092 4072; baseline 0.001 -19"><span class='ocrx_word' id='word_1_320' title='bbox 519 4001 772 4056; x_wconf 80' lang='lat' dir='ltr'><strong>descendit</strong></span> <span class='ocrx_word' id='word_1_321' title='bbox 795 4043 809 4067; x_wconf 91' lang='lat'><strong>,</strong></span> <span class='ocrx_word' id='word_1_322' title='bbox 831 4001 1000 4072; x_wconf 91' lang='lat' dir='ltr'><strong>inquit</strong></span> <span class='ocrx_word' id='word_1_323' title='bbox 1027 4039 1041 4064; x_wconf 89' lang='lat'><strong>,</strong></span> <span class='ocrx_word' id='word_1_324' title='bbox 1075 4002 1181 4071; x_wconf 84' lang='lat' dir='ltr'><strong>ipse</strong></span> <span class='ocrx_word' id='word_1_325' title='bbox 1205 4011 1276 4055; x_wconf 91' lang='lat' dir='ltr'><strong>est</strong></span> <span class='ocrx_word' id='word_1_326' title='bbox 1299 4011 1344 4055; x_wconf 89' lang='lat' dir='ltr'><strong>et</strong></span> <span class='ocrx_word' id='word_1_327' title='bbox 1367 4001 1453 4072; x_wconf 88' lang='lat' dir='ltr'><strong>qui</strong></span> <span class='ocrx_word' id='word_1_328' title='bbox 1481 4003 1704 4055; x_wconf 86' lang='lat' dir='ltr'><strong>ascendit</strong></span> <span class='ocrx_word' id='word_1_329' title='bbox 1749 4017 1899 4071; x_wconf 87' lang='lat' dir='ltr'><strong>super</strong></span> <span class='ocrx_word' id='word_1_330' title='bbox 1923 4017 2092 4055; x_wconf 89' lang='lat' dir='ltr'><strong>onmes</strong></span> 
     </span>
    </p>
   </div>
   <div class='ocr_carea' id='block_1_41' title="bbox 523 4091 2092 4163">
    <p class='ocr_par' dir='ltr' id='par_1_41' title="bbox 523 4091 2092 4163">
     <span class='ocr_line' id='line_1_41' title="bbox 523 4091 2092 4163; baseline 0.001 -19"><span class='ocrx_word' id='word_1_331' title='bbox 523 4093 711 4160; x_wconf 75' lang='lat' dir='ltr'><strong>c¢los,</strong></span> <span class='ocrx_word' id='word_1_332' title='bbox 740 4101 797 4146; x_wconf 89' lang='lat' dir='ltr'><strong>ut</strong></span> <span class='ocrx_word' id='word_1_333' title='bbox 841 4091 1135 4163; x_wconf 89' lang='lat' dir='ltr'><strong>adimpleret</strong></span> <span class='ocrx_word' id='word_1_334' title='bbox 1182 4093 1368 4146; x_wconf 88' lang='lat' dir='ltr'><strong>omnia.</strong></span> <span class='ocrx_word' id='word_1_335' title='bbox 1396 4092 1464 4146; x_wconf 88' lang='lat' dir='ltr'><strong>Et</strong></span> <span class='ocrx_word' id='word_1_336' title='bbox 1515 4093 1622 4163; x_wconf 85' lang='lat' dir='ltr'><strong>ipse</strong></span> <span class='ocrx_word' id='word_1_337' title='bbox 1667 4093 1803 4146; x_wconf 83' lang='lat' dir='ltr'><strong>dedit</strong></span> <span class='ocrx_word' id='word_1_338' title='bbox 1849 4092 2092 4156; x_wconf 89' lang='lat' dir='ltr'><strong>quosdam</strong></span> 
     </span>
    </p>
   </div>
   <div class='ocr_carea' id='block_1_42' title="bbox 523 4181 2093 4253">
    <p class='ocr_par' dir='ltr' id='par_1_42' title="bbox 523 4181 2093 4253">
     <span class='ocr_line' id='line_1_42' title="bbox 523 4181 2093 4253; baseline 0.001 -19"><span class='ocrx_word' id='word_1_339' title='bbox 523 4183 724 4251; x_wconf 89' lang='lat' dir='ltr'><strong>quidem</strong></span> <span class='ocrx_word' id='word_1_340' title='bbox 749 4181 1035 4250; x_wconf 85' lang='lat' dir='ltr'><strong>Apostolos,</strong></span> <span class='ocrx_word' id='word_1_341' title='bbox 1057 4182 1300 4252; x_wconf 88' lang='lat' dir='ltr'><strong>quosdam</strong></span> <span class='ocrx_word' id='word_1_342' title='bbox 1324 4192 1489 4235; x_wconf 83' lang='lat' dir='ltr'><strong>autent</strong></span> <span class='ocrx_word' id='word_1_343' title='bbox 1517 4183 1822 4250; x_wconf 79' lang='lat' dir='ltr'><strong>PrOphetas,</strong></span> <span class='ocrx_word' id='word_1_344' title='bbox 1849 4181 2093 4253; x_wconf 87' lang='lat' dir='ltr'><strong>quosdam</strong></span> 
     </span>
    </p>
   </div>
   <div class='ocr_carea' id='block_1_43' title="bbox 524 4271 2090 4342">
    <p class='ocr_par' dir='ltr' id='par_1_43' title="bbox 524 4271 2090 4342">
     <span class='ocr_line' id='line_1_43' title="bbox 524 4271 2090 4342; baseline 0 -17"><span class='ocrx_word' id='word_1_345' title='bbox 524 4288 642 4325; x_wconf 78' lang='lat' dir='ltr'><strong>vero</strong></span> <span class='ocrx_word' id='word_1_346' title='bbox 665 4271 1029 4342; x_wconf 83' lang='lat' dir='ltr'><strong>Evangelistas,</strong></span> <span class='ocrx_word' id='word_1_347' title='bbox 1057 4271 1302 4340; x_wconf 89' lang='lat' dir='ltr'><strong>quosdam</strong></span> <span class='ocrx_word' id='word_1_348' title='bbox 1331 4282 1494 4324; x_wconf 89' lang='lat' dir='ltr'><strong>autem</strong></span> <span class='ocrx_word' id='word_1_349' title='bbox 1524 4282 1748 4341; x_wconf 84' lang='lat' dir='ltr'><strong>pastores</strong></span> <span class='ocrx_word' id='word_1_350' title='bbox 1775 4282 1820 4325; x_wconf 89' lang='lat' dir='ltr'><strong>et</strong></span> <span class='ocrx_word' id='word_1_351' title='bbox 1842 4273 2090 4337; x_wconf 90' lang='lat' dir='ltr'><strong>doctores,</strong></span> 
     </span>
    </p>
   </div>
   <div class='ocr_carea' id='block_1_44' title="bbox 519 4361 2093 4430">
    <p class='ocr_par' dir='ltr' id='par_1_44' title="bbox 519 4361 2093 4430">
     <span class='ocr_line' id='line_1_44' title="bbox 519 4361 2093 4430; baseline 0 -15"><span class='ocrx_word' id='word_1_352' title='bbox 519 4361 588 4415; x_wconf 91' lang='lat' dir='ltr'><strong>ad</strong></span> <span class='ocrx_word' id='word_1_353' title='bbox 614 4361 1093 4415; x_wconf 84' lang='lat' dir='ltr'><strong>consummationem</strong></span> <span class='ocrx_word' id='word_1_354' title='bbox 1121 4369 1432 4425; x_wconf 88' lang='lat' dir='ltr'><strong>sanctorum,</strong></span> <span class='ocrx_word' id='word_1_355' title='bbox 1456 4361 1506 4414; x_wconf 89' lang='lat' dir='ltr'><strong>in</strong></span> <span class='ocrx_word' id='word_1_356' title='bbox 1536 4377 1662 4430; x_wconf 86' lang='lat' dir='ltr'><strong>opus</strong></span> <span class='ocrx_word' id='word_1_357' title='bbox 1703 4361 1967 4414; x_wconf 86' lang='lat' dir='ltr'><strong>ministerii</strong></span> <span class='ocrx_word' id='word_1_358' title='bbox 1995 4402 2010 4426; x_wconf 91' lang='lat'><strong>,</strong></span> <span class='ocrx_word' id='word_1_359' title='bbox 2041 4363 2093 4415; x_wconf 88' lang='lat' dir='ltr'><strong>in</strong></span> 
     </span>
    </p>
   </div>
   <div class='ocr_carea' id='block_1_45' title="bbox 516 4449 2094 4522">
    <p class='ocr_par' dir='ltr' id='par_1_45' title="bbox 516 4449 2094 4522">
     <span class='ocr_line' id='line_1_45' title="bbox 516 4449 2094 4522; baseline -0.003 -14"><span class='ocrx_word' id='word_1_360' title='bbox 516 4453 905 4521; x_wconf 65' lang='lat' dir='ltr'><strong>aediﬁcationem</strong></span> <span class='ocrx_word' id='word_1_361' title='bbox 947 4453 1170 4522; x_wconf 89' lang='lat' dir='ltr'><strong>corporis</strong></span> <span class='ocrx_word' id='word_1_362' title='bbox 1201 4449 1388 4506; x_wconf 82' lang='lat' dir='ltr'><strong>Christi</strong></span> <span class='ocrx_word' id='word_1_363' title='bbox 1413 4493 1428 4517; x_wconf 90' lang='lat'><strong>,</strong></span> <span class='ocrx_word' id='word_1_364' title='bbox 1457 4451 1613 4505; x_wconf 88' lang='lat' dir='ltr'><strong>donec</strong></span> <span class='ocrx_word' id='word_1_365' title='bbox 1642 4468 1960 4507; x_wconf 83' lang='lat' dir='ltr'><strong>occurramus</strong></span> <span class='ocrx_word' id='word_1_366' title='bbox 1987 4468 2094 4506; x_wconf 86' lang='lat' dir='ltr'><strong>om-</strong></span> 
     </span>
    </p>
   </div>
   <div class='ocr_carea' id='block_1_46' title="bbox 523 4541 2095 4614">
    <p class='ocr_par' dir='ltr' id='par_1_46' title="bbox 523 4541 2095 4614">
     <span class='ocr_line' id='line_1_46' title="bbox 523 4541 2095 4614; baseline -0.001 -16"><span class='ocrx_word' id='word_1_367' title='bbox 523 4561 610 4598; x_wconf 87' lang='lat' dir='ltr'><strong>nes</strong></span> <span class='ocrx_word' id='word_1_368' title='bbox 634 4544 686 4597; x_wconf 90' lang='lat' dir='ltr'><strong>in</strong></span> <span class='ocrx_word' id='word_1_369' title='bbox 713 4543 956 4598; x_wconf 86' lang='lat' dir='ltr'><strong>unitatem</strong></span> <span class='ocrx_word' id='word_1_370' title='bbox 978 4544 1098 4612; x_wconf 76' lang='lat' dir='ltr'><strong>ﬁdei</strong></span> <span class='ocrx_word' id='word_1_371' title='bbox 1129 4583 1144 4609; x_wconf 96' lang='lat'><strong>,</strong></span> <span class='ocrx_word' id='word_1_372' title='bbox 1168 4551 1215 4597; x_wconf 93' lang='lat' dir='ltr'><strong>et</strong></span> <span class='ocrx_word' id='word_1_373' title='bbox 1239 4543 1542 4614; x_wconf 86' lang='lat' dir='ltr'><strong>agnitionem</strong></span> <span class='ocrx_word' id='word_1_374' title='bbox 1573 4541 1698 4596; x_wconf 86' lang='lat' dir='ltr'><strong>Filii</strong></span> <span class='ocrx_word' id='word_1_375' title='bbox 1723 4541 1835 4607; x_wconf 89' lang='lat' dir='ltr'><strong>Dei,</strong></span> <span class='ocrx_word' id='word_1_376' title='bbox 1863 4543 1914 4596; x_wconf 90' lang='lat' dir='ltr'><strong>in</strong></span> <span class='ocrx_word' id='word_1_377' title='bbox 1936 4545 2095 4597; x_wconf 86' lang='lat' dir='ltr'><strong>virum</strong></span> 
     </span>
    </p>
   </div>
   <div class='ocr_carea' id='block_1_47' title="bbox 524 4631 2095 4703">
    <p class='ocr_par' dir='ltr' id='par_1_47' title="bbox 524 4631 2095 4703">
     <span class='ocr_line' id='line_1_47' title="bbox 524 4631 2095 4703; baseline -0.001 -15"><span class='ocrx_word' id='word_1_378' title='bbox 524 4633 816 4703; x_wconf 76' lang='lat' dir='ltr'><strong>perfectum,</strong></span> <span class='ocrx_word' id='word_1_379' title='bbox 849 4633 902 4687; x_wconf 85' lang='lat' dir='ltr'><strong>in</strong></span> <span class='ocrx_word' id='word_1_380' title='bbox 929 4650 1211 4687; x_wconf 86' lang='lat' dir='ltr'><strong>mensuram</strong></span> <span class='ocrx_word' id='word_1_381' title='bbox 1239 4633 1402 4686; x_wconf 65' lang='lat' dir='ltr'><strong>aetatis</strong></span> <span class='ocrx_word' id='word_1_382' title='bbox 1431 4633 1762 4703; x_wconf 72' lang='lat' dir='ltr'><strong>plenitudinis</strong></span> <span class='ocrx_word' id='word_1_383' title='bbox 1782 4631 1970 4687; x_wconf 81' lang='lat' dir='ltr'><strong>Christi</strong></span> <span class='ocrx_word' id='word_1_384' title='bbox 1997 4650 2015 4686; x_wconf 87' lang='lat'><strong><em>:</em></strong></span> <span class='ocrx_word' id='word_1_385' title='bbox 2039 4643 2095 4686; x_wconf 91' lang='lat' dir='ltr'><strong>ut</strong></span> 
     </span>
    </p>
   </div>
   <div class='ocr_carea' id='block_1_48' title="bbox 437 4722 2094 4791">
    <p class='ocr_par' dir='ltr' id='par_1_48' title="bbox 437 4722 2094 4791">
     <span class='ocr_line' id='line_1_48' title="bbox 437 4722 2094 4791; baseline 0.001 -15"><span class='ocrx_word' id='word_1_386' title='bbox 437 4736 443 4742; x_wconf 87' lang='lat'>&#39;</span> <span class='ocrx_word' id='word_1_387' title='bbox 523 4722 658 4777; x_wconf 86' lang='lat' dir='ltr'><strong>ultra</strong></span> <span class='ocrx_word' id='word_1_388' title='bbox 682 4738 783 4776; x_wconf 88' lang='lat' dir='ltr'><strong>non</strong></span> <span class='ocrx_word' id='word_1_389' title='bbox 803 4722 957 4776; x_wconf 88' lang='lat' dir='ltr'><strong>simus</strong></span> <span class='ocrx_word' id='word_1_390' title='bbox 985 4722 1201 4791; x_wconf 88' lang='lat' dir='ltr'><strong>parvuli,</strong></span> <span class='ocrx_word' id='word_1_391' title='bbox 1218 4723 1404 4791; x_wconf 90' lang='lat' dir='ltr'><strong>jactati</strong></span> <span class='ocrx_word' id='word_1_392' title='bbox 1422 4731 1468 4775; x_wconf 92' lang='lat' dir='ltr'><strong>et</strong></span> <span class='ocrx_word' id='word_1_393' title='bbox 1495 4722 1779 4776; x_wconf 89' lang='lat' dir='ltr'><strong>circumlati</strong></span> <span class='ocrx_word' id='word_1_394' title='bbox 1796 4724 1934 4776; x_wconf 89' lang='lat' dir='ltr'><strong>omni</strong></span> <span class='ocrx_word' id='word_1_395' title='bbox 1952 4733 2094 4777; x_wconf 88' lang='lat' dir='ltr'><strong>vento</strong></span> 
     </span>
    </p>
   </div>
   <div class='ocr_carea' id='block_1_49' title="bbox 524 4813 2094 4880">
    <p class='ocr_par' dir='ltr' id='par_1_49' title="bbox 524 4813 2094 4880">
     <span class='ocr_line' id='line_1_49' title="bbox 524 4813 2094 4880; baseline 0.002 -14"><span class='ocrx_word' id='word_1_396' title='bbox 524 4814 804 4880; x_wconf 66' lang='lat' dir='ltr'><strong>doctrinm,</strong></span> <span class='ocrx_word' id='word_1_397' title='bbox 825 4814 880 4868; x_wconf 90' lang='lat' dir='ltr'><strong>in</strong></span> <span class='ocrx_word' id='word_1_398' title='bbox 931 4813 1165 4868; x_wconf 88' lang='lat' dir='ltr'><strong>illusione</strong></span> <span class='ocrx_word' id='word_1_399' title='bbox 1193 4813 1486 4880; x_wconf 88' lang='lat' dir='ltr'><strong>hominum,</strong></span> <span class='ocrx_word' id='word_1_400' title='bbox 1532 4815 1584 4868; x_wconf 89' lang='lat' dir='ltr'><strong>in</strong></span> <span class='ocrx_word' id='word_1_401' title='bbox 1614 4825 1690 4868; x_wconf 86' lang='lat' dir='ltr'><strong>ast</strong></span> <span class='ocrx_word' id='word_1_402' title='bbox 1730 4817 1799 4869; x_wconf 87' lang='lat' dir='ltr'><strong>tia</strong></span> <span class='ocrx_word' id='word_1_403' title='bbox 1825 4817 1845 4847; x_wconf 83' lang='grc'>¹</span> <span class='ocrx_word' id='word_1_404' title='bbox 1869 4816 1940 4869; x_wconf 87' lang='lat' dir='ltr'><strong>ad</strong></span> <span class='ocrx_word' id='word_1_405' title='bbox 1987 4834 2094 4870; x_wconf 87' lang='lat' dir='ltr'><strong>ma-</strong></span> 
     </span>
    </p>
   </div>
   <div class='ocr_carea' id='block_1_50' title="bbox 517 4903 2094 4975">
    <p class='ocr_par' dir='ltr' id='par_1_50' title="bbox 517 4903 2094 4975">
     <span class='ocr_line' id='line_1_50' title="bbox 517 4903 2094 4975; baseline 0.002 -17"><span class='ocrx_word' id='word_1_406' title='bbox 517 4905 859 4959; x_wconf 81' lang='lat' dir='ltr'><strong>chinationem</strong></span> <span class='ocrx_word' id='word_1_407' title='bbox 880 4903 1067 4958; x_wconf 87' lang='lat' dir='ltr'><strong>erroris</strong></span> <span class='ocrx_word' id='word_1_408' title='bbox 1089 4919 1108 4958; x_wconf 90' lang='lat'><strong><em>:</em></strong></span> <span class='ocrx_word' id='word_1_409' title='bbox 1131 4903 1386 4958; x_wconf 75' lang='lat' dir='ltr'><strong>ueritatem</strong></span> <span class='ocrx_word' id='word_1_410' title='bbox 1434 4913 1598 4958; x_wconf 89' lang='lat' dir='ltr'><strong>autem</strong></span> <span class='ocrx_word' id='word_1_411' title='bbox 1623 4906 1860 4975; x_wconf 78' lang='lat' dir='ltr'><strong>facientes</strong></span> <span class='ocrx_word' id='word_1_412' title='bbox 1887 4907 1940 4958; x_wconf 88' lang='lat' dir='ltr'><strong>in</strong></span> <span class='ocrx_word' id='word_1_413' title='bbox 1975 4907 2094 4961; x_wconf 86' lang='lat' dir='ltr'><strong>cha-</strong></span> 
     </span>
    </p>
   </div>
   <div class='ocr_carea' id='block_1_51' title="bbox 524 4991 2095 5066">
    <p class='ocr_par' dir='ltr' id='par_1_51' title="bbox 524 4991 2095 5066">
     <span class='ocr_line' id='line_1_51' title="bbox 524 4991 2095 5066; baseline 0.001 -18"><span class='ocrx_word' id='word_1_414' title='bbox 524 4995 674 5048; x_wconf 86' lang='lat' dir='ltr'><strong>ritate</strong></span> <span class='ocrx_word' id='word_1_415' title='bbox 695 5009 972 5064; x_wconf 85' lang='lat' dir='ltr'><strong>augeantur</strong></span> <span class='ocrx_word' id='word_1_416' title='bbox 995 4994 1051 5046; x_wconf 87' lang='lat' dir='ltr'><strong>in</strong></span> <span class='ocrx_word' id='word_1_417' title='bbox 1099 4991 1190 5048; x_wconf 89' lang='lat' dir='ltr'><strong>illo</strong></span> <span class='ocrx_word' id='word_1_418' title='bbox 1217 5009 1306 5064; x_wconf 90' lang='lat' dir='ltr'><strong>per</strong></span> <span class='ocrx_word' id='word_1_419' title='bbox 1331 4994 1519 5058; x_wconf 88' lang='lat' dir='ltr'><strong>omnia,</strong></span> <span class='ocrx_word' id='word_1_420' title='bbox 1543 4995 1628 5063; x_wconf 88' lang='lat' dir='ltr'><strong>qui</strong></span> <span class='ocrx_word' id='word_1_421' title='bbox 1674 5004 1745 5047; x_wconf 86' lang='lat' dir='ltr'><strong>est</strong></span> <span class='ocrx_word' id='word_1_422' title='bbox 1769 5003 1921 5066; x_wconf 86' lang='lat' dir='ltr'><strong>caput</strong></span> <span class='ocrx_word' id='word_1_423' title='bbox 1944 4994 2095 5050; x_wconf 85' lang='lat' dir='ltr'><strong>Chri-</strong></span> 
     </span>
    </p>
   </div>
   <div class='ocr_carea' id='block_1_52' title="bbox 523 5095 2090 5158">
    <p class='ocr_par' dir='ltr' id='par_1_52' title="bbox 523 5095 2090 5158">
     <span class='ocr_line' id='line_1_52' title="bbox 523 5095 2090 5158; baseline 0.001 -17"><span class='ocrx_word' id='word_1_424' title='bbox 523 5096 633 5142; x_wconf 88' lang='lat' dir='ltr'><strong>stus</strong></span> <span class='ocrx_word' id='word_1_425' title='bbox 659 5103 679 5153; x_wconf 83' lang='lat'><strong>,&#39;</strong></span> <span class='ocrx_word' id='word_1_426' title='bbox 707 5103 769 5140; x_wconf 81' lang='lat' dir='ltr'><strong>ea:</strong></span> <span class='ocrx_word' id='word_1_427' title='bbox 793 5102 892 5158; x_wconf 90' lang='lat' dir='ltr'><strong>quo</strong></span> <span class='ocrx_word' id='word_1_428' title='bbox 919 5095 1079 5139; x_wconf 86' lang='lat' dir='ltr'><strong>totum</strong></span> <span class='ocrx_word' id='word_1_429' title='bbox 1127 5101 1311 5155; x_wconf 87' lang='lat' dir='ltr'><strong>corpus</strong></span> <span class='ocrx_word' id='word_1_430' title='bbox 1335 5099 1613 5139; x_wconf 74' lang='lat' dir='ltr'><strong>connexum</strong></span> <span class='ocrx_word' id='word_1_431' title='bbox 1641 5126 1654 5150; x_wconf 89' lang='lat'><strong>,</strong></span> <span class='ocrx_word' id='word_1_432' title='bbox 1686 5097 1733 5138; x_wconf 92' lang='lat' dir='ltr'><strong>ct</strong></span> <span class='ocrx_word' id='word_1_433' title='bbox 1779 5097 2090 5156; x_wconf 83' lang='lat' dir='ltr'><strong>compactum</strong></span> 
     </span>
    </p>
   </div>
   <div class='ocr_carea' id='block_1_53' title="bbox 521 5173 2089 5246">
    <p class='ocr_par' dir='ltr' id='par_1_53' title="bbox 521 5173 2089 5246">
     <span class='ocr_line' id='line_1_53' title="bbox 521 5173 2089 5246; baseline -0.001 -16"><span class='ocrx_word' id='word_1_434' title='bbox 521 5192 618 5246; x_wconf 80' lang='lat' dir='ltr'><strong>per</strong></span> <span class='ocrx_word' id='word_1_435' title='bbox 639 5191 831 5230; x_wconf 84' lang='lat' dir='ltr'><strong>omnem</strong></span> <span class='ocrx_word' id='word_1_436' title='bbox 859 5185 1041 5227; x_wconf 89' lang='lat' dir='ltr'><strong>tactum</strong></span> <span class='ocrx_word' id='word_1_437' title='bbox 1065 5173 1546 5228; x_wconf 88' lang='lat' dir='ltr'><strong>subministrationis</strong></span> <span class='ocrx_word' id='word_1_438' title='bbox 1571 5215 1586 5240; x_wconf 95' lang='lat'><strong>,</strong></span> <span class='ocrx_word' id='word_1_439' title='bbox 1613 5173 1886 5228; x_wconf 87' lang='lat' dir='ltr'><strong>secundum</strong></span> <span class='ocrx_word' id='word_1_440' title='bbox 1918 5192 2089 5246; x_wconf 88' lang='lat' dir='ltr'><strong>opera-</strong></span> 
     </span>
    </p>
   </div>
   <div class='ocr_carea' id='block_1_54' title="bbox 527 5263 2095 5334">
    <p class='ocr_par' dir='ltr' id='par_1_54' title="bbox 527 5263 2095 5334">
     <span class='ocr_line' id='line_1_54' title="bbox 527 5263 2095 5334; baseline 0.001 -15"><span class='ocrx_word' id='word_1_441' title='bbox 527 5267 712 5321; x_wconf 85' lang='lat' dir='ltr'><strong>tionem</strong></span> <span class='ocrx_word' id='word_1_442' title='bbox 736 5266 789 5320; x_wconf 86' lang='lat' dir='ltr'><strong>in</strong></span> <span class='ocrx_word' id='word_1_443' title='bbox 812 5281 1097 5318; x_wconf 83' lang='lat' dir='ltr'><strong>mensuram</strong></span> <span class='ocrx_word' id='word_1_444' title='bbox 1123 5265 1514 5334; x_wconf 87' lang='lat' dir='ltr'><strong>uniuscujusque</strong></span> <span class='ocrx_word' id='word_1_445' title='bbox 1539 5264 1716 5333; x_wconf 88' lang='lat' dir='ltr'><strong>partis,</strong></span> <span class='ocrx_word' id='word_1_446' title='bbox 1738 5263 2095 5321; x_wconf 87' lang='lat' dir='ltr'><strong>incrementum</strong></span> 
     </span>
    </p>
   </div>
   <div class='ocr_carea' id='block_1_55' title="bbox 531 5353 2092 5426">
    <p class='ocr_par' dir='ltr' id='par_1_55' title="bbox 531 5353 2092 5426">
     <span class='ocr_line' id='line_1_55' title="bbox 531 5353 2092 5426; baseline -0.001 -16"><span class='ocrx_word' id='word_1_447' title='bbox 531 5355 756 5425; x_wconf 86' lang='lat' dir='ltr'><strong>corporis</strong></span> <span class='ocrx_word' id='word_1_448' title='bbox 783 5354 904 5425; x_wconf 78' lang='lat' dir='ltr'><strong>facit</strong></span> <span class='ocrx_word' id='word_1_449' title='bbox 930 5354 982 5406; x_wconf 91' lang='lat' dir='ltr'><strong>in</strong></span> <span class='ocrx_word' id='word_1_450' title='bbox 1002 5353 1387 5421; x_wconf 61' lang='lat' dir='ltr'><strong>aediﬁcationem</strong></span> <span class='ocrx_word' id='word_1_451' title='bbox 1413 5355 1510 5418; x_wconf 89' lang='lat' dir='ltr'><strong>sui,</strong></span> <span class='ocrx_word' id='word_1_452' title='bbox 1539 5354 1590 5406; x_wconf 91' lang='lat' dir='ltr'><strong>in</strong></span> <span class='ocrx_word' id='word_1_453' title='bbox 1608 5353 1860 5408; x_wconf 85' lang='lat' dir='ltr'><strong>charitate</strong></span> <span class='ocrx_word' id='word_1_454' title='bbox 1880 5353 2092 5426; x_wconf 85' lang='lat' dir='ltr'><strong>(Ephes.</strong></span> 
     </span>
    </p>
   </div>
   <div class='ocr_carea' id='block_1_56' title="bbox 529 5441 2098 5513">
    <p class='ocr_par' dir='ltr' id='par_1_56' title="bbox 529 5441 2098 5513">
     <span class='ocr_line' id='line_1_56' title="bbox 529 5441 2098 5513; baseline 0 -14"><span class='ocrx_word' id='word_1_455' title='bbox 529 5460 603 5508; x_wconf 80' lang='lat' dir='ltr'><strong>tv,</strong></span> <span class='ocrx_word' id='word_1_456' title='bbox 635 5444 844 5513; x_wconf 86' lang='grc'>10-16).</span> <span class='ocrx_word' id='word_1_457' title='bbox 884 5443 1022 5498; x_wconf 91' lang='lat' dir='ltr'><strong>Ecce</strong></span> <span class='ocrx_word' id='word_1_458' title='bbox 1052 5443 1138 5512; x_wconf 91' lang='lat' dir='ltr'><strong>qui</strong></span> <span class='ocrx_word' id='word_1_459' title='bbox 1185 5451 1267 5497; x_wconf 91' lang='lat' dir='ltr'><strong>est</strong></span> <span class='ocrx_word' id='word_1_460' title='bbox 1291 5442 1370 5497; x_wconf 91' lang='lat' dir='ltr'><strong>vir</strong></span> <span class='ocrx_word' id='word_1_461' title='bbox 1400 5441 1684 5513; x_wconf 82' lang='lat' dir='ltr'><strong>perfecms,</strong></span> <span class='ocrx_word' id='word_1_462' title='bbox 1715 5452 1870 5512; x_wconf 77' lang='lat' dir='ltr'><strong>caput</strong></span> <span class='ocrx_word' id='word_1_463' title='bbox 1895 5453 1949 5498; x_wconf 89' lang='lat' dir='ltr'><strong>et</strong></span> <span class='ocrx_word' id='word_1_464' title='bbox 1973 5457 2098 5499; x_wconf 87' lang='lat' dir='ltr'><strong>cor-</strong></span> 
     </span>
    </p>
   </div>
   <div class='ocr_carea' id='block_1_57' title="bbox 533 5531 2094 5602">
    <p class='ocr_par' dir='ltr' id='par_1_57' title="bbox 533 5531 2094 5602">
     <span class='ocr_line' id='line_1_57' title="bbox 533 5531 2094 5602; baseline -0.001 -14"><span class='ocrx_word' id='word_1_465' title='bbox 533 5547 654 5602; x_wconf 87' lang='lat' dir='ltr'><strong>pus,</strong></span> <span class='ocrx_word' id='word_1_466' title='bbox 681 5532 821 5602; x_wconf 92' lang='lat' dir='ltr'><strong>quod</strong></span> <span class='ocrx_word' id='word_1_467' title='bbox 848 5540 1056 5589; x_wconf 85' lang='lat' dir='ltr'><strong>constat</strong></span> <span class='ocrx_word' id='word_1_468' title='bbox 1084 5531 1331 5589; x_wconf 84' lang='lat' dir='ltr'><strong>omnibus</strong></span> <span class='ocrx_word' id='word_1_469' title='bbox 1355 5532 1604 5588; x_wconf 87' lang='lat' dir='ltr'><strong>membris</strong></span> <span class='ocrx_word' id='word_1_470' title='bbox 1627 5571 1644 5600; x_wconf 95' lang='lat'><strong>,</strong></span> <span class='ocrx_word' id='word_1_471' title='bbox 1682 5547 1802 5602; x_wconf 84' lang='lat' dir='ltr'><strong>quae</strong></span> <span class='ocrx_word' id='word_1_472' title='bbox 1827 5546 1924 5587; x_wconf 92' lang='lat' dir='ltr'><strong>suo</strong></span> <span class='ocrx_word' id='word_1_473' title='bbox 1961 5541 2094 5587; x_wconf 88' lang='lat' dir='ltr'><strong>tem-</strong></span> 
     </span>
    </p>
   </div>
   <div class='ocr_carea' id='block_1_58' title="bbox 597 5662 2094 5728">
    <p class='ocr_par' dir='ltr' id='par_1_58' title="bbox 597 5662 2094 5728">
     <span class='ocr_line' id='line_1_58' title="bbox 597 5662 2094 5728; baseline 0.001 -17"><span class='ocrx_word' id='word_1_474' title='bbox 597 5664 617 5696; x_wconf 76' lang='grc' dir='ltr'>ι</span> <span class='ocrx_word' id='word_1_475' title='bbox 649 5662 785 5712; x_wconf 82' lang='lat' dir='ltr'><strong>Vind.</strong></span> <span class='ocrx_word' id='word_1_476' title='bbox 802 5672 900 5714; x_wconf 75' lang='lat' dir='ltr'><strong>Am.</strong></span> <span class='ocrx_word' id='word_1_477' title='bbox 922 5671 976 5714; x_wconf 90' lang='lat' dir='ltr'><strong>et</strong></span> <span class='ocrx_word' id='word_1_478' title='bbox 996 5669 1165 5723; x_wconf 77' lang='lat' dir='ltr'><strong>Er..8t</strong></span> <span class='ocrx_word' id='word_1_479' title='bbox 1180 5676 1290 5714; x_wconf 86' lang='lat' dir='ltr'><strong>cum</strong></span> <span class='ocrx_word' id='word_1_480' title='bbox 1307 5669 1446 5728; x_wconf 78' lang='lat' dir='ltr'><strong>aptus</strong></span> <span class='ocrx_word' id='word_1_481' title='bbox 1459 5663 1592 5716; x_wconf 83' lang='lat' dir='ltr'><strong>locus</strong></span> <span class='ocrx_word' id='word_1_482' title='bbox 1604 5669 1740 5716; x_wconf 83' lang='lat' dir='ltr'><strong>esset.</strong></span> <span class='ocrx_word' id='word_1_483' title='bbox 1760 5663 1947 5728; x_wconf 81' lang='lat' dir='ltr'><strong>Aliquot</strong></span> <span class='ocrx_word' id='word_1_484' title='bbox 1966 5670 2094 5725; x_wconf 64' lang='lat' dir='ltr'><strong>Mss,</strong></span> 
     </span>
    </p>
   </div>
   <div class='ocr_carea' id='block_1_59' title="bbox 533 5728 1025 5788">
    <p class='ocr_par' dir='ltr' id='par_1_59' title="bbox 533 5728 1025 5788">
     <span class='ocr_line' id='line_1_59' title="bbox 533 5728 1025 5788; baseline -0.006 -10"><span class='ocrx_word' id='word_1_485' title='bbox 533 5728 590 5778; x_wconf 74' lang='grc' dir='ltr'><strong>ει</strong></span> <span class='ocrx_word' id='word_1_486' title='bbox 602 5736 867 5788; x_wconf 69' lang='lat' dir='ltr'><strong>Mocyus</strong></span> <span class='ocrx_word' id='word_1_487' title='bbox 888 5734 1025 5788; x_wconf 84' lang='lat' dir='ltr'><strong>esset.</strong></span> 
     </span>
    </p>
   </div>
   <div class='ocr_carea' id='block_1_60' title="bbox 593 5783 1484 5848">
    <p class='ocr_par' dir='ltr' id='par_1_60' title="bbox 593 5783 1484 5848">
     <span class='ocr_line' id='line_1_60' title="bbox 593 5783 1484 5848; baseline -0.002 -13"><span class='ocrx_word' id='word_1_488' title='bbox 593 5785 620 5818; x_wconf 84' lang='grc'><strong><em>³</em></strong></span> <span class='ocrx_word' id='word_1_489' title='bbox 646 5787 720 5836; x_wconf 82' lang='lat' dir='ltr'><strong>Sic</strong></span> <span class='ocrx_word' id='word_1_490' title='bbox 740 5783 845 5838; x_wconf 71' lang='lat' dir='ltr'><strong>Mss.</strong></span> <span class='ocrx_word' id='word_1_491' title='bbox 879 5787 997 5838; x_wconf 72' lang='grc' dir='ltr'><strong>[εἰόίιὶ</strong></span> <span class='ocrx_word' id='word_1_492' title='bbox 1019 5797 1155 5848; x_wconf 78' lang='lat' dir='ltr'><strong>vero.</strong></span> <span class='ocrx_word' id='word_1_493' title='bbox 1179 5785 1226 5836; x_wconf 91' lang='lat' dir='ltr'><strong>in</strong></span> <span class='ocrx_word' id='word_1_494' title='bbox 1247 5783 1484 5837; x_wconf 83' lang='lat' dir='ltr'><strong>astutiam.</strong></span> 
     </span>
    </p>
   </div>
   <div class='ocr_carea' id='block_1_61' title="bbox 1583 377 2696 450">
    <p class='ocr_par' dir='ltr' id='par_1_61' title="bbox 1583 377 2696 450">
     <span class='ocr_line' id='line_1_61' title="bbox 1583 377 2696 450; baseline -0.001 -14"><span class='ocrx_word' id='word_1_495' title='bbox 1583 379 1673 436; x_wconf 88' lang='lat' dir='ltr'><strong>DE</strong></span> <span class='ocrx_word' id='word_1_496' title='bbox 1711 377 2029 436; x_wconf 78' lang='lat' dir='ltr'><strong>CIVITATE</strong></span> <span class='ocrx_word' id='word_1_497' title='bbox 2069 377 2203 449; x_wconf 86' lang='lat' dir='ltr'><strong>DEI,</strong></span> <span class='ocrx_word' id='word_1_498' title='bbox 2234 380 2290 436; x_wconf 89' lang='lat' dir='ltr'><strong>S.</strong></span> <span class='ocrx_word' id='word_1_499' title='bbox 2333 377 2696 450; x_wconf 81' lang='lat' dir='ltr'><strong>AUGUSTlNl</strong></span> 
     </span>
    </p>
   </div>
   <div class='ocr_carea' id='block_1_62' title="bbox 3677 388 3779 447">
    <p class='ocr_par' dir='ltr' id='par_1_62' title="bbox 3677 388 3779 447">
     <span class='ocr_line' id='line_1_62' title="bbox 3677 388 3779 447; baseline 0.039 -4"><span class='ocrx_word' id='word_1_500' title='bbox 3677 388 3779 447; x_wconf 84' lang='lat'><strong>780</strong></span> 
     </span>
    </p>
   </div>
   <div class='ocr_carea' id='block_1_63' title="bbox 2217 495 3780 572">
    <p class='ocr_par' dir='ltr' id='par_1_63' title="bbox 2217 495 3780 572">
     <span class='ocr_line' id='line_1_63' title="bbox 2217 495 3780 572; baseline 0.006 -24"><span class='ocrx_word' id='word_1_501' title='bbox 2217 508 2344 562; x_wconf 89' lang='lat' dir='ltr'><strong>pore</strong></span> <span class='ocrx_word' id='word_1_502' title='bbox 2390 495 2815 563; x_wconf 81' lang='lat' dir='ltr'><strong>complebantur.</strong></span> <span class='ocrx_word' id='word_1_503' title='bbox 2847 495 3093 562; x_wconf 85' lang='lat' dir='ltr'><strong>Quotidie</strong></span> <span class='ocrx_word' id='word_1_504' title='bbox 3141 505 3315 551; x_wconf 78' lang='lat' dir='ltr'><strong>tamen</strong></span> <span class='ocrx_word' id='word_1_505' title='bbox 3348 496 3522 553; x_wconf 90' lang='lat' dir='ltr'><strong>eidem</strong></span> <span class='ocrx_word' id='word_1_506' title='bbox 3565 503 3780 572; x_wconf 80' lang='lat' dir='ltr'><strong>corpori</strong></span> 
     </span>
    </p>
   </div>
   <div class='ocr_carea' id='block_1_64' title="bbox 2213 586 3785 662">
    <p class='ocr_par' dir='ltr' id='par_1_64' title="bbox 2213 586 3785 662">
     <span class='ocr_line' id='line_1_64' title="bbox 2213 586 3785 662; baseline 0.008 -24"><span class='ocrx_word' id='word_1_507' title='bbox 2213 586 2489 650; x_wconf 85' lang='lat' dir='ltr'><strong>accedunt,</strong></span> <span class='ocrx_word' id='word_1_508' title='bbox 2526 589 2650 640; x_wconf 89' lang='lat' dir='ltr'><strong>dum</strong></span> <span class='ocrx_word' id='word_1_509' title='bbox 2677 588 2970 643; x_wconf 69' lang='lat' dir='ltr'><strong>aediﬁcatur</strong></span> <span class='ocrx_word' id='word_1_510' title='bbox 2998 588 3262 654; x_wconf 89' lang='lat' dir='ltr'><strong>Ecclesia,</strong></span> <span class='ocrx_word' id='word_1_511' title='bbox 3294 591 3377 644; x_wconf 92' lang='lat' dir='ltr'><strong>cui</strong></span> <span class='ocrx_word' id='word_1_512' title='bbox 3406 591 3602 648; x_wconf 90' lang='lat' dir='ltr'><strong>dicitur</strong></span> <span class='ocrx_word' id='word_1_513' title='bbox 3621 635 3638 662; x_wconf 93' lang='lat'><strong>,</strong></span> <span class='ocrx_word' id='word_1_514' title='bbox 3681 595 3785 652; x_wconf 83' lang='lat' dir='ltr'><strong>Vos</strong></span> 
     </span>
    </p>
   </div>
   <div class='ocr_carea' id='block_1_65' title="bbox 2211 677 3782 756">
    <p class='ocr_par' dir='ltr' id='par_1_65' title="bbox 2211 677 3782 756">
     <span class='ocr_line' id='line_1_65' title="bbox 2211 677 3782 756; baseline 0.008 -28"><span class='ocrx_word' id='word_1_515' title='bbox 2211 684 2375 729; x_wconf 89' lang='lat' dir='ltr'><strong>autem</strong></span> <span class='ocrx_word' id='word_1_516' title='bbox 2402 679 2518 730; x_wconf 82' lang='lat' dir='ltr'><strong>estis</strong></span> <span class='ocrx_word' id='word_1_517' title='bbox 2545 693 2726 746; x_wconf 86' lang='lat' dir='ltr'><strong>corpus</strong></span> <span class='ocrx_word' id='word_1_518' title='bbox 2751 677 2961 744; x_wconf 88' lang='lat' dir='ltr'><strong>Christi,</strong></span> <span class='ocrx_word' id='word_1_519' title='bbox 3007 689 3053 732; x_wconf 92' lang='lat' dir='ltr'><strong>et</strong></span> <span class='ocrx_word' id='word_1_520' title='bbox 3081 681 3301 733; x_wconf 89' lang='lat' dir='ltr'><strong>membra</strong></span> <span class='ocrx_word' id='word_1_521' title='bbox 3327 681 3372 750; x_wconf 91' lang='lat' dir='ltr'><strong>(l</strong></span> <span class='ocrx_word' id='word_1_522' title='bbox 3399 681 3516 738; x_wconf 87' lang='lat' dir='ltr'><strong>Cor.</strong></span> <span class='ocrx_word' id='word_1_523' title='bbox 3543 700 3638 752; x_wconf 80' lang='lat' dir='ltr'><strong>xtl,</strong></span> <span class='ocrx_word' id='word_1_524' title='bbox 3663 687 3782 756; x_wconf 74' lang='lat'><strong>27).</strong></span> 
     </span>
    </p>
   </div>
   <div class='ocr_carea' id='block_1_66' title="bbox 2211 766 3783 842">
    <p class='ocr_par' dir='ltr' id='par_1_66' title="bbox 2211 766 3783 842">
     <span class='ocr_line' id='line_1_66' title="bbox 2211 766 3783 842; baseline 0.006 -22"><span class='ocrx_word' id='word_1_525' title='bbox 2211 766 2278 820; x_wconf 86' lang='lat' dir='ltr'><strong>Et</strong></span> <span class='ocrx_word' id='word_1_526' title='bbox 2305 767 2462 832; x_wconf 88' lang='lat' dir='ltr'><strong>alibi,</strong></span> <span class='ocrx_word' id='word_1_527' title='bbox 2498 767 2602 822; x_wconf 88' lang='lat' dir='ltr'><strong>Pro</strong></span> <span class='ocrx_word' id='word_1_528' title='bbox 2626 784 2836 840; x_wconf 85' lang='lat' dir='ltr'><strong>corpore</strong></span> <span class='ocrx_word' id='word_1_529' title='bbox 2863 813 2878 836; x_wconf 92' lang='lat'><strong>,</strong></span> <span class='ocrx_word' id='word_1_530' title='bbox 2912 771 3103 840; x_wconf 86' lang='lat' dir='ltr'><strong>inquit,</strong></span> <span class='ocrx_word' id='word_1_531' title='bbox 3135 787 3263 842; x_wconf 74' lang='lat' dir='ltr'><strong>ejus,</strong></span> <span class='ocrx_word' id='word_1_532' title='bbox 3293 774 3427 839; x_wconf 85' lang='lat' dir='ltr'><strong>quod</strong></span> <span class='ocrx_word' id='word_1_533' title='bbox 3450 785 3524 830; x_wconf 86' lang='lat' dir='ltr'><strong>est</strong></span> <span class='ocrx_word' id='word_1_534' title='bbox 3551 775 3783 832; x_wconf 82' lang='lat' dir='ltr'><strong>Ecclesia</strong></span> 
     </span>
    </p>
   </div>
   <div class='ocr_carea' id='block_1_67' title="bbox 2211 855 3783 936">
    <p class='ocr_par' dir='ltr' id='par_1_67' title="bbox 2211 855 3783 936">
     <span class='ocr_line' id='line_1_67' title="bbox 2211 855 3783 936; baseline 0.008 -26"><span class='ocrx_word' id='word_1_535' title='bbox 2211 855 2428 926; x_wconf 88' lang='lat' dir='ltr'><strong>(Coloss.</strong></span> <span class='ocrx_word' id='word_1_536' title='bbox 2453 874 2487 922; x_wconf 85' lang='grc' dir='ltr'><strong>ι,</strong></span> <span class='ocrx_word' id='word_1_537' title='bbox 2519 858 2635 930; x_wconf 64' lang='lat' dir='ltr'><strong>Si).</strong></span> <span class='ocrx_word' id='word_1_538' title='bbox 2667 860 2901 931; x_wconf 89' lang='lat' dir='ltr'><strong>Itemque</strong></span> <span class='ocrx_word' id='word_1_539' title='bbox 2935 862 3101 927; x_wconf 89' lang='lat' dir='ltr'><strong>alibi,</strong></span> <span class='ocrx_word' id='word_1_540' title='bbox 3159 861 3303 917; x_wconf 84' lang='lat' dir='ltr'><strong>Unus</strong></span> <span class='ocrx_word' id='word_1_541' title='bbox 3363 867 3546 936; x_wconf 84' lang='lat' dir='ltr'><strong>panis,</strong></span> <span class='ocrx_word' id='word_1_542' title='bbox 3622 885 3783 922; x_wconf 77' lang='lat' dir='ltr'><strong>unum</strong></span> 
     </span>
    </p>
   </div>
   <div class='ocr_carea' id='block_1_68' title="bbox 2209 949 3781 1028">
    <p class='ocr_par' dir='ltr' id='par_1_68' title="bbox 2209 949 3781 1028">
     <span class='ocr_line' id='line_1_68' title="bbox 2209 949 3781 1028; baseline 0.01 -29"><span class='ocrx_word' id='word_1_543' title='bbox 2209 962 2392 1016; x_wconf 87' lang='lat' dir='ltr'><strong>corpus</strong></span> <span class='ocrx_word' id='word_1_544' title='bbox 2421 949 2566 1002; x_wconf 88' lang='lat' dir='ltr'><strong>multi</strong></span> <span class='ocrx_word' id='word_1_545' title='bbox 2588 965 2760 1004; x_wconf 83' lang='lat' dir='ltr'><strong>sumus</strong></span> <span class='ocrx_word' id='word_1_546' title='bbox 2781 949 2826 1023; x_wconf 87' lang='grc' dir='ltr'><strong>(ι</strong></span> <span class='ocrx_word' id='word_1_547' title='bbox 2853 951 2970 1006; x_wconf 82' lang='lat' dir='ltr'><strong>Cor.</strong></span> <span class='ocrx_word' id='word_1_548' title='bbox 3000 967 3055 1019; x_wconf 73' lang='grc' dir='ltr'><strong>ι,</strong></span> <span class='ocrx_word' id='word_1_549' title='bbox 3089 951 3179 1024; x_wconf 91' lang='grc'><strong>17)</strong></span> <span class='ocrx_word' id='word_1_550' title='bbox 3237 953 3309 1008; x_wconf 91' lang='lat' dir='ltr'><strong>De</strong></span> <span class='ocrx_word' id='word_1_551' title='bbox 3351 957 3502 1026; x_wconf 87' lang='lat' dir='ltr'><strong>cujus</strong></span> <span class='ocrx_word' id='word_1_552' title='bbox 3538 959 3781 1028; x_wconf 87' lang='lat' dir='ltr'><strong>corporis</strong></span> 
     </span>
    </p>
   </div>
   <div class='ocr_carea' id='block_1_69' title="bbox 2203 1036 3782 1111">
    <p class='ocr_par' dir='ltr' id='par_1_69' title="bbox 2203 1036 3782 1111">
     <span class='ocr_line' id='line_1_69' title="bbox 2203 1036 3782 1111; baseline 0.007 -18"><span class='ocrx_word' id='word_1_553' title='bbox 2203 1036 2560 1094; x_wconf 68' lang='lat' dir='ltr'><strong>mditicatione</strong></span> <span class='ocrx_word' id='word_1_554' title='bbox 2605 1047 2661 1094; x_wconf 92' lang='lat' dir='ltr'><strong>et</strong></span> <span class='ocrx_word' id='word_1_555' title='bbox 2708 1040 2794 1096; x_wconf 91' lang='lat' dir='ltr'><strong>hic</strong></span> <span class='ocrx_word' id='word_1_556' title='bbox 2820 1041 3019 1096; x_wconf 90' lang='lat' dir='ltr'><strong>dictum</strong></span> <span class='ocrx_word' id='word_1_557' title='bbox 3074 1051 3194 1111; x_wconf 90' lang='lat' dir='ltr'><strong>est,</strong></span> <span class='ocrx_word' id='word_1_558' title='bbox 3250 1045 3331 1100; x_wconf 84' lang='lat' dir='ltr'><strong>Ad</strong></span> <span class='ocrx_word' id='word_1_559' title='bbox 3389 1051 3782 1104; x_wconf 80' lang='lat' dir='ltr'><strong>consummatio-</strong></span> 
     </span>
    </p>
   </div>
   <div class='ocr_carea' id='block_1_70' title="bbox 2202 1131 3778 1207">
    <p class='ocr_par' dir='ltr' id='par_1_70' title="bbox 2202 1131 3778 1207">
     <span class='ocr_line' id='line_1_70' title="bbox 2202 1131 3778 1207; baseline 0.007 -25"><span class='ocrx_word' id='word_1_560' title='bbox 2202 1143 2319 1182; x_wconf 88' lang='lat' dir='ltr'><strong>nem</strong></span> <span class='ocrx_word' id='word_1_561' title='bbox 2343 1137 2662 1196; x_wconf 86' lang='lat' dir='ltr'><strong>sanctorum,</strong></span> <span class='ocrx_word' id='word_1_562' title='bbox 2708 1131 2760 1184; x_wconf 90' lang='lat' dir='ltr'><strong>in</strong></span> <span class='ocrx_word' id='word_1_563' title='bbox 2788 1146 2916 1202; x_wconf 83' lang='lat' dir='ltr'><strong>Opus</strong></span> <span class='ocrx_word' id='word_1_564' title='bbox 2966 1132 3266 1203; x_wconf 84' lang='lat' dir='ltr'><strong>ministerii,</strong></span> <span class='ocrx_word' id='word_1_565' title='bbox 3295 1137 3348 1190; x_wconf 87' lang='lat' dir='ltr'><strong>in</strong></span> <span class='ocrx_word' id='word_1_566' title='bbox 3396 1137 3778 1207; x_wconf 75' lang='lat' dir='ltr'><strong>cdiﬁcationem</strong></span> 
     </span>
    </p>
   </div>
   <div class='ocr_carea' id='block_1_71' title="bbox 2201 1219 3779 1296">
    <p class='ocr_par' dir='ltr' id='par_1_71' title="bbox 2201 1219 3779 1296">
     <span class='ocr_line' id='line_1_71' title="bbox 2201 1219 3779 1296; baseline 0.007 -22"><span class='ocrx_word' id='word_1_567' title='bbox 2201 1219 2429 1291; x_wconf 84' lang='lat' dir='ltr'><strong>corporis</strong></span> <span class='ocrx_word' id='word_1_568' title='bbox 2477 1219 2697 1276; x_wconf 83' lang='lat' dir='ltr'><strong>Christi.</strong></span> <span class='ocrx_word' id='word_1_569' title='bbox 2746 1235 2811 1276; x_wconf 88' lang='lat' dir='ltr'><strong>ac</strong></span> <span class='ocrx_word' id='word_1_570' title='bbox 2861 1222 3054 1278; x_wconf 92' lang='lat' dir='ltr'><strong>deinde</strong></span> <span class='ocrx_word' id='word_1_571' title='bbox 3101 1225 3396 1296; x_wconf 89' lang='lat' dir='ltr'><strong>subjectum</strong></span> <span class='ocrx_word' id='word_1_572' title='bbox 3447 1228 3586 1284; x_wconf 88' lang='lat' dir='ltr'><strong>unde</strong></span> <span class='ocrx_word' id='word_1_573' title='bbox 3635 1245 3779 1285; x_wconf 91' lang='lat' dir='ltr'><strong>nunc</strong></span> 
     </span>
    </p>
   </div>
   <div class='ocr_carea' id='block_1_72' title="bbox 2199 1308 3773 1387">
    <p class='ocr_par' dir='ltr' id='par_1_72' title="bbox 2199 1308 3773 1387">
     <span class='ocr_line' id='line_1_72' title="bbox 2199 1308 3773 1387; baseline 0.006 -23"><span class='ocrx_word' id='word_1_574' title='bbox 2199 1311 2425 1381; x_wconf 84' lang='lat' dir='ltr'><strong>agimus,</strong></span> <span class='ocrx_word' id='word_1_575' title='bbox 2460 1308 2633 1364; x_wconf 88' lang='lat' dir='ltr'><strong>Donec</strong></span> <span class='ocrx_word' id='word_1_576' title='bbox 2658 1327 2983 1367; x_wconf 87' lang='lat' dir='ltr'><strong>occurramus</strong></span> <span class='ocrx_word' id='word_1_577' title='bbox 3009 1329 3178 1370; x_wconf 89' lang='lat' dir='ltr'><strong>omnes</strong></span> <span class='ocrx_word' id='word_1_578' title='bbox 3201 1317 3254 1370; x_wconf 89' lang='lat' dir='ltr'><strong>in</strong></span> <span class='ocrx_word' id='word_1_579' title='bbox 3290 1318 3530 1372; x_wconf 88' lang='lat' dir='ltr'><strong>unitatem</strong></span> <span class='ocrx_word' id='word_1_580' title='bbox 3558 1319 3698 1387; x_wconf 79' lang='lat' dir='ltr'><strong>ﬁdei,</strong></span> <span class='ocrx_word' id='word_1_581' title='bbox 3723 1330 3773 1374; x_wconf 88' lang='lat' dir='ltr'><strong>et</strong></span> 
     </span>
    </p>
   </div>
   <div class='ocr_carea' id='block_1_73' title="bbox 2199 1399 3778 1478">
    <p class='ocr_par' dir='ltr' id='par_1_73' title="bbox 2199 1399 3778 1478">
     <span class='ocr_line' id='line_1_73' title="bbox 2199 1399 3778 1478; baseline 0.008 -24"><span class='ocrx_word' id='word_1_582' title='bbox 2199 1403 2505 1472; x_wconf 84' lang='lat' dir='ltr'><strong>agnitionem</strong></span> <span class='ocrx_word' id='word_1_583' title='bbox 2529 1399 2658 1455; x_wconf 87' lang='lat' dir='ltr'><strong>Filii</strong></span> <span class='ocrx_word' id='word_1_584' title='bbox 2682 1400 2798 1465; x_wconf 89' lang='lat' dir='ltr'><strong>Dei,</strong></span> <span class='ocrx_word' id='word_1_585' title='bbox 2825 1404 2878 1457; x_wconf 89' lang='lat' dir='ltr'><strong>in</strong></span> <span class='ocrx_word' id='word_1_586' title='bbox 2904 1405 3063 1458; x_wconf 83' lang='lat' dir='ltr'><strong>virum</strong></span> <span class='ocrx_word' id='word_1_587' title='bbox 3095 1408 3390 1478; x_wconf 82' lang='lat' dir='ltr'><strong>perfectum,</strong></span> <span class='ocrx_word' id='word_1_588' title='bbox 3413 1411 3465 1464; x_wconf 88' lang='lat' dir='ltr'><strong>in</strong></span> <span class='ocrx_word' id='word_1_589' title='bbox 3493 1428 3778 1466; x_wconf 84' lang='lat' dir='ltr'><strong>mensuram</strong></span> 
     </span>
    </p>
   </div>
   <div class='ocr_carea' id='block_1_74' title="bbox 2197 1490 3765 1564">
    <p class='ocr_par' dir='ltr' id='par_1_74' title="bbox 2197 1490 3765 1564">
     <span class='ocr_line' id='line_1_74' title="bbox 2197 1490 3765 1564; baseline 0.007 -18"><span class='ocrx_word' id='word_1_590' title='bbox 2197 1493 2358 1546; x_wconf 77' lang='lat' dir='ltr'><strong>wtatis</strong></span> <span class='ocrx_word' id='word_1_591' title='bbox 2385 1490 2714 1563; x_wconf 76' lang='lat' dir='ltr'><strong>plenitudinis</strong></span> <span class='ocrx_word' id='word_1_592' title='bbox 2759 1491 2978 1557; x_wconf 86' lang='lat' dir='ltr'><strong>Christi,</strong></span> <span class='ocrx_word' id='word_1_593' title='bbox 3004 1507 3055 1549; x_wconf 91' lang='lat' dir='ltr'><strong>et</strong></span> <span class='ocrx_word' id='word_1_594' title='bbox 3083 1507 3312 1564; x_wconf 69' lang='lat' dir='ltr'><strong>caetera;</strong></span> <span class='ocrx_word' id='word_1_595' title='bbox 3358 1499 3530 1555; x_wconf 91' lang='lat' dir='ltr'><strong>donec</strong></span> <span class='ocrx_word' id='word_1_596' title='bbox 3577 1501 3765 1556; x_wconf 88' lang='lat' dir='ltr'><strong>eadem</strong></span> 
     </span>
    </p>
   </div>
   <div class='ocr_carea' id='block_1_75' title="bbox 2199 1583 3773 1656">
    <p class='ocr_par' dir='ltr' id='par_1_75' title="bbox 2199 1583 3773 1656">
     <span class='ocr_line' id='line_1_75' title="bbox 2199 1583 3773 1656; baseline 0.006 -21"><span class='ocrx_word' id='word_1_597' title='bbox 2199 1597 2448 1637; x_wconf 88' lang='lat' dir='ltr'><strong>mensura</strong></span> <span class='ocrx_word' id='word_1_598' title='bbox 2489 1583 2540 1636; x_wconf 92' lang='lat' dir='ltr'><strong>in</strong></span> <span class='ocrx_word' id='word_1_599' title='bbox 2579 1595 2805 1652; x_wconf 81' lang='lat' dir='ltr'><strong>corpore</strong></span> <span class='ocrx_word' id='word_1_600' title='bbox 2836 1583 3172 1654; x_wconf 89' lang='lat' dir='ltr'><strong>intelligenda</strong></span> <span class='ocrx_word' id='word_1_601' title='bbox 3204 1596 3346 1642; x_wconf 91' lang='lat' dir='ltr'><strong>esset</strong></span> <span class='ocrx_word' id='word_1_602' title='bbox 3376 1628 3389 1652; x_wconf 90' lang='lat'><strong>,</strong></span> <span class='ocrx_word' id='word_1_603' title='bbox 3421 1590 3726 1645; x_wconf 89' lang='lat' dir='ltr'><strong>ostenderet</strong></span> <span class='ocrx_word' id='word_1_604' title='bbox 3750 1632 3773 1656; x_wconf 89' lang='lat'><strong>,</strong></span> 
     </span>
    </p>
   </div>
   <div class='ocr_carea' id='block_1_76' title="bbox 2197 1671 3778 1751">
    <p class='ocr_par' dir='ltr' id='par_1_76' title="bbox 2197 1671 3778 1751">
     <span class='ocr_line' id='line_1_76' title="bbox 2197 1671 3778 1751; baseline 0.006 -26"><span class='ocrx_word' id='word_1_605' title='bbox 2197 1671 2378 1726; x_wconf 91' lang='lat' dir='ltr'><strong>dicens</strong></span> <span class='ocrx_word' id='word_1_606' title='bbox 2411 1689 2424 1726; x_wconf 92' lang='lat'><strong>:</strong></span> <span class='ocrx_word' id='word_1_607' title='bbox 2454 1671 2750 1744; x_wconf 84' lang='lat' dir='ltr'><strong>Augeamur</strong></span> <span class='ocrx_word' id='word_1_608' title='bbox 2798 1673 2851 1725; x_wconf 89' lang='lat' dir='ltr'><strong>in</strong></span> <span class='ocrx_word' id='word_1_609' title='bbox 2893 1671 2983 1726; x_wconf 88' lang='lat' dir='ltr'><strong>illo</strong></span> <span class='ocrx_word' id='word_1_610' title='bbox 3029 1691 3117 1745; x_wconf 68' lang='lat' dir='ltr'><strong>per</strong></span> <span class='ocrx_word' id='word_1_611' title='bbox 3145 1677 3313 1730; x_wconf 87' lang='lat' dir='ltr'><strong>omnia</strong></span> <span class='ocrx_word' id='word_1_612' title='bbox 3341 1719 3356 1744; x_wconf 89' lang='lat'><strong>,</strong></span> <span class='ocrx_word' id='word_1_613' title='bbox 3385 1679 3472 1748; x_wconf 88' lang='lat' dir='ltr'><strong>qui</strong></span> <span class='ocrx_word' id='word_1_614' title='bbox 3511 1689 3583 1733; x_wconf 90' lang='lat' dir='ltr'><strong>est</strong></span> <span class='ocrx_word' id='word_1_615' title='bbox 3626 1692 3778 1751; x_wconf 87' lang='lat' dir='ltr'><strong>caput</strong></span> 
     </span>
    </p>
   </div>
   <div class='ocr_carea' id='block_1_77' title="bbox 2197 1761 3778 1839">
    <p class='ocr_par' dir='ltr' id='par_1_77' title="bbox 2197 1761 3778 1839">
     <span class='ocr_line' id='line_1_77' title="bbox 2197 1761 3778 1839; baseline 0.005 -22"><span class='ocrx_word' id='word_1_616' title='bbox 2197 1761 2463 1827; x_wconf 87' lang='lat' dir='ltr'><strong>Christus;</strong></span> <span class='ocrx_word' id='word_1_617' title='bbox 2489 1780 2552 1818; x_wconf 79' lang='lat' dir='ltr'><strong>ea:</strong></span> <span class='ocrx_word' id='word_1_618' title='bbox 2574 1780 2673 1834; x_wconf 92' lang='lat' dir='ltr'><strong>quo</strong></span> <span class='ocrx_word' id='word_1_619' title='bbox 2702 1773 2862 1818; x_wconf 88' lang='lat' dir='ltr'><strong>totum</strong></span> <span class='ocrx_word' id='word_1_620' title='bbox 2883 1779 3068 1830; x_wconf 88' lang='lat' dir='ltr'><strong>corpus</strong></span> <span class='ocrx_word' id='word_1_621' title='bbox 3112 1783 3390 1822; x_wconf 71' lang='lat' dir='ltr'><strong>connexum</strong></span> <span class='ocrx_word' id='word_1_622' title='bbox 3417 1809 3434 1836; x_wconf 93' lang='lat'><strong>,</strong></span> <span class='ocrx_word' id='word_1_623' title='bbox 3465 1779 3512 1823; x_wconf 89' lang='lat' dir='ltr'><strong>et</strong></span> <span class='ocrx_word' id='word_1_624' title='bbox 3540 1786 3778 1839; x_wconf 82' lang='lat' dir='ltr'><strong>compac-</strong></span> 
     </span>
    </p>
   </div>
   <div class='ocr_carea' id='block_1_78' title="bbox 2197 1855 3779 1925">
    <p class='ocr_par' dir='ltr' id='par_1_78' title="bbox 2197 1855 3779 1925">
     <span class='ocr_line' id='line_1_78' title="bbox 2197 1855 3779 1925; baseline 0.004 -19"><span class='ocrx_word' id='word_1_625' title='bbox 2197 1864 2302 1909; x_wconf 88' lang='lat' dir='ltr'><strong>tum</strong></span> <span class='ocrx_word' id='word_1_626' title='bbox 2351 1872 2440 1925; x_wconf 89' lang='lat' dir='ltr'><strong>per</strong></span> <span class='ocrx_word' id='word_1_627' title='bbox 2488 1871 2682 1909; x_wconf 87' lang='lat' dir='ltr'><strong>onmem</strong></span> <span class='ocrx_word' id='word_1_628' title='bbox 2712 1863 2900 1908; x_wconf 89' lang='lat' dir='ltr'><strong>tactum</strong></span> <span class='ocrx_word' id='word_1_629' title='bbox 2940 1855 3415 1911; x_wconf 79' lang='lat' dir='ltr'><strong>subministrationis</strong></span> <span class='ocrx_word' id='word_1_630' title='bbox 3440 1898 3455 1924; x_wconf 93' lang='lat'><strong>,</strong></span> <span class='ocrx_word' id='word_1_631' title='bbox 3505 1861 3779 1913; x_wconf 83' lang='lat' dir='ltr'><strong>secundum</strong></span> 
     </span>
    </p>
   </div>
   <div class='ocr_carea' id='block_1_79' title="bbox 2195 1945 3778 2017">
    <p class='ocr_par' dir='ltr' id='par_1_79' title="bbox 2195 1945 3778 2017">
     <span class='ocr_line' id='line_1_79' title="bbox 2195 1945 3778 2017; baseline 0.005 -19"><span class='ocrx_word' id='word_1_632' title='bbox 2195 1945 2532 2016; x_wconf 84' lang='lat' dir='ltr'><strong>operationem</strong></span> <span class='ocrx_word' id='word_1_633' title='bbox 2546 1947 2596 1999; x_wconf 89' lang='lat' dir='ltr'><strong>in</strong></span> <span class='ocrx_word' id='word_1_634' title='bbox 2612 1961 2899 2000; x_wconf 88' lang='lat' dir='ltr'><strong>mensuram</strong></span> <span class='ocrx_word' id='word_1_635' title='bbox 2924 1945 3316 2017; x_wconf 85' lang='lat' dir='ltr'><strong>uniuscujusque</strong></span> <span class='ocrx_word' id='word_1_636' title='bbox 3330 1949 3507 2016; x_wconf 84' lang='lat' dir='ltr'><strong>partis.</strong></span> <span class='ocrx_word' id='word_1_637' title='bbox 3531 1949 3678 2005; x_wconf 81' lang='lat' dir='ltr'><strong>Sicut</strong></span> <span class='ocrx_word' id='word_1_638' title='bbox 3693 1959 3778 2005; x_wconf 77' lang='lat' dir='ltr'><strong>est</strong></span> 
     </span>
    </p>
   </div>
   <div class='ocr_carea' id='block_1_80' title="bbox 2195 2034 3777 2110">
    <p class='ocr_par' dir='ltr' id='par_1_80' title="bbox 2195 2034 3777 2110">
     <span class='ocr_line' id='line_1_80' title="bbox 2195 2034 3777 2110; baseline 0.003 -19"><span class='ocrx_word' id='word_1_639' title='bbox 2195 2051 2322 2106; x_wconf 87' lang='lat' dir='ltr'><strong>ergo</strong></span> <span class='ocrx_word' id='word_1_640' title='bbox 2348 2051 2593 2092; x_wconf 90' lang='lat' dir='ltr'><strong>mensura</strong></span> <span class='ocrx_word' id='word_1_641' title='bbox 2621 2034 3042 2106; x_wconf 86' lang='lat' dir='ltr'><strong>uniuscujusque</strong></span> <span class='ocrx_word' id='word_1_642' title='bbox 3068 2037 3230 2105; x_wconf 91' lang='lat' dir='ltr'><strong>partis</strong></span> <span class='ocrx_word' id='word_1_643' title='bbox 3255 2053 3269 2101; x_wconf 91' lang='lat'><strong>;</strong></span> <span class='ocrx_word' id='word_1_644' title='bbox 3303 2037 3373 2092; x_wconf 89' lang='lat' dir='ltr'><strong>ita</strong></span> <span class='ocrx_word' id='word_1_645' title='bbox 3399 2037 3558 2094; x_wconf 83' lang='lat' dir='ltr'><strong>totius</strong></span> <span class='ocrx_word' id='word_1_646' title='bbox 3585 2053 3777 2110; x_wconf 83' lang='lat' dir='ltr'><strong>corpo-</strong></span> 
     </span>
    </p>
   </div>
   <div class='ocr_carea' id='block_1_81' title="bbox 2197 2127 3776 2201">
    <p class='ocr_par' dir='ltr' id='par_1_81' title="bbox 2197 2127 3776 2201">
     <span class='ocr_line' id='line_1_81' title="bbox 2197 2127 3776 2201; baseline 0.004 -21"><span class='ocrx_word' id='word_1_647' title='bbox 2197 2127 2290 2193; x_wconf 88' lang='lat' dir='ltr'><strong>ris,</strong></span> <span class='ocrx_word' id='word_1_648' title='bbox 2323 2129 2460 2197; x_wconf 84' lang='lat' dir='ltr'><strong>quod</strong></span> <span class='ocrx_word' id='word_1_649' title='bbox 2487 2129 2732 2182; x_wconf 91' lang='lat' dir='ltr'><strong>omnibus</strong></span> <span class='ocrx_word' id='word_1_650' title='bbox 2770 2128 2879 2183; x_wconf 87' lang='lat' dir='ltr'><strong>suis</strong></span> <span class='ocrx_word' id='word_1_651' title='bbox 2903 2128 3145 2199; x_wconf 89' lang='lat' dir='ltr'><strong>partibus</strong></span> <span class='ocrx_word' id='word_1_652' title='bbox 3191 2137 3400 2184; x_wconf 89' lang='lat' dir='ltr'><strong>constat</strong></span> <span class='ocrx_word' id='word_1_653' title='bbox 3424 2171 3438 2192; x_wconf 82' lang='lat'><strong>.</strong></span> <span class='ocrx_word' id='word_1_654' title='bbox 3469 2141 3551 2185; x_wconf 91' lang='lat' dir='ltr'><strong>est</strong></span> <span class='ocrx_word' id='word_1_655' title='bbox 3593 2133 3776 2201; x_wconf 89' lang='lat' dir='ltr'><strong>utique</strong></span> 
     </span>
    </p>
   </div>
   <div class='ocr_carea' id='block_1_82' title="bbox 2194 2218 3774 2289">
    <p class='ocr_par' dir='ltr' id='par_1_82' title="bbox 2194 2218 3774 2289">
     <span class='ocr_line' id='line_1_82' title="bbox 2194 2218 3774 2289; baseline 0.002 -16"><span class='ocrx_word' id='word_1_656' title='bbox 2194 2235 2440 2274; x_wconf 91' lang='lat' dir='ltr'><strong>mensura</strong></span> <span class='ocrx_word' id='word_1_657' title='bbox 2461 2219 2820 2289; x_wconf 88' lang='lat' dir='ltr'><strong>plenitudinis,</strong></span> <span class='ocrx_word' id='word_1_658' title='bbox 2841 2219 2908 2274; x_wconf 93' lang='lat' dir='ltr'><strong>de</strong></span> <span class='ocrx_word' id='word_1_659' title='bbox 2921 2235 3023 2289; x_wconf 89' lang='lat' dir='ltr'><strong>qua</strong></span> <span class='ocrx_word' id='word_1_660' title='bbox 3049 2219 3246 2274; x_wconf 92' lang='lat' dir='ltr'><strong>dictum</strong></span> <span class='ocrx_word' id='word_1_661' title='bbox 3269 2230 3379 2276; x_wconf 89' lang='lat' dir='ltr'><strong>est:</strong></span> <span class='ocrx_word' id='word_1_662' title='bbox 3399 2218 3465 2274; x_wconf 83' lang='lat' dir='ltr'><strong>In</strong></span> <span class='ocrx_word' id='word_1_663' title='bbox 3485 2238 3774 2276; x_wconf 84' lang='lat' dir='ltr'><strong>mensuram</strong></span> 
     </span>
    </p>
   </div>
   <div class='ocr_carea' id='block_1_83' title="bbox 2194 2309 3770 2380">
    <p class='ocr_par' dir='ltr' id='par_1_83' title="bbox 2194 2309 3770 2380">
     <span class='ocr_line' id='line_1_83' title="bbox 2194 2309 3770 2380; baseline 0.003 -18"><span class='ocrx_word' id='word_1_664' title='bbox 2194 2312 2354 2363; x_wconf 71' lang='lat' dir='ltr'><strong>(etatis</strong></span> <span class='ocrx_word' id='word_1_665' title='bbox 2397 2311 2722 2380; x_wconf 87' lang='lat' dir='ltr'><strong>plenitudinis</strong></span> <span class='ocrx_word' id='word_1_666' title='bbox 2750 2309 2953 2364; x_wconf 85' lang='lat' dir='ltr'><strong>Christi.</strong></span> <span class='ocrx_word' id='word_1_667' title='bbox 2981 2312 3148 2376; x_wconf 84' lang='lat' dir='ltr'><strong>Quam</strong></span> <span class='ocrx_word' id='word_1_668' title='bbox 3203 2310 3582 2380; x_wconf 88' lang='lat' dir='ltr'><strong>plenitudinem</strong></span> <span class='ocrx_word' id='word_1_669' title='bbox 3612 2313 3770 2367; x_wconf 83' lang='lat' dir='ltr'><strong>etiam</strong></span> 
     </span>
    </p>
   </div>
   <div class='ocr_carea' id='block_1_84' title="bbox 2195 2399 3768 2475">
    <p class='ocr_par' dir='ltr' id='par_1_84' title="bbox 2195 2399 3768 2475">
     <span class='ocr_line' id='line_1_84' title="bbox 2195 2399 3768 2475; baseline 0.002 -21"><span class='ocrx_word' id='word_1_670' title='bbox 2195 2399 2284 2454; x_wconf 92' lang='lat' dir='ltr'><strong>illo</strong></span> <span class='ocrx_word' id='word_1_671' title='bbox 2307 2401 2738 2457; x_wconf 85' lang='lat' dir='ltr'><strong>commemoravit</strong></span> <span class='ocrx_word' id='word_1_672' title='bbox 2759 2401 2899 2467; x_wconf 91' lang='lat' dir='ltr'><strong>loco,</strong></span> <span class='ocrx_word' id='word_1_673' title='bbox 2932 2402 3017 2456; x_wconf 91' lang='lat' dir='ltr'><strong>ubi</strong></span> <span class='ocrx_word' id='word_1_674' title='bbox 3044 2403 3119 2456; x_wconf 89' lang='lat' dir='ltr'><strong>ait</strong></span> <span class='ocrx_word' id='word_1_675' title='bbox 3146 2401 3211 2456; x_wconf 91' lang='lat' dir='ltr'><strong>de</strong></span> <span class='ocrx_word' id='word_1_676' title='bbox 3235 2400 3446 2458; x_wconf 87' lang='lat' dir='ltr'><strong>Christo</strong></span> <span class='ocrx_word' id='word_1_677' title='bbox 3473 2420 3488 2456; x_wconf 89' lang='lat'><strong>:</strong></span> <span class='ocrx_word' id='word_1_678' title='bbox 3510 2403 3579 2457; x_wconf 88' lang='lat' dir='ltr'><strong>Et</strong></span> <span class='ocrx_word' id='word_1_679' title='bbox 3599 2405 3768 2475; x_wconf 81' lang='lat' dir='ltr'><strong>ipsum</strong></span> 
     </span>
    </p>
   </div>
   <div class='ocr_carea' id='block_1_85' title="bbox 2195 2490 3755 2564">
    <p class='ocr_par' dir='ltr' id='par_1_85' title="bbox 2195 2490 3755 2564">
     <span class='ocr_line' id='line_1_85' title="bbox 2195 2490 3755 2564; baseline 0.004 -22"><span class='ocrx_word' id='word_1_680' title='bbox 2195 2490 2332 2544; x_wconf 84' lang='lat' dir='ltr'><strong>dedit</strong></span> <span class='ocrx_word' id='word_1_681' title='bbox 2384 2500 2535 2561; x_wconf 88' lang='lat' dir='ltr'><strong>caput</strong></span> <span class='ocrx_word' id='word_1_682' title='bbox 2580 2508 2730 2561; x_wconf 88' lang='lat' dir='ltr'><strong>super</strong></span> <span class='ocrx_word' id='word_1_683' title='bbox 2776 2493 2945 2546; x_wconf 88' lang='lat' dir='ltr'><strong>omnia</strong></span> <span class='ocrx_word' id='word_1_684' title='bbox 2983 2491 3223 2548; x_wconf 75' lang='lat' dir='ltr'><strong>Ecclesia:</strong></span> <span class='ocrx_word' id='word_1_685' title='bbox 3267 2493 3283 2524; x_wconf 76' lang='grc' dir='ltr'>ί</span> <span class='ocrx_word' id='word_1_686' title='bbox 3309 2534 3324 2558; x_wconf 92' lang='grc'><strong><em>,</em></strong></span> <span class='ocrx_word' id='word_1_687' title='bbox 3355 2509 3467 2564; x_wconf 68' lang='lat' dir='ltr'><strong>qua</strong></span> <span class='ocrx_word' id='word_1_688' title='bbox 3520 2504 3594 2550; x_wconf 84' lang='lat' dir='ltr'><strong>est</strong></span> <span class='ocrx_word' id='word_1_689' title='bbox 3641 2511 3755 2549; x_wconf 83' lang='lat' dir='ltr'><strong>cer-</strong></span> 
     </span>
    </p>
   </div>
   <div class='ocr_carea' id='block_1_86' title="bbox 2195 2581 3774 2655">
    <p class='ocr_par' dir='ltr' id='par_1_86' title="bbox 2195 2581 3774 2655">
     <span class='ocr_line' id='line_1_86' title="bbox 2195 2581 3774 2655; baseline 0.005 -22"><span class='ocrx_word' id='word_1_690' title='bbox 2195 2596 2287 2647; x_wconf 89' lang='lat' dir='ltr'><strong>pus</strong></span> <span class='ocrx_word' id='word_1_691' title='bbox 2310 2582 2438 2650; x_wconf 86' lang='lat' dir='ltr'><strong>ejus,</strong></span> <span class='ocrx_word' id='word_1_692' title='bbox 2473 2581 2732 2650; x_wconf 85' lang='lat' dir='ltr'><strong>plenitudo</strong></span> <span class='ocrx_word' id='word_1_693' title='bbox 2757 2583 2866 2650; x_wconf 88' lang='lat' dir='ltr'><strong>ejus</strong></span> <span class='ocrx_word' id='word_1_694' title='bbox 2891 2623 2905 2647; x_wconf 92' lang='lat'><strong>,</strong></span> <span class='ocrx_word' id='word_1_695' title='bbox 2948 2584 3034 2652; x_wconf 90' lang='lat' dir='ltr'><strong>qui</strong></span> <span class='ocrx_word' id='word_1_696' title='bbox 3075 2583 3243 2636; x_wconf 87' lang='lat' dir='ltr'><strong>omnia</strong></span> <span class='ocrx_word' id='word_1_697' title='bbox 3266 2584 3318 2637; x_wconf 85' lang='lat' dir='ltr'><strong>in</strong></span> <span class='ocrx_word' id='word_1_698' title='bbox 3342 2584 3774 2655; x_wconf 67' lang='lat' dir='ltr'><strong>omnibusimpls-</strong></span> 
     </span>
    </p>
   </div>
   <div class='ocr_carea' id='block_1_87' title="bbox 2193 2669 3773 2744">
    <p class='ocr_par' dir='ltr' id='par_1_87' title="bbox 2193 2669 3773 2744">
     <span class='ocr_line' id='line_1_87' title="bbox 2193 2669 3773 2744; baseline 0.006 -20"><span class='ocrx_word' id='word_1_699' title='bbox 2193 2680 2274 2724; x_wconf 89' lang='lat' dir='ltr'><strong>tur</strong></span> <span class='ocrx_word' id='word_1_700' title='bbox 2301 2673 2320 2702; x_wconf 81' lang='grc'>¹</span> <span class='ocrx_word' id='word_1_701' title='bbox 2349 2669 2562 2739; x_wconf 85' lang='lat' dir='ltr'><strong>(Ephes.</strong></span> <span class='ocrx_word' id='word_1_702' title='bbox 2596 2689 2649 2739; x_wconf 78' lang='grc' dir='ltr'><strong>ι,</strong></span> <span class='ocrx_word' id='word_1_703' title='bbox 2681 2673 2751 2726; x_wconf 72' lang='grc'>22</span> <span class='ocrx_word' id='word_1_704' title='bbox 2781 2683 2828 2728; x_wconf 92' lang='lat' dir='ltr'><strong>et</strong></span> <span class='ocrx_word' id='word_1_705' title='bbox 2856 2673 2969 2744; x_wconf 73' lang='grc'>25).</span> <span class='ocrx_word' id='word_1_706' title='bbox 3011 2673 3204 2729; x_wconf 82' lang='lat' dir='ltr'><strong>Verum</strong></span> <span class='ocrx_word' id='word_1_707' title='bbox 3231 2674 3275 2728; x_wconf 91' lang='lat' dir='ltr'><strong>si</strong></span> <span class='ocrx_word' id='word_1_708' title='bbox 3303 2673 3406 2730; x_wconf 93' lang='lat' dir='ltr'><strong>hoc</strong></span> <span class='ocrx_word' id='word_1_709' title='bbox 3426 2675 3493 2729; x_wconf 86' lang='lat' dir='ltr'><strong>ad</strong></span> <span class='ocrx_word' id='word_1_710' title='bbox 3533 2690 3773 2733; x_wconf 73' lang='lat' dir='ltr'><strong>resume-</strong></span> 
     </span>
    </p>
   </div>
   <div class='ocr_carea' id='block_1_88' title="bbox 2192 2762 3766 2835">
    <p class='ocr_par' dir='ltr' id='par_1_88' title="bbox 2192 2762 3766 2835">
     <span class='ocr_line' id='line_1_88' title="bbox 2192 2762 3766 2835; baseline 0.005 -20"><span class='ocrx_word' id='word_1_711' title='bbox 2192 2762 2381 2815; x_wconf 84' lang='lat' dir='ltr'><strong>ctionis</strong></span> <span class='ocrx_word' id='word_1_712' title='bbox 2409 2762 2652 2826; x_wconf 89' lang='lat' dir='ltr'><strong>formam,</strong></span> <span class='ocrx_word' id='word_1_713' title='bbox 2678 2764 2728 2816; x_wconf 92' lang='lat' dir='ltr'><strong>in</strong></span> <span class='ocrx_word' id='word_1_714' title='bbox 2759 2779 2857 2834; x_wconf 91' lang='lat' dir='ltr'><strong>qua</strong></span> <span class='ocrx_word' id='word_1_715' title='bbox 2887 2764 2988 2819; x_wconf 91' lang='lat' dir='ltr'><strong>erit</strong></span> <span class='ocrx_word' id='word_1_716' title='bbox 3017 2765 3394 2835; x_wconf 89' lang='lat' dir='ltr'><strong>unusquisque,</strong></span> <span class='ocrx_word' id='word_1_717' title='bbox 3427 2765 3766 2823; x_wconf 85' lang='lat' dir='ltr'><strong>referendum</strong></span> 
     </span>
    </p>
   </div>
   <div class='ocr_carea' id='block_1_89' title="bbox 2191 2852 3771 2930">
    <p class='ocr_par' dir='ltr' id='par_1_89' title="bbox 2191 2852 3771 2930">
     <span class='ocr_line' id='line_1_89' title="bbox 2191 2852 3771 2930; baseline 0.007 -25"><span class='ocrx_word' id='word_1_718' title='bbox 2191 2859 2371 2916; x_wconf 91' lang='lat' dir='ltr'><strong>esset;</strong></span> <span class='ocrx_word' id='word_1_719' title='bbox 2399 2852 2522 2922; x_wconf 89' lang='lat' dir='ltr'><strong>quid</strong></span> <span class='ocrx_word' id='word_1_720' title='bbox 2553 2869 2649 2908; x_wconf 90' lang='lat' dir='ltr'><strong>nos</strong></span> <span class='ocrx_word' id='word_1_721' title='bbox 2679 2854 2960 2924; x_wconf 89' lang='lat' dir='ltr'><strong>impediret</strong></span> <span class='ocrx_word' id='word_1_722' title='bbox 3011 2856 3280 2911; x_wconf 84' lang='lat' dir='ltr'><strong>nominato</strong></span> <span class='ocrx_word' id='word_1_723' title='bbox 3306 2856 3422 2912; x_wconf 89' lang='lat' dir='ltr'><strong>viro</strong></span> <span class='ocrx_word' id='word_1_724' title='bbox 3471 2858 3771 2930; x_wconf 85' lang='lat' dir='ltr'><strong>intelligere</strong></span> 
     </span>
    </p>
   </div>
   <div class='ocr_carea' id='block_1_90' title="bbox 2191 2942 3767 3021">
    <p class='ocr_par' dir='ltr' id='par_1_90' title="bbox 2191 2942 3767 3021">
     <span class='ocr_line' id='line_1_90' title="bbox 2191 2942 3767 3021; baseline 0.005 -22"><span class='ocrx_word' id='word_1_725' title='bbox 2191 2952 2242 2999; x_wconf 86' lang='lat' dir='ltr'><strong>et</strong></span> <span class='ocrx_word' id='word_1_726' title='bbox 2266 2942 2509 2997; x_wconf 87' lang='lat' dir='ltr'><strong>feminam</strong></span> <span class='ocrx_word' id='word_1_727' title='bbox 2533 2985 2547 3010; x_wconf 95' lang='lat'><strong>,</strong></span> <span class='ocrx_word' id='word_1_728' title='bbox 2581 2953 2638 2998; x_wconf 94' lang='lat' dir='ltr'><strong>ut</strong></span> <span class='ocrx_word' id='word_1_729' title='bbox 2672 2945 2841 2998; x_wconf 86' lang='lat' dir='ltr'><strong>virum</strong></span> <span class='ocrx_word' id='word_1_730' title='bbox 2870 2961 2965 3015; x_wconf 90' lang='lat' dir='ltr'><strong>pro</strong></span> <span class='ocrx_word' id='word_1_731' title='bbox 2993 2946 3206 3002; x_wconf 89' lang='lat' dir='ltr'><strong>homine</strong></span> <span class='ocrx_word' id='word_1_732' title='bbox 3232 2948 3462 3017; x_wconf 91' lang='lat' dir='ltr'><strong>positum</strong></span> <span class='ocrx_word' id='word_1_733' title='bbox 3492 2951 3767 3021; x_wconf 87' lang='lat' dir='ltr'><strong>accipere-</strong></span> 
     </span>
    </p>
   </div>
   <div class='ocr_carea' id='block_1_91' title="bbox 2191 3033 3772 3111">
    <p class='ocr_par' dir='ltr' id='par_1_91' title="bbox 2191 3033 3772 3111">
     <span class='ocr_line' id='line_1_91' title="bbox 2191 3033 3772 3111; baseline 0.004 -22"><span class='ocrx_word' id='word_1_734' title='bbox 2191 3035 2350 3089; x_wconf 82' lang='lat' dir='ltr'><strong>mus?</strong></span> <span class='ocrx_word' id='word_1_735' title='bbox 2395 3033 2542 3090; x_wconf 90' lang='lat' dir='ltr'><strong>Sicut</strong></span> <span class='ocrx_word' id='word_1_736' title='bbox 2569 3036 2620 3089; x_wconf 93' lang='lat' dir='ltr'><strong>in</strong></span> <span class='ocrx_word' id='word_1_737' title='bbox 2647 3051 2712 3090; x_wconf 90' lang='lat' dir='ltr'><strong>eo</strong></span> <span class='ocrx_word' id='word_1_738' title='bbox 2737 3037 2876 3106; x_wconf 92' lang='lat' dir='ltr'><strong>quod</strong></span> <span class='ocrx_word' id='word_1_739' title='bbox 2898 3037 3098 3092; x_wconf 91' lang='lat' dir='ltr'><strong>dictum</strong></span> <span class='ocrx_word' id='word_1_740' title='bbox 3125 3047 3226 3105; x_wconf 91' lang='lat' dir='ltr'><strong>est,</strong></span> <span class='ocrx_word' id='word_1_741' title='bbox 3256 3038 3442 3095; x_wconf 87' lang='lat' dir='ltr'><strong>Beatus</strong></span> <span class='ocrx_word' id='word_1_742' title='bbox 3490 3041 3568 3095; x_wconf 80' lang='lat' dir='ltr'><strong>vir</strong></span> <span class='ocrx_word' id='word_1_743' title='bbox 3589 3043 3677 3111; x_wconf 87' lang='lat' dir='ltr'><strong>qui</strong></span> <span class='ocrx_word' id='word_1_744' title='bbox 3707 3043 3772 3096; x_wconf 86' lang='lat' dir='ltr'><strong>ti-</strong></span> 
     </span>
    </p>
   </div>
   <div class='ocr_carea' id='block_1_92' title="bbox 2191 3126 3768 3202">
    <p class='ocr_par' dir='ltr' id='par_1_92' title="bbox 2191 3126 3768 3202">
     <span class='ocr_line' id='line_1_92' title="bbox 2191 3126 3768 3202; baseline 0.006 -21"><span class='ocrx_word' id='word_1_745' title='bbox 2191 3137 2289 3181; x_wconf 92' lang='lat' dir='ltr'><strong>met</strong></span> <span class='ocrx_word' id='word_1_746' title='bbox 2312 3126 2584 3182; x_wconf 87' lang='lat' dir='ltr'><strong>Dominum</strong></span> <span class='ocrx_word' id='word_1_747' title='bbox 2611 3128 2782 3200; x_wconf 86' lang='lat' dir='ltr'><strong>(Psat.</strong></span> <span class='ocrx_word' id='word_1_748' title='bbox 2805 3144 2912 3196; x_wconf 74' lang='lat' dir='ltr'><strong>CXI,</strong></span> <span class='ocrx_word' id='word_1_749' title='bbox 2943 3128 2994 3201; x_wconf 87' lang='lat' dir='ltr'><strong>l)</strong></span> <span class='ocrx_word' id='word_1_750' title='bbox 3023 3146 3038 3186; x_wconf 86' lang='lat'><strong>:</strong></span> <span class='ocrx_word' id='word_1_751' title='bbox 3067 3130 3248 3202; x_wconf 91' lang='lat' dir='ltr'><strong>utique</strong></span> <span class='ocrx_word' id='word_1_752' title='bbox 3277 3133 3347 3187; x_wconf 91' lang='lat' dir='ltr'><strong>ibi</strong></span> <span class='ocrx_word' id='word_1_753' title='bbox 3374 3141 3498 3189; x_wconf 91' lang='lat' dir='ltr'><strong>sunt</strong></span> <span class='ocrx_word' id='word_1_754' title='bbox 3520 3142 3576 3189; x_wconf 86' lang='lat' dir='ltr'><strong>et</strong></span> <span class='ocrx_word' id='word_1_755' title='bbox 3614 3134 3768 3190; x_wconf 80' lang='lat' dir='ltr'><strong>femi-</strong></span> 
     </span>
    </p>
   </div>
   <div class='ocr_carea' id='block_1_93' title="bbox 2190 3219 2993 3289">
    <p class='ocr_par' dir='ltr' id='par_1_93' title="bbox 2190 3219 2993 3289">
     <span class='ocr_line' id='line_1_93' title="bbox 2190 3219 2993 3289; baseline 0 -16"><span class='ocrx_word' id='word_1_756' title='bbox 2190 3234 2294 3286; x_wconf 74' lang='lat' dir='ltr'><strong>nte,</strong></span> <span class='ocrx_word' id='word_1_757' title='bbox 2323 3234 2440 3289; x_wconf 64' lang='lat' dir='ltr'><strong>qua:</strong></span> <span class='ocrx_word' id='word_1_758' title='bbox 2467 3219 2654 3274; x_wconf 91' lang='lat' dir='ltr'><strong>timent</strong></span> <span class='ocrx_word' id='word_1_759' title='bbox 2692 3220 2993 3274; x_wconf 90' lang='lat' dir='ltr'><strong>Dominum.</strong></span> 
     </span>
    </p>
   </div>
   <div class='ocr_carea' id='block_1_94' title="bbox 2189 3310 3768 3385">
    <p class='ocr_par' dir='ltr' id='par_1_94' title="bbox 2189 3310 3768 3385">
     <span class='ocr_line' id='line_1_94' title="bbox 2189 3310 3768 3385; baseline 0.002 -18"><span class='ocrx_word' id='word_1_760' title='bbox 2189 3310 2413 3368; x_wconf 82' lang='lat' dir='ltr'><strong>CAPUT</strong></span> <span class='ocrx_word' id='word_1_761' title='bbox 2439 3310 2582 3366; x_wconf 76' lang='lat' dir='ltr'><strong>XIX.</strong></span> <span class='ocrx_word' id='word_1_762' title='bbox 2608 3341 2678 3352; x_wconf 95' lang='lat'><strong>——</strong></span> <span class='ocrx_word' id='word_1_763' title='bbox 2705 3311 2854 3377; x_wconf 84' lang='lat' dir='ltr'><strong>Quod</strong></span> <span class='ocrx_word' id='word_1_764' title='bbox 2873 3312 3044 3366; x_wconf 85' lang='lat' dir='ltr'><strong>omnia</strong></span> <span class='ocrx_word' id='word_1_765' title='bbox 3059 3314 3284 3383; x_wconf 88' lang='lat' dir='ltr'><strong>corporis</strong></span> <span class='ocrx_word' id='word_1_766' title='bbox 3303 3314 3442 3381; x_wconf 79' lang='lat' dir='ltr'><strong>uitia,</strong></span> <span class='ocrx_word' id='word_1_767' title='bbox 3475 3316 3653 3385; x_wconf 75' lang='lat' dir='ltr'><strong>qutein</strong></span> <span class='ocrx_word' id='word_1_768' title='bbox 3675 3317 3768 3370; x_wconf 87' lang='lat' dir='ltr'><strong>hac</strong></span> 
     </span>
    </p>
   </div>
   <div class='ocr_carea' id='block_1_95' title="bbox 2259 3397 3765 3466">
    <p class='ocr_par' dir='ltr' id='par_1_95' title="bbox 2259 3397 3765 3466">
     <span class='ocr_line' id='line_1_95' title="bbox 2259 3397 3765 3466; baseline 0.003 -12"><span class='ocrx_word' id='word_1_769' title='bbox 2259 3402 2361 3454; x_wconf 79' lang='lat' dir='ltr'><strong>vita</strong></span> <span class='ocrx_word' id='word_1_770' title='bbox 2398 3401 2623 3456; x_wconf 89' lang='lat' dir='ltr'><strong>humano</strong></span> <span class='ocrx_word' id='word_1_771' title='bbox 2656 3397 2910 3455; x_wconf 88' lang='lat' dir='ltr'><strong>contraria</strong></span> <span class='ocrx_word' id='word_1_772' title='bbox 2947 3411 3061 3456; x_wconf 88' lang='lat' dir='ltr'><strong>sunt</strong></span> <span class='ocrx_word' id='word_1_773' title='bbox 3086 3402 3282 3466; x_wconf 87' lang='lat' dir='ltr'><strong>decori,</strong></span> <span class='ocrx_word' id='word_1_774' title='bbox 3325 3403 3376 3456; x_wconf 90' lang='lat' dir='ltr'><strong>in</strong></span> <span class='ocrx_word' id='word_1_775' title='bbox 3403 3405 3765 3460; x_wconf 83' lang='lat' dir='ltr'><strong>resurrectione</strong></span> 
     </span>
    </p>
   </div>
   <div class='ocr_carea' id='block_1_96' title="bbox 2258 3491 3766 3562">
    <p class='ocr_par' dir='ltr' id='par_1_96' title="bbox 2258 3491 3766 3562">
     <span class='ocr_line' id='line_1_96' title="bbox 2258 3491 3766 3562; baseline 0.002 -18"><span class='ocrx_word' id='word_1_776' title='bbox 2258 3507 2362 3544; x_wconf 88' lang='lat' dir='ltr'><strong>non</strong></span> <span class='ocrx_word' id='word_1_777' title='bbox 2389 3492 2490 3545; x_wconf 89' lang='lat' dir='ltr'><strong>sint</strong></span> <span class='ocrx_word' id='word_1_778' title='bbox 2513 3495 2685 3562; x_wconf 82' lang='lat' dir='ltr'><strong>futura</strong></span> <span class='ocrx_word' id='word_1_779' title='bbox 2705 3532 2719 3556; x_wconf 94' lang='lat'><strong>,</strong></span> <span class='ocrx_word' id='word_1_780' title='bbox 2752 3491 2836 3545; x_wconf 90' lang='lat' dir='ltr'><strong>ubi</strong></span> <span class='ocrx_word' id='word_1_781' title='bbox 2864 3502 3094 3547; x_wconf 88' lang='lat' dir='ltr'><strong>manente</strong></span> <span class='ocrx_word' id='word_1_782' title='bbox 3120 3493 3343 3546; x_wconf 90' lang='lat' dir='ltr'><strong>naturali</strong></span> <span class='ocrx_word' id='word_1_783' title='bbox 3371 3493 3649 3547; x_wconf 87' lang='lat' dir='ltr'><strong>substantia</strong></span> <span class='ocrx_word' id='word_1_784' title='bbox 3667 3537 3682 3560; x_wconf 89' lang='lat'><strong>,</strong></span> <span class='ocrx_word' id='word_1_785' title='bbox 3715 3495 3766 3547; x_wconf 89' lang='lat' dir='ltr'><strong>in</strong></span> 
     </span>
    </p>
   </div>
   <div class='ocr_carea' id='block_1_97' title="bbox 2259 3583 3766 3656">
    <p class='ocr_par' dir='ltr' id='par_1_97' title="bbox 2259 3583 3766 3656">
     <span class='ocr_line' id='line_1_97' title="bbox 2259 3583 3766 3656; baseline 0.002 -18"><span class='ocrx_word' id='word_1_786' title='bbox 2259 3601 2418 3638; x_wconf 87' lang='lat' dir='ltr'><strong>unam</strong></span> <span class='ocrx_word' id='word_1_787' title='bbox 2457 3583 2880 3654; x_wconf 86' lang='lat' dir='ltr'><strong>pulchritudinem</strong></span> <span class='ocrx_word' id='word_1_788' title='bbox 2905 3594 2952 3638; x_wconf 91' lang='lat' dir='ltr'><strong>et</strong></span> <span class='ocrx_word' id='word_1_789' title='bbox 2979 3586 3196 3655; x_wconf 89' lang='lat' dir='ltr'><strong>qualitas</strong></span> <span class='ocrx_word' id='word_1_790' title='bbox 3225 3595 3491 3640; x_wconf 83' lang='lat' dir='ltr'><strong>concurret</strong></span> <span class='ocrx_word' id='word_1_791' title='bbox 3514 3595 3569 3640; x_wconf 75' lang='lat' dir='ltr'><strong>et</strong></span> <span class='ocrx_word' id='word_1_792' title='bbox 3605 3602 3766 3656; x_wconf 84' lang='lat' dir='ltr'><strong>quan-</strong></span> 
     </span>
    </p>
   </div>
   <div class='ocr_carea' id='block_1_98' title="bbox 2261 3677 2398 3730">
    <p class='ocr_par' dir='ltr' id='par_1_98' title="bbox 2261 3677 2398 3730">
     <span class='ocr_line' id='line_1_98' title="bbox 2261 3677 2398 3730; baseline 0 -2"><span class='ocrx_word' id='word_1_793' title='bbox 2261 3677 2398 3730; x_wconf 71' lang='lat' dir='ltr'><strong>(itas.</strong></span> 
     </span>
    </p>
   </div>
   <div class='ocr_carea' id='block_1_99' title="bbox 2267 3766 3765 3839">
    <p class='ocr_par' dir='ltr' id='par_1_99' title="bbox 2267 3766 3765 3839">
     <span class='ocr_line' id='line_1_99' title="bbox 2267 3766 3765 3839; baseline 0.001 -19"><span class='ocrx_word' id='word_1_794' title='bbox 2267 3768 2317 3821; x_wconf 89' lang='grc'>1.</span> <span class='ocrx_word' id='word_1_795' title='bbox 2337 3766 2590 3836; x_wconf 91' lang='lat' dir='ltr'><strong>Quidjam</strong></span> <span class='ocrx_word' id='word_1_796' title='bbox 2614 3766 2960 3838; x_wconf 89' lang='lat' dir='ltr'><strong>respondeam</strong></span> <span class='ocrx_word' id='word_1_797' title='bbox 2983 3767 3049 3822; x_wconf 90' lang='lat' dir='ltr'><strong>de</strong></span> <span class='ocrx_word' id='word_1_798' title='bbox 3066 3767 3271 3836; x_wconf 88' lang='lat' dir='ltr'><strong>capillis</strong></span> <span class='ocrx_word' id='word_1_799' title='bbox 3291 3776 3448 3838; x_wconf 85' lang='lat' dir='ltr'><strong>atque</strong></span> <span class='ocrx_word' id='word_1_800' title='bbox 3465 3768 3765 3839; x_wconf 82' lang='lat' dir='ltr'><strong>unguibus?</strong></span> 
     </span>
    </p>
   </div>
   <div class='ocr_carea' id='block_1_100' title="bbox 2190 3856 3764 3927">
    <p class='ocr_par' dir='ltr' id='par_1_100' title="bbox 2190 3856 3764 3927">
     <span class='ocr_line' id='line_1_100' title="bbox 2190 3856 3764 3927; baseline -0.001 -15"><span class='ocrx_word' id='word_1_801' title='bbox 2190 3857 2368 3912; x_wconf 83' lang='lat' dir='ltr'><strong>Semel</strong></span> <span class='ocrx_word' id='word_1_802' title='bbox 2409 3856 2606 3927; x_wconf 88' lang='lat' dir='ltr'><strong>quippe</strong></span> <span class='ocrx_word' id='word_1_803' title='bbox 2653 3857 2922 3912; x_wconf 88' lang='lat' dir='ltr'><strong>intellecto</strong></span> <span class='ocrx_word' id='word_1_804' title='bbox 2953 3861 3025 3911; x_wconf 84' lang='lat' dir='ltr'><strong>ita</strong></span> <span class='ocrx_word' id='word_1_805' title='bbox 3055 3856 3184 3911; x_wconf 90' lang='lat' dir='ltr'><strong>nihil</strong></span> <span class='ocrx_word' id='word_1_806' title='bbox 3231 3857 3526 3926; x_wconf 91' lang='lat' dir='ltr'><strong>periturum</strong></span> <span class='ocrx_word' id='word_1_807' title='bbox 3557 3872 3676 3912; x_wconf 87' lang='lat' dir='ltr'><strong>esse</strong></span> <span class='ocrx_word' id='word_1_808' title='bbox 3699 3857 3764 3911; x_wconf 89' lang='lat' dir='ltr'><strong>de</strong></span> 
     </span>
    </p>
   </div>
   <div class='ocr_carea' id='block_1_101' title="bbox 2191 3945 3765 4016">
    <p class='ocr_par' dir='ltr' id='par_1_101' title="bbox 2191 3945 3765 4016">
     <span class='ocr_line' id='line_1_101' title="bbox 2191 3945 3765 4016; baseline -0.001 -16"><span class='ocrx_word' id='word_1_809' title='bbox 2191 3961 2436 4016; x_wconf 89' lang='lat' dir='ltr'><strong>corpore,</strong></span> <span class='ocrx_word' id='word_1_810' title='bbox 2465 3956 2524 4000; x_wconf 93' lang='lat' dir='ltr'><strong>ut</strong></span> <span class='ocrx_word' id='word_1_811' title='bbox 2551 3945 2787 4000; x_wconf 90' lang='lat' dir='ltr'><strong>deforme</strong></span> <span class='ocrx_word' id='word_1_812' title='bbox 2813 3945 2945 4000; x_wconf 86' lang='lat' dir='ltr'><strong>nihil</strong></span> <span class='ocrx_word' id='word_1_813' title='bbox 2970 3946 3039 4002; x_wconf 88' lang='lat' dir='ltr'><strong>sit</strong></span> <span class='ocrx_word' id='word_1_814' title='bbox 3069 3946 3119 3999; x_wconf 94' lang='lat' dir='ltr'><strong>in</strong></span> <span class='ocrx_word' id='word_1_815' title='bbox 3145 3961 3390 4015; x_wconf 92' lang='lat' dir='ltr'><strong>corpore,</strong></span> <span class='ocrx_word' id='word_1_816' title='bbox 3420 3945 3583 4000; x_wconf 90' lang='lat' dir='ltr'><strong>siul</strong></span> <span class='ocrx_word' id='word_1_817' title='bbox 3614 3945 3765 4000; x_wconf 80' lang='lat' dir='ltr'><strong>intel-</strong></span> 
     </span>
    </p>
   </div>
   <div class='ocr_carea' id='block_1_102' title="bbox 2194 4033 3764 4106">
    <p class='ocr_par' dir='ltr' id='par_1_102' title="bbox 2194 4033 3764 4106">
     <span class='ocr_line' id='line_1_102' title="bbox 2194 4033 3764 4106; baseline -0.002 -17"><span class='ocrx_word' id='word_1_818' title='bbox 2194 4035 2371 4106; x_wconf 90' lang='lat' dir='ltr'><strong>ligitur</strong></span> <span class='ocrx_word' id='word_1_819' title='bbox 2407 4050 2470 4090; x_wconf 87' lang='lat' dir='ltr'><strong>ea</strong></span> <span class='ocrx_word' id='word_1_820' title='bbox 2499 4051 2619 4105; x_wconf 77' lang='lat' dir='ltr'><strong>qua:</strong></span> <span class='ocrx_word' id='word_1_821' title='bbox 2656 4035 2947 4090; x_wconf 89' lang='lat' dir='ltr'><strong>deformem</strong></span> <span class='ocrx_word' id='word_1_822' title='bbox 2995 4034 3194 4089; x_wconf 89' lang='lat' dir='ltr'><strong>factura</strong></span> <span class='ocrx_word' id='word_1_823' title='bbox 3227 4033 3435 4089; x_wconf 87' lang='lat' dir='ltr'><strong>fuerant</strong></span> <span class='ocrx_word' id='word_1_824' title='bbox 3476 4035 3764 4089; x_wconf 81' lang='lat' dir='ltr'><strong>enormita—</strong></span> 
     </span>
    </p>
   </div>
   <div class='ocr_carea' id='block_1_103' title="bbox 2194 4125 3765 4196">
    <p class='ocr_par' dir='ltr' id='par_1_103' title="bbox 2194 4125 3765 4196">
     <span class='ocr_line' id='line_1_103' title="bbox 2194 4125 3765 4196; baseline -0.002 -14"><span class='ocrx_word' id='word_1_825' title='bbox 2194 4136 2321 4192; x_wconf 89' lang='lat' dir='ltr'><strong>tem,</strong></span> <span class='ocrx_word' id='word_1_826' title='bbox 2345 4141 2536 4183; x_wconf 73' lang='lat' dir='ltr'><strong>massa:</strong></span> <span class='ocrx_word' id='word_1_827' title='bbox 2580 4127 2682 4196; x_wconf 91' lang='lat' dir='ltr'><strong>ipsi</strong></span> <span class='ocrx_word' id='word_1_828' title='bbox 2706 4141 2982 4182; x_wconf 86' lang='lat' dir='ltr'><strong>accessura</strong></span> <span class='ocrx_word' id='word_1_829' title='bbox 3006 4141 3144 4192; x_wconf 92' lang='lat' dir='ltr'><strong>esse,</strong></span> <span class='ocrx_word' id='word_1_830' title='bbox 3191 4141 3297 4181; x_wconf 92' lang='lat' dir='ltr'><strong>non</strong></span> <span class='ocrx_word' id='word_1_831' title='bbox 3327 4125 3457 4181; x_wconf 89' lang='lat' dir='ltr'><strong>locis</strong></span> <span class='ocrx_word' id='word_1_832' title='bbox 3499 4126 3553 4180; x_wconf 92' lang='lat' dir='ltr'><strong>in</strong></span> <span class='ocrx_word' id='word_1_833' title='bbox 3576 4127 3765 4196; x_wconf 89' lang='lat' dir='ltr'><strong>quibus</strong></span> 
     </span>
    </p>
   </div>
   <div class='ocr_carea' id='block_1_104' title="bbox 2194 4214 3764 4286">
    <p class='ocr_par' dir='ltr' id='par_1_104' title="bbox 2194 4214 3764 4286">
     <span class='ocr_line' id='line_1_104' title="bbox 2194 4214 3764 4286; baseline -0.003 -13"><span class='ocrx_word' id='word_1_834' title='bbox 2194 4217 2553 4274; x_wconf 77' lang='lat' dir='ltr'><strong>membrorum</strong></span> <span class='ocrx_word' id='word_1_835' title='bbox 2590 4215 2760 4271; x_wconf 81' lang='lat' dir='ltr'><strong>forma</strong></span> <span class='ocrx_word' id='word_1_836' title='bbox 2804 4225 3067 4286; x_wconf 89' lang='lat' dir='ltr'><strong>turpetur.</strong></span> <span class='ocrx_word' id='word_1_837' title='bbox 3107 4215 3265 4270; x_wconf 79' lang='lat' dir='ltr'><strong>Velut</strong></span> <span class='ocrx_word' id='word_1_838' title='bbox 3307 4215 3351 4270; x_wconf 91' lang='lat' dir='ltr'><strong>si</strong></span> <span class='ocrx_word' id='word_1_839' title='bbox 3391 4214 3458 4270; x_wconf 85' lang='lat' dir='ltr'><strong>de</strong></span> <span class='ocrx_word' id='word_1_840' title='bbox 3497 4215 3626 4268; x_wconf 88' lang='lat' dir='ltr'><strong>limo</strong></span> <span class='ocrx_word' id='word_1_841' title='bbox 3673 4229 3764 4268; x_wconf 89' lang='lat' dir='ltr'><strong>vas</strong></span> 
     </span>
    </p>
   </div>
   <div class='ocr_carea' id='block_1_105' title="bbox 2196 4305 3766 4378">
    <p class='ocr_par' dir='ltr' id='par_1_105' title="bbox 2196 4305 3766 4378">
     <span class='ocr_line' id='line_1_105' title="bbox 2196 4305 3766 4378; baseline -0.003 -15"><span class='ocrx_word' id='word_1_842' title='bbox 2196 4309 2370 4374; x_wconf 87' lang='lat' dir='ltr'><strong>ﬁeret,</strong></span> <span class='ocrx_word' id='word_1_843' title='bbox 2396 4307 2536 4378; x_wconf 89' lang='lat' dir='ltr'><strong>quod</strong></span> <span class='ocrx_word' id='word_1_844' title='bbox 2565 4322 2749 4362; x_wconf 86' lang='lat' dir='ltr'><strong>rursus</strong></span> <span class='ocrx_word' id='word_1_845' title='bbox 2791 4307 2843 4361; x_wconf 88' lang='lat' dir='ltr'><strong>in</strong></span> <span class='ocrx_word' id='word_1_846' title='bbox 2873 4306 3124 4360; x_wconf 90' lang='lat' dir='ltr'><strong>eumdum</strong></span> <span class='ocrx_word' id='word_1_847' title='bbox 3155 4306 3337 4360; x_wconf 89' lang='lat' dir='ltr'><strong>limum</strong></span> <span class='ocrx_word' id='word_1_848' title='bbox 3384 4305 3657 4361; x_wconf 89' lang='lat' dir='ltr'><strong>redactum</strong></span> <span class='ocrx_word' id='word_1_849' title='bbox 3690 4316 3766 4360; x_wconf 89' lang='lat' dir='ltr'><strong>to-</strong></span> 
     </span>
    </p>
   </div>
   <div class='ocr_carea' id='block_1_106' title="bbox 2197 4397 3766 4464">
    <p class='ocr_par' dir='ltr' id='par_1_106' title="bbox 2197 4397 3766 4464">
     <span class='ocr_line' id='line_1_106' title="bbox 2197 4397 3766 4464; baseline -0.003 -10"><span class='ocrx_word' id='word_1_850' title='bbox 2197 4408 2308 4454; x_wconf 92' lang='lat' dir='ltr'><strong>tum</strong></span> <span class='ocrx_word' id='word_1_851' title='bbox 2348 4400 2415 4454; x_wconf 90' lang='lat' dir='ltr'><strong>de</strong></span> <span class='ocrx_word' id='word_1_852' title='bbox 2445 4407 2554 4452; x_wconf 86' lang='lat' dir='ltr'><strong>toto</strong></span> <span class='ocrx_word' id='word_1_853' title='bbox 2584 4398 2772 4453; x_wconf 90' lang='lat' dir='ltr'><strong>iterum</strong></span> <span class='ocrx_word' id='word_1_854' title='bbox 2816 4397 2989 4464; x_wconf 89' lang='lat' dir='ltr'><strong>ﬁeret,</strong></span> <span class='ocrx_word' id='word_1_855' title='bbox 3023 4413 3129 4452; x_wconf 90' lang='lat' dir='ltr'><strong>non</strong></span> <span class='ocrx_word' id='word_1_856' title='bbox 3171 4407 3315 4452; x_wconf 86' lang='lat' dir='ltr'><strong>esset</strong></span> <span class='ocrx_word' id='word_1_857' title='bbox 3353 4411 3573 4452; x_wconf 74' lang='lat' dir='ltr'><strong>necesse</strong></span> <span class='ocrx_word' id='word_1_858' title='bbox 3601 4405 3657 4450; x_wconf 94' lang='lat' dir='ltr'><strong>nt</strong></span> <span class='ocrx_word' id='word_1_859' title='bbox 3681 4397 3766 4450; x_wconf 83' lang='lat' dir='ltr'><strong>illa</strong></span> 
     </span>
    </p>
   </div>
   <div class='ocr_carea' id='block_1_107' title="bbox 2198 4487 3770 4560">
    <p class='ocr_par' dir='ltr' id='par_1_107' title="bbox 2198 4487 3770 4560">
     <span class='ocr_line' id='line_1_107' title="bbox 2198 4487 3770 4560; baseline -0.003 -15"><span class='ocrx_word' id='word_1_860' title='bbox 2198 4506 2319 4560; x_wconf 91' lang='lat' dir='ltr'><strong>pars</strong></span> <span class='ocrx_word' id='word_1_861' title='bbox 2348 4490 2481 4555; x_wconf 90' lang='lat' dir='ltr'><strong>limi,</strong></span> <span class='ocrx_word' id='word_1_862' title='bbox 2509 4505 2626 4559; x_wconf 66' lang='lat' dir='ltr'><strong>quae</strong></span> <span class='ocrx_word' id='word_1_863' title='bbox 2649 4489 2700 4542; x_wconf 92' lang='lat' dir='ltr'><strong>in</strong></span> <span class='ocrx_word' id='word_1_864' title='bbox 2738 4503 2865 4544; x_wconf 90' lang='lat' dir='ltr'><strong>ansa</strong></span> <span class='ocrx_word' id='word_1_865' title='bbox 2895 4487 3086 4554; x_wconf 89' lang='lat' dir='ltr'><strong>fuerat,</strong></span> <span class='ocrx_word' id='word_1_866' title='bbox 3116 4487 3181 4542; x_wconf 84' lang='lat' dir='ltr'><strong>ad</strong></span> <span class='ocrx_word' id='word_1_867' title='bbox 3207 4503 3390 4542; x_wconf 91' lang='lat' dir='ltr'><strong>ansam</strong></span> <span class='ocrx_word' id='word_1_868' title='bbox 3417 4487 3647 4550; x_wconf 86' lang='lat' dir='ltr'><strong>rediret,</strong></span> <span class='ocrx_word' id='word_1_869' title='bbox 3679 4495 3770 4540; x_wconf 85' lang='lat' dir='ltr'><strong>aut</strong></span> 
     </span>
    </p>
   </div>
   <div class='ocr_carea' id='block_1_108' title="bbox 2197 4577 3764 4651">
    <p class='ocr_par' dir='ltr' id='par_1_108' title="bbox 2197 4577 3764 4651">
     <span class='ocr_line' id='line_1_108' title="bbox 2197 4577 3764 4651; baseline -0.004 -15"><span class='ocrx_word' id='word_1_870' title='bbox 2197 4596 2314 4651; x_wconf 66' lang='grc' dir='ltr'><strong>(ιω</strong></span> <span class='ocrx_word' id='word_1_871' title='bbox 2354 4581 2573 4635; x_wconf 89' lang='lat' dir='ltr'><strong>fundum</strong></span> <span class='ocrx_word' id='word_1_872' title='bbox 2617 4579 2848 4646; x_wconf 80' lang='lat' dir='ltr'><strong>fecerat,</strong></span> <span class='ocrx_word' id='word_1_873' title='bbox 2892 4579 3004 4648; x_wconf 89' lang='lat' dir='ltr'><strong>ipsa</strong></span> <span class='ocrx_word' id='word_1_874' title='bbox 3044 4593 3228 4634; x_wconf 90' lang='lat' dir='ltr'><strong>rursus</strong></span> <span class='ocrx_word' id='word_1_875' title='bbox 3273 4577 3470 4633; x_wconf 90' lang='lat' dir='ltr'><strong>faceret</strong></span> <span class='ocrx_word' id='word_1_876' title='bbox 3509 4577 3764 4639; x_wconf 86' lang='lat' dir='ltr'><strong>fundum;</strong></span> 
     </span>
    </p>
   </div>
   <div class='ocr_carea' id='block_1_109' title="bbox 2197 4668 3772 4736">
    <p class='ocr_par' dir='ltr' id='par_1_109' title="bbox 2197 4668 3772 4736">
     <span class='ocr_line' id='line_1_109' title="bbox 2197 4668 3772 4736; baseline -0.003 -10"><span class='ocrx_word' id='word_1_877' title='bbox 2197 4672 2322 4726; x_wconf 92' lang='lat' dir='ltr'><strong>dum</strong></span> <span class='ocrx_word' id='word_1_878' title='bbox 2347 4680 2523 4726; x_wconf 90' lang='lat' dir='ltr'><strong>tamen</strong></span> <span class='ocrx_word' id='word_1_879' title='bbox 2553 4679 2719 4724; x_wconf 90' lang='lat' dir='ltr'><strong>totum</strong></span> <span class='ocrx_word' id='word_1_880' title='bbox 2742 4677 3102 4725; x_wconf 88' lang='lat' dir='ltr'><strong>reverteretur</strong></span> <span class='ocrx_word' id='word_1_881' title='bbox 3128 4670 3182 4723; x_wconf 88' lang='lat' dir='ltr'><strong>in</strong></span> <span class='ocrx_word' id='word_1_882' title='bbox 3204 4678 3394 4736; x_wconf 89' lang='lat' dir='ltr'><strong>totum,</strong></span> <span class='ocrx_word' id='word_1_883' title='bbox 3423 4668 3474 4723; x_wconf 88' lang='lat' dir='ltr'><strong>id</strong></span> <span class='ocrx_word' id='word_1_884' title='bbox 3495 4677 3601 4733; x_wconf 88' lang='lat' dir='ltr'><strong>est,</strong></span> <span class='ocrx_word' id='word_1_885' title='bbox 3629 4679 3772 4724; x_wconf 80' lang='lat' dir='ltr'><strong>tctus</strong></span> 
     </span>
    </p>
   </div>
   <div class='ocr_carea' id='block_1_110' title="bbox 2199 4761 3772 4831">
    <p class='ocr_par' dir='ltr' id='par_1_110' title="bbox 2199 4761 3772 4831">
     <span class='ocr_line' id='line_1_110' title="bbox 2199 4761 3772 4831; baseline -0.001 -17"><span class='ocrx_word' id='word_1_886' title='bbox 2199 4761 2291 4816; x_wconf 91' lang='lat' dir='ltr'><strong>ille</strong></span> <span class='ocrx_word' id='word_1_887' title='bbox 2317 4762 2474 4816; x_wconf 91' lang='lat' dir='ltr'><strong>limus</strong></span> <span class='ocrx_word' id='word_1_888' title='bbox 2517 4761 2567 4815; x_wconf 91' lang='lat' dir='ltr'><strong>in</strong></span> <span class='ocrx_word' id='word_1_889' title='bbox 2610 4769 2779 4815; x_wconf 88' lang='lat' dir='ltr'><strong>totum</strong></span> <span class='ocrx_word' id='word_1_890' title='bbox 2807 4775 2902 4815; x_wconf 90' lang='lat' dir='ltr'><strong>vas</strong></span> <span class='ocrx_word' id='word_1_891' title='bbox 2942 4761 3085 4814; x_wconf 87' lang='lat' dir='ltr'><strong>nulla</strong></span> <span class='ocrx_word' id='word_1_892' title='bbox 3130 4761 3212 4815; x_wconf 92' lang='lat' dir='ltr'><strong>sui</strong></span> <span class='ocrx_word' id='word_1_893' title='bbox 3263 4761 3466 4831; x_wconf 89' lang='lat' dir='ltr'><strong>perdita</strong></span> <span class='ocrx_word' id='word_1_894' title='bbox 3509 4771 3657 4830; x_wconf 88' lang='lat' dir='ltr'><strong>parte</strong></span> <span class='ocrx_word' id='word_1_895' title='bbox 3687 4775 3772 4814; x_wconf 83' lang='lat' dir='ltr'><strong>re-</strong></span> 
     </span>
    </p>
   </div>
   <div class='ocr_carea' id='block_1_111' title="bbox 2198 4851 3774 4922">
    <p class='ocr_par' dir='ltr' id='par_1_111' title="bbox 2198 4851 3774 4922">
     <span class='ocr_line' id='line_1_111' title="bbox 2198 4851 3774 4922; baseline -0.001 -16"><span class='ocrx_word' id='word_1_896' title='bbox 2198 4860 2420 4908; x_wconf 89' lang='lat' dir='ltr'><strong>mearet.</strong></span> <span class='ocrx_word' id='word_1_897' title='bbox 2453 4853 2786 4922; x_wconf 80' lang='lat' dir='ltr'><strong>Quapmpter</strong></span> <span class='ocrx_word' id='word_1_898' title='bbox 2827 4853 2870 4905; x_wconf 82' lang='lat' dir='ltr'><strong>si</strong></span> <span class='ocrx_word' id='word_1_899' title='bbox 2901 4852 3074 4921; x_wconf 87' lang='lat' dir='ltr'><strong>capilli</strong></span> <span class='ocrx_word' id='word_1_900' title='bbox 3119 4852 3277 4906; x_wconf 90' lang='lat' dir='ltr'><strong>toties</strong></span> <span class='ocrx_word' id='word_1_901' title='bbox 3323 4851 3462 4906; x_wconf 90' lang='lat' dir='ltr'><strong>tonsi</strong></span> <span class='ocrx_word' id='word_1_902' title='bbox 3501 4865 3774 4918; x_wconf 84' lang='lat' dir='ltr'><strong>unguesve</strong></span> 
     </span>
    </p>
   </div>
   <div class='ocr_carea' id='block_1_112' title="bbox 2198 4941 3772 5010">
    <p class='ocr_par' dir='ltr' id='par_1_112' title="bbox 2198 4941 3772 5010">
     <span class='ocr_line' id='line_1_112' title="bbox 2198 4941 3772 5010; baseline -0.004 -10"><span class='ocrx_word' id='word_1_903' title='bbox 2198 4944 2400 5000; x_wconf 88' lang='lat' dir='ltr'><strong>desecti</strong></span> <span class='ocrx_word' id='word_1_904' title='bbox 2428 4944 2492 5010; x_wconf 87' lang='lat' dir='ltr'><strong>ad</strong></span> <span class='ocrx_word' id='word_1_905' title='bbox 2513 4944 2628 4999; x_wconf 84' lang='lat' dir='ltr'><strong>loca</strong></span> <span class='ocrx_word' id='word_1_906' title='bbox 2646 4959 2737 4998; x_wconf 86' lang='lat' dir='ltr'><strong>sua</strong></span> <span class='ocrx_word' id='word_1_907' title='bbox 2756 4943 3067 4998; x_wconf 89' lang='lat' dir='ltr'><strong>deformiter</strong></span> <span class='ocrx_word' id='word_1_908' title='bbox 3083 4943 3328 5009; x_wconf 88' lang='lat' dir='ltr'><strong>redeunt,</strong></span> <span class='ocrx_word' id='word_1_909' title='bbox 3351 4958 3457 4998; x_wconf 90' lang='lat' dir='ltr'><strong>non</strong></span> <span class='ocrx_word' id='word_1_910' title='bbox 3476 4941 3723 4997; x_wconf 91' lang='lat' dir='ltr'><strong>redibunt</strong></span> <span class='ocrx_word' id='word_1_911' title='bbox 3754 4958 3772 4993; x_wconf 91' lang='lat'>:</span> 
     </span>
    </p>
   </div>
   <div class='ocr_carea' id='block_1_113' title="bbox 2200 5030 3780 5102">
    <p class='ocr_par' dir='ltr' id='par_1_113' title="bbox 2200 5030 3780 5102">
     <span class='ocr_line' id='line_1_113' title="bbox 2200 5030 3780 5102; baseline -0.004 -15"><span class='ocrx_word' id='word_1_912' title='bbox 2200 5048 2299 5088; x_wconf 92' lang='lat' dir='ltr'><strong>nec</strong></span> <span class='ocrx_word' id='word_1_913' title='bbox 2335 5041 2511 5088; x_wconf 91' lang='lat' dir='ltr'><strong>tamen</strong></span> <span class='ocrx_word' id='word_1_914' title='bbox 2539 5032 2730 5102; x_wconf 90' lang='lat' dir='ltr'><strong>cuique</strong></span> <span class='ocrx_word' id='word_1_915' title='bbox 2755 5031 3053 5101; x_wconf 88' lang='lat' dir='ltr'><strong>resurgenti</strong></span> <span class='ocrx_word' id='word_1_916' title='bbox 3091 5030 3369 5100; x_wconf 89' lang='lat' dir='ltr'><strong>peribunt,</strong></span> <span class='ocrx_word' id='word_1_917' title='bbox 3400 5031 3520 5099; x_wconf 91' lang='lat' dir='ltr'><strong>quia</strong></span> <span class='ocrx_word' id='word_1_918' title='bbox 3548 5030 3600 5083; x_wconf 91' lang='lat' dir='ltr'><strong>in</strong></span> <span class='ocrx_word' id='word_1_919' title='bbox 3628 5043 3780 5084; x_wconf 86' lang='lat' dir='ltr'><strong>eam-</strong></span> 
     </span>
    </p>
   </div>
   <div class='ocr_carea' id='block_1_114' title="bbox 2197 5119 3780 5191">
    <p class='ocr_par' dir='ltr' id='par_1_114' title="bbox 2197 5119 3780 5191">
     <span class='ocr_line' id='line_1_114' title="bbox 2197 5119 3780 5191; baseline -0.001 -15"><span class='ocrx_word' id='word_1_920' title='bbox 2197 5123 2320 5178; x_wconf 90' lang='lat' dir='ltr'><strong>dem</strong></span> <span class='ocrx_word' id='word_1_921' title='bbox 2359 5137 2603 5187; x_wconf 89' lang='lat' dir='ltr'><strong>carnem,</strong></span> <span class='ocrx_word' id='word_1_922' title='bbox 2656 5130 2714 5176; x_wconf 95' lang='lat' dir='ltr'><strong>ut</strong></span> <span class='ocrx_word' id='word_1_923' title='bbox 2754 5136 3146 5191; x_wconf 91' lang='lat' dir='ltr'><strong>quemcumque</strong></span> <span class='ocrx_word' id='word_1_924' title='bbox 3187 5121 3258 5175; x_wconf 91' lang='lat' dir='ltr'><strong>ibi</strong></span> <span class='ocrx_word' id='word_1_925' title='bbox 3315 5121 3487 5176; x_wconf 91' lang='lat' dir='ltr'><strong>locum</strong></span> <span class='ocrx_word' id='word_1_926' title='bbox 3529 5119 3780 5190; x_wconf 85' lang='lat' dir='ltr'><strong>corporis</strong></span> 
     </span>
    </p>
   </div>
   <div class='ocr_carea' id='block_1_115' title="bbox 2204 5210 3780 5279">
    <p class='ocr_par' dir='ltr' id='par_1_115' title="bbox 2204 5210 3780 5279">
     <span class='ocr_line' id='line_1_115' title="bbox 2204 5210 3780 5279; baseline -0.003 -13"><span class='ocrx_word' id='word_1_927' title='bbox 2204 5220 2438 5277; x_wconf 90' lang='lat' dir='ltr'><strong>teneant,</strong></span> <span class='ocrx_word' id='word_1_928' title='bbox 2467 5219 2674 5265; x_wconf 89' lang='lat' dir='ltr'><strong>servata</strong></span> <span class='ocrx_word' id='word_1_929' title='bbox 2712 5211 2938 5279; x_wconf 88' lang='lat' dir='ltr'><strong>partium</strong></span> <span class='ocrx_word' id='word_1_930' title='bbox 2978 5211 3344 5279; x_wconf 87' lang='lat' dir='ltr'><strong>congruentia,</strong></span> <span class='ocrx_word' id='word_1_931' title='bbox 3377 5210 3613 5265; x_wconf 61' lang='lat' dir='ltr'><strong>materiae</strong></span> <span class='ocrx_word' id='word_1_932' title='bbox 3652 5224 3780 5263; x_wconf 84' lang='lat' dir='ltr'><strong>mu-</strong></span> 
     </span>
    </p>
   </div>
   <div class='ocr_carea' id='block_1_116' title="bbox 2202 5300 3781 5370">
    <p class='ocr_par' dir='ltr' id='par_1_116' title="bbox 2202 5300 3781 5370">
     <span class='ocr_line' id='line_1_116' title="bbox 2202 5300 3781 5370; baseline -0.002 -13"><span class='ocrx_word' id='word_1_933' title='bbox 2202 5302 2463 5358; x_wconf 90' lang='lat' dir='ltr'><strong>tabilitate</strong></span> <span class='ocrx_word' id='word_1_934' title='bbox 2493 5310 2788 5355; x_wconf 86' lang='lat' dir='ltr'><strong>vertentur.</strong></span> <span class='ocrx_word' id='word_1_935' title='bbox 2815 5301 3066 5368; x_wconf 87' lang='lat' dir='ltr'><strong>Quamvis</strong></span> <span class='ocrx_word' id='word_1_936' title='bbox 3091 5301 3230 5370; x_wconf 91' lang='lat' dir='ltr'><strong>quod</strong></span> <span class='ocrx_word' id='word_1_937' title='bbox 3255 5302 3329 5356; x_wconf 91' lang='lat' dir='ltr'><strong>ait</strong></span> <span class='ocrx_word' id='word_1_938' title='bbox 3360 5301 3612 5356; x_wconf 89' lang='lat' dir='ltr'><strong>Dominus</strong></span> <span class='ocrx_word' id='word_1_939' title='bbox 3628 5341 3644 5367; x_wconf 95' lang='lat'><strong>,</strong></span> <span class='ocrx_word' id='word_1_940' title='bbox 3669 5300 3781 5355; x_wconf 86' lang='lat' dir='ltr'><strong>Ca-</strong></span> 
     </span>
    </p>
   </div>
   <div class='ocr_carea' id='block_1_117' title="bbox 2201 5388 3784 5464">
    <p class='ocr_par' dir='ltr' id='par_1_117' title="bbox 2201 5388 3784 5464">
     <span class='ocr_line' id='line_1_117' title="bbox 2201 5388 3784 5464; baseline -0.003 -17"><span class='ocrx_word' id='word_1_941' title='bbox 2201 5392 2356 5464; x_wconf 84' lang='lat' dir='ltr'><strong>pillus</strong></span> <span class='ocrx_word' id='word_1_942' title='bbox 2383 5391 2564 5460; x_wconf 89' lang='lat' dir='ltr'><strong>capitis</strong></span> <span class='ocrx_word' id='word_1_943' title='bbox 2591 5391 2743 5445; x_wconf 77' lang='lat' dir='ltr'><strong>uestri</strong></span> <span class='ocrx_word' id='word_1_944' title='bbox 2766 5407 2867 5445; x_wconf 89' lang='lat' dir='ltr'><strong>non</strong></span> <span class='ocrx_word' id='word_1_945' title='bbox 2892 5391 3070 5462; x_wconf 85' lang='lat' dir='ltr'><strong>peribit</strong></span> <span class='ocrx_word' id='word_1_946' title='bbox 3090 5388 3244 5463; x_wconf 88' lang='lat' dir='ltr'><strong>(Luc.</strong></span> <span class='ocrx_word' id='word_1_947' title='bbox 3277 5407 3385 5457; x_wconf 77' lang='lat' dir='ltr'><strong>xxi,</strong></span> <span class='ocrx_word' id='word_1_948' title='bbox 3418 5391 3543 5460; x_wconf 89' lang='grc'>18),</span> <span class='ocrx_word' id='word_1_949' title='bbox 3570 5405 3680 5446; x_wconf 85' lang='lat' dir='ltr'><strong>non</strong></span> <span class='ocrx_word' id='word_1_950' title='bbox 3704 5388 3784 5444; x_wconf 82' lang='lat' dir='ltr'><strong>de</strong></span> 
     </span>
    </p>
   </div>
   <div class='ocr_carea' id='block_1_118' title="bbox 2267 5478 3785 5545">
    <p class='ocr_par' dir='ltr' id='par_1_118' title="bbox 2267 5478 3785 5545">
     <span class='ocr_line' id='line_1_118' title="bbox 2267 5478 3785 5545; baseline -0.003 -14"><span class='ocrx_word' id='word_1_951' title='bbox 2267 5483 2282 5514; x_wconf 78' lang='grc'>³</span> <span class='ocrx_word' id='word_1_952' title='bbox 2318 5481 2457 5539; x_wconf 79' lang='lat' dir='ltr'><strong>Editi,</strong></span> <span class='ocrx_word' id='word_1_953' title='bbox 2479 5493 2622 5545; x_wconf 75' lang='lat' dir='ltr'><strong>super</strong></span> <span class='ocrx_word' id='word_1_954' title='bbox 2643 5493 2830 5545; x_wconf 74' lang='lat' dir='ltr'><strong>onmem</strong></span> <span class='ocrx_word' id='word_1_955' title='bbox 2850 5478 3129 5545; x_wconf 60' lang='lat' dir='ltr'><strong>Ecclesium.</strong></span> <span class='ocrx_word' id='word_1_956' title='bbox 3163 5487 3220 5530; x_wconf 80' lang='lat' dir='ltr'><strong>At</strong></span> <span class='ocrx_word' id='word_1_957' title='bbox 3255 5479 3472 5545; x_wconf 78' lang='lat' dir='ltr'><strong>melioris</strong></span> <span class='ocrx_word' id='word_1_958' title='bbox 3646 5485 3785 5539; x_wconf 78' lang='lat' dir='ltr'><strong>Mss.,</strong></span> 
     </span>
    </p>
   </div>
   <div class='ocr_carea' id='block_1_119' title="bbox 2199 5538 3785 5606">
    <p class='ocr_par' dir='ltr' id='par_1_119' title="bbox 2199 5538 3785 5606">
     <span class='ocr_line' id='line_1_119' title="bbox 2199 5538 3785 5606; baseline -0.005 -12"><span class='ocrx_word' id='word_1_959' title='bbox 2199 5555 2342 5606; x_wconf 86' lang='lat' dir='ltr'><strong>super</strong></span> <span class='ocrx_word' id='word_1_960' title='bbox 2363 5538 2801 5606; x_wconf 61' lang='lat' dir='ltr'><strong>oW&#39;Rcmw.</strong></span> <span class='ocrx_word' id='word_1_961' title='bbox 2839 5543 2913 5590; x_wconf 88' lang='lat' dir='ltr'><strong>sic</strong></span> <span class='ocrx_word' id='word_1_962' title='bbox 2929 5542 3076 5590; x_wconf 90' lang='lat' dir='ltr'><strong>etiam</strong></span> <span class='ocrx_word' id='word_1_963' title='bbox 3111 5541 3172 5606; x_wconf 84' lang='lat' dir='ltr'><strong>in_</strong></span> <span class='ocrx_word' id='word_1_964' title='bbox 3186 5541 3439 5606; x_wconf 80' lang='lat' dir='ltr'><strong>veteribus</strong></span> <span class='ocrx_word' id='word_1_965' title='bbox 3461 5538 3629 5606; x_wconf 66' lang='lat' dir='ltr'><strong>pibliis</strong></span> <span class='ocrx_word' id='word_1_966' title='bbox 3661 5538 3785 5586; x_wconf 58' lang='lat' dir='ltr'><strong>Cor;</strong></span> 
     </span>
    </p>
   </div>
   <div class='ocr_carea' id='block_1_120' title="bbox 2199 5599 3786 5674">
    <p class='ocr_par' dir='ltr' id='par_1_120' title="bbox 2199 5599 3786 5674">
     <span class='ocr_line' id='line_1_120' title="bbox 2199 5599 3786 5674; baseline 0 1"><span class='ocrx_word' id='word_1_967' title='bbox 2199 5599 2650 5674; x_wconf 62' lang='grc' dir='ltr'><strong>υέίοηείιιμξνᾶιιξω</strong></span> <span class='ocrx_word' id='word_1_968' title='bbox 2672 5613 2884 5674; x_wconf 52' lang='lat' dir='ltr'><strong>simul!</strong></span> <span class='ocrx_word' id='word_1_969' title='bbox 2907 5609 3026 5674; x_wconf 53' lang='lat' dir='ltr'><strong>aut:</strong></span> <span class='ocrx_word' id='word_1_970' title='bbox 3061 5599 3304 5674; x_wconf 59' lang='grc' dir='ltr'><strong>Ψῖέεείαξν</strong></span> <span class='ocrx_word' id='word_1_971' title='bbox 3343 5601 3419 5671; x_wconf 63' lang='lat' dir='ltr'><strong>sit.</strong></span> <span class='ocrx_word' id='word_1_972' title='bbox 3436 5599 3786 5674; x_wconf 37' lang='lat' dir='ltr'><strong>Qui???”</strong></span> 
     </span>
    </p>
   </div>
   <div class='ocr_carea' id='block_1_121' title="bbox 2201 5662 3788 5770">
    <p class='ocr_par' dir='ltr' id='par_1_121' title="bbox 2201 5662 3788 5770">
     <span class='ocr_line' id='line_1_121' title="bbox 2201 5662 3788 5770; baseline -0.004 -55"><span class='ocrx_word' id='word_1_973' title='bbox 2201 5679 2297 5738; x_wconf 65' lang='lat' dir='ltr'><strong>non</strong></span> <span class='ocrx_word' id='word_1_974' title='bbox 2307 5662 2539 5770; x_wconf 54' lang='lat' dir='ltr'><strong>Eemgtlri.</strong></span> <span class='ocrx_word' id='word_1_975' title='bbox 2565 5662 2794 5724; x_wconf 71' lang='lat' dir='ltr'><strong>Haecipsa</strong></span> <span class='ocrx_word' id='word_1_976' title='bbox 2835 5662 2981 5712; x_wconf 84' lang='lat' dir='ltr'><strong>lectio</strong></span> <span class='ocrx_word' id='word_1_977' title='bbox 3017 5669 3094 5711; x_wconf 85' lang='lat' dir='ltr'><strong>est</strong></span> <span class='ocrx_word' id='word_1_978' title='bbox 3116 5662 3385 5724; x_wconf 82' lang='lat' dir='ltr'><strong>Hieronymi</strong></span> <span class='ocrx_word' id='word_1_979' title='bbox 3407 5662 3457 5708; x_wconf 88' lang='lat' dir='ltr'><strong>in</strong></span> <span class='ocrx_word' id='word_1_980' title='bbox 3478 5666 3788 5710; x_wconf 71' lang='lat' dir='ltr'><strong>commenta~</strong></span> 
     </span>
     <span class='ocr_line' id='line_1_122' title="bbox 2202 5737 2530 5770; baseline 0 0"><span class='ocrx_word' id='word_1_981' title='bbox 2202 5739 2287 5770; x_wconf 86' lang='lat' dir='ltr'><strong>rus</strong></span> <span class='ocrx_word' id='word_1_982' title='bbox 2344 5737 2428 5770; x_wconf 87' lang='lat' dir='ltr'><strong>nos</strong></span> <span class='ocrx_word' id='word_1_983' title='bbox 2500 5737 2530 5770; x_wconf 92' lang='grc' dir='ltr'><strong>ι.</strong></span> 
     </span>
    </p>
   </div>
   <div class='ocr_carea' id='block_1_122' title="bbox 2202 5731 3018 5844">
    <p class='ocr_par' dir='ltr' id='par_1_122' title="bbox 2202 5731 3018 5844">
     <span class='ocr_line' id='line_1_123' title="bbox 2202 5731 2530 5784; baseline -0.024 -7"><span class='ocrx_word' id='word_1_984' title='bbox 2202 5731 2287 5777; x_wconf 89' lang='lat' dir='ltr'><strong>riis</strong></span> <span class='ocrx_word' id='word_1_985' title='bbox 2307 5731 2530 5784; x_wconf 76' lang='lat' dir='ltr'><strong>Apostoti.</strong></span> 
     </span>
     <span class='ocr_line' id='line_1_124' title="bbox 2274 5781 3018 5844; baseline -0.007 -10"><span class='ocrx_word' id='word_1_986' title='bbox 2274 5787 2295 5817; x_wconf 83' lang='grc'>¹</span> <span class='ocrx_word' id='word_1_987' title='bbox 2328 5785 2398 5834; x_wconf 84' lang='lat' dir='ltr'><strong>sic</strong></span> <span class='ocrx_word' id='word_1_988' title='bbox 2415 5792 2519 5832; x_wconf 70' lang='lat' dir='ltr'><strong>uss.</strong></span> <span class='ocrx_word' id='word_1_989' title='bbox 2543 5788 2599 5832; x_wconf 79' lang='lat' dir='ltr'><strong>At</strong></span> <span class='ocrx_word' id='word_1_990' title='bbox 2623 5781 2757 5842; x_wconf 85' lang='lat' dir='ltr'><strong>editi,</strong></span> <span class='ocrx_word' id='word_1_991' title='bbox 2774 5781 3018 5844; x_wconf 82' lang='lat' dir='ltr'><strong>adimplet.</strong></span> 
     </span>
    </p>
   </div>
  </div>
