4078 6476
287 430 387 491 781

285 538 635 612 longitudine,
668 537 761 593 sed
785 537 853 593 de
880 550 1099 592 numero
1129 533 1436 607 capillorum
1456 535 1652 591 dictum
1678 534 1846 589 multo

285 631 461 699 aptius
506 629 674 697 possit
720 626 959 697 intelligi.
1007 626 1156 681 Unde
1195 636 1251 681 et
1289 626 1414 681 alibi
1466 626 1622 690 dicit,
1667 624 1852 696 Capilli

285 718 463 788 capitis
482 719 629 771 vestri
648 719 893 769 numerati
912 726 1025 771 sunt
1049 732 1217 770 omnes
1240 718 1255 747 ¹
1282 715 1430 786 (Luc.
1460 730 1555 783 xu,
1577 712 1654 785 7).
1671 713 1853 782 Neque

287 809 389 862 hoc
431 808 550 862 ideo
570 807 823 874 dixerim,
874 808 1013 877 quod
1058 807 1254 877 aliquid
1296 807 1593 862 existimem
1639 807 1856 876 corpori

284 896 531 965 cuiquam
557 898 577 927 ¹
608 897 896 965 periturum
918 937 932 961 ,
969 896 1107 965 quod
1156 895 1462 950 naturaliter
1505 895 1710 961 inerat;
1757 894 1854 949 sed

285 986 427 1057 quod
456 987 691 1042 deforme
716 996 895 1042 natum
923 988 1093 1043 fuerat
1118 988 1247 1057 (non
1269 988 1447 1058 utique
1470 988 1537 1043 ob
1557 987 1719 1055 aliud,
1748 987 1853 1042 nisi

285 1086 345 1131 ut
374 1078 496 1131 hinc
522 1094 731 1146 quoque
756 1078 1160 1145 ostenderetur,
1192 1093 1348 1148 quam
1373 1079 1442 1134 sit
1471 1079 1694 1148 pcenalis
1722 1093 1852 1132 con-

284 1167 420 1221 ditio
450 1169 548 1221 ista
579 1168 929 1237 mortalium),
959 1169 1037 1223 sic
1061 1183 1181 1223 esse
1214 1168 1529 1233 rediturum,
1561 1176 1617 1221 ut
1644 1176 1853 1221 servata

287 1258 592 1327 integritate
636 1257 978 1322 substantia,
1007 1256 1313 1312 deformitas
1354 1263 1555 1326 pereat.
1606 1254 1659 1309 Si
1708 1255 1853 1309 enim

285 1357 515 1402 statuam
548 1355 722 1416 potest
750 1347 937 1401 artifex
964 1348 1122 1401 homo
1144 1387 1159 1412 ,
1190 1361 1346 1415 quam
1384 1354 1598 1413 propter
1625 1344 1853 1412 aliquam

284 1452 501 1491 causam
528 1437 818 1492 deformem
847 1437 1064 1501 fecerat,
1093 1435 1343 1501 conﬂare,
1368 1443 1422 1489 et
1442 1433 1853 1503 pulcherrimam

287 1526 531 1591 reddere,
563 1527 633 1580 ita
658 1535 715 1580 ut
742 1526 870 1580 nihil
900 1525 1023 1580 inde
1048 1525 1375 1589 substantia,
1406 1522 1499 1578 sed
1530 1521 1645 1577 sola
1674 1522 1855 1576 defor-

288 1616 446 1669 mitas
479 1624 695 1683 pereat,
726 1629 787 1669 ac
813 1616 856 1669 si
906 1613 1029 1684 quid
1062 1614 1115 1667 in
1151 1612 1239 1667 illa
1280 1612 1446 1680 figura
1490 1611 1669 1679 priore
1708 1609 1855 1665 inde-

287 1716 475 1762 center
497 1707 757 1770 exstabat,
786 1721 882 1759 nec
913 1705 1174 1774 parilitate
1199 1703 1219 1733 ³
1246 1702 1470 1772 partium
1497 1702 1849 1771 congruebat,

290 1813 397 1853 non
426 1798 492 1853 de
524 1806 652 1863 toto,
681 1797 820 1851 unde
850 1797 1079 1860 fecerat,
1108 1804 1379 1863 amputare
1403 1802 1563 1863 atque
1586 1807 1852 1863 separare,

289 1889 384 1943 sed
414 1888 484 1942 ita
511 1902 860 1957 conspergere
898 1883 1183 1940 universo‘
1210 1892 1367 1952 atque
1396 1883 1643 1949 miscere,
1672 1892 1731 1936 ut
1755 1897 1856 1938 nec

289 1976 581 2033 faditatem
607 1976 794 2042 faciat,
823 1990 921 2031 nec
974 1975 1176 2031 minuat
1216 1973 1591 2044 quantitatem;
1624 1973 1750 2043 quid
1788 1972 1857 2029 de

288 2070 654 2139 omnipotente
694 2066 910 2123 Artifice
952 2064 1288 2121 sentiendum
1332 2065 1449 2119 est?
1496 2064 1706 2133 Ergone
1748 2078 1855 2118 non

291 2160 488 2230 poterit
512 2173 748 2229 quasque
774 2156 1135 2213 deformitates
1160 2155 1509 2209 humanorum
1534 2168 1814 2223 corporum
1837 2192 1853 2221 ,

292 2264 398 2306 non
426 2250 585 2306 modo
626 2250 868 2315 usitatas,
896 2263 1083 2304 verum
1109 2246 1267 2303 etiam
1310 2260 1460 2301 raras
1497 2253 1656 2316 atque
1700 2259 1856 2299 mon-

292 2347 519 2407 strosas,
551 2354 668 2409 qua
694 2338 819 2393 huic
842 2338 1053 2394 misera
1079 2336 1197 2391 vita
1228 2344 1544 2405 congruunt,
1571 2334 1859 2390 abhorrent

292 2437 466 2483 autem
494 2428 562 2483 ab
591 2429 679 2483 illa
706 2428 876 2484 futura
906 2426 1156 2483 felicitate
1186 2434 1509 2491 sanctorum,
1539 2424 1616 2480 sic
1645 2423 1857 2479 auferre

292 2532 356 2574 ac
397 2518 641 2588 perdere,
668 2527 725 2573 ut
754 2531 1112 2589 quascumque
1152 2531 1333 2572 earum
1382 2514 1612 2582 faciunt,
1639 2515 1738 2571 etsi
1766 2529 1860 2569 na-

292 2610 504 2676 turalia,
546 2620 717 2665 tamen
750 2610 995 2669 indecora
1026 2618 1363 2665 excrementa
1405 2607 1711 2662 substantia
1735 2620 1858 2661 cor-

296 2702 513 2772 poralis,
544 2702 683 2755 nulla
704 2701 819 2771 ejus
847 2700 1195 2755 diminutione
1222 2698 1508 2753 tollantur?

364 2794 420 2847 2.
450 2795 526 2848 Ac
551 2809 645 2863 per
672 2792 772 2846 hoc
794 2806 898 2846 non
918 2799 997 2846 est
1024 2790 1215 2844 macris
1242 2788 1589 2857 pinguibusve
1616 2794 1858 2841 metuen-

296 2885 445 2950 dum,
482 2900 550 2941 ne
575 2884 645 2939 ibi
685 2884 843 2939 etiam
883 2882 1011 2939 tales
1043 2881 1167 2947 sint,
1196 2879 1395 2950 quales,
1424 2876 1466 2932 si
1494 2885 1728 2947 possent,
1760 2891 1859 2931 nec

299 2977 385 3031 hic
406 2991 526 3031 esse
552 2977 861 3030 voluissent.
886 2974 1071 3029 Omnis
1096 2971 1235 3027 enim
1261 2969 1498 3039 corporis
1527 2966 1859 3036 pulchritudo

296 3075 373 3121 est
403 3067 631 3135 partium
677 3064 1017 3133 congruentia
1043 3078 1162 3115 cum
1201 3060 1424 3129 quadam
1454 3058 1647 3113 coloris
1681 3056 1859 3110 suavi-

297 3166 425 3213 tate.
448 3158 546 3213 Ubi
571 3166 746 3212 autem
769 3172 872 3210 non
893 3166 974 3210 est
999 3154 1225 3224 partium
1247 3153 1611 3221 congruentia,
1634 3151 1860 3206 antideo

296 3248 420 3319 quid
441 3247 675 3312 ofl'endit,
697 3248 818 3317 quia
848 3260 1067 3315 pravum
1098 3254 1181 3299 est
1199 3244 1242 3309 ',
1267 3252 1356 3296 aut
1378 3242 1495 3296 ideo
1510 3244 1630 3312 quia
1656 3256 1857 3311 parum,

296 3345 388 3392 aut
409 3336 528 3390 ideo
556 3338 677 3405 quia
706 3336 944 3388 nimium.
974 3332 1202 3388 Proinde
1227 3332 1368 3386 nulla
1394 3332 1495 3385 erit
1530 3330 1858 3397 deformitas,

294 3443 453 3498 quam
489 3427 613 3480 facit
640 3424 1035 3494 incongruentia
1078 3422 1302 3492 partium
1321 3462 1337 3487 ,
1372 3421 1457 3475 ubi
1479 3428 1533 3475 et
1555 3434 1673 3489 qua
1701 3434 1861 3489 prava

296 3530 421 3575 sunt
462 3519 829 3588 corrigentur;
880 3514 1101 3584 etquod
1149 3514 1325 3568 minus
1370 3521 1452 3567 est
1491 3527 1646 3582 quam
1685 3512 1857 3578 decet,

297 3608 438 3665 unde
458 3606 679 3663 Greater
716 3606 882 3670 novit,
926 3603 1049 3659 inde
1095 3602 1455 3673 supplebitur;
1484 3611 1540 3656 et
1566 3600 1704 3670 quod
1745 3601 1861 3669 plus

294 3708 561 3769 estquam
590 3696 763 3763 decet,
792 3694 1028 3749 materia:
1069 3702 1278 3747 servata
1322 3691 1654 3761 integritate,
1683 3690 1862 3745 detra-

298 3789 471 3844 hetur.
498 3785 710 3842 Coloris
754 3798 916 3855 porro
957 3783 1189 3838 suavitas
1237 3790 1430 3851 quanta
1461 3780 1583 3846 erit,
1622 3779 1709 3834 ubi
1734 3779 1862 3849 justi

297 3879 574 3949 fulgebunt
588 3877 725 3932 sicut
744 3875 822 3931 sol
842 3876 892 3930 in
914 3888 1077 3945 regno
1094 3872 1356 3928 Patrissui
1379 3870 1585 3941 (Matth.
1606 3884 1717 3935 xm,
1733 3870 1864 3941 l3)?

297 3972 429 4039 Qua
451 3970 667 4025 claritas
704 3968 756 4023 in
783 3967 981 4024 Christi
1010 3978 1236 4035 corpore
1257 4004 1272 4029 ,
1297 3977 1416 4017 cum
1442 3960 1768 4027 resurrexit,
1798 3960 1866 4017 ab

300 4062 469 4116 oculis
510 4059 887 4130 discipulorum
929 4058 1105 4127 potius
1129 4053 1436 4110 abscondita
1481 4051 1676 4118 fuisse,
1708 4065 1864 4122 quam

299 4150 535 4206 defuisse
553 4148 815 4204 credenda
836 4156 934 4201 est.
958 4145 1071 4200 Non
1108 4144 1250 4199 enim
1275 4158 1392 4199 eam
1425 4142 1587 4197 ferret
1606 4141 1866 4196 humanus

301 4250 461 4310 atque
490 4240 730 4293 infirmus
774 4244 1054 4304 aspectus,
1090 4233 1300 4302 quando
1338 4233 1425 4287 ille
1447 4247 1476 4285 a
1516 4231 1627 4286 suis
1674 4231 1743 4285 ita
1768 4230 1865 4285 de-

304 4330 454 4384 beret
478 4325 698 4391 attendi,
728 4336 783 4380 ut
806 4334 984 4396 posset
1008 4322 1243 4393 agnosci.
1269 4322 1384 4389 Quo
1407 4321 1660 4390 pertinuit
1683 4321 1863 4387 etiam,

305 4428 363 4474 ut
390 4416 839 4474 contrectantibus
860 4412 1164 4468 ostenderet
1187 4425 1403 4465 suorum
1430 4409 1706 4463 vulnerum
1730 4408 1869 4463 cica-

306 4510 499 4573 trices;
527 4514 586 4561 ut
611 4506 768 4561 etiam
801 4506 977 4560 cibum
1023 4510 1313 4573 potumque
1338 4506 1608 4562 sumeret,
1639 4511 1743 4552 non
1769 4498 1866 4551 ali-

306 4607 603 4653 mentorum
631 4595 916 4665 indigentia
936 4634 951 4661 ,
981 4593 1077 4648 sed
1104 4606 1167 4646 ea
1193 4604 1295 4660 qua
1324 4597 1378 4644 et
1416 4589 1516 4643 hoc
1540 4595 1748 4657 peterat
1775 4601 1870 4657 po-

307 4695 515 4741 testate.
551 4683 685 4739 Cum
714 4693 889 4738 autem
934 4680 1135 4752 aliquid
1183 4694 1290 4733 non
1339 4677 1581 4743 videtur,
1629 4676 1869 4746 quamvis

308 4777 465 4841 adsit,
488 4790 519 4829 a
545 4774 737 4845 quibus
774 4774 897 4841 alia,
944 4787 1060 4841 qua
1107 4770 1305 4840 pariter
1342 4768 1555 4835 adsunt,
1604 4766 1866 4831 videntur,

310 4866 447 4920 sicut
490 4865 634 4919 illam
661 4864 961 4947 claritatem
1001 4861 1226 4916 dicimus
1259 4857 1490 4912 adfuisse
1530 4870 1635 4910 non
1671 4856 1867 4919 visam,

308 4973 339 5012 a
388 4956 581 5026 quibus
628 4955 729 5009 alia
782 4946 1127 5017 videbantur,
1180 4952 1383 5019 ἆορασία
1420 4961 1593 5016 graec
1640 4946 1868 5001 dicitur:

308 5048 451 5118 quod
477 5046 645 5102 nostri
693 5046 1009 5114 interpretes
1053 5042 1214 5096 latine
1239 5040 1417 5094 dicere
1456 5051 1561 5092 non
1601 5036 1865 5100 valentes,

309 5141 363 5194 in
392 5139 531 5193 libro
556 5137 828 5193 Geneseos
851 5133 1141 5189 eacitatem
1184 5129 1510 5199 interpretati
1539 5136 1681 5182 sunt.
1726 5126 1874 5182 Hanc

309 5229 452 5284 enim
478 5226 621 5297 passi
642 5235 766 5281 sunt
790 5222 1100 5289 Sodomita,
1122 5219 1334 5291 quando
1347 5218 1656 5290 quaerebant
1679 5216 1871 5273 ostium

373 5425 393 5514 ἒ
424 5431 544 5514 xxx,
566 5432 743 5514 amnes,
761 5418 903 5488 abest
923 5429 952 5466 a
972 5416 1306 5477 manuscriptis
1320 5420 1370 5463 et
1384 5412 1445 5462 ab
1461 5412 1601 5463 editis
1616 5409 1750 5459 Vind.
1771 5418 1869 5459 Am.

512 5495 600 5514 nnc
662 5494 710 5514 cc
772 5491 942 5514 nunst

375 5489 393 5514 ³
424 5492 601 5533 ornnes
622 5489 749 5540 Mss.,
771 5491 957 5541 cuique.

375 5546 396 5607 Ξ
426 5546 500 5607 sic
520 5549 627 5607 Mss.
654 5550 711 5607 at
732 5540 867 5599 editi,
888 5536 1139 5607 parilitati.

374 5606 395 5635 δ
426 5603 531 5653 Sola
552 5603 700 5651 editio
716 5608 847 5661 ιρι,
861 5603 1097 5661 universa.

375 5667 394 5695 -
427 5665 500 5713 sic
518 5662 700 5724 ειιειυοι
720 5652 845 5709 uss:
864 5668 919 5708 λι
942 5656 1243 5729 summa
1271 5652 1875 5729 praeterieram-

313 5737 421 5773 vum
450 5735 467 5772 :
491 5716 809 5785 praferquam
830 5721 956 5782 quod
981 5732 1041 5769 ex
1064 5716 1163 5768 illis
1183 5716 1294 5779 duo,
1336 5721 1408 5764 Fr.
1432 5722 1483 5764 et
1500 5720 1608 5762 Lov.
1632 5716 1873 5769 omittunt,

315 5792 397 5835 aut
429 5783 535 5835 ideo
554 5783 665 5835 auia
684 5794 872 5835 mrum.

481 5796 535 5835 eo
554 5797 665 5847 quta
684 5794 872 5847 parum.

1403 425 1603 483 LIBER
1641 419 1999 481 VlGESlMUS
2043 423 2411 481 SECUNDUS.

3420 421 3524 482 789

1959 536 2087 604 justi
2117 534 2235 600 viri,
2266 548 2367 589 nec
2390 540 2636 604 poterant
2660 532 2897 588 invenire
2928 531 3075 604 (Gen.
3104 547 3218 600 xix,
3250 533 3361 600 ll).
3389 533 3523 601 Qua

1961 625 2008 680 si
2032 624 2241 679 cacitas
2272 624 2477 690 fuisset,
2510 639 2613 695 qua
2638 624 2697 678 lit
2725 632 2784 679 ut
2827 623 2958 678 nihil
2989 623 3154 692 possit
3192 622 3382 687 videri,
3409 639 3518 678 non

1961 716 2152 771 ostium
2176 730 2279 784 quo
2300 715 2721 785 ingrederentur,
2747 714 2842 770 sed
2861 714 3023 771 duces
3046 712 3251 770 itineris
3270 728 3299 769 a
3327 713 3521 785 quibus

1962 804 2085 860 inde
2107 804 2515 869 abducerentur,
2545 805 2871 874 inquirerent
2906 805 3005 874 (α).

2031 896 2085 951 3.
2116 893 2285 968 [XX]
2325 893 2517 950 Nescio
2564 910 2670 966 quo
2721 904 2901 951 autem
2941 894 3100 951 modo
3146 895 3225 951 sic
3265 894 3526 951 aflleimur

1960 1000 2142 1041 amore
2170 994 2462 1056 martyrum
2486 984 2791 1051 beatorum,
2820 993 2879 1039 ut
2904 985 3131 1040 velimus
3159 985 3211 1039 in
3241 984 3335 1040 illo
3359 999 3526 1054 regno

1960 1076 2013 1130 in
2044 1092 2228 1131 eorum
2249 1077 2560 1146 corporibus
2587 1076 2769 1132 videre
2784 1078 3061 1133 vulnerum
3085 1078 3377 1142 cicatrices,
3407 1092 3527 1146 qua

1963 1184 2057 1237 pro
2080 1168 2273 1223 Christi
2305 1169 2521 1224 nomine
2566 1169 2930 1240 pertulerunt:
2962 1178 3017 1225 et
3060 1170 3284 1225 fortasse
3315 1169 3528 1225 videbi-

1962 1275 2101 1314 mus.
2132 1258 2246 1313 Non
2274 1261 2416 1314 enim
2446 1259 2757 1314 deformitas
2786 1261 2836 1314 in
2863 1261 2940 1315 eis
2960 1301 2974 1325 ,
3008 1260 3103 1316 sed
3131 1261 3359 1331 dignitas
3384 1262 3488 1316 erit
3508 1300 3525 1325 ,

1960 1359 2012 1403 et
2040 1349 2310 1418 quadam,
2344 1352 2585 1421 quamvis
2624 1352 2677 1405 in
2716 1366 2959 1420 corpore,
2994 1367 3097 1407 non
3144 1353 3402 1422 corporis,
3432 1353 3529 1409 sed

1960 1439 2168 1493 virtutis
2190 1439 2525 1507 pulchritudo
2546 1439 2782 1511 fulgebit.
2802 1440 2910 1496 Nec
2935 1440 3055 1496 ideo
3084 1449 3259 1496 tamen
3282 1442 3328 1497 si
3355 1443 3529 1512 aliqua

1961 1529 2278 1598 martyribus
2320 1538 2587 1598 amputata
2630 1538 2687 1585 et
2724 1531 2896 1585 ablata
2941 1539 3067 1585 sunt
3108 1530 3345 1585 membra
3369 1572 3386 1599 ,
3413 1532 3530 1587 sine

1962 1618 2091 1688 ipsis
2132 1619 2387 1674 membris
2415 1630 2573 1675 erunt
2613 1622 2666 1675 in
2719 1622 3109 1677 resurrectione
3154 1632 3484 1679 mortuorum
3509 1664 3528 1691 ,

1961 1708 2152 1777 quibus
2178 1707 2376 1762 dictum
2408 1719 2506 1774 est,
2551 1709 2778 1779 Capillus
2800 1712 2981 1779 capitis
3015 1712 3164 1766 vestri
3188 1728 3287 1765 non
3328 1712 3527 1781 peribit.

1962 1797 2067 1851 Sed
2109 1797 2154 1852 si
2197 1796 2298 1852 hoc
2342 1797 2553 1854 decebit
2580 1800 2633 1853 In
2685 1800 2774 1853 illo
2803 1814 2940 1855 novo
2984 1802 3196 1865 saculo,
3228 1810 3287 1855 ut
3334 1801 3529 1861 iudicia

1962 1886 2315 1955 gloriosertzm
2358 1889 2633 1943 vulnerum
2672 1889 2725 1943 ir.
2755 1890 2848 1943 illa
2878 1890 3160 1944 immortali
3200 1905 3358 1945 carne
3405 1905 3528 1945 cer-

1962 1986 2175 2044 nectar,
2204 1978 2291 2031 ubi
2318 1978 2554 2032 membra
2579 2020 2594 2045 ,
2618 1986 2674 2033 ut
2701 1979 3111 2047 praeciderentur
3128 2020 3144 2045 ,
3172 1993 3418 2048 percussa
3446 1980 3529 2034 vel

1960 2076 2106 2122 secta
2133 2075 2274 2135 sunt,
2305 2067 2376 2123 ibi
2402 2068 2695 2134 cicatrices,
2723 2068 2817 2124 sed
2846 2078 3020 2125 tamen
3046 2069 3245 2126 eisdem
3274 2069 3533 2126 membris

1961 2158 2202 2226 redditis,
2245 2174 2351 2214 non
2388 2160 2629 2228 perditis,
2675 2160 3021 2229 apparebunt.
3060 2160 3315 2229 Quamvis
3350 2161 3529 2231 itaque

1961 2248 2139 2303 omnia
2165 2264 2285 2320 qua
2311 2249 2617 2305 acciderunt
2639 2251 2849 2319 corpori
2874 2251 3019 2316 vitia,
3051 2261 3177 2305 tunc
3204 2266 3309 2305 non
3335 2255 3525 2314 erunt;

1963 2355 2069 2395 non
2100 2349 2224 2394 sunt
2252 2349 2424 2396 tamen
2464 2340 2766 2411 deputanda
2799 2340 2885 2397 vel
2929 2340 3244 2412 appellanda
3272 2341 3397 2397 vitia
3426 2341 3533 2396 viro

1963 2429 2088 2484 tutis
2132 2428 2346 2484 indicia.

1962 2582 2188 2641 CAPUT
2215 2582 2333 2638 XX.
2362 2612 2431 2623 -—-
2456 2583 2605 2648 Quod
2632 2586 2686 2638 in
2724 2586 3081 2639 resurrectione
3106 2592 3412 2638 mortuorum
3438 2600 3533 2636 na-

2035 2686 2148 2728 tura
2176 2690 2441 2743 corporum
2466 2676 2763 2741 quibuslibet
2802 2676 2963 2729 modis
2996 2676 3351 2745 dissipatorum
3374 2675 3427 2729 in
3454 2675 3535 2729 in-

2034 2778 2227 2838 tegrum
2252 2768 2595 2839 undecumque
2616 2767 2896 2823 revocanda
2920 2767 3007 2820 sit.

2036 2919 2088 2973 1.
2121 2917 2270 2972 Absit
2289 2926 2466 2973 autem
2494 2926 2552 2971 ut
2576 2918 2641 2973 ad
2670 2917 3030 2974 resuscitauda
3057 2932 3281 2987 corpora
3304 2918 3535 2989 vitaque

1964 3006 2235 3066 reddenda
2264 3022 2370 3061 non
2417 3006 2585 3075 possit
2616 3007 3000 3073 omnipotentia
3040 3006 3308 3060 Creatoris
3354 3006 3535 3061 omnia

1964 3114 2245 3167 revocare,
2268 3113 2389 3169 qua
2415 3098 2499 3152 vel
2525 3098 2725 3163 bestia,
2757 3100 2844 3153 vel
2865 3098 3001 3167 ignis
3026 3097 3339 3167 absumpsit,
3366 3098 3454 3153 vel
3479 3099 3534 3153 in

1968 3194 2240 3265 pulverem
2270 3192 2573 3247 cineremve
2602 3189 2915 3257 collapsum,
2949 3187 3031 3243 vel
3065 3187 3119 3243 in
3143 3189 3416 3243 humorem
3446 3202 3538 3250 so-

1966 3288 2157 3350 lutum,
2174 3286 2259 3341 vel
2284 3285 2337 3339 in
2354 3298 2511 3339 auras
2529 3290 2615 3338 est
2628 3282 2947 3337 exhalatum.
2974 3280 3129 3335 Absit
3147 3287 3205 3335 ut
3219 3279 3367 3334 sinus
3388 3279 3535 3334 ullus

1964 3383 2334 3445 secretumque
2375 3383 2577 3429 natura
2606 3373 2677 3427 ita
2707 3372 2925 3441 recipiat
2960 3369 3161 3440 aliquid
3206 3368 3533 3425 subtractum

1966 3468 2211 3523 sensibus
2250 3466 2465 3532 nostris,
2507 3474 2565 3519 ut
2592 3464 2828 3519 omnium
2853 3462 3119 3518 Creatoris
3146 3469 3238 3516 aut
3260 3461 3420 3517 lateat
3443 3475 3533 3516 eoa

1966 3559 2281 3627 gnitionem,
2319 3566 2410 3611 aut
2441 3555 2655 3625 effugiat
2699 3563 3030 3624 potestatem.
3060 3553 3227 3609 Deum
3258 3560 3407 3607 certe
3436 3566 3534 3606 vo-

1966 3648 2101 3714 lens,
2142 3648 2273 3703 sicut
2316 3656 2549 3717 poterat,
2584 3646 2807 3700 definire
2834 3645 3020 3699 Cicero
3047 3652 3223 3703 tantus
3246 3651 3429 3698 auctor
3456 3643 3536 3712 ip-

1967 3755 2149 3796 sorum
2170 3782 2186 3807 ,
2255 3739 2402 3794 Mens
2446 3738 2677 3808 quadam
2707 3778 2723 3802 ,
2754 3736 2954 3806 inquit,
2986 3744 3059 3789 est
3085 3735 3252 3789 soluta
3289 3742 3336 3788 ct
3358 3733 3535 3801 libera,

1966 3841 2156 3885 secreta
2198 3830 2259 3883 ab
2295 3830 2431 3883 omni
2492 3828 2799 3882 concretione
2818 3827 3037 3889 mortali,
3067 3825 3235 3878 omnia
3256 3823 3470 3879 sentiens
3489 3833 3538 3878 et

1967 3938 2185 3987 movens,
2209 3923 2418 3988 ipsaque
2442 3918 2653 3987 praedita
2673 3926 2810 3972 motu
2833 3896 3130 3987 sempiterno
3155 3914 3175 3987 (
3204 3915 3408 3969 Tuscul.
3446 3915 3535 3969 lib.

1970 4014 2037 4077 l,
2082 4029 2197 4081 cap.
2244 4011 2360 4081 27).
2392 4009 2503 4064 Hoc
2548 4018 2724 4062 autem
2778 4007 2975 4077 reperit
3031 4007 3086 4060 in
3133 4005 3389 4060 doctrinis
3424 4020 3540 4059 ma-

1969 4117 2193 4175 gnorum
2236 4098 2696 4171 philosophorum.
2746 4096 2817 4151 Ut
2860 4096 3018 4167 igitur
3057 4094 3349 4150 secundum
3394 4094 3541 4163 ipsos

1970 4198 2190 4270 loquar,
2218 4194 2485 4266 quomodo
2513 4190 2708 4262 aliquid
2736 4190 2817 4245 vel
2840 4190 2968 4244 latet
2990 4188 3164 4243 omnia
3194 4187 3535 4252 sentientem,

1970 4290 2057 4346 vel
2096 4288 2510 4344 irrevocabiliter
2534 4284 2662 4355 fugit
2690 4283 2865 4338 omnia
2892 4278 3229 4335 moventem?

2040 4382 2094 4435 2.
2125 4379 2276 4436 Unde
2297 4379 2405 4448 jam
2433 4377 2589 4431 etiam
2630 4373 2853 4444 quastio
2879 4371 2966 4424 illa
2993 4366 3245 4424 solvenda
3274 4376 3388 4432 cst,
3419 4382 3539 4436 qua

1973 4471 2240 4528 difficilior
2283 4468 2491 4521 videtur
2528 4463 2778 4519 eateris:
2830 4459 2919 4513 ubi
2949 4459 3225 4526 quaritur,
3265 4470 3385 4510 cum
3414 4470 3541 4511 caro

1973 4559 2171 4617 mortui
2206 4557 2439 4611 hominis
2478 4552 2639 4608 etiam
2672 4548 2889 4602 alterius
2918 4545 2978 4599 fit
3007 4546 3231 4599 viventis
3268 4558 3417 4609 caro,
3454 4545 3540 4598 cui

1974 4650 2150 4722 potius
2194 4659 2383 4701 eorum
2432 4643 2485 4696 in
2536 4636 2928 4695 resurrectione
2973 4634 3245 4690 reddatur.
3301 4634 3356 4688 Si
3397 4632 3542 4687 enim

1975 4739 2234 4811 quiSpiam
2278 4732 2553 4789 confectus
2582 4728 2719 4784 fame
2760 4734 2921 4795 atque
2946 4723 3255 4794 compulsus
3298 4730 3543 4775 vescatur

1976 4809 2327 4887 cadaveribus
2350 4821 2623 4879 hominum
2645 4860 2660 4885 ,
2687 4816 2828 4886 quod
2856 4815 3054 4871 malum
3092 4810 3375 4882 aliquoties
3402 4809 3543 4864 acci-

1976 4923 2147 4985 disse,
2174 4929 2229 4974 et
2255 4927 2409 4971 vetus
2431 4920 2655 4968 testatur
2701 4906 2921 4964 historia
2940 4946 2957 4973 ,
2985 4916 3038 4961 et
3064 4912 3366 4957 nostrorum
3404 4908 3543 4955 tem-

1978 5024 2165 5081 porum
2219 5004 2450 5060 infelicia
2496 4999 2861 5069 experiinenta
2906 4994 3203 5049 docuerunt
3249 4989 3357 5061 (b);
3412 5004 3541 5042 num

1978 5079 2255 5171 quisquam
2280 5093 2511 5151 veridica
2537 5090 2743 5146 ratione
2762 5082 3067 5147 contendet,
3092 5090 3259 5136 totum
3278 5079 3542 5149 digestum

2045 5274 2118 5334 (α)
2148 5270 2277 5321 eonf-
2302 5272 2476 5334 Qqaest-
2503 5262 2893 5334 insse-sesea-
2910 5254 3104 5334 ea.--
3173 5319 3280 5334 η..
3317 5294 3367 5334 ,η

2045 5274 2097 5334 (α
2148 5274 2277 5321 Conf.
2302 5274 2476 5327 Quast.
2503 5274 2552 5314 in
2572 5274 2689 5309 Gen.
2712 5274 2885 5320 quatit.
2910 5274 2990 5303 eo.
3364 5294 3367 5295 ,

2042 5274 2118 5398 (bl
2146 5334 2321 5398 ιηιιεοιει
2357 5322 2742 5398 remeassem
2765 5315 3548 5398 armamaxasaseae

1978 5371 2743 5457 ορῖὲἲεὲἐὲῖξἬῖιιῖὸῆδὲιῖεριιξτ
2763 5371 3399 5457 ἓιὶέἒὲεἱῖίῖεὲἒηοξξέδέιίδὲἷ
3406 5371 3541 5457 ἕ)ξῆ

1978 5430 2746 5508 ΕἵΉὲὤῶἷηῐιέἶὶῐῐξίέῳςίη
2770 5430 3094 5508 ροςιςείᾳεᾳόᾳ
3110 5430 3342 5508 51113;}:
3343 5430 3450 5508 f‘ap-
3476 5430 3507 5508 εξ
3524 5446 3547 5508 ξ

1981 5491 2609 5575 ἓῖιῖἲὶἒῗηὸπῖἑῖἱᾷἑῖῆίέὧὶθ
2636 5502 2692 5550 ίδ
2708 5495 3108 5575 ’.³α.ξῗιῖὶιὲεὲ)ἓ.τέ¹11
3122 5491 3547 5575 νίῖξέὶίὲἷὶἮὲ.ἐ.ἒ.ξῖ

1987 5556 2416 5627 inﬁtitias;
2433 5556 2593 5628 erupit
2612 5556 2928 5613 esurientium
2949 5556 3146 5628 rabies,
3168 5556 3551 5628 et

1990 5612 2539 5687 iﬁi‘éﬁiﬁu’iﬁaiddc
2557 5612 2675 5674 dum
2708 5632 2859 5671 mater
2884 5630 2979 5667 non
3001 5612 3368 5687 parcitlactarnti

1991 5672 2522 5759 ii'if‘éi"'sii£f?3'éa].if
2536 5672 2691 5746 utero,
2730 5695 2875 5745 quem
2909 5672 3053 5740 paulo
3094 5672 3491 5784 anégmegtégerat.
3520 5685 3543 5713 ι
