4078 6480
512 396 616 452 783

517 512 679 568 fuiSse
700 522 791 576 per
817 506 950 560 imos
971 508 1192 566 meatus,
1218 497 1346 552 nihil
1374 494 1495 550 inde
1517 494 1571 548 in
1594 493 1709 561 ejus
1729 505 1939 545 carnem
1964 502 2081 541 mu-

519 610 682 654 tatum
710 607 865 664 atque
889 602 1224 652 conversum,
1256 601 1374 641 cum
1406 584 1516 654 ipsa
1546 583 1742 636 macies
1770 594 1886 649 quae
1911 576 2008 631 fuit
2033 584 2087 630 et

518 704 622 744 non
655 695 756 752 est,
795 684 923 743 satis
952 681 1147 736 iudicet
1173 693 1292 750 qua:
1319 677 1421 730 illis
1458 673 1595 729 escis
1624 671 1936 726 detrimenta
1962 679 2087 734 sup-

519 780 654 849 pleta
684 775 831 830 sint?
864 772 979 828 Jam
1023 771 1199 838 itaque
1243 767 1417 836 aliqua
1459 763 1617 834 paulo
1655 771 1777 816 ante
1821 755 2084 828 praemisi,

515 844 634 940 qua:
659 865 724 920 ad
754 866 911 919 istum
937 874 1146 931 quoque
1167 856 1361 911 nodum
1385 851 1693 908 solvendum
1725 848 1898 902 valere
1926 844 2089 900 debe-

514 937 669 1013 bunt.
698 950 963 1022 Quidquid
991 949 1131 1003 enim
1159 945 1398 1000 carnium
1424 940 1666 996 exhausit
1693 937 1874 999 fames,
1910 938 2088 1003 utique

516 1051 568 1104 in
594 1060 751 1103 auras
769 1055 850 1101 est
874 1042 1177 1100 exltalatum
1206 1058 1217 1093 :
1250 1037 1390 1092 unde
1414 1035 1644 1090 diximus
1669 1032 2086 1099 omnipotentem

516 1140 682 1194 Deum
714 1149 868 1208 posse
895 1146 1148 1190 revocare
1177 1128 1317 1199 quod
1345 1126 1491 1196 fugit.
1522 1123 1793 1179 Reddetur
1816 1134 1941 1189 ergo
1965 1132 2088 1172 caro

515 1230 602 1284 illa
629 1227 849 1290 homini,
878 1225 932 1278 in
961 1237 1066 1292 quo
1094 1235 1213 1276 esse
1241 1232 1364 1273 caro
1388 1216 1616 1270 humana
1645 1211 1885 1280 primitus
1905 1208 2086 1276 coepit.

515 1319 598 1372 Ab
627 1317 717 1371 illo
743 1316 937 1385 quippe
963 1312 1131 1366 altero
1169 1317 1417 1377 tanquam
1457 1314 1638 1358 mutuo
1678 1309 1884 1368 sumpta
1927 1298 2090 1367 depu-

505 1406 672 1462 tanda
698 1414 777 1459 est
801 1419 814 1456 :
847 1417 966 1472 quae
992 1400 1126 1454 sicut
1154 1411 1227 1452 aes
1251 1396 1476 1449 alienum
1495 1433 1512 1459 ,
1542 1391 1589 1446 ei
1623 1387 1942 1444 redhibenda
1971 1395 2088 1454 est,

515 1496 657 1550 unde
681 1504 891 1562 sumpta
917 1499 1016 1546 est.
1047 1489 1149 1544 Sua
1175 1500 1306 1541 vero
1327 1484 1425 1550 illi,
1447 1497 1602 1552 quem
1631 1481 1795 1533 fames
1816 1478 2090 1533 exinanie-

517 1593 629 1653 rat,
661 1584 728 1639 ab
757 1598 821 1638 eo
859 1579 947 1650 qui
974 1586 1146 1650 potest
1182 1577 1340 1630 etiam
1367 1571 1609 1628 exhalata
1653 1583 1922 1632 revocare,
1965 1567 2089 1622 red-

518 1675 693 1730 detur.
725 1669 975 1740 Quamvis
1001 1667 1100 1722 etsi
1132 1664 1374 1719 omnibns
1396 1662 1618 1732 perisset
1643 1659 1832 1723 modis,
1865 1671 1964 1712 nec
1989 1657 2090 1710 ulla

519 1764 636 1834 ejus
664 1761 910 1817 materies
948 1759 998 1812 in
1037 1755 1162 1812 ullis
1207 1763 1407 1808 natura:
1453 1749 1669 1805 latebris
1713 1747 2086 1812 remansisset,

519 1854 661 1910 unde
687 1853 876 1918 vellet,
902 1865 1018 1905 eam
1055 1853 1326 1918 repararet
1351 1842 1717 1911 Omnipotens.
1750 1838 1854 1894 Sed
1877 1847 2092 1908 propter

517 1945 834 2002 sententiam
864 1941 1112 1997 Veritatis
1135 1979 1150 2003 ,
1175 1953 1278 2008 qua
1303 1935 1500 1991 dictum
1527 1941 1627 1997 est,
1657 1930 1886 2000 Capillus
1912 1928 2090 1998 capitis

519 2036 665 2090 vestri
695 2050 795 2087 non
821 2032 1031 2102 peribit;
1059 2027 1346 2085 absurdum
1380 2032 1463 2079 est
1487 2031 1546 2077 ut
1569 2031 1832 2092 putemus,
1855 2034 1973 2074 cum
1996 2033 2091 2074 ca-

520 2125 679 2194 pillus
717 2121 946 2176 hominis
977 2119 1150 2190 perire
1179 2131 1284 2171 non
1316 2113 1515 2184 possit,
1544 2119 1716 2165 tantas
1739 2121 1927 2163 carnes
1956 2107 2092 2162 fame

520 2214 768 2284 depastas
792 2220 952 2281 atque
977 2213 1318 2276 consumptas
1336 2202 1511 2274 perire
1535 2200 1787 2270 potuisse.

591 2307 647 2362 5.
675 2303 875 2372 Quibus
901 2299 1146 2356 omnibus
1174 2311 1270 2367 pro
1299 2303 1480 2351 nostro
1502 2292 1717 2348 modulo
1743 2289 2094 2346 consideratis

521 2407 679 2468 atque
721 2394 990 2459 tractatis,
1020 2392 1136 2464 haec
1163 2403 1368 2446 summa
1401 2386 1700 2451 conﬁcitur,
1733 2392 1790 2437 ut
1833 2383 1885 2438 in
1910 2396 2092 2437 resur-

523 2489 759 2544 rectione
785 2485 959 2540 carnis
985 2483 1036 2537 in
1059 2490 1313 2536 aeternum
1341 2492 1433 2534 eas
1463 2489 1736 2531 mensuras
1765 2473 1956 2528 habeat
1971 2486 2094 2527 cor-

523 2592 713 2648 porum
761 2571 1107 2644 magnitudo,
1151 2583 1282 2640 quas
1330 2565 1556 2621 habebat
1609 2561 1942 2633 perﬁciendae
1981 2561 2094 2616 sive

525 2668 772 2740 perfecta:
803 2666 1055 2742 cujusque
1082 2661 1245 2715 indita
1285 2658 1494 2727 corpori
1533 2656 1668 2710 ratio
1691 2653 2008 2724 juventutis,
2041 2653 2093 2707 in

525 2759 889 2814 membrorum
933 2769 1142 2824 quoque
1184 2750 1417 2805 omnium
1455 2747 1686 2803 modulis
1730 2761 1966 2815 congruo
1994 2745 2097 2800 de-

524 2861 651 2902 core
701 2853 928 2900 servato.
961 2842 1109 2910 Quod
1160 2841 1324 2896 decus
1374 2848 1432 2894 ut
1485 2845 1757 2901 servetur,
1808 2837 1851 2891 si
1901 2835 2095 2906 aliquid

525 2937 795 3008 demptum
838 2933 994 2990 fuerit
1043 2930 1306 2987 indecenti
1351 2929 1504 2983 alicui
1530 2926 1808 2998 granditati
1852 2927 1905 2980 in
1949 2934 2096 2996 parte

523 3027 699 3097 aliqua
726 3024 1052 3088 constitutae,
1083 3020 1222 3092 quod
1256 3035 1349 3090 per
1375 3029 1538 3072 totum
1583 3025 1890 3086 spargatur,
1921 3024 1977 3070 ut
2005 3030 2097 3070 ne-

524 3131 629 3186 que
652 3115 703 3170 id
716 3123 946 3183 -pereat,
976 3121 1030 3167 et
1055 3110 1396 3180 congruentia
1437 3107 1662 3177 partium
1687 3105 1882 3175 ubique
1918 3113 2097 3160 tenea-

528 3216 631 3272 tur,
661 3220 767 3261 non
794 3214 876 3260 est
902 3203 1211 3265 absurdum,
1248 3209 1302 3254 ut
1331 3198 1522 3268 aliquid
1548 3198 1670 3252 inde
1694 3197 1851 3252 etiam
1881 3204 2098 3250 staturae

439 3297 444 3302 ’
526 3295 912 3369 θοι-βοήθειάόί
951 3309 1108 3364 posse
1147 3291 1458 3355 credamus;
1490 3303 1609 3342 cum
1654 3286 1899 3341 omnibus
1935 3286 2096 3355 parti-

527 3393 734 3456 bns,ut
756 3387 1010 3443 decorem
1051 3383 1386 3448 custodiant,
1415 3381 1465 3434 id
1495 3379 1844 3445 distribuitur,
1885 3377 2024 3447 quod
2052 3377 2098 3432 si

529 3479 817 3536 enormiter
843 3478 895 3532 in
935 3489 1040 3531 una
1070 3481 1244 3539 esset,
1275 3472 1452 3540 utique
1495 3484 1602 3522 non
1644 3469 1876 3522 deceret.
1922 3467 2026 3522 Aut
2053 3466 2097 3519 si

527 3567 940 3626 eontenditurin
961 3580 1023 3621 ea
1051 3579 1186 3634 quea
1210 3578 1312 3632 que
1342 3569 1539 3616 statura
1568 3558 1806 3628 corporis
1850 3571 2096 3612 resurre-

528 3670 734 3714 cturum
755 3671 893 3721 esse,
913 3656 971 3710 in
999 3668 1097 3723 qua
1123 3651 1400 3705 defunctus
1426 3658 1526 3714 est,
1557 3664 1662 3701 non
1685 3648 1989 3717 pugnaciter
2015 3660 2101 3700 re-

529 3747 820 3804 sistendum
849 3754 966 3810 est;
997 3753 1200 3798 tantum
1222 3742 1359 3795 absit
1377 3741 1549 3795 omnis
1575 3738 1902 3804 deformitas,
1926 3737 2099 3791 omnis

532 3837 832 3902 infirmitas,
860 3833 1034 3890 omnis
1061 3832 1308 3893 tarditas,
1341 3830 1616 3897 omnisque
1639 3826 1908 3895 corruptio
1927 3867 1942 3890 ,
1975 3834 2030 3880 et
2055 3825 2100 3879 si

529 3936 656 4008 quid
691 3933 833 3989 aliud
864 3930 990 3986 illud
1019 3944 1125 3984 non
1154 3928 1306 3982 decet
1331 3939 1573 4008 regnum,
1606 3923 1656 3975 iu
1696 3935 1802 3990 quo
1857 3934 2098 3974 resurre-

532 4006 723 4083 ctionis
747 4031 801 4080 et
823 4019 1190 4093 promissionis
1214 4017 1303 4070 ﬁlii
1323 4006 1553 4084 mquales
1570 4020 1726 4066 erunt
1751 4010 1964 4080 Angelis
1975 4008 2096 4075 Dei,

532 4115 578 4170 si
602 4128 707 4169 non
729 4123 982 4181 corpore,
1012 4122 1120 4162 non
1141 4112 1314 4168 aetate,
1338 4113 1482 4156 certe
1503 4100 1773 4156 felicitate.

533 4261 756 4320 CAPUT
797 4259 940 4315 XXI.
971 4287 1040 4299 -—
1080 4255 1158 4310 De
1193 4255 1406 4307 novitate
1441 4251 1664 4320 corporis
1702 4248 2006 4318 spiritualis,
2049 4263 2104 4302 nt

862 4367 1010 4422 quant
1038 4357 1324 4403 sanctorum
1350 4359 1466 4397 caro
1492 4341 1779 4395 mutabitur.

588 4487 934 4540 ’Rcstituetur
962 4495 1086 4548 ergo
1117 4487 1168 4530 et
1202 4474 1450 4544 quidquid
1487 4473 1554 4526 de
1593 4471 1901 4540 corporibus
1938 4470 2067 4524 vivis
2088 4510 2102 4532 ,

540 4579 622 4634 vel
652 4585 767 4646 post
792 4583 1012 4626 mortem
1042 4569 1108 4621 de
1137 4564 1480 4621 cadaveribus
1514 4563 1697 4632 periit,
1724 4570 1778 4616 et
1804 4562 1960 4617 simul
1985 4575 2103 4614 cum

540 4687 604 4726 eo
631 4666 769 4737 quod
811 4661 1146 4730 iuscpulcris
1175 4656 1447 4723 remansit,
1479 4655 1532 4708 in
1560 4654 1846 4723 spiritualis
1870 4653 2107 4721 corporis

540 4759 828 4814 novitatem
874 4768 938 4807 ex
981 4749 1225 4804 animalis
1268 4745 1504 4815 corporis
1547 4752 1807 4799 vetustate
1850 4751 2104 4796 mutatum

541 4856 798 4917 resurget,
829 4839 1221 4909 incorruptione
1245 4845 1400 4905 atque
1425 4834 1814 4888 immortalitate
1839 4831 2106 4886 vestitum.

543 4937 650 4996 Sed
676 4937 774 4991 etsi
802 4934 887 4990 vel
912 4947 1036 4986 casu
1064 4929 1239 4998 aliquo
1264 4927 1408 4998 gravi
1440 4927 1522 4980 vel
1562 4923 1890 4977 inimicorum
1919 4923 2108 4975 imma-

541 5033 708 5088 nitate
733 5036 898 5083 totum
923 5024 1132 5095 penitus
1156 5028 1460 5076 conteratur
1485 5017 1537 5070 in
1564 5015 1848 5085 pulverem,
1877 5022 2034 5083 atque
2057 5014 2110 5068 in

538 5137 700 5179 auras
727 5119 818 5174 vel
847 5119 901 5171 in
927 5129 1089 5184 aquas
1122 5112 1418 5180 dispersum
1459 5114 1710 5176 quantum
1746 5105 1858 5158 ﬁeri
1899 5113 2108 5172 potest,

545 5225 804 5281 nusquam
849 5219 968 5262 esse
1010 5203 1213 5257 sinatur
1244 5199 1488 5260 omnino,
1518 5195 1659 5248 nullo
1689 5194 1844 5247 modo
1874 5194 2114 5248 subtrahi

544 5300 740 5372 poterit
766 5293 1161 5364 omnipotentiae.
1188 5287 1470 5349 Creatoris,
1501 5284 1593 5339 sed
1621 5284 1837 5352 capillus
1863 5285 1913 5337 in
1940 5297 2004 5337 eo
2029 5299 2115 5337 ca-

546 5367 671 5461 pitis
701 5403 804 5464 non
831 5387 1041 5456 peribit.
1073 5381 1185 5436 Erit
1209 5394 1334 5448 ergo
1355 5377 1556 5447 spiritui
1579 5375 1784 5428 subdita
1810 5367 1934 5428 caro
1962 5373 2116 5442 spiri-

549 5481 728 5544 tualis,
756 5479 850 5533 sed
877 5487 1052 5531 tamen
1077 5487 1222 5537 caro,
1252 5485 1355 5524 non
1386 5468 1601 5535 spiritus
1627 5481 1640 5517 :
1671 5466 1806 5520 sicut
1825 5465 1970 5520 carni
1993 5465 2118 5520 sub-

548 5572 695 5626 ditus
722 5568 818 5620 fuit
857 5567 1070 5636 spiritus
1109 5559 1220 5630 ipse
1256 5557 1510 5618 carnalis,
1547 5555 1640 5610 sed
1671 5565 1843 5610 tamen
1869 5555 2113 5624 spiritus,

551 5677 659 5716 non
685 5673 830 5713 caro.
853 5657 1014 5724 Cujus
1034 5653 1109 5708 rei
1135 5651 1388 5706 habemus
1408 5647 1825 5717 experimentum
1850 5645 1903 5699 in
1924 5653 2116 5700 nostra:

554 5764 725 5806 omum
751 5743 1100 5802 deformitate.
1127 5741 1240 5797 Non
1269 5739 1407 5796 enim
1435 5737 1723 5796 secundum
1747 5751 1992 5806 carnem,
2020 5735 2114 5793 sed

1565 381 1649 434 DE
1689 377 2000 433 ClVlTATlS
2043 373 2172 439 DEI,
2197 371 2250 428 S.
2295 372 2656 431 AUGUSTINI

3666 371 3770 428 78‘

2192 488 2374 556 utique
2400 487 2691 542 secundum
2727 483 2970 554 spiritum
2999 482 3237 538 carnales
3263 490 3448 549 erant,
3474 483 3665 553 quibus
3694 486 3770 539 ait

2191 576 2519 644 Apostolus:
2555 575 2675 628 Non
2713 574 2851 644 potui
2887 573 3022 627 vobis
3057 573 3190 642 loqui
3219 574 3362 643 quasi
3391 573 3769 642 spiritualibus,

2189 665 2277 718 sed
2303 666 2447 733 quasi
2473 664 2757 718 carnalibus
2781 662 2825 734 (l
2850 660 2969 718 Cor.
2999 677 3076 728 ιιι,
3105 663 3178 731 l).
3206 662 3271 716 Et
3297 661 3457 718 homo
3481 663 3771 731 spiritualis

2189 756 2267 810 sic
2298 757 2351 810 in
2391 755 2488 811 hac
2527 757 2629 809 vita
2659 755 2868 817 dicitur,
2902 763 2959 808 ut
2986 761 3162 807 tamen
3191 766 3415 822 corpore
3447 752 3620 807 adhuc
3646 767 3764 808 car-

2190 846 2324 902 nalis
2349 846 2450 913 sit,
2481 854 2535 900 et
2560 845 2736 900 videat
2772 845 2930 898 aliam
2969 844 3140 913 legem
3179 843 3233 896 in
3263 843 3516 898 membris
3543 843 3655 897 suis
3680 857 3770 897 re-

2190 944 2509 1006 pugnantem
2539 935 2639 1005 legi
2667 935 2860 990 meutis
2879 947 2988 988 sua:
3008 930 3182 1004 (Rom.
3204 947 3293 996 vn,
3317 930 3407 1002 25)
3437 930 3569 985 :erit
3591 939 3772 985 autem

2191 1029 2348 1084 etiam
2375 1042 2602 1098 corpore
2627 1026 2936 1096 spiritualis,
2968 1040 3090 1080 cum
3119 1023 3303 1078 eadem
3331 1036 3456 1077 caro
3483 1022 3558 1077 sic
3584 1037 3769 1078 resur-

2192 1117 2419 1184 rexerit,
2447 1125 2504 1170 ut
2541 1116 2632 1170 ﬁat
2665 1115 2808 1185 quod
2845 1115 3098 1183 scriptum
3123 1121 3239 1179 est,
3271 1112 3562 1166 Semiuatur
3587 1126 3773 1180 corpus

2191 1207 2428 1270 animale,
2456 1213 2676 1274 resurget
2698 1221 2878 1272 corpus
2901 1203 3165 1274 spirituale
3187 1203 3226 1271 (I
3247 1201 3365 1256 Cor.
3390 1218 3480 1268 xv,
3507 1201 3618 1271 42).
3640 1201 3771 1270 Qua:

2191 1297 2261 1350 sit
2287 1303 2484 1372 autem,
2512 1305 2566 1349 et
2593 1309 2746 1363 quam
2777 1309 2965 1362 magna
2994 1293 3284 1363 spiritualis
3312 1292 3551 1362 corporis
3575 1293 3768 1362 gratia,

2192 1384 2441 1456 quoniam
2472 1384 2707 1438 nondum
2747 1383 2892 1438 venit
2920 1384 2971 1437 in
2997 1383 3420 1452 experimentum
3440 1422 3456 1447 ,
3485 1396 3675 1437 vereor
3703 1397 3772 1436 ne

2194 1472 2531 1526 temerarium
2558 1473 2627 1526 sit
2647 1486 2805 1527 omne
2823 1471 2962 1541 quod
2989 1471 3054 1526 de
3080 1471 3165 1524 illa
3190 1469 3455 1539 profertur
3476 1469 3767 1540 eloquium.

2193 1561 2571 1615 Verumtamen
2607 1560 2729 1630 quia
2766 1560 2880 1629 spei
2909 1568 3105 1614 nostrae
3139 1559 3389 1628 gaudium
3431 1567 3647 1629 propter
3677 1559 3770 1612 Dei

2194 1649 2402 1703 laudem
2428 1663 2533 1702 non
2559 1657 2641 1704 est
2667 1647 2968 1714 tacendum,
2994 1657 3048 1704 et
3071 1648 3138 1704 de
3165 1647 3363 1702 intimis
3387 1648 3621 1703 ardentis
3647 1662 3774 1703 san-

2193 1737 2263 1792 cti
2293 1738 2490 1791 amoris
2517 1736 2760 1792 medullis
2785 1737 2983 1791 dictum
3008 1745 3124 1803 est,
3155 1735 3370 1790 Domine
3390 1776 3406 1802 ,
3437 1736 3593 1790 dilexi
3616 1737 3771 1790 deco-

2193 1845 2298 1882 rem
2326 1828 2504 1882 domus
2531 1838 2631 1882 tua:
2657 1826 2839 1906 (Psal.
2867 1843 2991 1893 xxv,
3022 1827 3090 1898 8)
3119 1844 3134 1883 :
3160 1827 3226 1882 de
3249 1827 3405 1883 donis
3431 1828 3543 1896 ejus
3570 1843 3688 1898 quae
3717 1829 3771 1882 in

2196 1920 2295 1975 hac
2321 1920 2766 1975 terumnosissima
2793 1920 2899 1974 vita
2924 1918 3078 1976 bonis
3106 1919 3365 1990 malisque
3391 1919 3628 1989 largitur,
3655 1920 3773 1990 ipso

2194 2015 2504 2083 adjuvante,
2547 2012 2925 2082 conjiciamus,
2967 2002 3023 2067 ut
3067 2025 3383 2082 possumus,
3414 2019 3669 2081 quantum
3703 2011 3774 2064 sit

2195 2105 2341 2168 illud,
2377 2104 2513 2174 quod
2543 2105 2774 2158 nondum
2801 2104 3024 2173 experti,
3057 2105 3236 2173 utique
3263 2103 3420 2173 digne
3458 2103 3632 2172 eloqui
3663 2118 3774 2156 non

2194 2196 2452 2251 valemus.
2475 2195 2673 2250 Omitto
2691 2195 2830 2250 enim
2853 2194 3066 2264 quando
3091 2194 3214 2249 fecit
3239 2193 3507 2248 hominem
3535 2202 3769 2255 rectum;

2195 2290 2382 2343 omitto
2409 2288 2572 2342 vitam
2602 2288 2746 2342 illam
2772 2287 3000 2341 duorum
3027 2285 3309 2356 conjngum
3339 2286 3392 2340 in
3430 2283 3659 2354 paradisi
3689 2282 3772 2338 fe-

2196 2380 2463 2436 cunditate
2485 2378 2712 2445 felicem,
2739 2376 2987 2448 quoniam
3010 2378 3026 2410 ¹
3052 2386 3157 2431 tam
3182 2377 3354 2431 brevis
3371 2375 3493 2440 fuit,
3521 2384 3576 2430 ut
3597 2374 3664 2428 ad
3687 2388 3773 2428 na-

2196 2471 2454 2526 scentium
2497 2483 2712 2524 sensum
2752 2483 2852 2524 nec
2889 2469 3000 2536 ipsa
3030 2469 3332 2538 pervenerit
3363 2484 3376 2520 :
3405 2467 3458 2521 in
3488 2467 3587 2521 hac
3611 2481 3772 2536 quam

2199 2561 2457 2624 novimus,
2485 2560 2536 2614 in
2561 2575 2663 2630 qua
2691 2558 2861 2613 adhuc
2891 2573 3093 2622 sumus,
3124 2557 3275 2627 cujus
3302 2556 3636 2619 tentationes,
3665 2555 3774 2609 imo

2197 2667 2354 2721 quam
2409 2659 2571 2706 totam
2621 2652 3000 2715 tentationem,
3049 2649 3300 2720 quamdiu
3342 2649 3395 2702 in
3441 2663 3503 2703 ea
3549 2661 3771 2713 sumus,

2198 2741 2581 2811 quantumlibet
2625 2740 2996 2810 proﬁciamus.
3045 2739 3248 2809 perpeti
3295 2753 3398 2792 non
3445 2735 3772 2801 desinimus,

2197 2847 2314 2902 qua:
2341 2833 2446 2887 sint
2477 2832 2666 2886 indicia
2697 2833 2835 2887 circa
2872 2845 3039 2902 genus
3067 2830 3353 2885 humanum
3380 2830 3631 2885 bonitatis
3655 2828 3772 2893 Dei.

2198 2923 2317 2992 quis
2341 2924 2533 2992 poterit
2555 2921 2859 2991 explicare?

2200 3035 2422 3091 CAPUT
2461 3034 2623 3089 XXII.
2652 3064 2725 3074 —-
2753 3034 2831 3088 De
2857 3033 3068 3088 miseriis
3097 3049 3157 3086 ac
3182 3033 3328 3086 malis
3347 3073 3361 3096 ,
3391 3032 3568 3101 quibus
3597 3032 3776 3084 huma-

2270 3143 2389 3179 num
2425 3142 2580 3195 genus
2622 3125 2798 3178 merito
2838 3124 3015 3194 prima:
3054 3122 3475 3192 pramaricationis
3504 3122 3776 3175 obnoxium

2271 3228 2342 3271 est
2362 3258 2378 3284 ,
2405 3228 2451 3271 et
2480 3233 2512 3270 a
2542 3217 2717 3285 quibus
2755 3220 2896 3270 neino
2925 3216 3021 3268 nisi
3059 3231 3148 3284 per
3183 3212 3369 3268 Christi
3403 3214 3619 3283 gratiam
3650 3213 3774 3266 libe-

2268 3317 2434 3362 ratur.

2273 3422 2324 3474 1.
2355 3419 2486 3474 Nam
2512 3418 2650 3490 quod
2676 3418 2740 3473 ad
2769 3418 2989 3488 primam
3012 3416 3268 3486 originem
3294 3414 3538 3484 pertinet,
3563 3427 3774 3468 omnem

2203 3513 2500 3566 mortalium
2525 3511 2825 3581 progeniem
2849 3509 3011 3564 fuisse
3029 3507 3350 3572 damnatam,
3374 3504 3488 3558 haec
3514 3505 3628 3573 ipsa
3647 3504 3773 3566 vita,

2203 3606 2245 3660 si
2278 3606 2382 3659 vita
2410 3603 2630 3658 dicenda
2661 3611 2776 3669 est,
2809 3609 2885 3655 tot
2908 3609 2962 3654 et
2991 3599 3148 3653 tantis
3173 3598 3325 3651 malis
3351 3596 3504 3665 plena
3527 3604 3772 3650 testatur.

2203 3695 2339 3762 Quid
2367 3695 2506 3749 enim
2537 3692 2679 3746 aliud
2709 3691 2907 3745 indicat
2946 3687 3206 3743 horrenda
3237 3685 3476 3755 quaedam
3503 3683 3777 3754 profundi-

2205 3795 2284 3840 tas
2312 3785 2636 3855 ignorantim,
2665 3798 2729 3836 ex
2754 3783 2854 3850 qua
2882 3778 3052 3833 omnis
3076 3791 3226 3832 error
3250 3776 3443 3835 existit,
3476 3765 3564 3843 qui
3593 3786 3776 3826 omnes

2205 3875 2340 3928 ﬁlios
2368 3872 2534 3926 Adam
2566 3871 2845 3926 tenebroso
2869 3867 3095 3938 quodam
3123 3867 3242 3920 sinu
3269 3865 3507 3934 suscipit,
3535 3871 3594 3917 ut
3619 3863 3776 3917 homo

2203 3967 2381 4021 abillo
2406 3964 2618 4041 liberari
2640 3964 2754 4017 sine
2774 3962 2973 4027 labore,
2996 3959 3199 4017 dolore.
3227 3961 3417 4012 timore
3442 3969 3547 4008 non
3577 3953 3777 4022 possit?

2204 4057 2341 4125 Quid
2370 4071 2519 4110 amor
2547 4056 2658 4125 ipse
2687 4062 2762 4107 tot
2788 4068 2964 4118 rerum
2995 4063 3250 4103 vanarum
3278 4057 3432 4117 atque
3462 4046 3735 4100 noxiarum
3754 4084 3770 4108 ,

2206 4157 2260 4203 et
2287 4163 2350 4203 ex
2382 4147 2482 4200 hoc
2508 4145 2781 4199 mordaces
2815 4157 2977 4208 curm,
3021 4137 3462 4209 perturbationes,
3495 4148 3768 4196 maerores,

2208 4237 2530 4302 formidines,
2561 4235 2740 4288 insana
2771 4231 2977 4301 gaudia,
3010 4228 3302 4292 discordias,
3334 4227 3474 4291 lites,
3509 4225 3666 4290 bella,
3698 4222 3774 4276 in-

2207 4327 2376 4393 Sidi-.13,
2406 4324 2708 4387 iracundiae,
2739 4320 3044 4384 inimicitia},
3069 4318 3292 4382 fallacia,
3323 4315 3576 4377 adulatio,
3607 4313 3770 4374 fraus,

2210 4417 2424 4480 furtum,
2461 4415 2665 4482 rapina,
2699 4409 2938 4479 perﬁdia,
2969 4407 3232 4476 superbia,
3266 4404 3501 4468 ambitio,
3533 4403 3774 4456 inviden-

2211 4507 2300 4572 tia,
2331 4503 2632 4568 homicidia,
2665 4499 2964 4570 parricidia,
3001 4497 3303 4562 crudelitas,
3332 4495 3553 4558 sazvitia,
3590 4493 3775 4562 ncqui-

2213 4599 2312 4662 tia,
2359 4596 2561 4650 luxuria
2583 4634 2596 4659 ,
2649 4592 2934 4662 petulantia
2954 4630 2969 4654 ,
3010 4588 3335 4659 impudentia
3355 4625 3371 4651 ,
3416 4581 3739 4654 impudicitia
3760 4621 3773 4643 ,

2211 4686 2586 4740 fornicationes
2607 4725 2620 4748 ,
2650 4679 2904 4736 adulteria
2925 4721 2939 4747 ,
2969 4680 3165 4734 incesta
3187 4718 3200 4740 ,
3231 4685 3284 4729 et
3320 4683 3504 4729 contra
3541 4681 3777 4726 naturam

2213 4777 2486 4844 utriusque
2524 4787 2680 4828 sexus
2721 4781 2796 4826 tot
2833 4781 3010 4838 stupra
3047 4777 3202 4837 atque
3240 4763 3620 4825 immunditirc,
3653 4773 3780 4831 quas

2215 4877 2366 4935 turpe
2395 4875 2477 4919 est
2505 4865 2661 4918 etiam
2688 4863 2884 4927 dicere,
2913 4859 3208 4928 sacrilegia,
3244 4855 3497 4919 hrnreses,
3538 4852 3777 4921 blasphe«

2215 4956 2356 5020 mite,
2389 4954 2639 5024 perjuria,
2669 4952 3037 5022 oppressiones
3068 4944 3447 5006 innocentium,
3485 4941 3780 5004 calumniae,

2216 5046 2690 5104 circnmventiones
2709 5084 2722 5108 ,
2753 5040 3209 5111 prmvaricationes
3229 5076 3244 5102 ,
3282 5035 3408 5089 falsa
3448 5030 3746 5087 testimonia
3766 5069 3780 5090 ,

2220 5143 2396 5212 iniqua
2419 5138 2612 5208 judicia
2633 5179 2648 5202 ,
2676 5135 2940 5188 violentia:
2960 5173 2974 5196 ,
3007 5128 3315 5201 latrocinia,
3343 5135 3398 5180 et
3423 5121 3677 5192 quidquid
3707 5129 3783 5173 ta-

2220 5211 2348 5288 lium
2375 5232 2632 5287 malorum
2657 5228 2710 5281 in
2742 5235 2970 5281 mentem
2999 5238 3103 5277 non
3128 5219 3292 5282 venit,
3319 5226 3372 5271 et
3398 5225 3574 5268 tamen
3598 5213 3664 5267 de
3685 5211 3785 5263 vita

2222 5325 2319 5376 ista
2346 5321 2613 5374 hominum
2636 5332 2739 5371 non
2761 5313 2996 5370 recedit?
3023 5313 3212 5365 Verum
3237 5307 3352 5360 htcc
3377 5305 3649 5358 hominum
3672 5307 3787 5354 sunt

2224 5411 2501 5474 malorum,
2525 5408 2590 5460 ab
2616 5407 2700 5459 illa
2733 5414 2904 5458 tamen
2929 5401 3125 5456 erroris
3152 5409 3206 5451 et
3227 5395 3461 5466 perversi
3491 5392 3688 5445 amoris
3710 5401 3788 5441 ra-

2223 5502 2340 5555 dice
2370 5496 2654 5563 venientia,
2685 5510 2803 5548 cum
2835 5507 2937 5561 qua
2965 5489 3138 5542 omnis
3168 5487 3308 5540 ﬁlius
3342 5483 3511 5537 Adam
3542 5477 3787 5533 nascitur.

2223 5590 2352 5644 Nam
2390 5587 2508 5657 quis
2551 5585 2754 5656 ignorat
2794 5596 2914 5636 cum
2953 5587 3146 5650 quanta
3189 5571 3481 5646 ignorantia
3518 5563 3786 5631 veritam,

2293 5749 2310 5780 ι
2338 5747 2409 5797 sic
2442 5752 2543 5793 uss.
2572 5751 2623 5791 At
2645 5735 3000 5801 editi,quando.
