4078 6474
317 356 420 414 785

317 485 435 543 qua:
452 469 564 540 jam
594 468 646 525 in
678 465 964 526 infantibus
991 467 1272 525 manifesta
1307 475 1417 534 est;
1452 477 1506 523 et
1545 483 1665 524 cum
1695 477 1888 538 quanta

318 561 638 619 abundantia
664 575 813 616 vana:
833 559 1155 631 cupiditatis,
1179 574 1298 630 qua:
1323 559 1377 614 in
1401 560 1580 629 pueris
1605 560 1784 630 incipit
1807 576 1900 628 ap-

321 666 528 723 parere,
553 650 714 706 homo
737 651 914 706 veniat
953 651 1006 706 in
1037 651 1175 706 hanc
1199 651 1380 715 vitam,
1413 651 1482 704 ita
1511 659 1567 705 ut
1593 651 1638 706 si
1665 650 1900 706 dimitta-

317 751 407 797 tur
431 739 611 796 vivere
638 748 694 795 ut
721 740 883 806 velit,
913 747 966 795 et
1003 737 1180 796 facere
1207 738 1462 810 quidquid
1499 740 1654 805 velit,
1694 741 1746 794 in
1786 739 1899 794 haec

316 831 548 886 facinora
574 837 628 886 et
649 829 841 901 llagitia
861 845 979 899 qua:
999 829 1429 894 commemoravi,
1455 837 1510 884 et
1531 844 1649 899 qua:
1673 843 1899 884 comme-

317 937 528 978 morare
556 936 659 976 non
687 922 853 992 potui,
887 921 971 976 vel
997 929 1185 976 cuncta
1211 922 1297 977 vel
1325 921 1488 976 multa
1519 921 1828 992 perveniat?

383 1016 440 1069 2.
469 1013 574 1070 Sed
602 1014 780 1069 divina
820 1012 1205 1085 gubernatione
1243 1029 1348 1069 non
1378 1013 1524 1068 omni
1561 1011 1718 1068 modo
1743 1012 1898 1067 dese-

313 1115 466 1162 rcnte
496 1106 796 1173 damnatos,
825 1115 878 1161 et
905 1105 1012 1162 Deo
1039 1120 1142 1161 non
1167 1105 1476 1161 continente
1501 1105 1553 1159 in
1579 1105 1656 1160 ira
1681 1118 1774 1160 sua
1801 1103 1899 1158 mi-

313 1198 611 1254 serationes
637 1212 762 1253 suas
787 1196 970 1270 (Ρεαι.
1009 1214 1170 1253 1.xva
1192 1239 1209 1263 ,
1241 1196 1384 1267 10),
1417 1197 1470 1252 in
1499 1196 1630 1266 ipsis
1655 1197 1900 1252 sensibus

311 1287 526 1358 generis
567 1286 782 1342 humani
828 1287 1114 1356 prohibitio
1151 1295 1205 1342 et
1240 1286 1470 1343 eruditio
1513 1294 1696 1342 contra
1736 1287 1896 1354 istas,

311 1395 435 1435 cum
464 1379 657 1449 quibus
679 1379 966 1443 nascimur,
996 1379 1242 1436 tenebras
1260 1380 1498 1451 vigilant,
1521 1389 1575 1435 et
1595 1389 1777 1436 contra
1802 1378 1900 1434 hos

313 1471 546 1541 impetus
574 1479 912 1543 opponuntur
931 1473 973 1539 ⁸,
1005 1471 1176 1542 plena:
1203 1481 1379 1527 tamen
1405 1473 1562 1526 etiam
1592 1472 1720 1541 ipsa;
1745 1471 1898 1525 labo-

309 1577 432 1617 rum
462 1570 518 1617 et
550 1562 812 1617 dolorum.
849 1563 984 1631 Quid
1026 1564 1167 1619 enim
1207 1564 1308 1620 sibi
1347 1564 1534 1618 volunt
1574 1563 1900 1618 multimoda:

310 1651 656 1717 formidines,
686 1669 805 1724 qua:
845 1653 1159 1708 cobibendis
1202 1655 1544 1723 parvulorum
1579 1652 1899 1708 vanitatibus

309 1744 677 1801 adhibentur?
701 1744 824 1816 quid
853 1745 1145 1816 pzedagogi,
1169 1745 1292 1815 quid
1321 1745 1577 1814 magistri,
1605 1744 1729 1816 quid
1758 1745 1900 1800 feru-

308 1834 474 1901 rulae,
504 1833 629 1904 quid
657 1834 769 1889 lora
789 1875 805 1900 ,
836 1834 961 1904 quid
988 1835 1149 1905 virga:
1168 1877 1183 1902 ,
1213 1835 1339 1904 quid
1375 1834 1652 1905 disciplina
1681 1835 1768 1890 illa
1796 1851 1900 1906 qua

307 1925 580 1996 Scriptura
609 1935 791 1981 sancta
816 1926 944 1981 dicit
963 1926 1141 1981 dilecti
1165 1926 1255 1981 filii
1278 1927 1445 1982 latera
1466 1942 1586 1982 esse
1607 1928 1895 1996 tundenda,

307 2031 380 2072 ne
406 2025 613 2072 crescat
651 2016 972 2084 indomitus,
1003 2016 1314 2088 domarique
1348 2016 1458 2087 jam
1486 2017 1649 2073 durus
1682 2027 1773 2072 aut
1810 2019 1899 2073 vix

307 2109 500 2178 possit,
531 2115 623 2162 aut
647 2106 874 2162 fortasse
911 2122 1010 2162 nec
1036 2107 1206 2178 possit
1231 2107 1422 2178 (Eccli.
1455 2123 1584 2175 xxx,
1612 2107 1737 2179 12)?
1763 2107 1899 2174 Quid

308 2199 485 2269 agitur
509 2197 592 2252 his
612 2199 785 2268 pinnis
803 2198 1072 2264 omnibus,
1099 2199 1201 2253 nisi
1223 2207 1278 2252 ut
1299 2197 1596 2254 debelletur
1614 2199 1896 2269 imperitia,

307 2299 367 2348 et
405 2305 564 2361 prava
593 2290 854 2360 cupiditas
892 2289 1187 2346 infrenetur
1207 2293 1228 2322 ³
1247 2333 1263 2361 ,
1294 2306 1414 2348 cum
1441 2292 1632 2362 quibus
1661 2291 1816 2346 malis
1846 2292 1899 2348 in

309 2382 416 2438 hoc
444 2383 696 2439 saeculum
725 2383 1008 2439 venimus?
1035 2383 1173 2451 Quid
1207 2392 1288 2439 est
1313 2384 1478 2450 enim,
1508 2384 1650 2454 quod
1677 2399 1796 2439 cum
1826 2384 1902 2438 la-

309 2478 444 2532 bore
469 2476 837 2542 meminimus,
877 2476 993 2532 sine
1035 2475 1216 2531 labore
1242 2475 1641 2541 obliviscimur;
1669 2489 1788 2530 cum
1817 2474 1900 2528 la-

309 2567 443 2623 bore
486 2567 776 2634 discimus,
820 2567 936 2623 sine
978 2567 1161 2622 labore
1200 2567 1504 2631 nescimus;
1550 2581 1671 2621 cum
1717 2565 1902 2621 labore

310 2658 550 2722 strenui,
582 2658 698 2712 sine
725 2657 908 2713 labore
934 2657 1134 2711 inertes
1163 2657 1390 2712 sumus?
1427 2655 1612 2712 Nonne
1649 2656 1774 2712 hinc
1802 2670 1901 2726 ap-

313 2759 467 2819 paret
495 2751 546 2803 in
576 2749 703 2820 quid
729 2750 874 2804 velut
913 2748 1150 2819 pondere
1193 2763 1290 2804 suo
1332 2748 1582 2819 proclivis
1631 2757 1684 2804 et
1734 2763 1901 2818 prona

311 2840 384 2895 sit
421 2839 610 2894 vitiosa
653 2849 838 2894 natura
861 2881 876 2907 ,
905 2846 958 2894 et
983 2847 1177 2909 quanta
1204 2854 1304 2909 ope
1326 2880 1341 2905 ,
1375 2849 1434 2894 ut
1464 2839 1587 2894 hinc
1613 2839 1899 2907 liberetur,

311 2929 587 3000 indigeat?
617 2928 846 2994 Desidia,
881 2929 1155 3000 segnities,
1185 2929 1414 3002 pigritia,
1451 2930 1791 3000 negligentia,
1819 2931 1902 2984 vi-

313 3022 386 3075 tia
417 3029 541 3077 sunt
568 3021 747 3091 utique
776 3021 968 3091 quibus
991 3020 1142 3076 labor
1169 3019 1384 3092 fugitur,
1414 3034 1535 3076 cum
1577 3021 1728 3076 labor
1755 3022 1866 3093 ipse
1885 3063 1900 3090 ,

313 3113 474 3168 ctiam
498 3112 585 3182 qui
611 3120 694 3166 est
719 3111 885 3175 utilis,
918 3125 1074 3180 poena
1101 3110 1190 3166 sit.

385 3206 441 3260 3.
467 3203 571 3260 Sed
600 3214 791 3274 praeter
815 3203 1042 3274 pueriles
1066 3216 1272 3273 posnas,
1294 3203 1410 3259 sine
1431 3203 1622 3274 quibus
1644 3201 1774 3257 disci
1797 3217 1902 3258 non

312 3305 495 3368 potest
533 3296 674 3366 quod
716 3297 946 3366 majores
983 3297 1203 3360 volunt,
1233 3295 1324 3366 qui
1353 3295 1437 3350 vix
1473 3294 1673 3365 aliquid
1705 3295 1906 3351 utiliter

313 3387 535 3455 volunt,
567 3394 695 3457 quot
725 3396 780 3442 et
805 3387 1016 3456 quantis
1053 3386 1228 3457 poenis
1257 3401 1424 3457 genus
1447 3386 1678 3457 agitetur
1713 3384 1902 3439 huma-

314 3496 468 3546 num,
499 3495 616 3549 quze
643 3494 747 3534 non
777 3479 843 3532 ad
872 3478 1128 3532 malitiam
1157 3478 1551 3548 nequitiamque
1578 3478 1902 3548 iniquorum,

317 3571 413 3625 sed
449 3570 516 3624 ad
556 3569 916 3625 conditionem
957 3569 1226 3638 pertinent
1265 3567 1640 3638 miseriamque
1668 3583 1906 3624 commu-

315 3677 462 3726 nem,
490 3662 610 3730 quis
633 3659 746 3714 ullo
771 3673 1019 3714 sermone
1046 3659 1262 3728 digerit,
1290 3659 1410 3729 quis
1439 3659 1545 3714 ulla
1585 3658 1908 3730 cogitatione

316 3750 766 3822 comprehendit?
793 3753 1032 3818 Quantus
1059 3760 1142 3806 est
1177 3761 1350 3806 metus
1370 3791 1386 3819 ,
1414 3760 1608 3821 quanta
1634 3752 1908 3808 calamitas

317 3845 388 3898 ab
408 3842 724 3898 orbitatibus
745 3851 903 3913 atque
923 3842 1086 3906 luctu,
1109 3857 1139 3896 a
1160 3841 1366 3897 damnis
1388 3849 1442 3896 et
1457 3841 1906 3913 damnationibus,

319 3949 347 3988 a
379 3933 782 4003 deceptiouibus
809 3941 863 3987 et
891 3931 1181 3987 mendaciis
1206 3931 1504 3996 hominum,
1533 3946 1563 3985 a
1602 3932 1912 4001 suspicioni-

319 4026 420 4080 bus
447 4023 593 4078 falsis
612 4063 627 4089 ,
657 4022 724 4077 ab
748 4023 997 4077 omnibus
1023 4023 1272 4078 violentis
1303 4021 1628 4079 facinoribus
1654 4031 1709 4078 et
1736 4023 1910 4078 scele-

322 4116 468 4172 ribus
496 4112 727 4168 alienis?
751 4112 1178 4183 quandoquidem
1204 4113 1272 4167 ab
1301 4113 1378 4167 eis
1407 4121 1461 4168 et
1487 4113 1829 4184 deprmdatio,
1857 4121 1913 4168 et

321 4206 620 4277 captivitas,
652 4214 708 4260 et
735 4205 964 4268 vincula,
993 4212 1047 4258 et
1075 4219 1342 4271 carceres,
1373 4213 1428 4260 et
1465 4205 1680 4270 exsilia,
1709 4215 1764 4260 et
1790 4219 1912 4260 cru-

320 4297 527 4363 cintus,
569 4303 624 4350 et
665 4294 956 4365 amputatio
997 4295 1393 4360 membrorum,
1429 4302 1484 4349 et
1523 4295 1748 4364 privatio
1785 4310 1911 4350 sen-

323 4402 510 4453 suum,
543 4395 597 4441 et
633 4385 910 4456 oppressio
937 4384 1179 4455 corporis
1213 4384 1278 4438 ad
1316 4384 1600 4438 obscenam
1638 4384 1912 4440 libidinem

323 4475 674 4548 Opprimentis
699 4474 1011 4545 explendam
1033 4515 1048 4540 ,
1080 4482 1134 4530 et
1161 4474 1264 4529 alia
1289 4473 1453 4528 multa
1479 4473 1744 4528 horrenda
1770 4488 1914 4543 saepe

326 4572 658 4640 contingunt.
689 4566 824 4635 Quid
858 4567 925 4621 ab
965 4567 1262 4621 innumeris
1287 4566 1496 4621 casibus
1521 4566 1610 4635 qui
1632 4566 1653 4597 ³
1688 4564 1915 4621 forinse-

325 4676 420 4716 cus
444 4659 656 4730 corpori
686 4657 1057 4722 formidantur,
1088 4657 1304 4712 testibus
1333 4666 1386 4712 et
1426 4655 1709 4726 frigoribus
1730 4697 1745 4723 ,
1774 4666 1914 4712 tem-

278 4813 283 4818 _
325 4752 638 4821 pestatibus,
667 4748 942 4816 imbribus,
968 4747 1338 4812 alluvionibus,
1368 4749 1755 4816 coruscatione,
1780 4749 1918 4804 toni-

327 4853 431 4911 tru,
455 4845 730 4915 grandine,
755 4844 994 4906 fulmine,
1019 4841 1252 4897 motibus
1274 4841 1606 4910 biatibusque
1628 4850 1911 4911 terrarum,

288 4941 292 4954 '
327 4935 762 5005 Oppressionibus
803 4935 1112 4999 ruinarum,
1143 4933 1210 4988 ab
1249 4930 1584 4987 offensione‘
1625 4940 1678 4987 et
1719 4947 1916 5002 pavore

328 5026 409 5080 vel
438 5025 596 5079 etiam
621 5024 817 5078 malitia
845 5024 1227 5094 iumentorum,
1251 5037 1280 5076 a
1304 5030 1379 5077 tot
1401 5023 1618 5077 venenis
1641 5022 1912 5093 fruticum,

327 5132 585 5188 aquarum
609 5159 624 5184 ,
656 5131 905 5171 aurarum
927 5156 942 5181 ,
981 5115 1268 5170 bestiarum
1290 5157 1304 5182 ,
1344 5129 1374 5168 a
1414 5114 1642 5170 ferarum
1682 5115 1764 5169 vel
1795 5123 1914 5170 tan-

329 5209 602 5264 tummodo
633 5208 872 5263 molestis
910 5207 993 5262 vel
1037 5207 1194 5262 ctiam
1240 5206 1529 5262 mortiferis
1563 5207 1856 5273 morsibus,
1884 5222 1916 5262 a

329 5301 478 5356 rabie
507 5316 625 5370 qua:
650 5298 911 5367 contingit
939 5313 1003 5352 ex
1030 5295 1216 5350 rabido
1247 5311 1378 5350 cane
1401 5339 1416 5364 ,
1445 5306 1501 5352 ut
1526 5297 1685 5352 etiam
1723 5295 1916 5351 blanda

328 5399 384 5444 et
417 5389 584 5443 amica
619 5402 718 5442 suo
747 5387 962 5443 domino
1001 5385 1170 5441 bestia
1209 5400 1586 5456 nonnunquam
1623 5386 1914 5442 vehemen-

329 5481 436 5536 tius
465 5488 518 5536 et
543 5479 776 5534 amarius
809 5492 967 5549 quam
1007 5476 1190 5532 leones
1224 5475 1588 5548 draconesque
1624 5485 1911 5544 metuatur,

392 5613 412 5686 ξ
444 5612 663 5686 aeneum
686 5616 1159 5686 !58~o.9PP°"1W“':

391 5675 412 5735 ξ
444 5676 516 5722 sic
537 5680 644 5724 Mss.
676 5681 732 5723 Αι
767 5674 912 5734 editi,
934 5675 1220 5735 refrenetur:

393 5733 416 5827 ξ
447 5735 610 5784 Proba:
632 5742 761 5784 notae
775 5741 904 5805 Mss,

447 5802 537 5846 Mss
564 5829 579 5846 .
605 5797 664 5846 ab
687 5797 932 5846 animum:
980 5811 1036 5846 ts.

392 5795 413 5827 δ
447 5802 537 5846 Mss
564 5829 579 5859 ,
605 5797 664 5848 ab
687 5795 1036 5860 οπσηεὶοηίὸαε.

1444 355 1649 433 LIBER
1697 353 2056 415 VICESIMUS
2094 359 2473 420 SECUNDUS.

3481 362 3584 419 786

2007 469 2270 543 faciatque
2297 473 2591 542 hominem,
2621 488 2776 544 quem
2809 474 2944 532 forte
2967 477 3378 545 attaminaverit,
3405 487 3588 535 conta-

2003 561 2161 631 gione
2191 564 2440 632 pestifera
2474 566 2544 620 ita
2576 566 2875 635 rabiosum,
2904 577 2962 623 ut
3000 582 3030 623 a
3071 569 3407 637 parentibus,
3452 584 3586 626 con-

2001 652 2145 724 juge,
2175 655 2316 722 filiis,
2345 657 2498 736 pejus
2525 659 2669 713 omni
2709 659 2877 716 bestia
2909 660 3262 718 formidetur?
3290 663 3420 730 Qum
3448 662 3584 717 mala

2004 746 2278 815 patiuntur
2315 749 2665 818 navigantes?
2693 766 2812 822 quae
2834 793 2849 819 ,
2878 760 3090 808 terrena
3117 753 3307 810 itinera
3336 753 3586 824 gradien-

2005 843 2085 890 tes
2099 838 2122 890 ’ί
2135 835 2264 903 Quis
2285 837 2520 894 ambulat
2540 840 2858 912 ubicumque
2877 857 2984 899 non
3007 844 3287 915 inopinatis
3306 844 3589 916 subjacens

2003 925 2252 980 casibus?
2282 927 2355 983 De
2383 927 2500 984 foro
2531 930 2744 1000 quidam
2771 933 2984 990 rediens
3010 933 3229 991 domum
3264 935 3407 990 sanis
3438 935 3587 1005 pedi-

2003 1012 2102 1068 bus
2127 1015 2266 1079 suis,
2297 1017 2518 1086 cecidit,
2547 1020 2738 1090 pedem
2764 1021 2949 1094 fregit,
2981 1032 3036 1081 et
3061 1040 3124 1080 ex
3155 1025 3243 1080 illo
3271 1025 3490 1082 vulnere
3521 1023 3587 1080 fi-

2003 1106 2136 1162 nivit
2173 1107 2312 1164 hanc
2337 1109 2517 1166 vitam.
2549 1112 2687 1180 Quid
2713 1115 2920 1171 videtur
2954 1115 3174 1173 sedente
3203 1116 3483 1172 securius?
3511 1116 3588 1172 De

2003 1199 2132 1254 sella
2159 1201 2210 1255 in
2237 1217 2337 1272 qua
2366 1203 2586 1260 sedebat
2608 1205 2800 1260 cecidit
2829 1206 2943 1263 lleli
2973 1207 3241 1273 sacerdos,
3263 1217 3318 1264 et
3345 1217 3588 1266 mortuus

2003 1297 2087 1344 est
2111 1289 2166 1359 (Ι
2196 1290 2320 1363 Reg.
2351 1309 2425 1359 tv,
2456 1294 2571 1366 18).
2599 1295 2878 1364 Agricolae,
2911 1296 3018 1351 imo
3042 1313 3170 1354 vero
3195 1312 3383 1354 omnes
3410 1297 3586 1354 homi-

2004 1394 2100 1434 nes
2125 1391 2254 1450 quot
2277 1392 2332 1437 et
2357 1393 2584 1454 quantos
2611 1399 2640 1440 a
2667 1386 2805 1442 caelo
2832 1395 2886 1444 et
2914 1394 3077 1456 terra,
3105 1389 3189 1443 vel
3216 1404 3244 1442 a
3275 1389 3588 1459 perniciosis

2003 1469 2319 1528 animalibus
2342 1487 2497 1529 casus
2526 1485 2770 1532 metuunt
2799 1492 3050 1547 agrorum
3088 1477 3379 1535 fructibus?
3405 1479 3592 1536 Solent

2003 1565 2181 1614 tamen
2201 1560 2269 1616 de
2294 1561 2571 1620 frumentis
2592 1566 2804 1622 tandem
2827 1567 3064 1623 collectis
3089 1577 3143 1624 et
3163 1569 3448 1626 reconditis
3467 1584 3592 1627 esse

2004 1649 2198 1703 securi.
2243 1650 2346 1707 Sed
2385 1654 2734 1722 quibusdam,
2766 1655 2906 1726 quod
2949 1657 3230 1725 novimus,
3275 1667 3590 1729 proventum

2003 1739 2263 1809 Optimum
2285 1741 2670 1800 frumentorum
2692 1745 2882 1802 ﬂuvius
2907 1747 3246 1818 improvisus,
3271 1748 3592 1821 fugientibus

2005 1829 2343 1901 hominibus,
2379 1834 2447 1890 de
2491 1835 2695 1892 horreis
2733 1837 2890 1908 ejecit
2925 1847 3082 1909 atque
3120 1838 3357 1895 abstulit.
3393 1837 3592 1898 Contra

2004 1923 2351 1982 milleformes
2375 1927 2679 1983 dazmonum
2710 1930 2953 1988 incursus
2973 1972 2988 1997 ,
3018 1931 3138 2003 quis
3167 1931 3469 1988 innocentia
3495 1946 3590 1988 su

2005 2009 2119 2066 fidit
2139 2012 2164 2066 ?
2188 2013 2615 2085 quandoquidem
2645 2032 2715 2072 ne
2743 2019 2861 2087 quis
2902 2019 3118 2088 fideret,
3149 2021 3308 2076 etiam
3340 2021 3592 2092 parvulos

2003 2097 2300 2169 baptizatos
2323 2142 2338 2169 ,
2369 2104 2560 2174 quibus
2594 2115 2740 2162 certe
2785 2107 2916 2162 nihil
2959 2117 3042 2164 est
3083 2110 3456 2177 innocentius,
3495 2109 3594 2166 ali-

2004 2193 2215 2262 quando
2255 2195 2332 2251 sic
2374 2206 2598 2265 vexant,
2630 2207 2688 2254 ut
2726 2199 2778 2254 in
2819 2200 2899 2256 eis
2935 2201 3167 2258 maxime
3203 2203 3314 2258 Deo
3344 2202 3589 2270 sinente,

2004 2282 2103 2336 ista
2143 2293 2466 2342 monstretur
2503 2287 2661 2358 hujus
2686 2289 2808 2344 vitae
2839 2290 3013 2347 flenda
3039 2292 3344 2360 calamitas,
3372 2301 3429 2349 et
3455 2293 3592 2348 alte-

2003 2373 2115 2428 rius
2153 2374 2502 2433 desideranda
2542 2378 2788 2436 felicitas.
2827 2381 2945 2437 Jam
2975 2398 3102 2439 vero
3129 2384 3196 2440 de
3225 2384 3341 2454 ipso
3367 2399 3604 2454 corpore-

2005 2473 2085 2520 tot
2111 2467 2342 2524 existunt
2364 2470 2670 2528 morborum
2701 2473 2858 2542 mala,
2885 2482 2944 2531 ut
2969 2491 3066 2532 nec
3093 2477 3240 2532 libris
3266 2476 3609 2532 medicorum-

2005 2567 2195 2614 cuncta
2215 2562 2599 2633 comprehensa
2627 2565 2752 2621 sint.
2780 2567 2834 2622 ln
2859 2583 3084 2639 quorum
3108 2569 3346 2639 pluribus
3370 2585 3433 2624 ac
3458 2583 3595 2640 pene

2005 2651 2255 2707 omnibus
2289 2656 2448 2708 etiam
2485 2655 2600 2726 ipsa
2639 2657 2946 2727 adjumenta
2977 2668 3031 2714 et
3063 2660 3449 2717 medicamenta
3481 2671 3595 2716 tor-

2005 2750 2186 2796 menta
2229 2753 2386 2809 sunt,
2427 2753 2484 2799 ut
2526 2745 2770 2803 homines
2807 2763 2836 2802 a
2881 2764 3156 2819 poenarum
3199 2751 3362 2806 exitio
3401 2753 3596 2821 pmnali

2006 2840 2262 2887 eruantur
2285 2834 2502 2889 auxilio.
2530 2835 2717 2893 Nonne
2741 2837 2807 2893 ad
2832 2837 2934 2895 hoc
2962 2839 3206 2909 perduxit
3230 2841 3475 2896 sitientes
3503 2842 3597 2895 ho-

2007 2921 2179 2976 mines
2217 2922 2378 2978 ardor
2416 2925 2698 2993 immanis,
2728 2935 2786 2982 ut
2815 2929 3018 2984 urinam
3054 2947 3266 3002 quoque
3309 2933 3597 2989 humanam

2007 3013 2092 3069 vel
2125 3013 2286 3068 etiam
2326 3028 2477 3069 suam
2515 3015 2792 3072 biberent?
2816 3033 2996 3075 nonne
3023 3020 3089 3074 ad
3122 3020 3222 3075 hoc
3251 3020 3447 3088 fames,
3480 3030 3538 3077 ut
3567 3037 3598 3077 a

2006 3102 2256 3160 carnibus
2285 3103 2559 3162 hominum
2588 3107 2858 3166 abstinere
2890 3125 2948 3166 se
2978 3125 3084 3166 non
3113 3122 3349 3181 possent,
3383 3128 3481 3167 nec
3511 3114 3596 3168 in-

2008 3205 2197 3252 ventos
2226 3197 2471 3256 homines
2499 3210 2740 3258 mortuos
2760 3244 2786 3268 ,ν
2807 3202 2902 3258 sed
2932 3211 3150 3275 propter
3180 3205 3280 3259 hoc
3308 3219 3336 3258 a
3369 3219 3427 3260 se
3455 3205 3600 3260 occi-

2008 3302 2119 3353 sos,
2151 3303 2252 3344 nec
2279 3289 2546 3360 quoslibet
2571 3291 2794 3357 alienos,
2828 3307 3011 3348 verum
3041 3294 3200 3348 etiam
3232 3293 3370 3348 filios
3396 3303 3599 3350 matres

2009 3377 2308 3435 incredibili
2334 3381 2644 3438 crudelitate
2663 3424 2678 3450 ,
2709 3397 2865 3452 quam
2897 3383 3080 3439 rabida
3108 3384 3312 3440 esuries
3340 3383 3595 3460 faciebat,

2010 3467 2394 3526 absumerent?
2415 3471 2431 3526 Ι
2439 3487 2531 3542 pse
2555 3481 2827 3542 postremo
2847 3489 3084 3539 somnus,
3110 3475 3198 3546 qui
3224 3477 3438 3546 proprie
3456 3477 3600 3546 quie-

2011 3561 2080 3615 tis
2107 3575 2299 3617 nomen
2328 3565 2550 3634 accepit,
2580 3564 2698 3634 quis
2725 3565 2903 3620 verbis
2931 3565 3160 3636 explicet
3191 3581 3334 3636 saepe
3362 3566 3601 3623 somnio-

2011 3667 2128 3707 rum
2157 3653 2287 3708 visis
2312 3669 2471 3725 quam
2502 3655 2572 3710 sit
2608 3656 2908 3726 inquietus;
2937 3667 2990 3712 et
3014 3671 3170 3726 quam
3201 3657 3408 3726 magnis
3427 3697 3441 3722 ,
3474 3656 3601 3713 licet

2011 3741 2262 3798 falsarum
2290 3760 2490 3812 rerum,
2519 3747 2831 3812 terroribus,
2859 3761 2992 3816 quas
3019 3747 3088 3800 ita
3118 3745 3352 3812 exhibet,
3379 3754 3434 3800 ct
3463 3760 3600 3817 quo-

2011 3834 2299 3892 dammodo
2337 3836 2622 3906 exprimit,
2667 3846 2725 3892 ut
2767 3851 2798 3892 a
2838 3837 2980 3891 veris
3022 3852 3112 3892 eas
3151 3836 3459 3892 discernere
3501 3850 3596 3894 ne.-

2012 3941 2290 3996 queamus,
2312 3929 2540 3982 animam
2567 3929 2819 3984 miseram
2841 3943 3135 3999 sensusque
3158 3928 3466 3998 perturbet?
3485 3926 3616 3996 Qua.

2013 4017 2246 4074 falsitate
2272 4020 2508 4075 visorum
2539 4021 2698 4075 etiam
2726 4021 3003 4090 vigilantes
3035 4025 3086 4074 tn
3114 4019 3428 4090 quibusdam
3459 4035 3602 4075 mor-

2012 4111 2095 4168 bis
2120 4120 2174 4167 et
2195 4111 2417 4168 venenis
2446 4112 2802 4168 miserabilius
2827 4113 3090 4183 agitantur
3114 4115 3129 4144 ί
3161 4129 3174 4166 :
3200 4112 3442 4183 quamvis
3464 4112 3604 4168 mul-

2015 4203 2214 4259 timoda
2236 4204 2491 4260 varietate
2511 4203 2733 4258 fallaciae
2753 4203 2999 4259 homines
3017 4203 3176 4258 etiam
3203 4216 3363 4258 sanos
3387 4201 3603 4274 maligni

2015 4297 2288 4354 daemones
2334 4312 2714 4368 nonnunquam
2759 4297 3029 4366 decipiant
3069 4295 3260 4351 talibus
3303 4295 3464 4362 visis,
3508 4305 3600 4360 ut,

2015 4387 2222 4465 etiamsi
2251 4401 2346 4443 eos
2373 4402 2468 4457 per
2496 4388 2610 4442 haec
2635 4387 2701 4442 ad
2727 4401 2822 4440 sua
2854 4385 3132 4440 traducere
3163 4400 3266 4439 non
3297 4384 3599 4453 potuerint,

2015 4491 2206 4533 sensus
2254 4486 2432 4532 tamen
2481 4492 2668 4532 eorum
2713 4477 2826 4531 solo
2873 4477 3108 4545 appetitu
3148 4475 3605 4548 qualitercumque

2015 4566 2396 4636 persuadeuda:
2424 4567 2665 4622 falsitatis
2697 4567 2939 4620 illudant.

2087 4657 2142 4711 4.
2175 4655 2258 4710 Ab
2297 4655 2453 4726 hujus
2488 4664 2592 4714 tam
2636 4655 2845 4711 miserae
2881 4657 3038 4726 quasi
3069 4656 3386 4728 quibusdam
3417 4657 3602 4714 inferis

2017 4749 2162 4814 vita»,
2190 4762 2296 4804 non
2330 4749 2522 4804 liberat
2549 4748 2650 4804 nisi
2675 4749 2842 4819 gratia
2868 4749 3158 4807 Salvaturis
3174 4751 3391 4820 Christi,
3422 4751 3516 4807 Dei
3539 4767 3604 4808 ac

2019 4837 2226 4894 Domini
2255 4839 2442 4894 nostri.
2466 4839 2577 4895 [loc
2597 4841 2737 4894 enim
2765 4855 2958 4896 nomen
2987 4851 3070 4895 est
3092 4842 3203 4911 ipse
3217 4839 3410 4908 Iesus;
3443 4841 3607 4901 inter-

2019 4940 2259 5000 pretatur
2286 4932 2484 5004 quippe
2511 4932 2756 4988 Salvator
2788 4951 2800 4986 :
2831 4935 3062 4988 maxime
3100 4949 3168 4988 ne
3194 4942 3314 5002 post
3336 4933 3472 4992 hanc
3503 4935 3604 4989 mi-

2019 5022 2192 5077 serior
2211 5037 2275 5079 ac
2334 5024 2658 5093 sempiterna
2689 5023 2982 5092 suscipiat,
3009 5039 3116 5077 non
3139 5023 3246 5078 vita
3271 5063 3286 5090 ,
3316 5023 3410 5078 sed
3436 5039 3599 5078 mors.

2021 5111 2154 5170 Nam
2189 5114 2240 5167 in
2265 5113 2364 5168 ista
2391 5114 2640 5185 quamvis
2657 5113 2764 5168 sint
2786 5128 2881 5182 per
2909 5123 3091 5168 sancta
3115 5127 3181 5169 ac
3210 5122 3424 5168 sanctos
3451 5128 3604 5168 cura-

2021 5207 2223 5260 tionum
2260 5220 2449 5274 magna
2471 5204 2657 5259 solatia
2683 5219 2697 5269 ;
2729 5213 2904 5259 tamen
2930 5203 3049 5259 ideo
3075 5219 3182 5259 non
3213 5218 3424 5274 semper
3443 5203 3602 5258 etiam

2020 5295 2131 5364 ipsa
2160 5293 2418 5350 beneficia
2462 5294 2768 5348 tribuuntur
2793 5293 3096 5362 petentibus
3117 5334 3132 5360 ,
3166 5307 3234 5348 ne
3259 5304 3476 5364 propter
3501 5291 3605 5348 hoc

2018 5383 2207 5453 religio
2236 5392 2519 5453 quaeratur,
2544 5398 2663 5453 qua:
2691 5391 2910 5454 propter
2929 5383 3087 5439 aliam
3117 5382 3284 5453 magis
3304 5383 3488 5449 vitam,
3509 5382 3601 5437 ubi

2018 5473 2156 5531 mala
2175 5489 2282 5528 non
2309 5482 2466 5528 erunt
2495 5473 2714 5529 omnino
2740 5475 2868 5542 ulla,
2883 5472 3166 5543 quaerenda
3187 5481 3270 5528 est
3292 5488 3306 5526 :
3333 5481 3389 5528 et
3409 5471 3476 5527 ad
3499 5471 3603 5528 hoc

2017 5567 2269 5623 meliores
2316 5580 2559 5635 quosque
2604 5565 2655 5619 in
2710 5565 2793 5620 his
2846 5565 3002 5619 malis
3044 5563 3259 5634 adjuvat
3306 5564 3509 5636 gratia,
3542 5572 3602 5621 ut
3643 5561 3673 5604 ῖ-

2019 5668 2218 5728 qnanto
2241 5654 2477 5710 fideliore
2506 5696 2518 5720 ,
2555 5663 2702 5709 tanto
2729 5655 2949 5710 fortiore
2977 5654 3140 5713 corde
3172 5657 3483 5713 tolerentur.
3509 5654 3593 5709 Ad

2085 5791 2102 5822 ι
2138 5787 2241 5838 Sola
2266 5787 2411 5839 editio
2434 5793 2562 5851 Lov.,
2582 5786 2754 5839 morbis
2779 5793 2822 5839 et
2843 5787 3029 5842 venenis
3052 5787 3317 5841 mirabilius
3339 5786 3598 5853 agitentur.
