  <div class='ocr_page' id='page_1' title='image "/cluster/home/n/w/nwhite01/storage/ocr_20150623/41/hvd.32044015706344/399.png"; bbox 0 0 4078 6506; ppageno 0'>
   <div class='ocr_carea' id='block_1_1' title="bbox 476 361 580 419">
    <p class='ocr_par' dir='ltr' id='par_1_1' title="bbox 476 361 580 419">
     <span class='ocr_line' id='line_1_1' title="bbox 476 361 580 419; baseline 0 -2"><span class='ocrx_word' id='word_1_1' title='bbox 476 361 580 419; x_wconf 76' lang='grc'><strong>78⁸1</strong></span> 
     </span>
    </p>
   </div>
   <div class='ocr_carea' id='block_1_2' title="bbox 477 477 2042 552">
    <p class='ocr_par' dir='ltr' id='par_1_2' title="bbox 477 477 2042 552">
     <span class='ocr_line' id='line_1_2' title="bbox 477 477 2042 552; baseline 0.01 -23"><span class='ocrx_word' id='word_1_2' title='bbox 477 489 636 545; x_wconf 87' lang='lat' dir='ltr'><strong>quam</strong></span> <span class='ocrx_word' id='word_1_3' title='bbox 665 489 779 532; x_wconf 88' lang='lat' dir='ltr'><strong>rem</strong></span> <span class='ocrx_word' id='word_1_4' title='bbox 805 477 964 532; x_wconf 85' lang='lat' dir='ltr'><strong>etiam</strong></span> <span class='ocrx_word' id='word_1_5' title='bbox 989 477 1374 548; x_wconf 81' lang='lat' dir='ltr'><strong>philosophiam</strong></span> <span class='ocrx_word' id='word_1_6' title='bbox 1411 481 1666 552; x_wconf 83' lang='lat' dir='ltr'><strong>prodesse</strong></span> <span class='ocrx_word' id='word_1_7' title='bbox 1689 485 1872 542; x_wconf 91' lang='lat' dir='ltr'><strong>dicunt</strong></span> <span class='ocrx_word' id='word_1_8' title='bbox 1897 487 2042 544; x_wconf 90' lang='lat' dir='ltr'><strong>docti</strong></span> 
     </span>
    </p>
   </div>
   <div class='ocr_carea' id='block_1_3' title="bbox 479 566 2042 645">
    <p class='ocr_par' dir='ltr' id='par_1_3' title="bbox 479 566 2042 645">
     <span class='ocr_line' id='line_1_3' title="bbox 479 566 2042 645; baseline 0.009 -25"><span class='ocrx_word' id='word_1_9' title='bbox 479 566 640 634; x_wconf 80' lang='lat' dir='ltr'><strong>hujus</strong></span> <span class='ocrx_word' id='word_1_10' title='bbox 655 567 856 632; x_wconf 58' lang='lat' dir='ltr'><strong>saeculi,</strong></span> <span class='ocrx_word' id='word_1_11' title='bbox 873 582 1030 638; x_wconf 87' lang='lat' dir='ltr'><strong>quam</strong></span> <span class='ocrx_word' id='word_1_12' title='bbox 1057 569 1131 624; x_wconf 93' lang='lat' dir='ltr'><strong>dii</strong></span> <span class='ocrx_word' id='word_1_13' title='bbox 1155 571 1470 640; x_wconf 88' lang='lat' dir='ltr'><strong>quibusdam</strong></span> <span class='ocrx_word' id='word_1_14' title='bbox 1495 577 1700 642; x_wconf 80' lang='lat' dir='ltr'><strong>paucis,</strong></span> <span class='ocrx_word' id='word_1_15' title='bbox 1730 577 2042 645; x_wconf 89' lang='lat' dir='ltr'><strong>ait&#39;l&#39;ullius,</strong></span> 
     </span>
    </p>
   </div>
   <div class='ocr_carea' id='block_1_4' title="bbox 483 656 2048 738">
    <p class='ocr_par' dir='ltr' id='par_1_4' title="bbox 483 656 2048 738">
     <span class='ocr_line' id='line_1_4' title="bbox 483 656 2048 738; baseline 0.009 -29"><span class='ocrx_word' id='word_1_16' title='bbox 483 669 659 711; x_wconf 80' lang='lat' dir='ltr'><strong>veram</strong></span> <span class='ocrx_word' id='word_1_17' title='bbox 683 656 944 712; x_wconf 86' lang='lat' dir='ltr'><strong>dederunt</strong></span> <span class='ocrx_word' id='word_1_18' title='bbox 961 658 1056 730; x_wconf 90' lang='lat' dir='ltr'><strong>(a).</strong></span> <span class='ocrx_word' id='word_1_19' title='bbox 1073 658 1184 715; x_wconf 86' lang='lat' dir='ltr'><strong>Nec</strong></span> <span class='ocrx_word' id='word_1_20' title='bbox 1202 660 1526 730; x_wconf 88' lang='lat' dir='ltr'><strong>hominibus,</strong></span> <span class='ocrx_word' id='word_1_21' title='bbox 1552 664 1743 738; x_wconf 78' lang='lat' dir='ltr'><strong>inquit,</strong></span> <span class='ocrx_word' id='word_1_22' title='bbox 1761 667 1830 721; x_wconf 92' lang='lat' dir='ltr'><strong>ab</strong></span> <span class='ocrx_word' id='word_1_23' title='bbox 1854 668 1936 722; x_wconf 91' lang='lat' dir='ltr'><strong>his</strong></span> <span class='ocrx_word' id='word_1_24' title='bbox 1955 678 2048 724; x_wconf 90' lang='lat' dir='ltr'><strong>aut</strong></span> 
     </span>
    </p>
   </div>
   <div class='ocr_carea' id='block_1_5' title="bbox 477 743 2047 826">
    <p class='ocr_par' dir='ltr' id='par_1_5' title="bbox 477 743 2047 826">
     <span class='ocr_line' id='line_1_5' title="bbox 477 743 2047 826; baseline 0.008 -28"><span class='ocrx_word' id='word_1_25' title='bbox 477 743 660 800; x_wconf 87' lang='lat' dir='ltr'><strong>datum</strong></span> <span class='ocrx_word' id='word_1_26' title='bbox 683 753 768 802; x_wconf 90' lang='lat' dir='ltr'><strong>est</strong></span> <span class='ocrx_word' id='word_1_27' title='bbox 789 746 986 802; x_wconf 90' lang='lat' dir='ltr'><strong>donum</strong></span> <span class='ocrx_word' id='word_1_28' title='bbox 1011 748 1202 818; x_wconf 82' lang='lat' dir='ltr'><strong>majus,</strong></span> <span class='ocrx_word' id='word_1_29' title='bbox 1220 758 1310 805; x_wconf 91' lang='lat' dir='ltr'><strong>aut</strong></span> <span class='ocrx_word' id='word_1_30' title='bbox 1337 753 1509 820; x_wconf 84' lang='lat' dir='ltr'><strong>potuit</strong></span> <span class='ocrx_word' id='word_1_31' title='bbox 1527 753 1691 808; x_wconf 91' lang='lat' dir='ltr'><strong>ullum</strong></span> <span class='ocrx_word' id='word_1_32' title='bbox 1711 755 1860 809; x_wconf 88' lang='lat' dir='ltr'><strong>dari:</strong></span> <span class='ocrx_word' id='word_1_33' title='bbox 1881 771 2047 826; x_wconf 89' lang='lat' dir='ltr'><strong>usque</strong></span> 
     </span>
    </p>
   </div>
   <div class='ocr_carea' id='block_1_6' title="bbox 477 834 2041 912">
    <p class='ocr_par' dir='ltr' id='par_1_6' title="bbox 477 834 2041 912">
     <span class='ocr_line' id='line_1_6' title="bbox 477 834 2041 912; baseline 0.007 -22"><span class='ocrx_word' id='word_1_34' title='bbox 477 834 614 891; x_wconf 85' lang='lat' dir='ltr'><strong>adeo</strong></span> <span class='ocrx_word' id='word_1_35' title='bbox 634 843 689 892; x_wconf 89' lang='lat' dir='ltr'><strong>et</strong></span> <span class='ocrx_word' id='word_1_36' title='bbox 707 835 828 906; x_wconf 87' lang='lat' dir='ltr'><strong>ipsi,</strong></span> <span class='ocrx_word' id='word_1_37' title='bbox 850 845 1035 893; x_wconf 88' lang='lat' dir='ltr'><strong>contra</strong></span> <span class='ocrx_word' id='word_1_38' title='bbox 1067 853 1200 908; x_wconf 89' lang='lat' dir='ltr'><strong>quos</strong></span> <span class='ocrx_word' id='word_1_39' title='bbox 1230 841 1456 910; x_wconf 88' lang='lat' dir='ltr'><strong>agimus,</strong></span> <span class='ocrx_word' id='word_1_40' title='bbox 1478 857 1692 912; x_wconf 92' lang='lat' dir='ltr'><strong>quoquo</strong></span> <span class='ocrx_word' id='word_1_41' title='bbox 1717 843 1878 899; x_wconf 89' lang='lat' dir='ltr'><strong>modo</strong></span> <span class='ocrx_word' id='word_1_42' title='bbox 1902 861 2041 901; x_wconf 91' lang='lat' dir='ltr'><strong>com-</strong></span> 
     </span>
    </p>
   </div>
   <div class='ocr_carea' id='block_1_7' title="bbox 479 925 2046 1002">
    <p class='ocr_par' dir='ltr' id='par_1_7' title="bbox 479 925 2046 1002">
     <span class='ocr_line' id='line_1_7' title="bbox 479 925 2046 1002; baseline 0.007 -23"><span class='ocrx_word' id='word_1_43' title='bbox 479 925 619 994; x_wconf 87' lang='lat' dir='ltr'><strong>pulsi</strong></span> <span class='ocrx_word' id='word_1_44' title='bbox 666 934 793 981; x_wconf 87' lang='lat' dir='ltr'><strong>sunt</strong></span> <span class='ocrx_word' id='word_1_45' title='bbox 845 927 898 982; x_wconf 92' lang='lat' dir='ltr'><strong>in</strong></span> <span class='ocrx_word' id='word_1_46' title='bbox 929 927 1199 996; x_wconf 86' lang='lat' dir='ltr'><strong>habenda,</strong></span> <span class='ocrx_word' id='word_1_47' title='bbox 1247 944 1357 985; x_wconf 94' lang='lat' dir='ltr'><strong>non</strong></span> <span class='ocrx_word' id='word_1_48' title='bbox 1398 946 1731 1002; x_wconf 89' lang='lat' dir='ltr'><strong>quacumque</strong></span> <span class='ocrx_word' id='word_1_49' title='bbox 1752 974 1766 998; x_wconf 91' lang='lat'><strong>,</strong></span> <span class='ocrx_word' id='word_1_50' title='bbox 1797 935 1891 989; x_wconf 89' lang='lat' dir='ltr'><strong>sed</strong></span> <span class='ocrx_word' id='word_1_51' title='bbox 1923 950 2046 990; x_wconf 89' lang='lat' dir='ltr'><strong>vera</strong></span> 
     </span>
    </p>
   </div>
   <div class='ocr_carea' id='block_1_8' title="bbox 479 1011 2050 1092">
    <p class='ocr_par' dir='ltr' id='par_1_8' title="bbox 479 1011 2050 1092">
     <span class='ocr_line' id='line_1_8' title="bbox 479 1011 2050 1092; baseline 0.006 -26"><span class='ocrx_word' id='word_1_52' title='bbox 479 1011 818 1083; x_wconf 86' lang='lat' dir='ltr'><strong>philosophia</strong></span> <span class='ocrx_word' id='word_1_53' title='bbox 841 1016 1069 1074; x_wconf 84' lang='lat' dir='ltr'><strong>divinam</strong></span> <span class='ocrx_word' id='word_1_54' title='bbox 1098 1017 1320 1086; x_wconf 87' lang='lat' dir='ltr'><strong>gratiam</strong></span> <span class='ocrx_word' id='word_1_55' title='bbox 1360 1019 1624 1075; x_wconf 86' lang='lat' dir='ltr'><strong>confiteri.</strong></span> <span class='ocrx_word' id='word_1_56' title='bbox 1654 1021 1820 1076; x_wconf 86' lang='lat' dir='ltr'><strong>Porro</strong></span> <span class='ocrx_word' id='word_1_57' title='bbox 1847 1023 1891 1076; x_wconf 90' lang='lat' dir='ltr'><strong>si</strong></span> <span class='ocrx_word' id='word_1_58' title='bbox 1923 1037 2050 1092; x_wconf 81' lang='lat' dir='ltr'><strong>pau-</strong></span> 
     </span>
    </p>
   </div>
   <div class='ocr_carea' id='block_1_9' title="bbox 481 1100 2048 1177">
    <p class='ocr_par' dir='ltr' id='par_1_9' title="bbox 481 1100 2048 1177">
     <span class='ocr_line' id='line_1_9' title="bbox 481 1100 2048 1177; baseline 0.006 -23"><span class='ocrx_word' id='word_1_59' title='bbox 481 1101 564 1155; x_wconf 88' lang='lat' dir='ltr'><strong>cis</strong></span> <span class='ocrx_word' id='word_1_60' title='bbox 593 1100 847 1157; x_wconf 89' lang='lat' dir='ltr'><strong>divinitus</strong></span> <span class='ocrx_word' id='word_1_61' title='bbox 874 1102 1055 1158; x_wconf 91' lang='lat' dir='ltr'><strong>datum</strong></span> <span class='ocrx_word' id='word_1_62' title='bbox 1079 1113 1162 1160; x_wconf 91' lang='lat' dir='ltr'><strong>est</strong></span> <span class='ocrx_word' id='word_1_63' title='bbox 1192 1120 1332 1160; x_wconf 74' lang='lat' dir='ltr'><strong>vera:</strong></span> <span class='ocrx_word' id='word_1_64' title='bbox 1363 1106 1714 1177; x_wconf 73' lang='lat' dir='ltr'><strong>philosophia:</strong></span> <span class='ocrx_word' id='word_1_65' title='bbox 1735 1118 1918 1164; x_wconf 90' lang='lat' dir='ltr'><strong>contra</strong></span> <span class='ocrx_word' id='word_1_66' title='bbox 1945 1111 2048 1164; x_wconf 88' lang='lat' dir='ltr'><strong>mi-</strong></span> 
     </span>
    </p>
   </div>
   <div class='ocr_carea' id='block_1_10' title="bbox 482 1191 2054 1262">
    <p class='ocr_par' dir='ltr' id='par_1_10' title="bbox 482 1191 2054 1262">
     <span class='ocr_line' id='line_1_10' title="bbox 482 1191 2054 1262; baseline 0.007 -18"><span class='ocrx_word' id='word_1_67' title='bbox 482 1192 652 1246; x_wconf 84' lang='lat' dir='ltr'><strong>serias</strong></span> <span class='ocrx_word' id='word_1_68' title='bbox 700 1191 856 1259; x_wconf 87' lang='lat' dir='ltr'><strong>hujus</strong></span> <span class='ocrx_word' id='word_1_69' title='bbox 895 1194 1017 1249; x_wconf 67' lang='lat' dir='ltr'><strong>vita:</strong></span> <span class='ocrx_word' id='word_1_70' title='bbox 1066 1195 1279 1250; x_wconf 90' lang='lat' dir='ltr'><strong>unicum</strong></span> <span class='ocrx_word' id='word_1_71' title='bbox 1317 1197 1572 1251; x_wconf 88' lang='lat' dir='ltr'><strong>auxilium</strong></span> <span class='ocrx_word' id='word_1_72' title='bbox 1598 1237 1612 1262; x_wconf 92' lang='lat'><strong>,</strong></span> <span class='ocrx_word' id='word_1_73' title='bbox 1645 1199 1776 1253; x_wconf 90' lang='lat' dir='ltr'><strong>satis</strong></span> <span class='ocrx_word' id='word_1_74' title='bbox 1820 1207 1875 1254; x_wconf 89' lang='lat' dir='ltr'><strong>et</strong></span> <span class='ocrx_word' id='word_1_75' title='bbox 1928 1199 2054 1255; x_wconf 89' lang='lat' dir='ltr'><strong>hinc</strong></span> 
     </span>
    </p>
   </div>
   <div class='ocr_carea' id='block_1_11' title="bbox 479 1282 2056 1360">
    <p class='ocr_par' dir='ltr' id='par_1_11' title="bbox 479 1282 2056 1360">
     <span class='ocr_line' id='line_1_11' title="bbox 479 1282 2056 1360; baseline 0.008 -27"><span class='ocrx_word' id='word_1_76' title='bbox 479 1289 700 1351; x_wconf 80' lang='lat' dir='ltr'><strong>apparet</strong></span> <span class='ocrx_word' id='word_1_77' title='bbox 725 1282 1013 1338; x_wconf 89' lang='lat' dir='ltr'><strong>humanum</strong></span> <span class='ocrx_word' id='word_1_78' title='bbox 1051 1299 1216 1354; x_wconf 88' lang='lat' dir='ltr'><strong>genus</strong></span> <span class='ocrx_word' id='word_1_79' title='bbox 1255 1285 1322 1340; x_wconf 90' lang='lat' dir='ltr'><strong>ad</strong></span> <span class='ocrx_word' id='word_1_80' title='bbox 1347 1287 1571 1342; x_wconf 85' lang='lat' dir='ltr'><strong>luendas</strong></span> <span class='ocrx_word' id='word_1_81' title='bbox 1594 1288 1923 1344; x_wconf 86' lang='lat' dir='ltr'><strong>miseriarum</strong></span> <span class='ocrx_word' id='word_1_82' title='bbox 1942 1304 2056 1360; x_wconf 73' lang='lat' dir='ltr'><strong>pm-</strong></span> 
     </span>
    </p>
   </div>
   <div class='ocr_carea' id='block_1_12' title="bbox 481 1372 2050 1447">
    <p class='ocr_par' dir='ltr' id='par_1_12' title="bbox 481 1372 2050 1447">
     <span class='ocr_line' id='line_1_12' title="bbox 481 1372 2050 1447; baseline 0.006 -22"><span class='ocrx_word' id='word_1_83' title='bbox 481 1387 578 1425; x_wconf 87' lang='lat' dir='ltr'><strong>nas</strong></span> <span class='ocrx_word' id='word_1_84' title='bbox 623 1387 743 1428; x_wconf 90' lang='lat' dir='ltr'><strong>esse</strong></span> <span class='ocrx_word' id='word_1_85' title='bbox 779 1372 1106 1428; x_wconf 81' lang='lat' dir='ltr'><strong>damnatum.</strong></span> <span class='ocrx_word' id='word_1_86' title='bbox 1138 1374 1286 1429; x_wconf 85' lang='lat' dir='ltr'><strong>Sicut</strong></span> <span class='ocrx_word' id='word_1_87' title='bbox 1321 1386 1498 1430; x_wconf 89' lang='lat' dir='ltr'><strong>autem</strong></span> <span class='ocrx_word' id='word_1_88' title='bbox 1545 1376 1679 1442; x_wconf 81' lang='lat' dir='ltr'><strong>hoc,</strong></span> <span class='ocrx_word' id='word_1_89' title='bbox 1709 1386 1766 1432; x_wconf 92' lang='lat' dir='ltr'><strong>ut</strong></span> <span class='ocrx_word' id='word_1_90' title='bbox 1797 1378 2050 1447; x_wconf 89' lang='lat' dir='ltr'><strong>fatentur,</strong></span> 
     </span>
    </p>
   </div>
   <div class='ocr_carea' id='block_1_13' title="bbox 486 1462 2054 1534">
    <p class='ocr_par' dir='ltr' id='par_1_13' title="bbox 486 1462 2054 1534">
     <span class='ocr_line' id='line_1_13' title="bbox 486 1462 2054 1534; baseline 0.005 -18"><span class='ocrx_word' id='word_1_91' title='bbox 486 1462 686 1517; x_wconf 88' lang='lat' dir='ltr'><strong>nullum</strong></span> <span class='ocrx_word' id='word_1_92' title='bbox 731 1463 966 1518; x_wconf 90' lang='lat' dir='ltr'><strong>divinum</strong></span> <span class='ocrx_word' id='word_1_93' title='bbox 1004 1464 1174 1534; x_wconf 86' lang='lat' dir='ltr'><strong>majus</strong></span> <span class='ocrx_word' id='word_1_94' title='bbox 1203 1475 1284 1521; x_wconf 91' lang='lat' dir='ltr'><strong>est</strong></span> <span class='ocrx_word' id='word_1_95' title='bbox 1327 1465 1524 1520; x_wconf 83' lang='lat' dir='ltr'><strong>donum</strong></span> <span class='ocrx_word' id='word_1_96' title='bbox 1548 1508 1564 1532; x_wconf 94' lang='lat'><strong>,</strong></span> <span class='ocrx_word' id='word_1_97' title='bbox 1607 1467 1686 1522; x_wconf 90' lang='lat' dir='ltr'><strong>sic</strong></span> <span class='ocrx_word' id='word_1_98' title='bbox 1721 1483 1751 1522; x_wconf 94' lang='lat' dir='ltr'><strong>a</strong></span> <span class='ocrx_word' id='word_1_99' title='bbox 1780 1469 1927 1524; x_wconf 92' lang='lat' dir='ltr'><strong>nullo</strong></span> <span class='ocrx_word' id='word_1_100' title='bbox 1951 1468 2054 1524; x_wconf 90' lang='lat' dir='ltr'><strong>deo</strong></span> 
     </span>
    </p>
   </div>
   <div class='ocr_carea' id='block_1_14' title="bbox 483 1550 2055 1628">
    <p class='ocr_par' dir='ltr' id='par_1_14' title="bbox 483 1550 2055 1628">
     <span class='ocr_line' id='line_1_14' title="bbox 483 1550 2055 1628; baseline 0.006 -23"><span class='ocrx_word' id='word_1_101' title='bbox 483 1550 600 1605; x_wconf 68' lang='lat' dir='ltr'><strong>dari</strong></span> <span class='ocrx_word' id='word_1_102' title='bbox 641 1552 963 1608; x_wconf 90' lang='lat' dir='ltr'><strong>credendum</strong></span> <span class='ocrx_word' id='word_1_103' title='bbox 990 1561 1088 1618; x_wconf 91' lang='lat' dir='ltr'><strong>est,</strong></span> <span class='ocrx_word' id='word_1_104' title='bbox 1118 1554 1220 1608; x_wconf 85' lang='lat' dir='ltr'><strong>nisi</strong></span> <span class='ocrx_word' id='word_1_105' title='bbox 1243 1555 1311 1610; x_wconf 90' lang='lat' dir='ltr'><strong>ab</strong></span> <span class='ocrx_word' id='word_1_106' title='bbox 1334 1555 1448 1621; x_wconf 89' lang='lat' dir='ltr'><strong>illo,</strong></span> <span class='ocrx_word' id='word_1_107' title='bbox 1474 1570 1582 1625; x_wconf 88' lang='lat' dir='ltr'><strong>quo</strong></span> <span class='ocrx_word' id='word_1_108' title='bbox 1603 1565 1658 1611; x_wconf 93' lang='lat' dir='ltr'><strong>et</strong></span> <span class='ocrx_word' id='word_1_109' title='bbox 1678 1556 1778 1627; x_wconf 88' lang='lat' dir='ltr'><strong>ipsi</strong></span> <span class='ocrx_word' id='word_1_110' title='bbox 1805 1559 1894 1628; x_wconf 87' lang='lat' dir='ltr'><strong>qui</strong></span> <span class='ocrx_word' id='word_1_111' title='bbox 1917 1559 2055 1614; x_wconf 80' lang='lat' dir='ltr'><strong>mul-</strong></span> 
     </span>
    </p>
   </div>
   <div class='ocr_carea' id='block_1_15' title="bbox 483 1639 1894 1719">
    <p class='ocr_par' dir='ltr' id='par_1_15' title="bbox 483 1639 1894 1719">
     <span class='ocr_line' id='line_1_15' title="bbox 483 1639 1894 1719; baseline 0.006 -26"><span class='ocrx_word' id='word_1_112' title='bbox 483 1648 572 1696; x_wconf 90' lang='lat' dir='ltr'><strong>tos</strong></span> <span class='ocrx_word' id='word_1_113' title='bbox 594 1639 725 1697; x_wconf 88' lang='lat' dir='ltr'><strong>deos</strong></span> <span class='ocrx_word' id='word_1_114' title='bbox 751 1643 952 1711; x_wconf 88' lang='lat' dir='ltr'><strong>colunt,</strong></span> <span class='ocrx_word' id='word_1_115' title='bbox 981 1643 1187 1699; x_wconf 89' lang='lat' dir='ltr'><strong>nullum</strong></span> <span class='ocrx_word' id='word_1_116' title='bbox 1213 1644 1394 1700; x_wconf 90' lang='lat' dir='ltr'><strong>dicunt</strong></span> <span class='ocrx_word' id='word_1_117' title='bbox 1419 1661 1539 1703; x_wconf 89' lang='lat' dir='ltr'><strong>esse</strong></span> <span class='ocrx_word' id='word_1_118' title='bbox 1563 1647 1841 1719; x_wconf 88' lang='lat' dir='ltr'><strong>majorem.</strong></span> <span class='ocrx_word' id='word_1_119' title='bbox 1885 1650 1894 1660; x_wconf 85' lang='lat'>&#39;</span> 
     </span>
    </p>
   </div>
   <div class='ocr_carea' id='block_1_16' title="bbox 480 1769 2059 1851">
    <p class='ocr_par' dir='ltr' id='par_1_16' title="bbox 480 1769 2059 1851">
     <span class='ocr_line' id='line_1_16' title="bbox 480 1769 2059 1851; baseline 0.005 -22"><span class='ocrx_word' id='word_1_120' title='bbox 480 1769 711 1830; x_wconf 74' lang='lat' dir='ltr'><strong>CAPUT</strong></span> <span class='ocrx_word' id='word_1_121' title='bbox 735 1772 922 1828; x_wconf 79' lang='lat' dir='ltr'><strong>XXIII.</strong></span> <span class='ocrx_word' id='word_1_122' title='bbox 950 1803 1020 1814; x_wconf 92' lang='lat'><strong>—</strong></span> <span class='ocrx_word' id='word_1_123' title='bbox 1051 1773 1129 1830; x_wconf 86' lang='lat' dir='ltr'><strong>De</strong></span> <span class='ocrx_word' id='word_1_124' title='bbox 1154 1775 1232 1830; x_wconf 83' lang='lat' dir='ltr'><strong>his</strong></span> <span class='ocrx_word' id='word_1_125' title='bbox 1255 1791 1400 1845; x_wconf 66' lang='lat' dir='ltr'><strong>quae,</strong></span> <span class='ocrx_word' id='word_1_126' title='bbox 1431 1787 1614 1848; x_wconf 54' lang='lat' dir='ltr'><strong>praeter</strong></span> <span class='ocrx_word' id='word_1_127' title='bbox 1644 1780 1736 1834; x_wconf 84' lang='lat' dir='ltr'><strong>illa</strong></span> <span class='ocrx_word' id='word_1_128' title='bbox 1773 1781 1909 1835; x_wconf 90' lang='lat' dir='ltr'><strong>mata</strong></span> <span class='ocrx_word' id='word_1_129' title='bbox 1946 1797 2059 1851; x_wconf 67' lang='lat' dir='ltr'><strong>qum</strong></span> 
     </span>
    </p>
   </div>
   <div class='ocr_carea' id='block_1_17' title="bbox 557 1862 2054 1939">
    <p class='ocr_par' dir='ltr' id='par_1_17' title="bbox 557 1862 2054 1939">
     <span class='ocr_line' id='line_1_17' title="bbox 557 1862 2054 1939; baseline 0.007 -23"><span class='ocrx_word' id='word_1_130' title='bbox 557 1862 700 1917; x_wconf 84' lang='lat' dir='ltr'><strong>bonis</strong></span> <span class='ocrx_word' id='word_1_131' title='bbox 726 1864 966 1934; x_wconf 76' lang='lat' dir='ltr'><strong>malisque</strong></span> <span class='ocrx_word' id='word_1_132' title='bbox 981 1867 1265 1920; x_wconf 86' lang='lat' dir='ltr'><strong>communia</strong></span> <span class='ocrx_word' id='word_1_133' title='bbox 1287 1875 1405 1921; x_wconf 80' lang='lat' dir='ltr'><strong>sunt</strong></span> <span class='ocrx_word' id='word_1_134' title='bbox 1423 1909 1438 1936; x_wconf 93' lang='lat'><strong>,</strong></span> <span class='ocrx_word' id='word_1_135' title='bbox 1470 1867 1540 1922; x_wconf 82' lang='lat' dir='ltr'><strong>ad</strong></span> <span class='ocrx_word' id='word_1_136' title='bbox 1555 1870 1815 1939; x_wconf 83' lang='lat' dir='ltr'><strong>justorum</strong></span> <span class='ocrx_word' id='word_1_137' title='bbox 1836 1871 2054 1927; x_wconf 85' lang='lat' dir='ltr'><strong>laborem</strong></span> 
     </span>
    </p>
   </div>
   <div class='ocr_carea' id='block_1_18' title="bbox 555 1952 1123 2023">
    <p class='ocr_par' dir='ltr' id='par_1_18' title="bbox 555 1952 1123 2023">
     <span class='ocr_line' id='line_1_18' title="bbox 555 1952 1123 2023; baseline 0.009 -19"><span class='ocrx_word' id='word_1_138' title='bbox 555 1952 835 2021; x_wconf 79' lang='lat' dir='ltr'><strong>specialiter</strong></span> <span class='ocrx_word' id='word_1_139' title='bbox 858 1953 1123 2023; x_wconf 77' lang='lat' dir='ltr'><strong>pertinent.</strong></span> 
     </span>
    </p>
   </div>
   <div class='ocr_carea' id='block_1_19' title="bbox 559 2081 2058 2166">
    <p class='ocr_par' dir='ltr' id='par_1_19' title="bbox 559 2081 2058 2166">
     <span class='ocr_line' id='line_1_19' title="bbox 559 2081 2058 2166; baseline 0.01 -29"><span class='ocrx_word' id='word_1_140' title='bbox 559 2081 761 2139; x_wconf 67' lang='lat' dir='ltr'><strong>Praeter</strong></span> <span class='ocrx_word' id='word_1_141' title='bbox 788 2085 899 2142; x_wconf 70' lang='lat' dir='ltr'><strong>base</strong></span> <span class='ocrx_word' id='word_1_142' title='bbox 927 2095 1103 2143; x_wconf 87' lang='lat' dir='ltr'><strong>autem</strong></span> <span class='ocrx_word' id='word_1_143' title='bbox 1128 2088 1265 2144; x_wconf 87' lang='lat' dir='ltr'><strong>mala</strong></span> <span class='ocrx_word' id='word_1_144' title='bbox 1291 2089 1448 2161; x_wconf 89' lang='lat' dir='ltr'><strong>hujus</strong></span> <span class='ocrx_word' id='word_1_145' title='bbox 1477 2091 1600 2148; x_wconf 70' lang='lat' dir='ltr'><strong>vitae</strong></span> <span class='ocrx_word' id='word_1_146' title='bbox 1619 2093 1774 2149; x_wconf 88' lang='lat' dir='ltr'><strong>bonis</strong></span> <span class='ocrx_word' id='word_1_147' title='bbox 1801 2095 2058 2166; x_wconf 84' lang='lat' dir='ltr'><strong>malisque</strong></span> 
     </span>
    </p>
   </div>
   <div class='ocr_carea' id='block_1_20' title="bbox 487 2174 2058 2256">
    <p class='ocr_par' dir='ltr' id='par_1_20' title="bbox 487 2174 2058 2256">
     <span class='ocr_line' id='line_1_20' title="bbox 487 2174 2058 2256; baseline 0.01 -29"><span class='ocrx_word' id='word_1_148' title='bbox 487 2174 810 2242; x_wconf 88' lang='lat' dir='ltr'><strong>communia,</strong></span> <span class='ocrx_word' id='word_1_149' title='bbox 830 2176 1026 2232; x_wconf 84' lang='lat' dir='ltr'><strong>habent</strong></span> <span class='ocrx_word' id='word_1_150' title='bbox 1052 2179 1104 2234; x_wconf 93' lang='lat' dir='ltr'><strong>in</strong></span> <span class='ocrx_word' id='word_1_151' title='bbox 1122 2193 1184 2234; x_wconf 85' lang='lat' dir='ltr'><strong>ea</strong></span> <span class='ocrx_word' id='word_1_152' title='bbox 1199 2179 1327 2249; x_wconf 90' lang='lat' dir='ltr'><strong>justi</strong></span> <span class='ocrx_word' id='word_1_153' title='bbox 1353 2181 1775 2254; x_wconf 78' lang='lat' dir='ltr'><strong>etiamproprios</strong></span> <span class='ocrx_word' id='word_1_154' title='bbox 1799 2186 2058 2256; x_wconf 89' lang='lat' dir='ltr'><strong>quosdam</strong></span> 
     </span>
    </p>
   </div>
   <div class='ocr_carea' id='block_1_21' title="bbox 486 2261 2058 2340">
    <p class='ocr_par' dir='ltr' id='par_1_21' title="bbox 486 2261 2058 2340">
     <span class='ocr_line' id='line_1_21' title="bbox 486 2261 2058 2340; baseline 0.011 -24"><span class='ocrx_word' id='word_1_155' title='bbox 486 2261 697 2319; x_wconf 90' lang='lat' dir='ltr'><strong>labores</strong></span> <span class='ocrx_word' id='word_1_156' title='bbox 723 2279 869 2332; x_wconf 89' lang='lat' dir='ltr'><strong>suos,</strong></span> <span class='ocrx_word' id='word_1_157' title='bbox 892 2268 1080 2337; x_wconf 84' lang='lat' dir='ltr'><strong>quibus</strong></span> <span class='ocrx_word' id='word_1_158' title='bbox 1103 2269 1362 2325; x_wconf 87' lang='lat' dir='ltr'><strong>adversus</strong></span> <span class='ocrx_word' id='word_1_159' title='bbox 1383 2273 1508 2327; x_wconf 91' lang='lat' dir='ltr'><strong>vitia</strong></span> <span class='ocrx_word' id='word_1_160' title='bbox 1530 2274 1782 2340; x_wconf 88' lang='lat' dir='ltr'><strong>militant,</strong></span> <span class='ocrx_word' id='word_1_161' title='bbox 1815 2283 1870 2330; x_wconf 93' lang='lat' dir='ltr'><strong>et</strong></span> <span class='ocrx_word' id='word_1_162' title='bbox 1903 2276 1954 2330; x_wconf 91' lang='lat' dir='ltr'><strong>in</strong></span> <span class='ocrx_word' id='word_1_163' title='bbox 1974 2285 2058 2334; x_wconf 85' lang='lat' dir='ltr'><strong>ta-</strong></span> 
     </span>
    </p>
   </div>
   <div class='ocr_carea' id='block_1_22' title="bbox 487 2353 2056 2433">
    <p class='ocr_par' dir='ltr' id='par_1_22' title="bbox 487 2353 2056 2433">
     <span class='ocr_line' id='line_1_22' title="bbox 487 2353 2056 2433; baseline 0.009 -26"><span class='ocrx_word' id='word_1_164' title='bbox 487 2353 615 2408; x_wconf 90' lang='lat' dir='ltr'><strong>lium</strong></span> <span class='ocrx_word' id='word_1_165' title='bbox 634 2355 935 2426; x_wconf 70' lang='lat' dir='ltr'><strong>przeliorum</strong></span> <span class='ocrx_word' id='word_1_166' title='bbox 966 2359 1346 2416; x_wconf 86' lang='lat' dir='ltr'><strong>tentationibus</strong></span> <span class='ocrx_word' id='word_1_167' title='bbox 1374 2363 1732 2433; x_wconf 88' lang='lat' dir='ltr'><strong>periculisque</strong></span> <span class='ocrx_word' id='word_1_168' title='bbox 1757 2376 2056 2421; x_wconf 77' lang='lat' dir='ltr'><strong>versantur.</strong></span> 
     </span>
    </p>
   </div>
   <div class='ocr_carea' id='block_1_23' title="bbox 486 2442 2057 2520">
    <p class='ocr_par' dir='ltr' id='par_1_23' title="bbox 486 2442 2057 2520">
     <span class='ocr_line' id='line_1_23' title="bbox 486 2442 2057 2520; baseline 0.008 -23"><span class='ocrx_word' id='word_1_169' title='bbox 486 2442 788 2513; x_wconf 81' lang='lat' dir='ltr'><strong>Aliquando</strong></span> <span class='ocrx_word' id='word_1_170' title='bbox 813 2446 953 2500; x_wconf 89' lang='lat' dir='ltr'><strong>enim</strong></span> <span class='ocrx_word' id='word_1_171' title='bbox 975 2448 1311 2516; x_wconf 88' lang='lat' dir='ltr'><strong>concitatius,</strong></span> <span class='ocrx_word' id='word_1_172' title='bbox 1334 2451 1619 2520; x_wconf 90' lang='lat' dir='ltr'><strong>aliquando</strong></span> <span class='ocrx_word' id='word_1_173' title='bbox 1641 2453 1936 2520; x_wconf 87' lang='lat' dir='ltr'><strong>remissius,</strong></span> <span class='ocrx_word' id='word_1_174' title='bbox 1952 2470 2057 2510; x_wconf 91' lang='lat' dir='ltr'><strong>non</strong></span> 
     </span>
    </p>
   </div>
   <div class='ocr_carea' id='block_1_24' title="bbox 487 2533 2061 2612">
    <p class='ocr_par' dir='ltr' id='par_1_24' title="bbox 487 2533 2061 2612">
     <span class='ocr_line' id='line_1_24' title="bbox 487 2533 2061 2612; baseline 0.008 -25"><span class='ocrx_word' id='word_1_175' title='bbox 487 2541 664 2588; x_wconf 84' lang='lat' dir='ltr'><strong>tamen</strong></span> <span class='ocrx_word' id='word_1_176' title='bbox 688 2533 882 2590; x_wconf 81' lang='lat' dir='ltr'><strong>desinit</strong></span> <span class='ocrx_word' id='word_1_177' title='bbox 901 2549 1026 2590; x_wconf 84' lang='lat' dir='ltr'><strong>caro</strong></span> <span class='ocrx_word' id='word_1_178' title='bbox 1043 2539 1418 2608; x_wconf 87' lang='lat' dir='ltr'><strong>concupiscere</strong></span> <span class='ocrx_word' id='word_1_179' title='bbox 1447 2541 1705 2596; x_wconf 88' lang='lat' dir='ltr'><strong>adversus</strong></span> <span class='ocrx_word' id='word_1_180' title='bbox 1731 2545 2061 2612; x_wconf 89' lang='lat' dir='ltr'><strong>spiritum,et</strong></span> 
     </span>
    </p>
   </div>
   <div class='ocr_carea' id='block_1_25' title="bbox 486 2623 2062 2700">
    <p class='ocr_par' dir='ltr' id='par_1_25' title="bbox 486 2623 2062 2700">
     <span class='ocr_line' id='line_1_25' title="bbox 486 2623 2062 2700; baseline 0.009 -24"><span class='ocrx_word' id='word_1_181' title='bbox 486 2623 702 2693; x_wconf 86' lang='lat' dir='ltr'><strong>spiritus</strong></span> <span class='ocrx_word' id='word_1_182' title='bbox 721 2625 973 2680; x_wconf 87' lang='lat' dir='ltr'><strong>adversus</strong></span> <span class='ocrx_word' id='word_1_183' title='bbox 990 2642 1225 2696; x_wconf 87' lang='lat' dir='ltr'><strong>carnem,</strong></span> <span class='ocrx_word' id='word_1_184' title='bbox 1241 2639 1298 2684; x_wconf 92' lang='lat' dir='ltr'><strong>ut</strong></span> <span class='ocrx_word' id='word_1_185' title='bbox 1313 2646 1418 2686; x_wconf 90' lang='lat' dir='ltr'><strong>non</strong></span> <span class='ocrx_word' id='word_1_186' title='bbox 1430 2645 1488 2685; x_wconf 86' lang='lat' dir='ltr'><strong>ea</strong></span> <span class='ocrx_word' id='word_1_187' title='bbox 1508 2647 1626 2700; x_wconf 73' lang='lat' dir='ltr'><strong>qua:</strong></span> <span class='ocrx_word' id='word_1_188' title='bbox 1643 2633 1888 2689; x_wconf 86' lang='lat' dir='ltr'><strong>volumus</strong></span> <span class='ocrx_word' id='word_1_189' title='bbox 1900 2633 2062 2689; x_wconf 80' lang='lat' dir='ltr'><strong>facia-</strong></span> 
     </span>
    </p>
   </div>
   <div class='ocr_carea' id='block_1_26' title="bbox 485 2715 2060 2794">
    <p class='ocr_par' dir='ltr' id='par_1_26' title="bbox 485 2715 2060 2794">
     <span class='ocr_line' id='line_1_26' title="bbox 485 2715 2060 2794; baseline 0.008 -25"><span class='ocrx_word' id='word_1_190' title='bbox 485 2730 606 2770; x_wconf 89' lang='lat' dir='ltr'><strong>mus</strong></span> <span class='ocrx_word' id='word_1_191' title='bbox 622 2715 1213 2790; x_wconf 85' lang='lat' dir='ltr'><strong>(Galat.v,I7),omnem</strong></span> <span class='ocrx_word' id='word_1_192' title='bbox 1231 2723 1422 2776; x_wconf 89' lang='lat' dir='ltr'><strong>malam</strong></span> <span class='ocrx_word' id='word_1_193' title='bbox 1439 2725 2060 2794; x_wconf 83' lang='lat' dir='ltr'><strong>concupiscentiamcon-</strong></span> 
     </span>
    </p>
   </div>
   <div class='ocr_carea' id='block_1_27' title="bbox 485 2807 2064 2887">
    <p class='ocr_par' dir='ltr' id='par_1_27' title="bbox 485 2807 2064 2887">
     <span class='ocr_line' id='line_1_27' title="bbox 485 2807 2064 2887; baseline 0.008 -27"><span class='ocrx_word' id='word_1_194' title='bbox 485 2807 766 2873; x_wconf 82' lang='lat' dir='ltr'><strong>sumendo;</strong></span> <span class='ocrx_word' id='word_1_195' title='bbox 789 2808 881 2864; x_wconf 92' lang='lat' dir='ltr'><strong>sed</strong></span> <span class='ocrx_word' id='word_1_196' title='bbox 898 2823 1014 2864; x_wconf 87' lang='lat' dir='ltr'><strong>eam</strong></span> <span class='ocrx_word' id='word_1_197' title='bbox 1037 2811 1208 2876; x_wconf 91' lang='lat' dir='ltr'><strong>nobis,</strong></span> <span class='ocrx_word' id='word_1_198' title='bbox 1220 2822 1470 2882; x_wconf 86' lang='lat' dir='ltr'><strong>quantum</strong></span> <span class='ocrx_word' id='word_1_199' title='bbox 1494 2813 1743 2869; x_wconf 89' lang='lat' dir='ltr'><strong>divinitus</strong></span> <span class='ocrx_word' id='word_1_200' title='bbox 1757 2815 1918 2885; x_wconf 88' lang='lat' dir='ltr'><strong>adjuti</strong></span> <span class='ocrx_word' id='word_1_201' title='bbox 1939 2831 2064 2887; x_wconf 92' lang='lat' dir='ltr'><strong>pos-</strong></span> 
     </span>
    </p>
   </div>
   <div class='ocr_carea' id='block_1_28' title="bbox 489 2901 2062 2974">
    <p class='ocr_par' dir='ltr' id='par_1_28' title="bbox 489 2901 2062 2974">
     <span class='ocr_line' id='line_1_28' title="bbox 489 2901 2062 2974; baseline 0.007 -24"><span class='ocrx_word' id='word_1_202' title='bbox 489 2910 699 2965; x_wconf 89' lang='lat' dir='ltr'><strong>sumus,</strong></span> <span class='ocrx_word' id='word_1_203' title='bbox 731 2912 836 2952; x_wconf 89' lang='lat' dir='ltr'><strong>non</strong></span> <span class='ocrx_word' id='word_1_204' title='bbox 863 2901 910 2954; x_wconf 92' lang='lat' dir='ltr'><strong>ei</strong></span> <span class='ocrx_word' id='word_1_205' title='bbox 931 2901 1314 2955; x_wconf 90' lang='lat' dir='ltr'><strong>conscntiendo</strong></span> <span class='ocrx_word' id='word_1_206' title='bbox 1336 2901 1647 2970; x_wconf 89' lang='lat' dir='ltr'><strong>subdamus,</strong></span> <span class='ocrx_word' id='word_1_207' title='bbox 1675 2905 1868 2974; x_wconf 79' lang='lat' dir='ltr'><strong>vigiliis</strong></span> <span class='ocrx_word' id='word_1_208' title='bbox 1891 2906 2062 2961; x_wconf 87' lang='lat' dir='ltr'><strong>conti-</strong></span> 
     </span>
    </p>
   </div>
   <div class='ocr_carea' id='block_1_29' title="bbox 489 2985 2063 3060">
    <p class='ocr_par' dir='ltr' id='par_1_29' title="bbox 489 2985 2063 3060">
     <span class='ocr_line' id='line_1_29' title="bbox 489 2985 2063 3060; baseline 0.009 -21"><span class='ocrx_word' id='word_1_209' title='bbox 489 2985 611 3040; x_wconf 91' lang='lat' dir='ltr'><strong>nuis</strong></span> <span class='ocrx_word' id='word_1_210' title='bbox 661 2987 1018 3057; x_wconf 83' lang='lat' dir='ltr'><strong>excubantes,</strong></span> <span class='ocrx_word' id='word_1_211' title='bbox 1061 3005 1128 3044; x_wconf 93' lang='lat' dir='ltr'><strong>ne</strong></span> <span class='ocrx_word' id='word_1_212' title='bbox 1157 2991 1337 3060; x_wconf 89' lang='lat' dir='ltr'><strong>opinio</strong></span> <span class='ocrx_word' id='word_1_213' title='bbox 1378 2991 1488 3046; x_wconf 88' lang='lat' dir='ltr'><strong>veri</strong></span> <span class='ocrx_word' id='word_1_214' title='bbox 1541 2993 1730 3048; x_wconf 91' lang='lat' dir='ltr'><strong>similis</strong></span> <span class='ocrx_word' id='word_1_215' title='bbox 1776 2993 1958 3060; x_wconf 87' lang='lat' dir='ltr'><strong>fallat,</strong></span> <span class='ocrx_word' id='word_1_216' title='bbox 1994 3009 2063 3054; x_wconf 86' lang='lat' dir='ltr'><strong>ne</strong></span> 
     </span>
    </p>
   </div>
   <div class='ocr_carea' id='block_1_30' title="bbox 487 3071 2060 3153">
    <p class='ocr_par' dir='ltr' id='par_1_30' title="bbox 487 3071 2060 3153">
     <span class='ocr_line' id='line_1_30' title="bbox 487 3071 2060 3153; baseline 0.008 -26"><span class='ocrx_word' id='word_1_217' title='bbox 487 3071 717 3144; x_wconf 87' lang='lat' dir='ltr'><strong>decipiat</strong></span> <span class='ocrx_word' id='word_1_218' title='bbox 751 3091 926 3131; x_wconf 82' lang='lat' dir='ltr'><strong>sermo</strong></span> <span class='ocrx_word' id='word_1_219' title='bbox 955 3087 1200 3134; x_wconf 87' lang='lat' dir='ltr'><strong>versutus</strong></span> <span class='ocrx_word' id='word_1_220' title='bbox 1225 3119 1241 3146; x_wconf 92' lang='lat'><strong>,</strong></span> <span class='ocrx_word' id='word_1_221' title='bbox 1267 3093 1333 3134; x_wconf 92' lang='lat' dir='ltr'><strong>ne</strong></span> <span class='ocrx_word' id='word_1_222' title='bbox 1360 3094 1418 3135; x_wconf 88' lang='lat' dir='ltr'><strong>se</strong></span> <span class='ocrx_word' id='word_1_223' title='bbox 1449 3081 1685 3136; x_wconf 70' lang='lat' dir='ltr'><strong>tenebras</strong></span> <span class='ocrx_word' id='word_1_224' title='bbox 1710 3082 1933 3153; x_wconf 84' lang='lat' dir='ltr'><strong>alicujus</strong></span> <span class='ocrx_word' id='word_1_225' title='bbox 1971 3100 2060 3139; x_wconf 84' lang='lat' dir='ltr'><strong>er-</strong></span> 
     </span>
    </p>
   </div>
   <div class='ocr_carea' id='block_1_31' title="bbox 487 3152 2062 3244">
    <p class='ocr_par' dir='ltr' id='par_1_31' title="bbox 487 3152 2062 3244">
     <span class='ocr_line' id='line_1_31' title="bbox 487 3152 2062 3244; baseline 0.006 -24"><span class='ocrx_word' id='word_1_226' title='bbox 487 3165 628 3220; x_wconf 83' lang='lat' dir='ltr'><strong>roris</strong></span> <span class='ocrx_word' id='word_1_227' title='bbox 655 3165 948 3232; x_wconf 73' lang='lat' dir='ltr'><strong>ollundant,</strong></span> <span class='ocrx_word' id='word_1_228' title='bbox 982 3183 1049 3224; x_wconf 90' lang='lat' dir='ltr'><strong>ne</strong></span> <span class='ocrx_word' id='word_1_229' title='bbox 1069 3169 1209 3239; x_wconf 91' lang='lat' dir='ltr'><strong>quod</strong></span> <span class='ocrx_word' id='word_1_230' title='bbox 1233 3169 1430 3225; x_wconf 81' lang='lat' dir='ltr'><strong>bonum</strong></span> <span class='ocrx_word' id='word_1_231' title='bbox 1449 3179 1532 3226; x_wconf 89' lang='lat' dir='ltr'><strong>est</strong></span> <span class='ocrx_word' id='word_1_232' title='bbox 1558 3152 1754 3226; x_wconf 82' lang='lat' dir='ltr'><strong>malum</strong></span> <span class='ocrx_word' id='word_1_233' title='bbox 1771 3213 1789 3240; x_wconf 93' lang='lat'><strong>,</strong></span> <span class='ocrx_word' id='word_1_234' title='bbox 1811 3152 1901 3227; x_wconf 88' lang='lat' dir='ltr'><strong>aut</strong></span> <span class='ocrx_word' id='word_1_235' title='bbox 1920 3174 2062 3244; x_wconf 88' lang='lat' dir='ltr'><strong>quod</strong></span> 
     </span>
    </p>
   </div>
   <div class='ocr_carea' id='block_1_32' title="bbox 485 3255 2063 3334">
    <p class='ocr_par' dir='ltr' id='par_1_32' title="bbox 485 3255 2063 3334">
     <span class='ocr_line' id='line_1_32' title="bbox 485 3255 2063 3334; baseline 0.007 -25"><span class='ocrx_word' id='word_1_236' title='bbox 485 3255 687 3310; x_wconf 86' lang='lat' dir='ltr'><strong>malum</strong></span> <span class='ocrx_word' id='word_1_237' title='bbox 717 3266 800 3312; x_wconf 88' lang='lat' dir='ltr'><strong>est</strong></span> <span class='ocrx_word' id='word_1_238' title='bbox 840 3257 1039 3315; x_wconf 91' lang='lat' dir='ltr'><strong>bonum</strong></span> <span class='ocrx_word' id='word_1_239' title='bbox 1090 3273 1212 3315; x_wconf 89' lang='lat' dir='ltr'><strong>esse</strong></span> <span class='ocrx_word' id='word_1_240' title='bbox 1259 3258 1548 3326; x_wconf 83' lang='lat' dir='ltr'><strong>credatur,</strong></span> <span class='ocrx_word' id='word_1_241' title='bbox 1599 3275 1669 3316; x_wconf 91' lang='lat' dir='ltr'><strong>ne</strong></span> <span class='ocrx_word' id='word_1_242' title='bbox 1714 3261 1903 3318; x_wconf 87' lang='lat' dir='ltr'><strong>abhis</strong></span> <span class='ocrx_word' id='word_1_243' title='bbox 1943 3280 2063 3334; x_wconf 74' lang='lat' dir='ltr'><strong>qua:</strong></span> 
     </span>
    </p>
   </div>
   <div class='ocr_carea' id='block_1_33' title="bbox 485 3346 2060 3424">
    <p class='ocr_par' dir='ltr' id='par_1_33' title="bbox 485 3346 2060 3424">
     <span class='ocr_line' id='line_1_33' title="bbox 485 3346 2060 3424; baseline 0.005 -24"><span class='ocrx_word' id='word_1_244' title='bbox 485 3346 688 3417; x_wconf 86' lang='lat' dir='ltr'><strong>agenda</strong></span> <span class='ocrx_word' id='word_1_245' title='bbox 709 3355 834 3403; x_wconf 92' lang='lat' dir='ltr'><strong>sunt</strong></span> <span class='ocrx_word' id='word_1_246' title='bbox 852 3357 1028 3404; x_wconf 91' lang='lat' dir='ltr'><strong>metus</strong></span> <span class='ocrx_word' id='word_1_247' title='bbox 1064 3359 1296 3417; x_wconf 86' lang='lat' dir='ltr'><strong>revocet,</strong></span> <span class='ocrx_word' id='word_1_248' title='bbox 1327 3365 1394 3406; x_wconf 91' lang='lat' dir='ltr'><strong>ne</strong></span> <span class='ocrx_word' id='word_1_249' title='bbox 1419 3351 1472 3406; x_wconf 92' lang='lat' dir='ltr'><strong>in</strong></span> <span class='ocrx_word' id='word_1_250' title='bbox 1497 3365 1560 3407; x_wconf 82' lang='lat' dir='ltr'><strong>ea</strong></span> <span class='ocrx_word' id='word_1_251' title='bbox 1584 3366 1703 3422; x_wconf 69' lang='lat' dir='ltr'><strong>quae</strong></span> <span class='ocrx_word' id='word_1_252' title='bbox 1731 3353 1934 3424; x_wconf 87' lang='lat' dir='ltr'><strong>agenda</strong></span> <span class='ocrx_word' id='word_1_253' title='bbox 1956 3370 2060 3408; x_wconf 92' lang='lat' dir='ltr'><strong>non</strong></span> 
     </span>
    </p>
   </div>
   <div class='ocr_carea' id='block_1_34' title="bbox 485 3437 2056 3511">
    <p class='ocr_par' dir='ltr' id='par_1_34' title="bbox 485 3437 2056 3511">
     <span class='ocr_line' id='line_1_34' title="bbox 485 3437 2056 3511; baseline 0.006 -21"><span class='ocrx_word' id='word_1_254' title='bbox 485 3443 613 3490; x_wconf 87' lang='lat' dir='ltr'><strong>sunt</strong></span> <span class='ocrx_word' id='word_1_255' title='bbox 639 3437 832 3507; x_wconf 89' lang='lat' dir='ltr'><strong>cupido</strong></span> <span class='ocrx_word' id='word_1_256' title='bbox 858 3440 1171 3509; x_wconf 82' lang='lat' dir='ltr'><strong>praecipitet,</strong></span> <span class='ocrx_word' id='word_1_257' title='bbox 1200 3456 1267 3496; x_wconf 91' lang='lat' dir='ltr'><strong>ne</strong></span> <span class='ocrx_word' id='word_1_258' title='bbox 1279 3455 1439 3511; x_wconf 86' lang='lat' dir='ltr'><strong>super</strong></span> <span class='ocrx_word' id='word_1_259' title='bbox 1456 3441 1782 3498; x_wconf 89' lang='lat' dir='ltr'><strong>iracundiam</strong></span> <span class='ocrx_word' id='word_1_260' title='bbox 1810 3443 1892 3499; x_wconf 90' lang='lat' dir='ltr'><strong>sol</strong></span> <span class='ocrx_word' id='word_1_261' title='bbox 1913 3446 2056 3500; x_wconf 86' lang='lat' dir='ltr'><strong>occi-</strong></span> 
     </span>
    </p>
   </div>
   <div class='ocr_carea' id='block_1_35' title="bbox 482 3523 2064 3602">
    <p class='ocr_par' dir='ltr' id='par_1_35' title="bbox 482 3523 2064 3602">
     <span class='ocr_line' id='line_1_35' title="bbox 482 3523 2064 3602; baseline 0.008 -23"><span class='ocrx_word' id='word_1_262' title='bbox 482 3523 580 3579; x_wconf 90' lang='lat' dir='ltr'><strong>dat</strong></span> <span class='ocrx_word' id='word_1_263' title='bbox 600 3524 811 3599; x_wconf 83' lang='lat' dir='ltr'><strong>(Ephes.</strong></span> <span class='ocrx_word' id='word_1_264' title='bbox 831 3544 901 3596; x_wconf 83' lang='lat' dir='ltr'><strong>IV,</strong></span> <span class='ocrx_word' id='word_1_265' title='bbox 919 3528 1032 3599; x_wconf 89' lang='lat'><strong>26),</strong></span> <span class='ocrx_word' id='word_1_266' title='bbox 1051 3546 1118 3586; x_wconf 93' lang='lat' dir='ltr'><strong>ne</strong></span> <span class='ocrx_word' id='word_1_267' title='bbox 1131 3531 1417 3587; x_wconf 70' lang='lat' dir='ltr'><strong>inimicitia:</strong></span> <span class='ocrx_word' id='word_1_268' title='bbox 1442 3541 1731 3602; x_wconf 84' lang='lat' dir='ltr'><strong>provocent</strong></span> <span class='ocrx_word' id='word_1_269' title='bbox 1753 3534 1817 3589; x_wconf 90' lang='lat' dir='ltr'><strong>ad</strong></span> <span class='ocrx_word' id='word_1_270' title='bbox 1834 3536 2064 3590; x_wconf 89' lang='lat' dir='ltr'><strong>retribu-</strong></span> 
     </span>
    </p>
   </div>
   <div class='ocr_carea' id='block_1_36' title="bbox 485 3615 2060 3688">
    <p class='ocr_par' dir='ltr' id='par_1_36' title="bbox 485 3615 2060 3688">
     <span class='ocr_line' id='line_1_36' title="bbox 485 3615 2060 3688; baseline 0.008 -20"><span class='ocrx_word' id='word_1_271' title='bbox 485 3615 685 3670; x_wconf 86' lang='lat' dir='ltr'><strong>tionem</strong></span> <span class='ocrx_word' id='word_1_272' title='bbox 708 3617 829 3670; x_wconf 91' lang='lat' dir='ltr'><strong>mali</strong></span> <span class='ocrx_word' id='word_1_273' title='bbox 849 3633 944 3688; x_wconf 84' lang='lat' dir='ltr'><strong>pro</strong></span> <span class='ocrx_word' id='word_1_274' title='bbox 966 3622 1122 3684; x_wconf 89' lang='lat' dir='ltr'><strong>malo,</strong></span> <span class='ocrx_word' id='word_1_275' title='bbox 1147 3637 1214 3678; x_wconf 91' lang='lat' dir='ltr'><strong>ne</strong></span> <span class='ocrx_word' id='word_1_276' title='bbox 1231 3621 1515 3679; x_wconf 87' lang='lat' dir='ltr'><strong>absorbeat</strong></span> <span class='ocrx_word' id='word_1_277' title='bbox 1536 3623 1590 3679; x_wconf 93' lang='lat' dir='ltr'><strong>in</strong></span> <span class='ocrx_word' id='word_1_278' title='bbox 1611 3623 1833 3682; x_wconf 90' lang='lat' dir='ltr'><strong>honesta</strong></span> <span class='ocrx_word' id='word_1_279' title='bbox 1857 3625 1940 3682; x_wconf 89' lang='lat' dir='ltr'><strong>vel</strong></span> <span class='ocrx_word' id='word_1_280' title='bbox 1957 3626 2060 3681; x_wconf 87' lang='lat' dir='ltr'><strong>im-</strong></span> 
     </span>
    </p>
   </div>
   <div class='ocr_carea' id='block_1_37' title="bbox 486 3707 2058 3783">
    <p class='ocr_par' dir='ltr' id='par_1_37' title="bbox 486 3707 2058 3783">
     <span class='ocr_line' id='line_1_37' title="bbox 486 3707 2058 3783; baseline 0.008 -24"><span class='ocrx_word' id='word_1_281' title='bbox 486 3707 761 3762; x_wconf 91' lang='lat' dir='ltr'><strong>moderata</strong></span> <span class='ocrx_word' id='word_1_282' title='bbox 791 3710 1000 3765; x_wconf 88' lang='lat' dir='ltr'><strong>tristitia</strong></span> <span class='ocrx_word' id='word_1_283' title='bbox 1026 3753 1042 3779; x_wconf 88' lang='lat'><strong>,</strong></span> <span class='ocrx_word' id='word_1_284' title='bbox 1068 3726 1135 3768; x_wconf 92' lang='lat' dir='ltr'><strong>ne</strong></span> <span class='ocrx_word' id='word_1_285' title='bbox 1180 3713 1651 3783; x_wconf 89' lang='lat' dir='ltr'><strong>impertiendorum</strong></span> <span class='ocrx_word' id='word_1_286' title='bbox 1679 3715 2058 3772; x_wconf 77' lang='lat' dir='ltr'><strong>beneﬁciorum</strong></span> 
     </span>
    </p>
   </div>
   <div class='ocr_carea' id='block_1_38' title="bbox 484 3797 2062 3873">
    <p class='ocr_par' dir='ltr' id='par_1_38' title="bbox 484 3797 2062 3873">
     <span class='ocr_line' id='line_1_38' title="bbox 484 3797 2062 3873; baseline 0.007 -22"><span class='ocrx_word' id='word_1_287' title='bbox 484 3797 693 3868; x_wconf 79' lang='lat' dir='ltr'><strong>ingerat</strong></span> <span class='ocrx_word' id='word_1_288' title='bbox 708 3815 858 3855; x_wconf 89' lang='lat' dir='ltr'><strong>mens</strong></span> <span class='ocrx_word' id='word_1_289' title='bbox 873 3801 1070 3872; x_wconf 89' lang='lat' dir='ltr'><strong>ingrata</strong></span> <span class='ocrx_word' id='word_1_290' title='bbox 1089 3811 1374 3873; x_wconf 90' lang='lat' dir='ltr'><strong>torporem,</strong></span> <span class='ocrx_word' id='word_1_291' title='bbox 1386 3820 1455 3860; x_wconf 92' lang='lat' dir='ltr'><strong>ne</strong></span> <span class='ocrx_word' id='word_1_292' title='bbox 1475 3805 1748 3860; x_wconf 90' lang='lat' dir='ltr'><strong>maledicis</strong></span> <span class='ocrx_word' id='word_1_293' title='bbox 1762 3807 2062 3862; x_wconf 88' lang='lat' dir='ltr'><strong>rumoribus</strong></span> 
     </span>
    </p>
   </div>
   <div class='ocr_carea' id='block_1_39' title="bbox 483 3887 2061 3966">
    <p class='ocr_par' dir='ltr' id='par_1_39' title="bbox 483 3887 2061 3966">
     <span class='ocr_line' id='line_1_39' title="bbox 483 3887 2061 3966; baseline 0.006 -25"><span class='ocrx_word' id='word_1_294' title='bbox 483 3887 623 3942; x_wconf 90' lang='lat' dir='ltr'><strong>bona</strong></span> <span class='ocrx_word' id='word_1_295' title='bbox 636 3891 954 3945; x_wconf 87' lang='lat' dir='ltr'><strong>conscientia</strong></span> <span class='ocrx_word' id='word_1_296' title='bbox 970 3891 1232 3962; x_wconf 87' lang='lat' dir='ltr'><strong>fatigetur,</strong></span> <span class='ocrx_word' id='word_1_297' title='bbox 1258 3910 1324 3949; x_wconf 90' lang='lat' dir='ltr'><strong>ne</strong></span> <span class='ocrx_word' id='word_1_298' title='bbox 1341 3895 1622 3950; x_wconf 87' lang='lat' dir='ltr'><strong>temeraria</strong></span> <span class='ocrx_word' id='word_1_299' title='bbox 1635 3895 1702 3951; x_wconf 89' lang='lat' dir='ltr'><strong>de</strong></span> <span class='ocrx_word' id='word_1_300' title='bbox 1715 3895 1819 3950; x_wconf 90' lang='lat' dir='ltr'><strong>alio</strong></span> <span class='ocrx_word' id='word_1_301' title='bbox 1830 3897 2061 3966; x_wconf 91' lang='lat' dir='ltr'><strong>suspicio</strong></span> 
     </span>
    </p>
   </div>
   <div class='ocr_carea' id='block_1_40' title="bbox 485 3982 2058 4056">
    <p class='ocr_par' dir='ltr' id='par_1_40' title="bbox 485 3982 2058 4056">
     <span class='ocr_line' id='line_1_40' title="bbox 485 3982 2058 4056; baseline 0.003 -22"><span class='ocrx_word' id='word_1_302' title='bbox 485 3994 586 4036; x_wconf 87' lang='lat' dir='ltr'><strong>nos</strong></span> <span class='ocrx_word' id='word_1_303' title='bbox 603 3992 778 4038; x_wconf 90' lang='lat' dir='ltr'><strong>nostra</strong></span> <span class='ocrx_word' id='word_1_304' title='bbox 795 3982 1041 4054; x_wconf 90' lang='lat' dir='ltr'><strong>decipiat,</strong></span> <span class='ocrx_word' id='word_1_305' title='bbox 1060 3999 1128 4040; x_wconf 91' lang='lat' dir='ltr'><strong>ne</strong></span> <span class='ocrx_word' id='word_1_306' title='bbox 1148 3986 1317 4041; x_wconf 89' lang='lat' dir='ltr'><strong>aliena</strong></span> <span class='ocrx_word' id='word_1_307' title='bbox 1329 3985 1395 4041; x_wconf 92' lang='lat' dir='ltr'><strong>de</strong></span> <span class='ocrx_word' id='word_1_308' title='bbox 1409 3987 1560 4042; x_wconf 88' lang='lat' dir='ltr'><strong>nobis</strong></span> <span class='ocrx_word' id='word_1_309' title='bbox 1576 3986 1705 4042; x_wconf 88' lang='lat' dir='ltr'><strong>falsa</strong></span> <span class='ocrx_word' id='word_1_310' title='bbox 1723 4001 1819 4042; x_wconf 92' lang='lat' dir='ltr'><strong>nos</strong></span> <span class='ocrx_word' id='word_1_311' title='bbox 1832 3986 2058 4056; x_wconf 86' lang='lat' dir='ltr'><strong>frangat,</strong></span> 
     </span>
    </p>
   </div>
   <div class='ocr_carea' id='block_1_41' title="bbox 485 4076 2062 4147">
    <p class='ocr_par' dir='ltr' id='par_1_41' title="bbox 485 4076 2062 4147">
     <span class='ocr_line' id='line_1_41' title="bbox 485 4076 2062 4147; baseline 0.004 -23"><span class='ocrx_word' id='word_1_312' title='bbox 485 4085 557 4125; x_wconf 87' lang='lat' dir='ltr'><strong>ne</strong></span> <span class='ocrx_word' id='word_1_313' title='bbox 579 4081 765 4142; x_wconf 88' lang='lat' dir='ltr'><strong>regnet</strong></span> <span class='ocrx_word' id='word_1_314' title='bbox 780 4084 1051 4144; x_wconf 89' lang='lat' dir='ltr'><strong>peccatum</strong></span> <span class='ocrx_word' id='word_1_315' title='bbox 1075 4077 1125 4130; x_wconf 93' lang='lat' dir='ltr'><strong>in</strong></span> <span class='ocrx_word' id='word_1_316' title='bbox 1146 4085 1328 4132; x_wconf 91' lang='lat' dir='ltr'><strong>nostro</strong></span> <span class='ocrx_word' id='word_1_317' title='bbox 1365 4078 1573 4132; x_wconf 90' lang='lat' dir='ltr'><strong>mortali</strong></span> <span class='ocrx_word' id='word_1_318' title='bbox 1597 4091 1818 4147; x_wconf 90' lang='lat' dir='ltr'><strong>corpore</strong></span> <span class='ocrx_word' id='word_1_319' title='bbox 1843 4076 1909 4130; x_wconf 88' lang='lat' dir='ltr'><strong>ad</strong></span> <span class='ocrx_word' id='word_1_320' title='bbox 1930 4076 2062 4132; x_wconf 89' lang='lat' dir='ltr'><strong>obe-</strong></span> 
     </span>
    </p>
   </div>
   <div class='ocr_carea' id='block_1_42' title="bbox 489 4160 2064 4236">
    <p class='ocr_par' dir='ltr' id='par_1_42' title="bbox 489 4160 2064 4236">
     <span class='ocr_line' id='line_1_42' title="bbox 489 4160 2064 4236; baseline 0.005 -21"><span class='ocrx_word' id='word_1_321' title='bbox 489 4160 740 4218; x_wconf 90' lang='lat' dir='ltr'><strong>diendum</strong></span> <span class='ocrx_word' id='word_1_322' title='bbox 757 4164 1032 4221; x_wconf 89' lang='lat' dir='ltr'><strong>desideriis</strong></span> <span class='ocrx_word' id='word_1_323' title='bbox 1048 4167 1182 4236; x_wconf 88' lang='lat' dir='ltr'><strong>ejus,</strong></span> <span class='ocrx_word' id='word_1_324' title='bbox 1207 4183 1272 4222; x_wconf 93' lang='lat' dir='ltr'><strong>ne</strong></span> <span class='ocrx_word' id='word_1_325' title='bbox 1298 4168 1533 4224; x_wconf 88' lang='lat' dir='ltr'><strong>membra</strong></span> <span class='ocrx_word' id='word_1_326' title='bbox 1553 4176 1732 4222; x_wconf 90' lang='lat' dir='ltr'><strong>nostra</strong></span> <span class='ocrx_word' id='word_1_327' title='bbox 1754 4168 2064 4223; x_wconf 91' lang='lat' dir='ltr'><strong>exibeantur</strong></span> 
     </span>
    </p>
   </div>
   <div class='ocr_carea' id='block_1_43' title="bbox 491 4251 2063 4328">
    <p class='ocr_par' dir='ltr' id='par_1_43' title="bbox 491 4251 2063 4328">
     <span class='ocr_line' id='line_1_43' title="bbox 491 4251 2063 4328; baseline 0.006 -24"><span class='ocrx_word' id='word_1_328' title='bbox 491 4251 786 4322; x_wconf 87' lang='lat' dir='ltr'><strong>iniquitatis</strong></span> <span class='ocrx_word' id='word_1_329' title='bbox 817 4269 962 4310; x_wconf 89' lang='lat' dir='ltr'><strong>arma</strong></span> <span class='ocrx_word' id='word_1_330' title='bbox 990 4266 1205 4326; x_wconf 88' lang='lat' dir='ltr'><strong>peccato</strong></span> <span class='ocrx_word' id='word_1_331' title='bbox 1231 4257 1490 4326; x_wconf 52' lang='lat' dir='ltr'><strong>(Roman,</strong></span> <span class='ocrx_word' id='word_1_332' title='bbox 1520 4257 1744 4328; x_wconf 73' lang='lat'><strong>12,13),</strong></span> <span class='ocrx_word' id='word_1_333' title='bbox 1775 4274 1841 4314; x_wconf 90' lang='lat' dir='ltr'><strong>ne</strong></span> <span class='ocrx_word' id='word_1_334' title='bbox 1876 4259 2063 4314; x_wconf 87' lang='lat' dir='ltr'><strong>oculus</strong></span> 
     </span>
    </p>
   </div>
   <div class='ocr_carea' id='block_1_44' title="bbox 491 4347 2064 4418">
    <p class='ocr_par' dir='ltr' id='par_1_44' title="bbox 491 4347 2064 4418">
     <span class='ocr_line' id='line_1_44' title="bbox 491 4347 2064 4418; baseline 0.004 -21"><span class='ocrx_word' id='word_1_335' title='bbox 491 4351 748 4413; x_wconf 89' lang='lat' dir='ltr'><strong>sequatur</strong></span> <span class='ocrx_word' id='word_1_336' title='bbox 790 4347 1313 4415; x_wconf 89' lang='lat' dir='ltr'><strong>concupiscentiam,</strong></span> <span class='ocrx_word' id='word_1_337' title='bbox 1362 4362 1429 4402; x_wconf 93' lang='lat' dir='ltr'><strong>ne</strong></span> <span class='ocrx_word' id='word_1_338' title='bbox 1461 4347 1760 4402; x_wconf 84' lang='lat' dir='ltr'><strong>vindicandi</strong></span> <span class='ocrx_word' id='word_1_339' title='bbox 1803 4349 2064 4418; x_wconf 86' lang='lat' dir='ltr'><strong>cupiditas</strong></span> 
     </span>
    </p>
   </div>
   <div class='ocr_carea' id='block_1_45' title="bbox 487 4435 2064 4508">
    <p class='ocr_par' dir='ltr' id='par_1_45' title="bbox 487 4435 2064 4508">
     <span class='ocr_line' id='line_1_45' title="bbox 487 4435 2064 4508; baseline 0.004 -20"><span class='ocrx_word' id='word_1_340' title='bbox 487 4435 689 4503; x_wconf 89' lang='lat' dir='ltr'><strong>vincat,</strong></span> <span class='ocrx_word' id='word_1_341' title='bbox 715 4451 782 4492; x_wconf 91' lang='lat' dir='ltr'><strong>ne</strong></span> <span class='ocrx_word' id='word_1_342' title='bbox 807 4437 859 4491; x_wconf 90' lang='lat' dir='ltr'><strong>in</strong></span> <span class='ocrx_word' id='word_1_343' title='bbox 881 4453 945 4493; x_wconf 90' lang='lat' dir='ltr'><strong>eo</strong></span> <span class='ocrx_word' id='word_1_344' title='bbox 962 4437 1103 4508; x_wconf 91' lang='lat' dir='ltr'><strong>quod</strong></span> <span class='ocrx_word' id='word_1_345' title='bbox 1135 4439 1276 4494; x_wconf 89' lang='lat' dir='ltr'><strong>male</strong></span> <span class='ocrx_word' id='word_1_346' title='bbox 1303 4437 1553 4507; x_wconf 83' lang='lat' dir='ltr'><strong>delectat,</strong></span> <span class='ocrx_word' id='word_1_347' title='bbox 1575 4439 1664 4494; x_wconf 85' lang='lat' dir='ltr'><strong>vel</strong></span> <span class='ocrx_word' id='word_1_348' title='bbox 1691 4437 1828 4495; x_wconf 87' lang='lat' dir='ltr'><strong>visio</strong></span> <span class='ocrx_word' id='word_1_349' title='bbox 1857 4439 1942 4495; x_wconf 89' lang='lat' dir='ltr'><strong>vel</strong></span> <span class='ocrx_word' id='word_1_350' title='bbox 1967 4453 2064 4494; x_wconf 87' lang='lat' dir='ltr'><strong>eo-</strong></span> 
     </span>
    </p>
   </div>
   <div class='ocr_carea' id='block_1_46' title="bbox 489 4523 2065 4598">
    <p class='ocr_par' dir='ltr' id='par_1_46' title="bbox 489 4523 2065 4598">
     <span class='ocr_line' id='line_1_46' title="bbox 489 4523 2065 4598; baseline 0.003 -19"><span class='ocrx_word' id='word_1_351' title='bbox 489 4523 676 4594; x_wconf 87' lang='lat' dir='ltr'><strong>gitatio</strong></span> <span class='ocrx_word' id='word_1_352' title='bbox 694 4533 1012 4594; x_wconf 89' lang='lat' dir='ltr'><strong>remoretur,</strong></span> <span class='ocrx_word' id='word_1_353' title='bbox 1035 4541 1102 4583; x_wconf 93' lang='lat' dir='ltr'><strong>ne</strong></span> <span class='ocrx_word' id='word_1_354' title='bbox 1121 4527 1421 4598; x_wconf 92' lang='lat' dir='ltr'><strong>improbum</strong></span> <span class='ocrx_word' id='word_1_355' title='bbox 1447 4536 1539 4584; x_wconf 90' lang='lat' dir='ltr'><strong>aut</strong></span> <span class='ocrx_word' id='word_1_356' title='bbox 1566 4528 1820 4586; x_wconf 70' lang='lat' dir='ltr'><strong>indecens</strong></span> <span class='ocrx_word' id='word_1_357' title='bbox 1843 4528 2065 4586; x_wconf 83' lang='lat' dir='ltr'><strong>verbum</strong></span> 
     </span>
    </p>
   </div>
   <div class='ocr_carea' id='block_1_47' title="bbox 492 4615 2064 4688">
    <p class='ocr_par' dir='ltr' id='par_1_47' title="bbox 492 4615 2064 4688">
     <span class='ocr_line' id='line_1_47' title="bbox 492 4615 2064 4688; baseline 0.002 -18"><span class='ocrx_word' id='word_1_358' title='bbox 492 4615 719 4672; x_wconf 87' lang='lat' dir='ltr'><strong>libenter</strong></span> <span class='ocrx_word' id='word_1_359' title='bbox 765 4616 1048 4685; x_wconf 87' lang='lat' dir='ltr'><strong>audiatur,</strong></span> <span class='ocrx_word' id='word_1_360' title='bbox 1097 4632 1164 4673; x_wconf 90' lang='lat' dir='ltr'><strong>ne</strong></span> <span class='ocrx_word' id='word_1_361' title='bbox 1201 4618 1290 4673; x_wconf 88' lang='lat' dir='ltr'><strong>llat</strong></span> <span class='ocrx_word' id='word_1_362' title='bbox 1330 4617 1471 4688; x_wconf 92' lang='lat' dir='ltr'><strong>quod</strong></span> <span class='ocrx_word' id='word_1_363' title='bbox 1517 4634 1624 4675; x_wconf 92' lang='lat' dir='ltr'><strong>non</strong></span> <span class='ocrx_word' id='word_1_364' title='bbox 1662 4620 1786 4675; x_wconf 90' lang='lat' dir='ltr'><strong>licet</strong></span> <span class='ocrx_word' id='word_1_365' title='bbox 1810 4661 1826 4687; x_wconf 93' lang='lat'><strong>,</strong></span> <span class='ocrx_word' id='word_1_366' title='bbox 1857 4619 2064 4675; x_wconf 90' lang='lat' dir='ltr'><strong>etiamsi</strong></span> 
     </span>
    </p>
   </div>
   <div class='ocr_carea' id='block_1_48' title="bbox 495 4705 2063 4781">
    <p class='ocr_par' dir='ltr' id='par_1_48' title="bbox 495 4705 2063 4781">
     <span class='ocr_line' id='line_1_48' title="bbox 495 4705 2063 4781; baseline 0.002 -20"><span class='ocrx_word' id='word_1_367' title='bbox 495 4705 736 4774; x_wconf 80' lang='lat' dir='ltr'><strong>libet,ne</strong></span> <span class='ocrx_word' id='word_1_368' title='bbox 764 4707 816 4763; x_wconf 92' lang='lat' dir='ltr'><strong>in</strong></span> <span class='ocrx_word' id='word_1_369' title='bbox 856 4707 958 4778; x_wconf 75' lang='lat' dir='ltr'><strong>hoc</strong></span> <span class='ocrx_word' id='word_1_370' title='bbox 997 4707 1139 4764; x_wconf 88' lang='lat' dir='ltr'><strong>bello</strong></span> <span class='ocrx_word' id='word_1_371' title='bbox 1164 4708 1406 4764; x_wconf 89' lang='lat' dir='ltr'><strong>laborum</strong></span> <span class='ocrx_word' id='word_1_372' title='bbox 1441 4711 1908 4781; x_wconf 87' lang='lat' dir='ltr'><strong>periculorumque</strong></span> <span class='ocrx_word' id='word_1_373' title='bbox 1947 4709 2063 4780; x_wconf 87' lang='lat' dir='ltr'><strong>plc-</strong></span> 
     </span>
    </p>
   </div>
   <div class='ocr_carea' id='block_1_49' title="bbox 496 4796 2062 4869">
    <p class='ocr_par' dir='ltr' id='par_1_49' title="bbox 496 4796 2062 4869">
     <span class='ocr_line' id='line_1_49' title="bbox 496 4796 2062 4869; baseline 0.003 -19"><span class='ocrx_word' id='word_1_374' title='bbox 496 4797 716 4853; x_wconf 89' lang='lat' dir='ltr'><strong>nissimo</strong></span> <span class='ocrx_word' id='word_1_375' title='bbox 740 4797 822 4853; x_wconf 89' lang='lat' dir='ltr'><strong>vel</strong></span> <span class='ocrx_word' id='word_1_376' title='bbox 852 4796 920 4853; x_wconf 89' lang='lat' dir='ltr'><strong>de</strong></span> <span class='ocrx_word' id='word_1_377' title='bbox 954 4797 1153 4853; x_wconf 91' lang='lat' dir='ltr'><strong>viribus</strong></span> <span class='ocrx_word' id='word_1_378' title='bbox 1196 4799 1394 4854; x_wconf 90' lang='lat' dir='ltr'><strong>nostris</strong></span> <span class='ocrx_word' id='word_1_379' title='bbox 1433 4808 1680 4869; x_wconf 90' lang='lat' dir='ltr'><strong>speretur</strong></span> <span class='ocrx_word' id='word_1_380' title='bbox 1715 4798 1952 4854; x_wconf 91' lang='lat' dir='ltr'><strong>facienda</strong></span> <span class='ocrx_word' id='word_1_381' title='bbox 1978 4799 2062 4854; x_wconf 84' lang='lat' dir='ltr'><strong>vi-</strong></span> 
     </span>
    </p>
   </div>
   <div class='ocr_carea' id='block_1_50' title="bbox 493 4888 2064 4961">
    <p class='ocr_par' dir='ltr' id='par_1_50' title="bbox 493 4888 2064 4961">
     <span class='ocr_line' id='line_1_50' title="bbox 493 4888 2064 4961; baseline 0 -17"><span class='ocrx_word' id='word_1_382' title='bbox 493 4889 685 4955; x_wconf 91' lang='lat' dir='ltr'><strong>ctoria,</strong></span> <span class='ocrx_word' id='word_1_383' title='bbox 701 4889 785 4944; x_wconf 86' lang='lat' dir='ltr'><strong>vel</strong></span> <span class='ocrx_word' id='word_1_384' title='bbox 798 4888 998 4944; x_wconf 90' lang='lat' dir='ltr'><strong>viribus</strong></span> <span class='ocrx_word' id='word_1_385' title='bbox 1020 4890 1218 4944; x_wconf 87' lang='lat' dir='ltr'><strong>nostris</strong></span> <span class='ocrx_word' id='word_1_386' title='bbox 1243 4888 1377 4945; x_wconf 86' lang='lat' dir='ltr'><strong>facta</strong></span> <span class='ocrx_word' id='word_1_387' title='bbox 1400 4891 1682 4958; x_wconf 89' lang='lat' dir='ltr'><strong>tribuatur,</strong></span> <span class='ocrx_word' id='word_1_388' title='bbox 1701 4891 1795 4946; x_wconf 91' lang='lat' dir='ltr'><strong>sed</strong></span> <span class='ocrx_word' id='word_1_389' title='bbox 1810 4891 1926 4960; x_wconf 91' lang='lat' dir='ltr'><strong>ejus</strong></span> <span class='ocrx_word' id='word_1_390' title='bbox 1942 4905 2064 4961; x_wconf 88' lang='lat' dir='ltr'><strong>gra-</strong></span> 
     </span>
    </p>
   </div>
   <div class='ocr_carea' id='block_1_51' title="bbox 494 4979 2064 5051">
    <p class='ocr_par' dir='ltr' id='par_1_51' title="bbox 494 4979 2064 5051">
     <span class='ocr_line' id='line_1_51' title="bbox 494 4979 2064 5051; baseline 0.001 -18"><span class='ocrx_word' id='word_1_391' title='bbox 494 4981 602 5045; x_wconf 79' lang='lat' dir='ltr'><strong>tiae,</strong></span> <span class='ocrx_word' id='word_1_392' title='bbox 620 4979 687 5035; x_wconf 91' lang='lat' dir='ltr'><strong>de</strong></span> <span class='ocrx_word' id='word_1_393' title='bbox 713 4993 818 5050; x_wconf 93' lang='lat' dir='ltr'><strong>quo</strong></span> <span class='ocrx_word' id='word_1_394' title='bbox 841 4979 915 5034; x_wconf 89' lang='lat' dir='ltr'><strong>ait</strong></span> <span class='ocrx_word' id='word_1_395' title='bbox 934 4980 1218 5049; x_wconf 83' lang='lat' dir='ltr'><strong>Apostolus</strong></span> <span class='ocrx_word' id='word_1_396' title='bbox 1251 4998 1263 5033; x_wconf 94' lang='lat'><strong>:</strong></span> <span class='ocrx_word' id='word_1_397' title='bbox 1285 4979 1485 5036; x_wconf 81' lang='lat' dir='ltr'><strong>Gratias</strong></span> <span class='ocrx_word' id='word_1_398' title='bbox 1505 4987 1673 5036; x_wconf 86' lang='lat' dir='ltr'><strong>autem</strong></span> <span class='ocrx_word' id='word_1_399' title='bbox 1702 4980 1832 5049; x_wconf 83' lang='lat' dir='ltr'><strong>Deo,</strong></span> <span class='ocrx_word' id='word_1_400' title='bbox 1863 4982 1949 5051; x_wconf 87' lang='lat' dir='ltr'><strong>qui</strong></span> <span class='ocrx_word' id='word_1_401' title='bbox 1975 4980 2064 5034; x_wconf 84' lang='lat' dir='ltr'><strong>dat</strong></span> 
     </span>
    </p>
   </div>
   <div class='ocr_carea' id='block_1_52' title="bbox 492 5068 2065 5140">
    <p class='ocr_par' dir='ltr' id='par_1_52' title="bbox 492 5068 2065 5140">
     <span class='ocr_line' id='line_1_52' title="bbox 492 5068 2065 5140; baseline 0 -18"><span class='ocrx_word' id='word_1_402' title='bbox 492 5069 634 5124; x_wconf 84' lang='lat' dir='ltr'><strong>nobis</strong></span> <span class='ocrx_word' id='word_1_403' title='bbox 669 5069 926 5123; x_wconf 79' lang='lat' dir='ltr'><strong>victoriam</strong></span> <span class='ocrx_word' id='word_1_404' title='bbox 959 5086 1048 5140; x_wconf 84' lang='lat' dir='ltr'><strong>per</strong></span> <span class='ocrx_word' id='word_1_405' title='bbox 1073 5068 1345 5124; x_wconf 74' lang='lat' dir='ltr'><strong>Dominum</strong></span> <span class='ocrx_word' id='word_1_406' title='bbox 1361 5081 1586 5125; x_wconf 87' lang='lat' dir='ltr'><strong>nostrum</strong></span> <span class='ocrx_word' id='word_1_407' title='bbox 1616 5069 1794 5124; x_wconf 74' lang='lat' dir='ltr'><strong>Iesum</strong></span> <span class='ocrx_word' id='word_1_408' title='bbox 1811 5071 2065 5125; x_wconf 83' lang='lat' dir='ltr'><strong>Christum</strong></span> 
     </span>
    </p>
   </div>
   <div class='ocr_carea' id='block_1_53' title="bbox 494 5157 2065 5230">
    <p class='ocr_par' dir='ltr' id='par_1_53' title="bbox 494 5157 2065 5230">
     <span class='ocr_line' id='line_1_53' title="bbox 494 5157 2065 5230; baseline 0 -20"><span class='ocrx_word' id='word_1_409' title='bbox 494 5157 667 5230; x_wconf 88' lang='lat' dir='ltr'><strong>(ICor.</strong></span> <span class='ocrx_word' id='word_1_410' title='bbox 697 5173 788 5224; x_wconf 88' lang='lat' dir='ltr'><strong>xv,</strong></span> <span class='ocrx_word' id='word_1_411' title='bbox 815 5157 927 5228; x_wconf 86' lang='lat'><strong>57).</strong></span> <span class='ocrx_word' id='word_1_412' title='bbox 945 5157 1045 5226; x_wconf 86' lang='lat' dir='ltr'><strong>Qui</strong></span> <span class='ocrx_word' id='word_1_413' title='bbox 1066 5167 1120 5213; x_wconf 89' lang='lat' dir='ltr'><strong>et</strong></span> <span class='ocrx_word' id='word_1_414' title='bbox 1141 5158 1247 5212; x_wconf 83' lang='lat' dir='ltr'><strong>alio</strong></span> <span class='ocrx_word' id='word_1_415' title='bbox 1265 5158 1403 5223; x_wconf 92' lang='lat' dir='ltr'><strong>loco,</strong></span> <span class='ocrx_word' id='word_1_416' title='bbox 1422 5158 1488 5212; x_wconf 87' lang='lat' dir='ltr'><strong>In</strong></span> <span class='ocrx_word' id='word_1_417' title='bbox 1503 5158 1600 5226; x_wconf 79' lang='lat' dir='ltr'><strong>his,</strong></span> <span class='ocrx_word' id='word_1_418' title='bbox 1623 5158 1811 5229; x_wconf 89' lang='lat' dir='ltr'><strong>inquit,</strong></span> <span class='ocrx_word' id='word_1_419' title='bbox 1839 5157 2065 5212; x_wconf 85' lang='lat' dir='ltr'><strong>omnibus</strong></span> 
     </span>
    </p>
   </div>
   <div class='ocr_carea' id='block_1_54' title="bbox 495 5239 2061 5313">
    <p class='ocr_par' dir='ltr' id='par_1_54' title="bbox 495 5239 2061 5313">
     <span class='ocr_line' id='line_1_54' title="bbox 495 5239 2061 5313; baseline 0 -19"><span class='ocrx_word' id='word_1_420' title='bbox 495 5241 889 5312; x_wconf 82' lang='lat' dir='ltr'><strong>supervincimus</strong></span> <span class='ocrx_word' id='word_1_421' title='bbox 915 5257 1002 5310; x_wconf 85' lang='lat' dir='ltr'><strong>per</strong></span> <span class='ocrx_word' id='word_1_422' title='bbox 1043 5257 1155 5295; x_wconf 89' lang='lat' dir='ltr'><strong>eum</strong></span> <span class='ocrx_word' id='word_1_423' title='bbox 1179 5242 1264 5310; x_wconf 86' lang='lat' dir='ltr'><strong>qui</strong></span> <span class='ocrx_word' id='word_1_424' title='bbox 1292 5242 1467 5296; x_wconf 70' lang='lat' dir='ltr'><strong>dilexit</strong></span> <span class='ocrx_word' id='word_1_425' title='bbox 1495 5258 1585 5296; x_wconf 86' lang='lat' dir='ltr'><strong>nos</strong></span> <span class='ocrx_word' id='word_1_426' title='bbox 1603 5241 1776 5313; x_wconf 83' lang='lat' dir='ltr'><strong>(Rom.</strong></span> <span class='ocrx_word' id='word_1_427' title='bbox 1813 5255 1918 5304; x_wconf 83' lang='lat' dir='ltr'><strong>vttt,</strong></span> <span class='ocrx_word' id='word_1_428' title='bbox 1949 5239 2061 5310; x_wconf 81' lang='grc'><strong>57).</strong></span> 
     </span>
    </p>
   </div>
   <div class='ocr_carea' id='block_1_55' title="bbox 495 5329 2064 5401">
    <p class='ocr_par' dir='ltr' id='par_1_55' title="bbox 495 5329 2064 5401">
     <span class='ocr_line' id='line_1_55' title="bbox 495 5329 2064 5401; baseline -0.001 -15"><span class='ocrx_word' id='word_1_429' title='bbox 495 5331 736 5386; x_wconf 82' lang='lat' dir='ltr'><strong>Sciamus</strong></span> <span class='ocrx_word' id='word_1_430' title='bbox 753 5340 926 5387; x_wconf 86' lang='lat' dir='ltr'><strong>tamen</strong></span> <span class='ocrx_word' id='word_1_431' title='bbox 949 5331 1276 5400; x_wconf 89' lang='lat' dir='ltr'><strong>quantalibet</strong></span> <span class='ocrx_word' id='word_1_432' title='bbox 1298 5331 1494 5386; x_wconf 85' lang='lat' dir='ltr'><strong>virtute</strong></span> <span class='ocrx_word' id='word_1_433' title='bbox 1516 5329 1788 5401; x_wconf 64' lang='lat' dir='ltr'><strong>praeliandi</strong></span> <span class='ocrx_word' id='word_1_434' title='bbox 1810 5329 1949 5383; x_wconf 88' lang='lat' dir='ltr'><strong>vitiis</strong></span> <span class='ocrx_word' id='word_1_435' title='bbox 1976 5343 2064 5384; x_wconf 91' lang='lat' dir='ltr'><strong>re-</strong></span> 
     </span>
    </p>
   </div>
   <div class='ocr_carea' id='block_1_56' title="bbox 559 5498 2062 5564">
    <p class='ocr_par' dir='ltr' id='par_1_56' title="bbox 559 5498 2062 5564">
     <span class='ocr_line' id='line_1_56' title="bbox 559 5498 2062 5564; baseline -0.001 -14"><span class='ocrx_word' id='word_1_436' title='bbox 559 5501 631 5564; x_wconf 91' lang='lat' dir='ltr'><strong>(a)</strong></span> <span class='ocrx_word' id='word_1_437' title='bbox 664 5501 749 5551; x_wconf 89' lang='lat' dir='ltr'><strong>Ubi</strong></span> <span class='ocrx_word' id='word_1_438' title='bbox 788 5502 885 5564; x_wconf 81' lang='lat' dir='ltr'><strong>hoc</strong></span> <span class='ocrx_word' id='word_1_439' title='bbox 917 5502 978 5552; x_wconf 90' lang='lat' dir='ltr'><strong>ad</strong></span> <span class='ocrx_word' id='word_1_440' title='bbox 999 5502 1201 5564; x_wconf 83' lang='lat' dir='ltr'><strong>verbum</strong></span> <span class='ocrx_word' id='word_1_441' title='bbox 1239 5501 1367 5552; x_wconf 90' lang='lat' dir='ltr'><strong>dicat</strong></span> <span class='ocrx_word' id='word_1_442' title='bbox 1405 5503 1586 5559; x_wconf 89' lang='lat' dir='ltr'><strong>cicero,</strong></span> <span class='ocrx_word' id='word_1_443' title='bbox 1627 5513 1721 5551; x_wconf 90' lang='lat' dir='ltr'><strong>non</strong></span> <span class='ocrx_word' id='word_1_444' title='bbox 1743 5506 1816 5564; x_wconf 88' lang='lat' dir='ltr'><strong>sat</strong></span> <span class='ocrx_word' id='word_1_445' title='bbox 1849 5498 2062 5549; x_wconf 90' lang='lat' dir='ltr'><strong>memini.</strong></span> 
     </span>
    </p>
   </div>
   <div class='ocr_carea' id='block_1_57' title="bbox 494 5559 2066 5632">
    <p class='ocr_par' dir='ltr' id='par_1_57' title="bbox 494 5559 2066 5632">
     <span class='ocr_line' id='line_1_57' title="bbox 494 5559 2066 5632; baseline -0.003 -19"><span class='ocrx_word' id='word_1_446' title='bbox 494 5559 741 5632; x_wconf 70' lang='lat' dir='ltr'><strong>Sententia</strong></span> <span class='ocrx_word' id='word_1_447' title='bbox 762 5559 932 5632; x_wconf 71' lang='lat' dir='ltr'><strong>similis</strong></span> <span class='ocrx_word' id='word_1_448' title='bbox 944 5572 1032 5632; x_wconf 75' lang='lat' dir='ltr'><strong>est</strong></span> <span class='ocrx_word' id='word_1_449' title='bbox 1051 5566 1100 5613; x_wconf 90' lang='lat' dir='ltr'><strong>in</strong></span> <span class='ocrx_word' id='word_1_450' title='bbox 1117 5562 1241 5632; x_wconf 79' lang='lat' dir='ltr'><strong>libro</strong></span> <span class='ocrx_word' id='word_1_451' title='bbox 1260 5566 1429 5632; x_wconf 79' lang='lat' dir='ltr'><strong>quinto</strong></span> <span class='ocrx_word' id='word_1_452' title='bbox 1449 5564 1512 5632; x_wconf 84' lang='lat' dir='ltr'><strong>de</strong></span> <span class='ocrx_word' id='word_1_453' title='bbox 1539 5564 1729 5632; x_wconf 70' lang='lat' dir='ltr'><strong>Finibus</strong></span> <span class='ocrx_word' id='word_1_454' title='bbox 1748 5563 1982 5632; x_wconf 74' lang='lat' dir='ltr'><strong>bonorum</strong></span> <span class='ocrx_word' id='word_1_455' title='bbox 2014 5567 2066 5609; x_wconf 89' lang='lat' dir='ltr'><strong>et</strong></span> 
     </span>
    </p>
   </div>
   <div class='ocr_carea' id='block_1_58' title="bbox 498 5623 2063 5692">
    <p class='ocr_par' dir='ltr' id='par_1_58' title="bbox 498 5623 2063 5692">
     <span class='ocr_line' id='line_1_58' title="bbox 498 5623 2063 5692; baseline -0.003 -19"><span class='ocrx_word' id='word_1_456' title='bbox 498 5623 730 5673; x_wconf 81' lang='lat' dir='ltr'><strong>malorum</strong></span> <span class='ocrx_word' id='word_1_457' title='bbox 746 5659 760 5683; x_wconf 94' lang='lat'><strong>,</strong></span> <span class='ocrx_word' id='word_1_458' title='bbox 778 5636 882 5686; x_wconf 80' lang='lat' dir='ltr'><strong>cap.</strong></span> <span class='ocrx_word' id='word_1_459' title='bbox 903 5624 957 5674; x_wconf 82' lang='lat' dir='ltr'><strong>2i</strong></span> <span class='ocrx_word' id='word_1_460' title='bbox 988 5624 1258 5692; x_wconf 74' lang='lat' dir='ltr'><strong>:_Pr:eclare</strong></span> <span class='ocrx_word' id='word_1_461' title='bbox 1273 5623 1411 5692; x_wconf 75' lang='lat' dir='ltr'><strong>enim</strong></span> <span class='ocrx_word' id='word_1_462' title='bbox 1425 5624 1552 5692; x_wconf 81' lang='lat' dir='ltr'><strong>Plato</strong></span> <span class='ocrx_word' id='word_1_463' title='bbox 1572 5639 1583 5672; x_wconf 93' lang='lat'>:</span> <span class='ocrx_word' id='word_1_464' title='bbox 1611 5630 1806 5673; x_wconf 84' lang='lat' dir='ltr'><strong>Beatum</strong></span> <span class='ocrx_word' id='word_1_465' title='bbox 1819 5623 1897 5672; x_wconf 87' lang='lat' dir='ltr'><strong>cui</strong></span> <span class='ocrx_word' id='word_1_466' title='bbox 1919 5623 2063 5692; x_wconf 74' lang='lat' dir='ltr'><strong>etiam</strong></span> 
     </span>
    </p>
   </div>
   <div class='ocr_carea' id='block_1_59' title="bbox 502 5687 2060 5748">
    <p class='ocr_par' dir='ltr' id='par_1_59' title="bbox 502 5687 2060 5748">
     <span class='ocr_line' id='line_1_59' title="bbox 502 5687 2060 5748; baseline -0.003 -14"><span class='ocrx_word' id='word_1_467' title='bbox 502 5704 522 5729; x_wconf 72' lang='grc' dir='ltr'><strong><em>α</em></strong></span> <span class='ocrx_word' id='word_1_468' title='bbox 549 5701 595 5734; x_wconf 82' lang='grc' dir='ltr'><strong>ιη</strong></span> <span class='ocrx_word' id='word_1_469' title='bbox 619 5693 874 5735; x_wconf 85' lang='lat' dir='ltr'><strong>senectute</strong></span> <span class='ocrx_word' id='word_1_470' title='bbox 896 5687 1183 5748; x_wconf 83' lang='lat' dir='ltr'><strong>contigerit,</strong></span> <span class='ocrx_word' id='word_1_471' title='bbox 1227 5694 1281 5735; x_wconf 93' lang='lat' dir='ltr'><strong>ut</strong></span> <span class='ocrx_word' id='word_1_472' title='bbox 1313 5687 1594 5746; x_wconf 81' lang='lat' dir='ltr'><strong>sapientiam</strong></span> <span class='ocrx_word' id='word_1_473' title='bbox 1617 5697 1855 5748; x_wconf 86' lang='lat' dir='ltr'><strong>verasque</strong></span> <span class='ocrx_word' id='word_1_474' title='bbox 1879 5687 2060 5744; x_wconf 84' lang='lat' dir='ltr'><strong>Opinio-</strong></span> 
     </span>
    </p>
   </div>
   <div class='ocr_carea' id='block_1_60' title="bbox 501 5749 1398 5811">
    <p class='ocr_par' dir='ltr' id='par_1_60' title="bbox 501 5749 1398 5811">
     <span class='ocr_line' id='line_1_60' title="bbox 501 5749 1398 5811; baseline 0 -17"><span class='ocrx_word' id='word_1_475' title='bbox 501 5764 524 5792; x_wconf 75' lang='grc' dir='ltr'>ι</span> <span class='ocrx_word' id='word_1_476' title='bbox 549 5761 637 5797; x_wconf 84' lang='lat' dir='ltr'><strong>nes</strong></span> <span class='ocrx_word' id='word_1_477' title='bbox 658 5749 848 5811; x_wconf 88' lang='lat' dir='ltr'><strong>assequi</strong></span> <span class='ocrx_word' id='word_1_478' title='bbox 874 5749 1035 5810; x_wconf 81' lang='lat' dir='ltr'><strong>possit.</strong></span> <span class='ocrx_word' id='word_1_479' title='bbox 1062 5765 1082 5792; x_wconf 74' lang='grc' dir='ltr'><strong>ιο</strong></span> <span class='ocrx_word' id='word_1_480' title='bbox 1115 5755 1220 5797; x_wconf 78' lang='lat' dir='ltr'><strong>Lua.</strong></span> <span class='ocrx_word' id='word_1_481' title='bbox 1252 5755 1398 5797; x_wconf 70' lang='lat' dir='ltr'><strong>Vives.</strong></span> 
     </span>
    </p>
   </div>
   <div class='ocr_carea' id='block_1_61' title="bbox 1493 369 2598 448">
    <p class='ocr_par' dir='ltr' id='par_1_61' title="bbox 1493 369 2598 448">
     <span class='ocr_line' id='line_1_61' title="bbox 1493 369 2598 448; baseline 0.012 -21"><span class='ocrx_word' id='word_1_482' title='bbox 1493 369 1582 427; x_wconf 82' lang='lat' dir='ltr'><strong>DE</strong></span> <span class='ocrx_word' id='word_1_483' title='bbox 1618 371 1933 432; x_wconf 84' lang='lat' dir='ltr'><strong>CIVITATE</strong></span> <span class='ocrx_word' id='word_1_484' title='bbox 1971 376 2103 448; x_wconf 85' lang='lat' dir='ltr'><strong>DEI,</strong></span> <span class='ocrx_word' id='word_1_485' title='bbox 2133 379 2190 436; x_wconf 88' lang='lat' dir='ltr'><strong>S.</strong></span> <span class='ocrx_word' id='word_1_486' title='bbox 2230 381 2598 441; x_wconf 79' lang='lat' dir='ltr'><strong>AUGUSTINI</strong></span> 
     </span>
    </p>
   </div>
   <div class='ocr_carea' id='block_1_62' title="bbox 3615 404 3722 462">
    <p class='ocr_par' dir='ltr' id='par_1_62' title="bbox 3615 404 3722 462">
     <span class='ocr_line' id='line_1_62' title="bbox 3615 404 3722 462; baseline 0.037 -4"><span class='ocrx_word' id='word_1_487' title='bbox 3615 404 3722 462; x_wconf 74' lang='grc'><strong>788</strong></span> 
     </span>
    </p>
   </div>
   <div class='ocr_carea' id='block_1_63' title="bbox 2151 498 3718 584">
    <p class='ocr_par' dir='ltr' id='par_1_63' title="bbox 2151 498 3718 584">
     <span class='ocr_line' id='line_1_63' title="bbox 2151 498 3718 584; baseline 0.015 -37"><span class='ocrx_word' id='word_1_488' title='bbox 2151 507 2464 563; x_wconf 83' lang='lat' dir='ltr'><strong>pugnemus,</strong></span> <span class='ocrx_word' id='word_1_489' title='bbox 2497 498 2581 552; x_wconf 91' lang='lat' dir='ltr'><strong>vel</strong></span> <span class='ocrx_word' id='word_1_490' title='bbox 2606 499 2765 554; x_wconf 88' lang='lat' dir='ltr'><strong>etiam</strong></span> <span class='ocrx_word' id='word_1_491' title='bbox 2795 501 2918 556; x_wconf 87' lang='lat' dir='ltr'><strong>vitia</strong></span> <span class='ocrx_word' id='word_1_492' title='bbox 2943 516 3251 573; x_wconf 86' lang='lat' dir='ltr'><strong>superemus</strong></span> <span class='ocrx_word' id='word_1_493' title='bbox 3272 515 3327 563; x_wconf 88' lang='lat' dir='ltr'><strong>et</strong></span> <span class='ocrx_word' id='word_1_494' title='bbox 3352 510 3718 584; x_wconf 87' lang='lat' dir='ltr'><strong>subjugcmus,</strong></span> 
     </span>
    </p>
   </div>
   <div class='ocr_carea' id='block_1_64' title="bbox 2148 585 3723 674">
    <p class='ocr_par' dir='ltr' id='par_1_64' title="bbox 2148 585 3723 674">
     <span class='ocr_line' id='line_1_64' title="bbox 2148 585 3723 674; baseline 0.015 -37"><span class='ocrx_word' id='word_1_495' title='bbox 2148 585 2398 653; x_wconf 89' lang='lat' dir='ltr'><strong>quamdiu</strong></span> <span class='ocrx_word' id='word_1_496' title='bbox 2440 601 2622 644; x_wconf 88' lang='lat' dir='ltr'><strong>sumus</strong></span> <span class='ocrx_word' id='word_1_497' title='bbox 2661 589 2714 644; x_wconf 92' lang='lat' dir='ltr'><strong>in</strong></span> <span class='ocrx_word' id='word_1_498' title='bbox 2756 590 2856 646; x_wconf 91' lang='lat' dir='ltr'><strong>hoc</strong></span> <span class='ocrx_word' id='word_1_499' title='bbox 2899 607 3154 663; x_wconf 90' lang='lat' dir='ltr'><strong>corpore,</strong></span> <span class='ocrx_word' id='word_1_500' title='bbox 3195 597 3348 653; x_wconf 91' lang='lat' dir='ltr'><strong>nobis</strong></span> <span class='ocrx_word' id='word_1_501' title='bbox 3383 599 3573 658; x_wconf 90' lang='lat' dir='ltr'><strong>deesse</strong></span> <span class='ocrx_word' id='word_1_502' title='bbox 3614 620 3723 674; x_wconf 88' lang='lat' dir='ltr'><strong>non</strong></span> 
     </span>
    </p>
   </div>
   <div class='ocr_carea' id='block_1_65' title="bbox 2150 677 3727 751">
    <p class='ocr_par' dir='ltr' id='par_1_65' title="bbox 2150 677 3727 751">
     <span class='ocr_line' id='line_1_65' title="bbox 2150 677 3727 751; baseline 0.015 -24"><span class='ocrx_word' id='word_1_503' title='bbox 2150 688 2307 744; x_wconf 83' lang='lat' dir='ltr'><strong>posse</strong></span> <span class='ocrx_word' id='word_1_504' title='bbox 2338 677 2474 733; x_wconf 89' lang='lat' dir='ltr'><strong>unde</strong></span> <span class='ocrx_word' id='word_1_505' title='bbox 2499 679 2736 736; x_wconf 88' lang='lat' dir='ltr'><strong>dicamus</strong></span> <span class='ocrx_word' id='word_1_506' title='bbox 2783 682 2912 751; x_wconf 77' lang='lat' dir='ltr'><strong>Deo,</strong></span> <span class='ocrx_word' id='word_1_507' title='bbox 2941 683 3150 740; x_wconf 84' lang='lat' dir='ltr'><strong>Dimitte</strong></span> <span class='ocrx_word' id='word_1_508' title='bbox 3179 688 3319 743; x_wconf 82' lang='lat' dir='ltr'><strong>nobis</strong></span> <span class='ocrx_word' id='word_1_509' title='bbox 3360 691 3524 747; x_wconf 84' lang='lat' dir='ltr'><strong>debita</strong></span> <span class='ocrx_word' id='word_1_510' title='bbox 3552 706 3727 751; x_wconf 86' lang='lat' dir='ltr'><strong>nostra</strong></span> 
     </span>
    </p>
   </div>
   <div class='ocr_carea' id='block_1_66' title="bbox 2151 764 3726 851">
    <p class='ocr_par' dir='ltr' id='par_1_66' title="bbox 2151 764 3726 851">
     <span class='ocr_line' id='line_1_66' title="bbox 2151 764 3726 851; baseline 0.017 -34"><span class='ocrx_word' id='word_1_511' title='bbox 2151 764 2554 841; x_wconf 72' lang='lat' dir='ltr'><strong>(Matth.vr,l2).</strong></span> <span class='ocrx_word' id='word_1_512' title='bbox 2579 771 2636 826; x_wconf 89' lang='lat' dir='ltr'><strong>In</strong></span> <span class='ocrx_word' id='word_1_513' title='bbox 2655 772 2741 827; x_wconf 88' lang='lat' dir='ltr'><strong>illo</strong></span> <span class='ocrx_word' id='word_1_514' title='bbox 2757 782 2930 828; x_wconf 90' lang='lat' dir='ltr'><strong>autem</strong></span> <span class='ocrx_word' id='word_1_515' title='bbox 2952 792 3115 847; x_wconf 88' lang='lat' dir='ltr'><strong>regno</strong></span> <span class='ocrx_word' id='word_1_516' title='bbox 3141 779 3226 834; x_wconf 92' lang='lat' dir='ltr'><strong>ubi</strong></span> <span class='ocrx_word' id='word_1_517' title='bbox 3241 794 3447 851; x_wconf 89' lang='lat' dir='ltr'><strong>semper</strong></span> <span class='ocrx_word' id='word_1_518' title='bbox 3461 801 3580 840; x_wconf 90' lang='lat' dir='ltr'><strong>cum</strong></span> <span class='ocrx_word' id='word_1_519' title='bbox 3602 802 3726 842; x_wconf 85' lang='lat' dir='ltr'><strong>cor—</strong></span> 
     </span>
    </p>
   </div>
   <div class='ocr_carea' id='block_1_67' title="bbox 2154 857 3729 938">
    <p class='ocr_par' dir='ltr' id='par_1_67' title="bbox 2154 857 3729 938">
     <span class='ocr_line' id='line_1_67' title="bbox 2154 857 3729 938; baseline 0.015 -29"><span class='ocrx_word' id='word_1_520' title='bbox 2154 857 2372 926; x_wconf 90' lang='lat' dir='ltr'><strong>poribus</strong></span> <span class='ocrx_word' id='word_1_521' title='bbox 2396 859 2783 918; x_wconf 90' lang='lat' dir='ltr'><strong>immortalibus</strong></span> <span class='ocrx_word' id='word_1_522' title='bbox 2802 865 3021 932; x_wconf 89' lang='lat' dir='ltr'><strong>erimus,</strong></span> <span class='ocrx_word' id='word_1_523' title='bbox 3051 882 3147 922; x_wconf 91' lang='lat' dir='ltr'><strong>nec</strong></span> <span class='ocrx_word' id='word_1_524' title='bbox 3171 869 3348 938; x_wconf 64' lang='lat' dir='ltr'><strong>praelia</strong></span> <span class='ocrx_word' id='word_1_525' title='bbox 3383 874 3536 930; x_wconf 91' lang='lat' dir='ltr'><strong>nobis</strong></span> <span class='ocrx_word' id='word_1_526' title='bbox 3569 887 3729 932; x_wconf 88' lang='lat' dir='ltr'><strong>erunt</strong></span> 
     </span>
    </p>
   </div>
   <div class='ocr_carea' id='block_1_68' title="bbox 2153 947 3725 1030">
    <p class='ocr_par' dir='ltr' id='par_1_68' title="bbox 2153 947 3725 1030">
     <span class='ocr_line' id='line_1_68' title="bbox 2153 947 3725 1030; baseline 0.015 -31"><span class='ocrx_word' id='word_1_527' title='bbox 2153 947 2278 1011; x_wconf 89' lang='lat' dir='ltr'><strong>ulla,</strong></span> <span class='ocrx_word' id='word_1_528' title='bbox 2302 963 2401 1003; x_wconf 91' lang='lat' dir='ltr'><strong>nec</strong></span> <span class='ocrx_word' id='word_1_529' title='bbox 2419 949 2624 1016; x_wconf 88' lang='lat' dir='ltr'><strong>debita;</strong></span> <span class='ocrx_word' id='word_1_530' title='bbox 2646 967 2763 1022; x_wconf 67' lang='lat' dir='ltr'><strong>quas</strong></span> <span class='ocrx_word' id='word_1_531' title='bbox 2784 968 3038 1025; x_wconf 85' lang='lat' dir='ltr'><strong>nusquam</strong></span> <span class='ocrx_word' id='word_1_532' title='bbox 3065 966 3118 1011; x_wconf 93' lang='lat' dir='ltr'><strong>et</strong></span> <span class='ocrx_word' id='word_1_533' title='bbox 3145 974 3407 1030; x_wconf 87' lang='lat' dir='ltr'><strong>nunquam</strong></span> <span class='ocrx_word' id='word_1_534' title='bbox 3438 975 3618 1020; x_wconf 90' lang='lat' dir='ltr'><strong>essent</strong></span> <span class='ocrx_word' id='word_1_535' title='bbox 3635 1007 3651 1030; x_wconf 91' lang='lat'><strong>,</strong></span> <span class='ocrx_word' id='word_1_536' title='bbox 3679 969 3725 1024; x_wconf 86' lang='lat' dir='ltr'><strong>si</strong></span> 
     </span>
    </p>
   </div>
   <div class='ocr_carea' id='block_1_69' title="bbox 2154 1041 3728 1119">
    <p class='ocr_par' dir='ltr' id='par_1_69' title="bbox 2154 1041 3728 1119">
     <span class='ocr_line' id='line_1_69' title="bbox 2154 1041 3728 1119; baseline 0.014 -31"><span class='ocrx_word' id='word_1_537' title='bbox 2154 1043 2340 1119; x_wconf 78' lang='lat' dir='ltr'><strong>natura</strong></span> <span class='ocrx_word' id='word_1_538' title='bbox 2375 1049 2585 1105; x_wconf 91' lang='lat' dir='ltr'><strong>nostra,</strong></span> <span class='ocrx_word' id='word_1_539' title='bbox 2605 1041 2741 1095; x_wconf 89' lang='lat' dir='ltr'><strong>sicut</strong></span> <span class='ocrx_word' id='word_1_540' title='bbox 2763 1053 2904 1098; x_wconf 86' lang='lat' dir='ltr'><strong>recta</strong></span> <span class='ocrx_word' id='word_1_541' title='bbox 2933 1055 3108 1100; x_wconf 87' lang='lat' dir='ltr'><strong>creata</strong></span> <span class='ocrx_word' id='word_1_542' title='bbox 3130 1057 3230 1114; x_wconf 87' lang='lat' dir='ltr'><strong>est,</strong></span> <span class='ocrx_word' id='word_1_543' title='bbox 3257 1064 3614 1119; x_wconf 88' lang='lat' dir='ltr'><strong>permaneret.</strong></span> <span class='ocrx_word' id='word_1_544' title='bbox 3649 1057 3728 1112; x_wconf 82' lang='lat' dir='ltr'><strong>Ac</strong></span> 
     </span>
    </p>
   </div>
   <div class='ocr_carea' id='block_1_70' title="bbox 2151 1106 3727 1212">
    <p class='ocr_par' dir='ltr' id='par_1_70' title="bbox 2151 1106 3727 1212">
     <span class='ocr_line' id='line_1_70' title="bbox 2151 1106 3727 1212; baseline 0.013 -32"><span class='ocrx_word' id='word_1_545' title='bbox 2151 1106 2252 1196; x_wconf 68' lang='lat' dir='ltr'><strong>per</strong></span> <span class='ocrx_word' id='word_1_546' title='bbox 2278 1129 2379 1183; x_wconf 89' lang='lat' dir='ltr'><strong>hoc</strong></span> <span class='ocrx_word' id='word_1_547' title='bbox 2402 1131 2561 1184; x_wconf 90' lang='lat' dir='ltr'><strong>etiam</strong></span> <span class='ocrx_word' id='word_1_548' title='bbox 2587 1140 2766 1188; x_wconf 89' lang='lat' dir='ltr'><strong>noster</strong></span> <span class='ocrx_word' id='word_1_549' title='bbox 2787 1135 2886 1189; x_wconf 91' lang='lat' dir='ltr'><strong>iste</strong></span> <span class='ocrx_word' id='word_1_550' title='bbox 2911 1137 3206 1206; x_wconf 79' lang='lat' dir='ltr'><strong>conﬂictus,</strong></span> <span class='ocrx_word' id='word_1_551' title='bbox 3241 1106 3292 1195; x_wconf 74' lang='lat' dir='ltr'><strong>in</strong></span> <span class='ocrx_word' id='word_1_552' title='bbox 3322 1157 3428 1212; x_wconf 90' lang='lat' dir='ltr'><strong>quo</strong></span> <span class='ocrx_word' id='word_1_553' title='bbox 3457 1144 3727 1212; x_wconf 84' lang='lat' dir='ltr'><strong>periclita-</strong></span> 
     </span>
    </p>
   </div>
   <div class='ocr_carea' id='block_1_71' title="bbox 2155 1217 3726 1301">
    <p class='ocr_par' dir='ltr' id='par_1_71' title="bbox 2155 1217 3726 1301">
     <span class='ocr_line' id='line_1_71' title="bbox 2155 1217 3726 1301; baseline 0.013 -32"><span class='ocrx_word' id='word_1_554' title='bbox 2155 1231 2293 1282; x_wconf 89' lang='lat' dir='ltr'><strong>mur,</strong></span> <span class='ocrx_word' id='word_1_555' title='bbox 2313 1227 2364 1272; x_wconf 91' lang='lat' dir='ltr'><strong>et</strong></span> <span class='ocrx_word' id='word_1_556' title='bbox 2385 1217 2451 1273; x_wconf 91' lang='lat' dir='ltr'><strong>de</strong></span> <span class='ocrx_word' id='word_1_557' title='bbox 2470 1234 2574 1288; x_wconf 91' lang='lat' dir='ltr'><strong>quo</strong></span> <span class='ocrx_word' id='word_1_558' title='bbox 2587 1235 2685 1275; x_wconf 91' lang='lat' dir='ltr'><strong>nos</strong></span> <span class='ocrx_word' id='word_1_559' title='bbox 2696 1221 2912 1278; x_wconf 89' lang='lat' dir='ltr'><strong>victoria</strong></span> <span class='ocrx_word' id='word_1_560' title='bbox 2929 1227 3210 1281; x_wconf 87' lang='lat' dir='ltr'><strong>novissima</strong></span> <span class='ocrx_word' id='word_1_561' title='bbox 3231 1230 3471 1300; x_wconf 89' lang='lat' dir='ltr'><strong>cupimus</strong></span> <span class='ocrx_word' id='word_1_562' title='bbox 3493 1233 3726 1301; x_wconf 88' lang='lat' dir='ltr'><strong>liberari,</strong></span> 
     </span>
    </p>
   </div>
   <div class='ocr_carea' id='block_1_72' title="bbox 2156 1307 3730 1395">
    <p class='ocr_par' dir='ltr' id='par_1_72' title="bbox 2156 1307 3730 1395">
     <span class='ocr_line' id='line_1_72' title="bbox 2156 1307 3730 1395; baseline 0.013 -34"><span class='ocrx_word' id='word_1_563' title='bbox 2156 1307 2222 1362; x_wconf 87' lang='lat' dir='ltr'><strong>ad</strong></span> <span class='ocrx_word' id='word_1_564' title='bbox 2250 1308 2371 1363; x_wconf 67' lang='lat' dir='ltr'><strong>vita:</strong></span> <span class='ocrx_word' id='word_1_565' title='bbox 2397 1308 2553 1380; x_wconf 89' lang='lat' dir='ltr'><strong>hujus</strong></span> <span class='ocrx_word' id='word_1_566' title='bbox 2595 1314 2734 1368; x_wconf 92' lang='lat' dir='ltr'><strong>mala</strong></span> <span class='ocrx_word' id='word_1_567' title='bbox 2762 1316 3018 1383; x_wconf 88' lang='lat' dir='ltr'><strong>pertinet,</strong></span> <span class='ocrx_word' id='word_1_568' title='bbox 3061 1333 3217 1387; x_wconf 91' lang='lat' dir='ltr'><strong>quam</strong></span> <span class='ocrx_word' id='word_1_569' title='bbox 3243 1328 3320 1375; x_wconf 92' lang='lat' dir='ltr'><strong>tot</strong></span> <span class='ocrx_word' id='word_1_570' title='bbox 3356 1329 3730 1395; x_wconf 87' lang='lat' dir='ltr'><strong>tantorumque</strong></span> 
     </span>
    </p>
   </div>
   <div class='ocr_carea' id='block_1_73' title="bbox 2159 1397 3585 1474">
    <p class='ocr_par' dir='ltr' id='par_1_73' title="bbox 2159 1397 3585 1474">
     <span class='ocr_line' id='line_1_73' title="bbox 2159 1397 3585 1474; baseline 0.012 -24"><span class='ocrx_word' id='word_1_571' title='bbox 2159 1397 2458 1454; x_wconf 91' lang='lat' dir='ltr'><strong>testimonio</strong></span> <span class='ocrx_word' id='word_1_572' title='bbox 2503 1401 2756 1456; x_wconf 86' lang='lat' dir='ltr'><strong>malorum</strong></span> <span class='ocrx_word' id='word_1_573' title='bbox 2785 1404 3069 1474; x_wconf 88' lang='lat' dir='ltr'><strong>probamus</strong></span> <span class='ocrx_word' id='word_1_574' title='bbox 3089 1407 3242 1464; x_wconf 75' lang='lat' dir='ltr'><strong>‘esse</strong></span> <span class='ocrx_word' id='word_1_575' title='bbox 3266 1409 3585 1466; x_wconf 89' lang='lat' dir='ltr'><strong>damnatam.</strong></span> 
     </span>
    </p>
   </div>
   <div class='ocr_carea' id='block_1_74' title="bbox 2158 1506 3731 1586">
    <p class='ocr_par' dir='ltr' id='par_1_74' title="bbox 2158 1506 3731 1586">
     <span class='ocr_line' id='line_1_74' title="bbox 2158 1506 3731 1586; baseline 0.01 -25"><span class='ocrx_word' id='word_1_576' title='bbox 2158 1506 2383 1564; x_wconf 82' lang='lat' dir='ltr'><strong>CAPUT</strong></span> <span class='ocrx_word' id='word_1_577' title='bbox 2413 1508 2602 1566; x_wconf 76' lang='lat' dir='ltr'><strong>XXIV.</strong></span> <span class='ocrx_word' id='word_1_578' title='bbox 2651 1541 2723 1552; x_wconf 93' lang='lat'><strong><em>—</em></strong></span> <span class='ocrx_word' id='word_1_579' title='bbox 2762 1512 2841 1567; x_wconf 89' lang='lat' dir='ltr'><strong>De</strong></span> <span class='ocrx_word' id='word_1_580' title='bbox 2869 1515 3009 1571; x_wconf 83' lang='lat' dir='ltr'><strong>bonis</strong></span> <span class='ocrx_word' id='word_1_581' title='bbox 3045 1517 3224 1586; x_wconf 83' lang='lat' dir='ltr'><strong>quibus</strong></span> <span class='ocrx_word' id='word_1_582' title='bbox 3249 1520 3400 1573; x_wconf 89' lang='lat' dir='ltr'><strong>etiam</strong></span> <span class='ocrx_word' id='word_1_583' title='bbox 3425 1521 3554 1575; x_wconf 83' lang='lat' dir='ltr'><strong>hanc</strong></span> <span class='ocrx_word' id='word_1_584' title='bbox 3579 1523 3731 1576; x_wconf 74' lang='lat' dir='ltr'><strong>vitam</strong></span> 
     </span>
    </p>
   </div>
   <div class='ocr_carea' id='block_1_75' title="bbox 2368 1600 3491 1680">
    <p class='ocr_par' dir='ltr' id='par_1_75' title="bbox 2368 1600 3491 1680">
     <span class='ocr_line' id='line_1_75' title="bbox 2368 1600 3491 1680; baseline 0.012 -27"><span class='ocrx_word' id='word_1_585' title='bbox 2368 1600 2681 1656; x_wconf 83' lang='lat' dir='ltr'><strong>damnationi</strong></span> <span class='ocrx_word' id='word_1_586' title='bbox 2707 1603 2974 1659; x_wconf 74' lang='lat' dir='ltr'><strong>obnoxiam</strong></span> <span class='ocrx_word' id='word_1_587' title='bbox 3013 1605 3223 1662; x_wconf 85' lang='lat' dir='ltr'><strong>Creator</strong></span> <span class='ocrx_word' id='word_1_588' title='bbox 3247 1610 3491 1680; x_wconf 76' lang='lat' dir='ltr'><strong>implevit.</strong></span> 
     </span>
    </p>
   </div>
   <div class='ocr_carea' id='block_1_76' title="bbox 2233 1711 3731 1790">
    <p class='ocr_par' dir='ltr' id='par_1_76' title="bbox 2233 1711 3731 1790">
     <span class='ocr_line' id='line_1_76' title="bbox 2233 1711 3731 1790; baseline 0.009 -25"><span class='ocrx_word' id='word_1_589' title='bbox 2233 1711 2286 1766; x_wconf 79' lang='grc'><strong>1.</strong></span> <span class='ocrx_word' id='word_1_590' title='bbox 2315 1711 2432 1766; x_wconf 85' lang='lat' dir='ltr'><strong>Jam</strong></span> <span class='ocrx_word' id='word_1_591' title='bbox 2458 1729 2598 1768; x_wconf 90' lang='lat' dir='ltr'><strong>nunc</strong></span> <span class='ocrx_word' id='word_1_592' title='bbox 2619 1714 3064 1772; x_wconf 89' lang='lat' dir='ltr'><strong>considerandum</strong></span> <span class='ocrx_word' id='word_1_593' title='bbox 3089 1727 3192 1787; x_wconf 90' lang='lat' dir='ltr'><strong>est,</strong></span> <span class='ocrx_word' id='word_1_594' title='bbox 3222 1721 3356 1776; x_wconf 87' lang='lat' dir='ltr'><strong>hanc</strong></span> <span class='ocrx_word' id='word_1_595' title='bbox 3376 1721 3543 1790; x_wconf 86' lang='lat' dir='ltr'><strong>ipsam</strong></span> <span class='ocrx_word' id='word_1_596' title='bbox 3567 1723 3731 1779; x_wconf 86' lang='lat' dir='ltr'><strong>mise-</strong></span> 
     </span>
    </p>
   </div>
   <div class='ocr_carea' id='block_1_77' title="bbox 2161 1801 3733 1881">
    <p class='ocr_par' dir='ltr' id='par_1_77' title="bbox 2161 1801 3733 1881">
     <span class='ocr_line' id='line_1_77' title="bbox 2161 1801 3733 1881; baseline 0.008 -26"><span class='ocrx_word' id='word_1_597' title='bbox 2161 1801 2295 1856; x_wconf 91' lang='lat' dir='ltr'><strong>riam</strong></span> <span class='ocrx_word' id='word_1_598' title='bbox 2315 1806 2526 1874; x_wconf 85' lang='lat' dir='ltr'><strong>generis</strong></span> <span class='ocrx_word' id='word_1_599' title='bbox 2548 1804 2788 1873; x_wconf 86' lang='lat' dir='ltr'><strong>humani,</strong></span> <span class='ocrx_word' id='word_1_600' title='bbox 2808 1807 2860 1861; x_wconf 90' lang='lat' dir='ltr'><strong>in</strong></span> <span class='ocrx_word' id='word_1_601' title='bbox 2885 1822 2989 1878; x_wconf 87' lang='lat' dir='ltr'><strong>qua</strong></span> <span class='ocrx_word' id='word_1_602' title='bbox 3013 1808 3255 1864; x_wconf 89' lang='lat' dir='ltr'><strong>laudatur</strong></span> <span class='ocrx_word' id='word_1_603' title='bbox 3277 1809 3477 1879; x_wconf 86' lang='lat' dir='ltr'><strong>justitia</strong></span> <span class='ocrx_word' id='word_1_604' title='bbox 3505 1811 3733 1881; x_wconf 86' lang='lat' dir='ltr'><strong>punien-</strong></span> 
     </span>
    </p>
   </div>
   <div class='ocr_carea' id='block_1_78' title="bbox 2162 1890 3732 1968">
    <p class='ocr_par' dir='ltr' id='par_1_78' title="bbox 2162 1890 3732 1968">
     <span class='ocr_line' id='line_1_78' title="bbox 2162 1890 3732 1968; baseline 0.007 -24"><span class='ocrx_word' id='word_1_605' title='bbox 2162 1890 2250 1958; x_wconf 91' lang='lat' dir='ltr'><strong>tis,</strong></span> <span class='ocrx_word' id='word_1_606' title='bbox 2269 1892 2510 1961; x_wconf 87' lang='lat' dir='ltr'><strong>qualibus</strong></span> <span class='ocrx_word' id='word_1_607' title='bbox 2533 1903 2588 1948; x_wconf 91' lang='lat' dir='ltr'><strong>et</strong></span> <span class='ocrx_word' id='word_1_608' title='bbox 2603 1909 2764 1965; x_wconf 87' lang='lat' dir='ltr'><strong>quam</strong></span> <span class='ocrx_word' id='word_1_609' title='bbox 2791 1895 2972 1950; x_wconf 88' lang='lat' dir='ltr'><strong>multis</strong></span> <span class='ocrx_word' id='word_1_610' title='bbox 2995 1896 3291 1966; x_wconf 86' lang='lat' dir='ltr'><strong>impleverit</strong></span> <span class='ocrx_word' id='word_1_611' title='bbox 3315 1898 3467 1954; x_wconf 89' lang='lat' dir='ltr'><strong>bonis</strong></span> <span class='ocrx_word' id='word_1_612' title='bbox 3490 1900 3732 1968; x_wconf 85' lang='lat' dir='ltr'><strong>ejusdem</strong></span> 
     </span>
    </p>
   </div>
   <div class='ocr_carea' id='block_1_79' title="bbox 2163 1981 3732 2056">
    <p class='ocr_par' dir='ltr' id='par_1_79' title="bbox 2163 1981 3732 2056">
     <span class='ocr_line' id='line_1_79' title="bbox 2163 1981 3732 2056; baseline 0.006 -21"><span class='ocrx_word' id='word_1_613' title='bbox 2163 1981 2391 2048; x_wconf 82' lang='lat' dir='ltr'><strong>bonitas,</strong></span> <span class='ocrx_word' id='word_1_614' title='bbox 2422 1995 2612 2040; x_wconf 89' lang='lat' dir='ltr'><strong>cuncta</strong></span> <span class='ocrx_word' id='word_1_615' title='bbox 2639 2000 2758 2056; x_wconf 74' lang='lat' dir='ltr'><strong>qua:</strong></span> <span class='ocrx_word' id='word_1_616' title='bbox 2795 1987 2997 2042; x_wconf 85' lang='lat' dir='ltr'><strong>creavit</strong></span> <span class='ocrx_word' id='word_1_617' title='bbox 3031 1987 3468 2043; x_wconf 87' lang='lat' dir='ltr'><strong>administrantis.</strong></span> <span class='ocrx_word' id='word_1_618' title='bbox 3496 1989 3732 2044; x_wconf 87' lang='lat' dir='ltr'><strong>Primum</strong></span> 
     </span>
    </p>
   </div>
   <div class='ocr_carea' id='block_1_80' title="bbox 2163 2072 3730 2151">
    <p class='ocr_par' dir='ltr' id='par_1_80' title="bbox 2163 2072 3730 2151">
     <span class='ocr_line' id='line_1_80' title="bbox 2163 2072 3730 2151; baseline 0.004 -22"><span class='ocrx_word' id='word_1_619' title='bbox 2163 2072 2594 2132; x_wconf 87' lang='lat' dir='ltr'><strong>benedictionem</strong></span> <span class='ocrx_word' id='word_1_620' title='bbox 2621 2079 2762 2132; x_wconf 89' lang='lat' dir='ltr'><strong>illam</strong></span> <span class='ocrx_word' id='word_1_621' title='bbox 2784 2094 2944 2148; x_wconf 90' lang='lat' dir='ltr'><strong>quam</strong></span> <span class='ocrx_word' id='word_1_622' title='bbox 2969 2081 3262 2149; x_wconf 83' lang='lat' dir='ltr'><strong>pratulerat</strong></span> <span class='ocrx_word' id='word_1_623' title='bbox 3289 2090 3412 2136; x_wconf 87' lang='lat' dir='ltr'><strong>ante</strong></span> <span class='ocrx_word' id='word_1_624' title='bbox 3433 2091 3730 2151; x_wconf 88' lang='lat' dir='ltr'><strong>peccatum,</strong></span> 
     </span>
    </p>
   </div>
   <div class='ocr_carea' id='block_1_81' title="bbox 2162 2163 3728 2243">
    <p class='ocr_par' dir='ltr' id='par_1_81' title="bbox 2162 2163 3728 2243">
     <span class='ocr_line' id='line_1_81' title="bbox 2162 2163 3728 2243; baseline 0.004 -24"><span class='ocrx_word' id='word_1_625' title='bbox 2162 2164 2366 2230; x_wconf 73' lang='lat' dir='ltr'><strong>dicens,</strong></span> <span class='ocrx_word' id='word_1_626' title='bbox 2385 2163 2615 2232; x_wconf 81' lang='lat' dir='ltr'><strong>Crescite,</strong></span> <span class='ocrx_word' id='word_1_627' title='bbox 2629 2176 2676 2220; x_wconf 90' lang='lat' dir='ltr'><strong>et</strong></span> <span class='ocrx_word' id='word_1_628' title='bbox 2693 2169 3118 2239; x_wconf 78' lang='lat' dir='ltr'><strong>multiplicamini,</strong></span> <span class='ocrx_word' id='word_1_629' title='bbox 3136 2180 3182 2224; x_wconf 85' lang='lat' dir='ltr'><strong>et</strong></span> <span class='ocrx_word' id='word_1_630' title='bbox 3196 2171 3378 2241; x_wconf 85' lang='lat' dir='ltr'><strong>replete</strong></span> <span class='ocrx_word' id='word_1_631' title='bbox 3388 2171 3728 2243; x_wconf 80' lang='lat' dir='ltr'><strong>terram(Geu.</strong></span> 
     </span>
    </p>
   </div>
   <div class='ocr_carea' id='block_1_82' title="bbox 2161 2257 3730 2333">
    <p class='ocr_par' dir='ltr' id='par_1_82' title="bbox 2161 2257 3730 2333">
     <span class='ocr_line' id='line_1_82' title="bbox 2161 2257 3730 2333; baseline 0.003 -20"><span class='ocrx_word' id='word_1_632' title='bbox 2161 2272 2200 2324; x_wconf 83' lang='grc' dir='ltr'><strong>ι,</strong></span> <span class='ocrx_word' id='word_1_633' title='bbox 2222 2257 2340 2330; x_wconf 84' lang='lat'><strong>28),</strong></span> <span class='ocrx_word' id='word_1_634' title='bbox 2357 2272 2456 2313; x_wconf 88' lang='lat' dir='ltr'><strong>nec</strong></span> <span class='ocrx_word' id='word_1_635' title='bbox 2483 2269 2600 2330; x_wconf 91' lang='lat' dir='ltr'><strong>post</strong></span> <span class='ocrx_word' id='word_1_636' title='bbox 2621 2268 2892 2330; x_wconf 84' lang='lat' dir='ltr'><strong>peccatum</strong></span> <span class='ocrx_word' id='word_1_637' title='bbox 2911 2261 3077 2317; x_wconf 89' lang='lat' dir='ltr'><strong>voluit</strong></span> <span class='ocrx_word' id='word_1_638' title='bbox 3092 2261 3659 2333; x_wconf 80' lang='lat' dir='ltr'><strong>inbibere,mansitque</strong></span> <span class='ocrx_word' id='word_1_639' title='bbox 3679 2265 3730 2318; x_wconf 91' lang='lat' dir='ltr'><strong>in</strong></span> 
     </span>
    </p>
   </div>
   <div class='ocr_carea' id='block_1_83' title="bbox 2162 2348 3730 2418">
    <p class='ocr_par' dir='ltr' id='par_1_83' title="bbox 2162 2348 3730 2418">
     <span class='ocr_line' id='line_1_83' title="bbox 2162 2348 3730 2418; baseline 0.003 -16"><span class='ocrx_word' id='word_1_640' title='bbox 2162 2348 2326 2418; x_wconf 79' lang='lat' dir='ltr'><strong>stirpe</strong></span> <span class='ocrx_word' id='word_1_641' title='bbox 2367 2349 2613 2405; x_wconf 89' lang='lat' dir='ltr'><strong>damnata</strong></span> <span class='ocrx_word' id='word_1_642' title='bbox 2658 2351 2851 2406; x_wconf 91' lang='lat' dir='ltr'><strong>donata</strong></span> <span class='ocrx_word' id='word_1_643' title='bbox 2900 2351 3229 2418; x_wconf 87' lang='lat' dir='ltr'><strong>fecunditas;</strong></span> <span class='ocrx_word' id='word_1_644' title='bbox 3280 2367 3380 2408; x_wconf 89' lang='lat' dir='ltr'><strong>nec</strong></span> <span class='ocrx_word' id='word_1_645' title='bbox 3437 2354 3584 2407; x_wconf 81' lang='lat' dir='ltr'><strong>illam</strong></span> <span class='ocrx_word' id='word_1_646' title='bbox 3626 2354 3730 2407; x_wconf 86' lang='lat' dir='ltr'><strong>vim</strong></span> 
     </span>
    </p>
   </div>
   <div class='ocr_carea' id='block_1_84' title="bbox 2163 2441 3732 2515">
    <p class='ocr_par' dir='ltr' id='par_1_84' title="bbox 2163 2441 3732 2515">
     <span class='ocr_line' id='line_1_84' title="bbox 2163 2441 3732 2515; baseline 0.003 -22"><span class='ocrx_word' id='word_1_647' title='bbox 2163 2441 2462 2496; x_wconf 82' lang='lat' dir='ltr'><strong>mirabilem</strong></span> <span class='ocrx_word' id='word_1_648' title='bbox 2489 2443 2772 2509; x_wconf 89' lang='lat' dir='ltr'><strong>seminum,</strong></span> <span class='ocrx_word' id='word_1_649' title='bbox 2805 2444 2912 2499; x_wconf 89' lang='lat' dir='ltr'><strong>imo</strong></span> <span class='ocrx_word' id='word_1_650' title='bbox 2932 2446 3091 2500; x_wconf 88' lang='lat' dir='ltr'><strong>etiam</strong></span> <span class='ocrx_word' id='word_1_651' title='bbox 3123 2445 3501 2500; x_wconf 85' lang='lat' dir='ltr'><strong>mirabiliorem</strong></span> <span class='ocrx_word' id='word_1_652' title='bbox 3527 2459 3629 2515; x_wconf 91' lang='lat' dir='ltr'><strong>qua</strong></span> <span class='ocrx_word' id='word_1_653' title='bbox 3649 2446 3732 2499; x_wconf 56' lang='lat' dir='ltr'><strong>ef.</strong></span> 
     </span>
    </p>
   </div>
   <div class='ocr_carea' id='block_1_85' title="bbox 2165 2533 3734 2603">
    <p class='ocr_par' dir='ltr' id='par_1_85' title="bbox 2165 2533 3734 2603">
     <span class='ocr_line' id='line_1_85' title="bbox 2165 2533 3734 2603; baseline 0 -17"><span class='ocrx_word' id='word_1_654' title='bbox 2165 2533 2410 2588; x_wconf 81' lang='lat' dir='ltr'><strong>ﬁciuntur</strong></span> <span class='ocrx_word' id='word_1_655' title='bbox 2438 2542 2492 2587; x_wconf 89' lang='lat' dir='ltr'><strong>et</strong></span> <span class='ocrx_word' id='word_1_656' title='bbox 2532 2534 2738 2589; x_wconf 90' lang='lat' dir='ltr'><strong>semina</strong></span> <span class='ocrx_word' id='word_1_657' title='bbox 2759 2573 2774 2598; x_wconf 92' lang='lat'><strong>,</strong></span> <span class='ocrx_word' id='word_1_658' title='bbox 2798 2534 3016 2588; x_wconf 90' lang='lat' dir='ltr'><strong>inditam</strong></span> <span class='ocrx_word' id='word_1_659' title='bbox 3055 2535 3366 2603; x_wconf 85' lang='lat' dir='ltr'><strong>corporibus</strong></span> <span class='ocrx_word' id='word_1_660' title='bbox 3407 2534 3651 2587; x_wconf 90' lang='lat' dir='ltr'><strong>humanis</strong></span> <span class='ocrx_word' id='word_1_661' title='bbox 3679 2543 3734 2587; x_wconf 89' lang='lat' dir='ltr'><strong>et</strong></span> 
     </span>
    </p>
   </div>
   <div class='ocr_carea' id='block_1_86' title="bbox 2164 2621 3730 2693">
    <p class='ocr_par' dir='ltr' id='par_1_86' title="bbox 2164 2621 3730 2693">
     <span class='ocr_line' id='line_1_86' title="bbox 2164 2621 3730 2693; baseline 0.001 -17"><span class='ocrx_word' id='word_1_662' title='bbox 2164 2622 2554 2692; x_wconf 86' lang='lat' dir='ltr'><strong>quodammodo</strong></span> <span class='ocrx_word' id='word_1_663' title='bbox 2574 2623 2852 2689; x_wconf 81' lang='lat' dir='ltr'><strong>intextam,</strong></span> <span class='ocrx_word' id='word_1_664' title='bbox 2873 2624 3077 2693; x_wconf 88' lang='lat' dir='ltr'><strong>peccati</strong></span> <span class='ocrx_word' id='word_1_665' title='bbox 3093 2625 3278 2677; x_wconf 87' lang='lat' dir='ltr'><strong>vitium</strong></span> <span class='ocrx_word' id='word_1_666' title='bbox 3300 2624 3468 2693; x_wconf 91' lang='lat' dir='ltr'><strong>potuit</strong></span> <span class='ocrx_word' id='word_1_667' title='bbox 3495 2621 3730 2690; x_wconf 90' lang='lat' dir='ltr'><strong>auferre,</strong></span> 
     </span>
    </p>
   </div>
   <div class='ocr_carea' id='block_1_87' title="bbox 2165 2711 3733 2782">
    <p class='ocr_par' dir='ltr' id='par_1_87' title="bbox 2165 2711 3733 2782">
     <span class='ocr_line' id='line_1_87' title="bbox 2165 2711 3733 2782; baseline -0.001 -16"><span class='ocrx_word' id='word_1_668' title='bbox 2165 2727 2268 2781; x_wconf 65' lang='lat' dir='ltr'><strong>quo</strong></span> <span class='ocrx_word' id='word_1_669' title='bbox 2310 2712 2466 2766; x_wconf 80' lang='lat' dir='ltr'><strong>nobis</strong></span> <span class='ocrx_word' id='word_1_670' title='bbox 2512 2713 2737 2782; x_wconf 84' lang='lat' dir='ltr'><strong>impacta</strong></span> <span class='ocrx_word' id='word_1_671' title='bbox 2761 2723 2843 2767; x_wconf 89' lang='lat' dir='ltr'><strong>est</strong></span> <span class='ocrx_word' id='word_1_672' title='bbox 2871 2713 3032 2767; x_wconf 90' lang='lat' dir='ltr'><strong>etiam</strong></span> <span class='ocrx_word' id='word_1_673' title='bbox 3071 2713 3363 2768; x_wconf 88' lang='lat' dir='ltr'><strong>necessitas</strong></span> <span class='ocrx_word' id='word_1_674' title='bbox 3386 2711 3733 2767; x_wconf 81' lang='lat' dir='ltr'><strong>mortiszsed</strong></span> 
     </span>
    </p>
   </div>
   <div class='ocr_carea' id='block_1_88' title="bbox 2168 2802 3734 2873">
    <p class='ocr_par' dir='ltr' id='par_1_88' title="bbox 2168 2802 3734 2873">
     <span class='ocr_line' id='line_1_88' title="bbox 2168 2802 3734 2873; baseline 0.001 -18"><span class='ocrx_word' id='word_1_675' title='bbox 2168 2810 2446 2872; x_wconf 90' lang='lat' dir='ltr'><strong>utrumque</strong></span> <span class='ocrx_word' id='word_1_676' title='bbox 2474 2803 2631 2858; x_wconf 81' lang='lat' dir='ltr'><strong>simul</strong></span> <span class='ocrx_word' id='word_1_677' title='bbox 2647 2803 2811 2858; x_wconf 80' lang='lat' dir='ltr'><strong>currit</strong></span> <span class='ocrx_word' id='word_1_678' title='bbox 2837 2805 2938 2857; x_wconf 88' lang='lat' dir='ltr'><strong>isto</strong></span> <span class='ocrx_word' id='word_1_679' title='bbox 2963 2803 3115 2873; x_wconf 86' lang='lat' dir='ltr'><strong>quasi</strong></span> <span class='ocrx_word' id='word_1_680' title='bbox 3137 2802 3295 2857; x_wconf 83' lang='lat' dir='ltr'><strong>ﬂuvio</strong></span> <span class='ocrx_word' id='word_1_681' title='bbox 3321 2811 3478 2872; x_wconf 90' lang='lat' dir='ltr'><strong>atque</strong></span> <span class='ocrx_word' id='word_1_682' title='bbox 3497 2810 3734 2857; x_wconf 86' lang='lat' dir='ltr'><strong>torrente</strong></span> 
     </span>
    </p>
   </div>
   <div class='ocr_carea' id='block_1_89' title="bbox 2165 2893 3734 2964">
    <p class='ocr_par' dir='ltr' id='par_1_89' title="bbox 2165 2893 3734 2964">
     <span class='ocr_line' id='line_1_89' title="bbox 2165 2893 3734 2964; baseline -0.001 -15"><span class='ocrx_word' id='word_1_683' title='bbox 2165 2894 2376 2964; x_wconf 85' lang='lat' dir='ltr'><strong>generis</strong></span> <span class='ocrx_word' id='word_1_684' title='bbox 2401 2895 2652 2956; x_wconf 86' lang='lat' dir='ltr'><strong>humani;</strong></span> <span class='ocrx_word' id='word_1_685' title='bbox 2685 2895 2883 2948; x_wconf 90' lang='lat' dir='ltr'><strong>malum</strong></span> <span class='ocrx_word' id='word_1_686' title='bbox 2911 2894 3052 2964; x_wconf 81' lang='lat' dir='ltr'><strong>quod</strong></span> <span class='ocrx_word' id='word_1_687' title='bbox 3087 2909 3118 2949; x_wconf 89' lang='lat' dir='ltr'><strong>a</strong></span> <span class='ocrx_word' id='word_1_688' title='bbox 3159 2904 3379 2964; x_wconf 88' lang='lat' dir='ltr'><strong>parente</strong></span> <span class='ocrx_word' id='word_1_689' title='bbox 3410 2893 3657 2961; x_wconf 87' lang='lat' dir='ltr'><strong>trahitur,</strong></span> <span class='ocrx_word' id='word_1_690' title='bbox 3679 2901 3734 2948; x_wconf 88' lang='lat' dir='ltr'><strong>et</strong></span> 
     </span>
    </p>
   </div>
   <div class='ocr_carea' id='block_1_90' title="bbox 2167 2983 3732 3055">
    <p class='ocr_par' dir='ltr' id='par_1_90' title="bbox 2167 2983 3732 3055">
     <span class='ocr_line' id='line_1_90' title="bbox 2167 2983 3732 3055; baseline -0.003 -14"><span class='ocrx_word' id='word_1_691' title='bbox 2167 2985 2362 3041; x_wconf 82' lang='lat' dir='ltr'><strong>bonum</strong></span> <span class='ocrx_word' id='word_1_692' title='bbox 2392 2986 2533 3055; x_wconf 89' lang='lat' dir='ltr'><strong>quod</strong></span> <span class='ocrx_word' id='word_1_693' title='bbox 2571 3000 2601 3038; x_wconf 91' lang='lat' dir='ltr'><strong>a</strong></span> <span class='ocrx_word' id='word_1_694' title='bbox 2646 2993 2861 3040; x_wconf 90' lang='lat' dir='ltr'><strong>creante</strong></span> <span class='ocrx_word' id='word_1_695' title='bbox 2893 2983 3164 3041; x_wconf 85' lang='lat' dir='ltr'><strong>tribuitur.</strong></span> <span class='ocrx_word' id='word_1_696' title='bbox 3208 2985 3264 3039; x_wconf 91' lang='lat' dir='ltr'><strong>In</strong></span> <span class='ocrx_word' id='word_1_697' title='bbox 3307 2984 3548 3055; x_wconf 79' lang='lat' dir='ltr'><strong>originali</strong></span> <span class='ocrx_word' id='word_1_698' title='bbox 3591 2983 3732 3038; x_wconf 92' lang='lat' dir='ltr'><strong>malo</strong></span> 
     </span>
    </p>
   </div>
   <div class='ocr_carea' id='block_1_91' title="bbox 2167 3075 3732 3147">
    <p class='ocr_par' dir='ltr' id='par_1_91' title="bbox 2167 3075 3732 3147">
     <span class='ocr_line' id='line_1_91' title="bbox 2167 3075 3732 3147; baseline 0.001 -17"><span class='ocrx_word' id='word_1_699' title='bbox 2167 3075 2273 3131; x_wconf 94' lang='lat' dir='ltr'><strong>duo</strong></span> <span class='ocrx_word' id='word_1_700' title='bbox 2296 3085 2421 3130; x_wconf 91' lang='lat' dir='ltr'><strong>sunt</strong></span> <span class='ocrx_word' id='word_1_701' title='bbox 2447 3116 2465 3142; x_wconf 91' lang='lat'><strong>,</strong></span> <span class='ocrx_word' id='word_1_702' title='bbox 2495 3084 2769 3144; x_wconf 89' lang='lat' dir='ltr'><strong>peccatum</strong></span> <span class='ocrx_word' id='word_1_703' title='bbox 2799 3084 2961 3147; x_wconf 91' lang='lat' dir='ltr'><strong>atque</strong></span> <span class='ocrx_word' id='word_1_704' title='bbox 3007 3076 3324 3146; x_wconf 90' lang='lat' dir='ltr'><strong>supplicium</strong></span> <span class='ocrx_word' id='word_1_705' title='bbox 3354 3094 3368 3130; x_wconf 90' lang='lat'><strong>:</strong></span> <span class='ocrx_word' id='word_1_706' title='bbox 3412 3077 3463 3130; x_wconf 90' lang='lat' dir='ltr'><strong>in</strong></span> <span class='ocrx_word' id='word_1_707' title='bbox 3493 3075 3732 3146; x_wconf 88' lang='lat' dir='ltr'><strong>originali</strong></span> 
     </span>
    </p>
   </div>
   <div class='ocr_carea' id='block_1_92' title="bbox 2166 3167 3732 3239">
    <p class='ocr_par' dir='ltr' id='par_1_92' title="bbox 2166 3167 3732 3239">
     <span class='ocr_line' id='line_1_92' title="bbox 2166 3167 3732 3239; baseline -0.001 -16"><span class='ocrx_word' id='word_1_708' title='bbox 2166 3168 2309 3225; x_wconf 87' lang='lat' dir='ltr'><strong>bono</strong></span> <span class='ocrx_word' id='word_1_709' title='bbox 2333 3167 2434 3222; x_wconf 90' lang='lat' dir='ltr'><strong>alia</strong></span> <span class='ocrx_word' id='word_1_710' title='bbox 2461 3167 2565 3222; x_wconf 91' lang='lat' dir='ltr'><strong>duo</strong></span> <span class='ocrx_word' id='word_1_711' title='bbox 2585 3210 2600 3234; x_wconf 94' lang='lat'><strong>,</strong></span> <span class='ocrx_word' id='word_1_712' title='bbox 2630 3169 2941 3238; x_wconf 85' lang='lat' dir='ltr'><strong>pr0pagatio</strong></span> <span class='ocrx_word' id='word_1_713' title='bbox 2965 3177 3019 3223; x_wconf 91' lang='lat' dir='ltr'><strong>et</strong></span> <span class='ocrx_word' id='word_1_714' title='bbox 3037 3167 3410 3223; x_wconf 88' lang='lat' dir='ltr'><strong>conformatio.</strong></span> <span class='ocrx_word' id='word_1_715' title='bbox 3437 3167 3543 3224; x_wconf 87' lang='lat' dir='ltr'><strong>Sed</strong></span> <span class='ocrx_word' id='word_1_716' title='bbox 3564 3183 3732 3239; x_wconf 85' lang='lat' dir='ltr'><strong>quan-</strong></span> 
     </span>
    </p>
   </div>
   <div class='ocr_carea' id='block_1_93' title="bbox 2167 3257 3733 3328">
    <p class='ocr_par' dir='ltr' id='par_1_93' title="bbox 2167 3257 3733 3328">
     <span class='ocr_line' id='line_1_93' title="bbox 2167 3257 3733 3328; baseline 0 -15"><span class='ocrx_word' id='word_1_717' title='bbox 2167 3267 2275 3313; x_wconf 90' lang='lat' dir='ltr'><strong>tum</strong></span> <span class='ocrx_word' id='word_1_718' title='bbox 2297 3257 2364 3312; x_wconf 89' lang='lat' dir='ltr'><strong>ad</strong></span> <span class='ocrx_word' id='word_1_719' title='bbox 2392 3265 2705 3328; x_wconf 79' lang='lat' dir='ltr'><strong>praesentem</strong></span> <span class='ocrx_word' id='word_1_720' title='bbox 2733 3259 2963 3328; x_wconf 90' lang='lat' dir='ltr'><strong>pertinet</strong></span> <span class='ocrx_word' id='word_1_721' title='bbox 2988 3258 3339 3312; x_wconf 89' lang='lat' dir='ltr'><strong>intentionem</strong></span> <span class='ocrx_word' id='word_1_722' title='bbox 3367 3267 3604 3313; x_wconf 91' lang='lat' dir='ltr'><strong>nostram</strong></span> <span class='ocrx_word' id='word_1_723' title='bbox 3623 3299 3639 3324; x_wconf 96' lang='lat'><strong>,</strong></span> <span class='ocrx_word' id='word_1_724' title='bbox 3666 3257 3733 3313; x_wconf 86' lang='lat' dir='ltr'><strong>de</strong></span> 
     </span>
    </p>
   </div>
   <div class='ocr_carea' id='block_1_94' title="bbox 2166 3348 3733 3419">
    <p class='ocr_par' dir='ltr' id='par_1_94' title="bbox 2166 3348 3733 3419">
     <span class='ocr_line' id='line_1_94' title="bbox 2166 3348 3733 3419; baseline -0.001 -15"><span class='ocrx_word' id='word_1_725' title='bbox 2166 3351 2342 3416; x_wconf 89' lang='lat' dir='ltr'><strong>malis,</strong></span> <span class='ocrx_word' id='word_1_726' title='bbox 2373 3363 2595 3419; x_wconf 91' lang='lat' dir='ltr'><strong>quorum</strong></span> <span class='ocrx_word' id='word_1_727' title='bbox 2624 3364 2788 3403; x_wconf 91' lang='lat' dir='ltr'><strong>unum</strong></span> <span class='ocrx_word' id='word_1_728' title='bbox 2819 3349 2885 3403; x_wconf 91' lang='lat' dir='ltr'><strong>de</strong></span> <span class='ocrx_word' id='word_1_729' title='bbox 2913 3359 3092 3404; x_wconf 91' lang='lat' dir='ltr'><strong>nostra</strong></span> <span class='ocrx_word' id='word_1_730' title='bbox 3119 3351 3264 3404; x_wconf 83' lang='lat' dir='ltr'><strong>venit</strong></span> <span class='ocrx_word' id='word_1_731' title='bbox 3303 3348 3541 3415; x_wconf 88' lang='lat' dir='ltr'><strong>audacia,</strong></span> <span class='ocrx_word' id='word_1_732' title='bbox 3572 3348 3625 3403; x_wconf 89' lang='lat' dir='ltr'><strong>id</strong></span> <span class='ocrx_word' id='word_1_733' title='bbox 3651 3358 3733 3404; x_wconf 90' lang='lat' dir='ltr'><strong>est</strong></span> 
     </span>
    </p>
   </div>
   <div class='ocr_carea' id='block_1_95' title="bbox 2165 3439 3729 3510">
    <p class='ocr_par' dir='ltr' id='par_1_95' title="bbox 2165 3439 3729 3510">
     <span class='ocr_line' id='line_1_95' title="bbox 2165 3439 3729 3510; baseline -0.001 -16"><span class='ocrx_word' id='word_1_734' title='bbox 2165 3449 2458 3510; x_wconf 88' lang='lat' dir='ltr'><strong>peccatum,</strong></span> <span class='ocrx_word' id='word_1_735' title='bbox 2488 3440 2712 3494; x_wconf 89' lang='lat' dir='ltr'><strong>alterum</strong></span> <span class='ocrx_word' id='word_1_736' title='bbox 2743 3440 2810 3494; x_wconf 91' lang='lat' dir='ltr'><strong>de</strong></span> <span class='ocrx_word' id='word_1_737' title='bbox 2832 3440 3030 3510; x_wconf 89' lang='lat' dir='ltr'><strong>judicio</strong></span> <span class='ocrx_word' id='word_1_738' title='bbox 3053 3441 3182 3506; x_wconf 91' lang='lat' dir='ltr'><strong>Dei,</strong></span> <span class='ocrx_word' id='word_1_739' title='bbox 3215 3440 3266 3496; x_wconf 91' lang='lat' dir='ltr'><strong>id</strong></span> <span class='ocrx_word' id='word_1_740' title='bbox 3294 3449 3376 3496; x_wconf 89' lang='lat' dir='ltr'><strong>est</strong></span> <span class='ocrx_word' id='word_1_741' title='bbox 3394 3439 3729 3510; x_wconf 89' lang='lat' dir='ltr'><strong>supplicium,</strong></span> 
     </span>
    </p>
   </div>
   <div class='ocr_carea' id='block_1_96' title="bbox 2163 3529 3732 3600">
    <p class='ocr_par' dir='ltr' id='par_1_96' title="bbox 2163 3529 3732 3600">
     <span class='ocr_line' id='line_1_96' title="bbox 2163 3529 3732 3600; baseline -0.001 -17"><span class='ocrx_word' id='word_1_742' title='bbox 2163 3529 2272 3600; x_wconf 89' lang='lat' dir='ltr'><strong>jam</strong></span> <span class='ocrx_word' id='word_1_743' title='bbox 2303 3531 2432 3584; x_wconf 89' lang='lat' dir='ltr'><strong>satis</strong></span> <span class='ocrx_word' id='word_1_744' title='bbox 2458 3529 2708 3587; x_wconf 82' lang='lat' dir='ltr'><strong>diximus.</strong></span> <span class='ocrx_word' id='word_1_745' title='bbox 2733 3529 2880 3584; x_wconf 86' lang='lat' dir='ltr'><strong>Nunc</strong></span> <span class='ocrx_word' id='word_1_746' title='bbox 2900 3529 2968 3584; x_wconf 83' lang='lat' dir='ltr'><strong>de</strong></span> <span class='ocrx_word' id='word_1_747' title='bbox 2989 3530 3141 3584; x_wconf 90' lang='lat' dir='ltr'><strong>bonis</strong></span> <span class='ocrx_word' id='word_1_748' title='bbox 3173 3530 3301 3595; x_wconf 91' lang='lat' dir='ltr'><strong>Dei,</strong></span> <span class='ocrx_word' id='word_1_749' title='bbox 3331 3544 3448 3599; x_wconf 79' lang='lat' dir='ltr'><strong>qua:</strong></span> <span class='ocrx_word' id='word_1_750' title='bbox 3475 3529 3572 3596; x_wconf 88' lang='lat' dir='ltr'><strong>ipsi</strong></span> <span class='ocrx_word' id='word_1_751' title='bbox 3599 3542 3732 3598; x_wconf 80' lang='lat' dir='ltr'><strong>quo-</strong></span> 
     </span>
    </p>
   </div>
   <div class='ocr_carea' id='block_1_97' title="bbox 2164 3619 3732 3691">
    <p class='ocr_par' dir='ltr' id='par_1_97' title="bbox 2164 3619 3732 3691">
     <span class='ocr_line' id='line_1_97' title="bbox 2164 3619 3732 3691; baseline -0.001 -18"><span class='ocrx_word' id='word_1_752' title='bbox 2164 3634 2270 3691; x_wconf 90' lang='lat' dir='ltr'><strong>que</strong></span> <span class='ocrx_word' id='word_1_753' title='bbox 2300 3620 2495 3674; x_wconf 67' lang='lat' dir='ltr'><strong>vitiatas</strong></span> <span class='ocrx_word' id='word_1_754' title='bbox 2519 3619 2886 3689; x_wconf 64' lang='lat' dir='ltr'><strong>damnataeque</strong></span> <span class='ocrx_word' id='word_1_755' title='bbox 2914 3628 3118 3674; x_wconf 76' lang='lat' dir='ltr'><strong>natura:</strong></span> <span class='ocrx_word' id='word_1_756' title='bbox 3146 3620 3400 3684; x_wconf 91' lang='lat' dir='ltr'><strong>contulit,</strong></span> <span class='ocrx_word' id='word_1_757' title='bbox 3426 3620 3538 3674; x_wconf 86' lang='lat' dir='ltr'><strong>sive</strong></span> <span class='ocrx_word' id='word_1_758' title='bbox 3567 3633 3732 3688; x_wconf 90' lang='lat' dir='ltr'><strong>usque</strong></span> 
     </span>
    </p>
   </div>
   <div class='ocr_carea' id='block_1_98' title="bbox 2165 3707 3733 3781">
    <p class='ocr_par' dir='ltr' id='par_1_98' title="bbox 2165 3707 3733 3781">
     <span class='ocr_line' id='line_1_98' title="bbox 2165 3707 3733 3781; baseline -0.003 -17"><span class='ocrx_word' id='word_1_759' title='bbox 2165 3725 2304 3764; x_wconf 91' lang='lat' dir='ltr'><strong>nunc</strong></span> <span class='ocrx_word' id='word_1_760' title='bbox 2341 3710 2568 3774; x_wconf 88' lang='lat' dir='ltr'><strong>confert,</strong></span> <span class='ocrx_word' id='word_1_761' title='bbox 2600 3710 2780 3764; x_wconf 88' lang='lat' dir='ltr'><strong>dicere</strong></span> <span class='ocrx_word' id='word_1_762' title='bbox 2804 3710 3023 3781; x_wconf 87' lang='lat' dir='ltr'><strong>institui.</strong></span> <span class='ocrx_word' id='word_1_763' title='bbox 3051 3709 3231 3779; x_wconf 88' lang='lat' dir='ltr'><strong>Neque</strong></span> <span class='ocrx_word' id='word_1_764' title='bbox 3256 3708 3397 3764; x_wconf 90' lang='lat' dir='ltr'><strong>enim</strong></span> <span class='ocrx_word' id='word_1_765' title='bbox 3433 3707 3733 3761; x_wconf 80' lang='lat' dir='ltr'><strong>damnando</strong></span> 
     </span>
    </p>
   </div>
   <div class='ocr_carea' id='block_1_99' title="bbox 2164 3801 3734 3871">
    <p class='ocr_par' dir='ltr' id='par_1_99' title="bbox 2164 3801 3734 3871">
     <span class='ocr_line' id='line_1_99' title="bbox 2164 3801 3734 3871; baseline -0.003 -14"><span class='ocrx_word' id='word_1_766' title='bbox 2164 3813 2254 3857; x_wconf 86' lang='lat' dir='ltr'><strong>aut</strong></span> <span class='ocrx_word' id='word_1_767' title='bbox 2291 3810 2456 3856; x_wconf 87' lang='lat' dir='ltr'><strong>totum</strong></span> <span class='ocrx_word' id='word_1_768' title='bbox 2493 3802 2704 3856; x_wconf 87' lang='lat' dir='ltr'><strong>abstulit</strong></span> <span class='ocrx_word' id='word_1_769' title='bbox 2750 3802 2890 3871; x_wconf 90' lang='lat' dir='ltr'><strong>quod</strong></span> <span class='ocrx_word' id='word_1_770' title='bbox 2919 3801 3169 3866; x_wconf 87' lang='lat' dir='ltr'><strong>dederat,</strong></span> <span class='ocrx_word' id='word_1_771' title='bbox 3197 3801 3426 3869; x_wconf 89' lang='lat' dir='ltr'><strong>alioquin</strong></span> <span class='ocrx_word' id='word_1_772' title='bbox 3469 3814 3565 3854; x_wconf 89' lang='lat' dir='ltr'><strong>nec</strong></span> <span class='ocrx_word' id='word_1_773' title='bbox 3591 3807 3734 3854; x_wconf 87' lang='lat' dir='ltr'><strong>esset</strong></span> 
     </span>
    </p>
   </div>
   <div class='ocr_carea' id='block_1_100' title="bbox 2165 3889 3733 3960">
    <p class='ocr_par' dir='ltr' id='par_1_100' title="bbox 2165 3889 3733 3960">
     <span class='ocr_line' id='line_1_100' title="bbox 2165 3889 3733 3960; baseline -0.004 -12"><span class='ocrx_word' id='word_1_774' title='bbox 2165 3894 2416 3958; x_wconf 89' lang='lat' dir='ltr'><strong>omnino;</strong></span> <span class='ocrx_word' id='word_1_775' title='bbox 2446 3902 2537 3947; x_wconf 91' lang='lat' dir='ltr'><strong>aut</strong></span> <span class='ocrx_word' id='word_1_776' title='bbox 2563 3907 2680 3947; x_wconf 90' lang='lat' dir='ltr'><strong>eam</strong></span> <span class='ocrx_word' id='word_1_777' title='bbox 2709 3892 2934 3947; x_wconf 86' lang='lat' dir='ltr'><strong>removit</strong></span> <span class='ocrx_word' id='word_1_778' title='bbox 2960 3906 2990 3945; x_wconf 88' lang='lat' dir='ltr'><strong>a</strong></span> <span class='ocrx_word' id='word_1_779' title='bbox 3016 3905 3106 3946; x_wconf 91' lang='lat' dir='ltr'><strong>sua</strong></span> <span class='ocrx_word' id='word_1_780' title='bbox 3127 3899 3404 3960; x_wconf 90' lang='lat' dir='ltr'><strong>potestate,</strong></span> <span class='ocrx_word' id='word_1_781' title='bbox 3429 3889 3588 3944; x_wconf 89' lang='lat' dir='ltr'><strong>etiam</strong></span> <span class='ocrx_word' id='word_1_782' title='bbox 3613 3903 3733 3943; x_wconf 87' lang='lat' dir='ltr'><strong>cum</strong></span> 
     </span>
    </p>
   </div>
   <div class='ocr_carea' id='block_1_101' title="bbox 2165 3978 3732 4054">
    <p class='ocr_par' dir='ltr' id='par_1_101' title="bbox 2165 3978 3732 4054">
     <span class='ocr_line' id='line_1_101' title="bbox 2165 3978 3732 4054; baseline -0.006 -13"><span class='ocrx_word' id='word_1_783' title='bbox 2165 3985 2376 4041; x_wconf 91' lang='lat' dir='ltr'><strong>diabolo</strong></span> <span class='ocrx_word' id='word_1_784' title='bbox 2404 3984 2683 4054; x_wconf 63' lang='lat' dir='ltr'><strong>poenaliter</strong></span> <span class='ocrx_word' id='word_1_785' title='bbox 2711 3982 2962 4050; x_wconf 91' lang='lat' dir='ltr'><strong>subdidit,</strong></span> <span class='ocrx_word' id='word_1_786' title='bbox 2993 3997 3112 4037; x_wconf 92' lang='lat' dir='ltr'><strong>cum</strong></span> <span class='ocrx_word' id='word_1_787' title='bbox 3138 3995 3237 4036; x_wconf 91' lang='lat' dir='ltr'><strong>nec</strong></span> <span class='ocrx_word' id='word_1_788' title='bbox 3265 3980 3436 4050; x_wconf 86' lang='lat' dir='ltr'><strong>ipsum</strong></span> <span class='ocrx_word' id='word_1_789' title='bbox 3463 3978 3732 4034; x_wconf 88' lang='lat' dir='ltr'><strong>diabolum</strong></span> 
     </span>
    </p>
   </div>
   <div class='ocr_carea' id='block_1_102' title="bbox 2169 4070 3732 4144">
    <p class='ocr_par' dir='ltr' id='par_1_102' title="bbox 2169 4070 3732 4144">
     <span class='ocr_line' id='line_1_102' title="bbox 2169 4070 3732 4144; baseline -0.005 -13"><span class='ocrx_word' id='word_1_790' title='bbox 2169 4091 2199 4131; x_wconf 90' lang='lat' dir='ltr'><strong>a</strong></span> <span class='ocrx_word' id='word_1_791' title='bbox 2239 4091 2336 4131; x_wconf 91' lang='lat' dir='ltr'><strong>suo</strong></span> <span class='ocrx_word' id='word_1_792' title='bbox 2373 4076 2685 4131; x_wconf 83' lang='lat' dir='ltr'><strong>alicnaverit</strong></span> <span class='ocrx_word' id='word_1_793' title='bbox 2736 4076 2996 4144; x_wconf 90' lang='lat' dir='ltr'><strong>imperio;</strong></span> <span class='ocrx_word' id='word_1_794' title='bbox 3028 4071 3452 4144; x_wconf 89' lang='lat' dir='ltr'><strong>quandoquidem</strong></span> <span class='ocrx_word' id='word_1_795' title='bbox 3482 4079 3541 4125; x_wconf 90' lang='lat' dir='ltr'><strong>ut</strong></span> <span class='ocrx_word' id='word_1_796' title='bbox 3566 4070 3732 4139; x_wconf 89' lang='lat' dir='ltr'><strong>ipsius</strong></span> 
     </span>
    </p>
   </div>
   <div class='ocr_carea' id='block_1_103' title="bbox 2168 4162 3732 4238">
    <p class='ocr_par' dir='ltr' id='par_1_103' title="bbox 2168 4162 3732 4238">
     <span class='ocr_line' id='line_1_103' title="bbox 2168 4162 3732 4238; baseline -0.001 -18"><span class='ocrx_word' id='word_1_797' title='bbox 2168 4167 2378 4238; x_wconf 71' lang='lat' dir='ltr'><strong>quoque</strong></span> <span class='ocrx_word' id='word_1_798' title='bbox 2401 4166 2594 4222; x_wconf 89' lang='lat' dir='ltr'><strong>diaboli</strong></span> <span class='ocrx_word' id='word_1_799' title='bbox 2628 4178 2815 4221; x_wconf 89' lang='lat' dir='ltr'><strong>natura</strong></span> <span class='ocrx_word' id='word_1_800' title='bbox 2838 4166 3109 4232; x_wconf 88' lang='lat' dir='ltr'><strong>subsistat,</strong></span> <span class='ocrx_word' id='word_1_801' title='bbox 3141 4164 3230 4220; x_wconf 90' lang='lat' dir='ltr'><strong>ille</strong></span> <span class='ocrx_word' id='word_1_802' title='bbox 3258 4162 3384 4219; x_wconf 86' lang='lat' dir='ltr'><strong>facit</strong></span> <span class='ocrx_word' id='word_1_803' title='bbox 3408 4162 3498 4233; x_wconf 90' lang='lat' dir='ltr'><strong>qui</strong></span> <span class='ocrx_word' id='word_1_804' title='bbox 3527 4176 3732 4219; x_wconf 85' lang='lat' dir='ltr'><strong>summe</strong></span> 
     </span>
    </p>
   </div>
   <div class='ocr_carea' id='block_1_104' title="bbox 2167 4244 3509 4325">
    <p class='ocr_par' dir='ltr' id='par_1_104' title="bbox 2167 4244 3509 4325">
     <span class='ocr_line' id='line_1_104' title="bbox 2167 4244 3509 4325; baseline -0.005 -12"><span class='ocrx_word' id='word_1_805' title='bbox 2167 4267 2270 4322; x_wconf 89' lang='lat' dir='ltr'><strong>est,</strong></span> <span class='ocrx_word' id='word_1_806' title='bbox 2300 4267 2353 4312; x_wconf 91' lang='lat' dir='ltr'><strong>et</strong></span> <span class='ocrx_word' id='word_1_807' title='bbox 2384 4257 2508 4312; x_wconf 87' lang='lat' dir='ltr'><strong>facit</strong></span> <span class='ocrx_word' id='word_1_808' title='bbox 2535 4271 2652 4311; x_wconf 89' lang='lat' dir='ltr'><strong>esse</strong></span> <span class='ocrx_word' id='word_1_809' title='bbox 2678 4255 2928 4325; x_wconf 89' lang='lat' dir='ltr'><strong>quidquid</strong></span> <span class='ocrx_word' id='word_1_810' title='bbox 2957 4256 3133 4324; x_wconf 88' lang='lat' dir='ltr'><strong>aliquo</strong></span> <span class='ocrx_word' id='word_1_811' title='bbox 3159 4253 3317 4308; x_wconf 92' lang='lat' dir='ltr'><strong>modo</strong></span> <span class='ocrx_word' id='word_1_812' title='bbox 3346 4262 3446 4309; x_wconf 92' lang='lat' dir='ltr'><strong>est.</strong></span> <span class='ocrx_word' id='word_1_813' title='bbox 3496 4244 3509 4260; x_wconf 83' lang='lat'><strong>&#39;</strong></span> 
     </span>
    </p>
   </div>
   <div class='ocr_carea' id='block_1_105' title="bbox 2237 4341 3732 4416">
    <p class='ocr_par' dir='ltr' id='par_1_105' title="bbox 2237 4341 3732 4416">
     <span class='ocr_line' id='line_1_105' title="bbox 2237 4341 3732 4416; baseline -0.005 -14"><span class='ocrx_word' id='word_1_814' title='bbox 2237 4349 2291 4402; x_wconf 87' lang='lat'><strong>2.</strong></span> <span class='ocrx_word' id='word_1_815' title='bbox 2316 4348 2549 4402; x_wconf 87' lang='lat' dir='ltr'><strong>Duorum</strong></span> <span class='ocrx_word' id='word_1_816' title='bbox 2577 4347 2735 4416; x_wconf 89' lang='lat' dir='ltr'><strong>igitur</strong></span> <span class='ocrx_word' id='word_1_817' title='bbox 2758 4346 2992 4410; x_wconf 89' lang='lat' dir='ltr'><strong>illorum,</strong></span> <span class='ocrx_word' id='word_1_818' title='bbox 3024 4359 3140 4413; x_wconf 69' lang='lat' dir='ltr'><strong>qua:</strong></span> <span class='ocrx_word' id='word_1_819' title='bbox 3160 4343 3387 4398; x_wconf 84' lang='lat' dir='ltr'><strong>diximus</strong></span> <span class='ocrx_word' id='word_1_820' title='bbox 3416 4342 3553 4396; x_wconf 88' lang='lat' dir='ltr'><strong>bona</strong></span> <span class='ocrx_word' id='word_1_821' title='bbox 3571 4341 3732 4396; x_wconf 84' lang='lat' dir='ltr'><strong>etiam</strong></span> 
     </span>
    </p>
   </div>
   <div class='ocr_carea' id='block_1_106' title="bbox 2170 4432 3731 4510">
    <p class='ocr_par' dir='ltr' id='par_1_106' title="bbox 2170 4432 3731 4510">
     <span class='ocr_line' id='line_1_106' title="bbox 2170 4432 3731 4510; baseline -0.007 -12"><span class='ocrx_word' id='word_1_822' title='bbox 2170 4443 2222 4498; x_wconf 92' lang='lat' dir='ltr'><strong>in</strong></span> <span class='ocrx_word' id='word_1_823' title='bbox 2262 4451 2500 4496; x_wconf 90' lang='lat' dir='ltr'><strong>naturam</strong></span> <span class='ocrx_word' id='word_1_824' title='bbox 2530 4449 2746 4510; x_wconf 86' lang='lat' dir='ltr'><strong>peccato</strong></span> <span class='ocrx_word' id='word_1_825' title='bbox 2777 4438 3012 4491; x_wconf 81' lang='lat' dir='ltr'><strong>vitiatam</strong></span> <span class='ocrx_word' id='word_1_826' title='bbox 3036 4435 3398 4505; x_wconf 88' lang='lat' dir='ltr'><strong>supplicioque</strong></span> <span class='ocrx_word' id='word_1_827' title='bbox 3426 4432 3731 4488; x_wconf 88' lang='lat' dir='ltr'><strong>damnatam</strong></span> 
     </span>
    </p>
   </div>
   <div class='ocr_carea' id='block_1_107' title="bbox 2169 4527 3732 4602">
    <p class='ocr_par' dir='ltr' id='par_1_107' title="bbox 2169 4527 3732 4602">
     <span class='ocr_line' id='line_1_107' title="bbox 2169 4527 3732 4602; baseline -0.008 -12"><span class='ocrx_word' id='word_1_828' title='bbox 2169 4535 2235 4590; x_wconf 89' lang='lat' dir='ltr'><strong>de</strong></span> <span class='ocrx_word' id='word_1_829' title='bbox 2265 4533 2512 4589; x_wconf 86' lang='lat' dir='ltr'><strong>bonitatis</strong></span> <span class='ocrx_word' id='word_1_830' title='bbox 2543 4532 2656 4602; x_wconf 89' lang='lat' dir='ltr'><strong>ejus</strong></span> <span class='ocrx_word' id='word_1_831' title='bbox 2683 4531 2913 4601; x_wconf 91' lang='lat' dir='ltr'><strong>quodam</strong></span> <span class='ocrx_word' id='word_1_832' title='bbox 2938 4527 3098 4583; x_wconf 89' lang='lat' dir='ltr'><strong>veluti</strong></span> <span class='ocrx_word' id='word_1_833' title='bbox 3142 4527 3287 4581; x_wconf 86' lang='lat' dir='ltr'><strong>fonte</strong></span> <span class='ocrx_word' id='word_1_834' title='bbox 3326 4539 3575 4589; x_wconf 87' lang='lat' dir='ltr'><strong>manare,</strong></span> <span class='ocrx_word' id='word_1_835' title='bbox 3608 4539 3732 4594; x_wconf 86' lang='lat' dir='ltr'><strong>pro-</strong></span> 
     </span>
    </p>
   </div>
   <div class='ocr_carea' id='block_1_108' title="bbox 2169 4612 3734 4694">
    <p class='ocr_par' dir='ltr' id='par_1_108' title="bbox 2169 4612 3734 4694">
     <span class='ocr_line' id='line_1_108' title="bbox 2169 4612 3734 4694; baseline -0.005 -18"><span class='ocrx_word' id='word_1_836' title='bbox 2169 4625 2502 4694; x_wconf 82' lang='lat' dir='ltr'><strong>pagationcm</strong></span> <span class='ocrx_word' id='word_1_837' title='bbox 2541 4621 2595 4676; x_wconf 91' lang='lat' dir='ltr'><strong>in</strong></span> <span class='ocrx_word' id='word_1_838' title='bbox 2627 4619 2810 4691; x_wconf 90' lang='lat' dir='ltr'><strong>primis</strong></span> <span class='ocrx_word' id='word_1_839' title='bbox 2857 4618 3037 4673; x_wconf 91' lang='lat' dir='ltr'><strong>mundi</strong></span> <span class='ocrx_word' id='word_1_840' title='bbox 3083 4614 3332 4685; x_wconf 89' lang='lat' dir='ltr'><strong>operibus</strong></span> <span class='ocrx_word' id='word_1_841' title='bbox 3360 4612 3734 4674; x_wconf 82' lang='lat' dir='ltr'><strong>benedictione</strong></span> 
     </span>
    </p>
   </div>
   <div class='ocr_carea' id='block_1_109' title="bbox 2169 4703 3730 4785">
    <p class='ocr_par' dir='ltr' id='par_1_109' title="bbox 2169 4703 3730 4785">
     <span class='ocr_line' id='line_1_109' title="bbox 2169 4703 3730 4785; baseline -0.009 -15"><span class='ocrx_word' id='word_1_842' title='bbox 2169 4715 2387 4785; x_wconf 86' lang='lat' dir='ltr'><strong>largitus</strong></span> <span class='ocrx_word' id='word_1_843' title='bbox 2412 4722 2512 4779; x_wconf 89' lang='lat' dir='ltr'><strong>est,</strong></span> <span class='ocrx_word' id='word_1_844' title='bbox 2541 4727 2570 4767; x_wconf 93' lang='lat' dir='ltr'><strong>a</strong></span> <span class='ocrx_word' id='word_1_845' title='bbox 2599 4713 2788 4782; x_wconf 89' lang='lat' dir='ltr'><strong>quibus</strong></span> <span class='ocrx_word' id='word_1_846' title='bbox 2817 4709 3063 4780; x_wconf 90' lang='lat' dir='ltr'><strong>operibus</strong></span> <span class='ocrx_word' id='word_1_847' title='bbox 3087 4706 3174 4762; x_wconf 89' lang='lat' dir='ltr'><strong>die</strong></span> <span class='ocrx_word' id='word_1_848' title='bbox 3198 4704 3422 4775; x_wconf 91' lang='lat' dir='ltr'><strong>septimo</strong></span> <span class='ocrx_word' id='word_1_849' title='bbox 3449 4703 3730 4774; x_wconf 89' lang='lat' dir='ltr'><strong>requievit.</strong></span> 
     </span>
    </p>
   </div>
   <div class='ocr_carea' id='block_1_110' title="bbox 2168 4801 3732 4870">
    <p class='ocr_par' dir='ltr' id='par_1_110' title="bbox 2168 4801 3732 4870">
     <span class='ocr_line' id='line_1_110' title="bbox 2168 4801 3732 4870; baseline -0.008 -8"><span class='ocrx_word' id='word_1_850' title='bbox 2168 4804 2528 4862; x_wconf 87' lang='lat' dir='ltr'><strong>Conformatio</strong></span> <span class='ocrx_word' id='word_1_851' title='bbox 2538 4818 2665 4858; x_wconf 86' lang='lat' dir='ltr'><strong>vero</strong></span> <span class='ocrx_word' id='word_1_852' title='bbox 2683 4803 2732 4858; x_wconf 92' lang='lat' dir='ltr'><strong>in</strong></span> <span class='ocrx_word' id='word_1_853' title='bbox 2752 4803 2840 4856; x_wconf 93' lang='lat' dir='ltr'><strong>illo</strong></span> <span class='ocrx_word' id='word_1_854' title='bbox 2857 4801 2971 4870; x_wconf 88' lang='lat' dir='ltr'><strong>ejus</strong></span> <span class='ocrx_word' id='word_1_855' title='bbox 2991 4808 3070 4854; x_wconf 90' lang='lat' dir='ltr'><strong>est</strong></span> <span class='ocrx_word' id='word_1_856' title='bbox 3085 4812 3266 4867; x_wconf 89' lang='lat' dir='ltr'><strong>opere,</strong></span> <span class='ocrx_word' id='word_1_857' title='bbox 3285 4813 3389 4867; x_wconf 90' lang='lat' dir='ltr'><strong>quo</strong></span> <span class='ocrx_word' id='word_1_858' title='bbox 3407 4809 3575 4865; x_wconf 89' lang='lat' dir='ltr'><strong>usque</strong></span> <span class='ocrx_word' id='word_1_859' title='bbox 3597 4807 3732 4849; x_wconf 89' lang='lat' dir='ltr'><strong>nunc</strong></span> 
     </span>
    </p>
   </div>
   <div class='ocr_carea' id='block_1_111' title="bbox 2169 4886 3732 4966">
    <p class='ocr_par' dir='ltr' id='par_1_111' title="bbox 2169 4886 3732 4966">
     <span class='ocr_line' id='line_1_111' title="bbox 2169 4886 3732 4966; baseline -0.01 -14"><span class='ocrx_word' id='word_1_860' title='bbox 2169 4904 2418 4966; x_wconf 86' lang='lat' dir='ltr'><strong>operatur</strong></span> <span class='ocrx_word' id='word_1_861' title='bbox 2445 4896 2464 4966; x_wconf 97' lang='lat'>(</span> <span class='ocrx_word' id='word_1_862' title='bbox 2488 4894 2641 4949; x_wconf 83' lang='lat' dir='ltr'><strong>Joan.</strong></span> <span class='ocrx_word' id='word_1_863' title='bbox 2667 4910 2744 4961; x_wconf 78' lang='lat' dir='ltr'><strong>vr,</strong></span> <span class='ocrx_word' id='word_1_864' title='bbox 2767 4893 2875 4963; x_wconf 86' lang='lat' dir='ltr'><strong>I7).</strong></span> <span class='ocrx_word' id='word_1_865' title='bbox 2903 4891 3183 4945; x_wconf 80' lang='lat' dir='ltr'><strong>Eflicacem</strong></span> <span class='ocrx_word' id='word_1_866' title='bbox 3226 4891 3418 4959; x_wconf 88' lang='lat' dir='ltr'><strong>quippe</strong></span> <span class='ocrx_word' id='word_1_867' title='bbox 3449 4886 3732 4957; x_wconf 88' lang='lat' dir='ltr'><strong>potentiam</strong></span> 
     </span>
    </p>
   </div>
   <div class='ocr_carea' id='block_1_112' title="bbox 2169 4978 3724 5049">
    <p class='ocr_par' dir='ltr' id='par_1_112' title="bbox 2169 4978 3724 5049">
     <span class='ocr_line' id='line_1_112' title="bbox 2169 4978 3724 5049; baseline -0.012 -7"><span class='ocrx_word' id='word_1_868' title='bbox 2169 5003 2318 5042; x_wconf 92' lang='lat' dir='ltr'><strong>suam</strong></span> <span class='ocrx_word' id='word_1_869' title='bbox 2348 4987 2392 5042; x_wconf 92' lang='lat' dir='ltr'><strong>si</strong></span> <span class='ocrx_word' id='word_1_870' title='bbox 2417 4987 2437 5017; x_wconf 82' lang='lat'><strong>’</strong></span> <span class='ocrx_word' id='word_1_871' title='bbox 2463 4986 2621 5041; x_wconf 87' lang='lat' dir='ltr'><strong>rebus</strong></span> <span class='ocrx_word' id='word_1_872' title='bbox 2649 4982 2956 5047; x_wconf 86' lang='lat' dir='ltr'><strong>subtrahat,</strong></span> <span class='ocrx_word' id='word_1_873' title='bbox 3000 4995 3098 5035; x_wconf 89' lang='lat' dir='ltr'><strong>nec</strong></span> <span class='ocrx_word' id='word_1_874' title='bbox 3133 4978 3374 5049; x_wconf 85' lang='lat' dir='ltr'><strong>progredi</strong></span> <span class='ocrx_word' id='word_1_875' title='bbox 3397 4982 3645 5045; x_wconf 89' lang='lat' dir='ltr'><strong>poterunt</strong></span> <span class='ocrx_word' id='word_1_876' title='bbox 3672 4980 3724 5026; x_wconf 90' lang='lat' dir='ltr'><strong>et</strong></span> 
     </span>
    </p>
   </div>
   <div class='ocr_carea' id='block_1_113' title="bbox 2170 5073 3732 5139">
    <p class='ocr_par' dir='ltr' id='par_1_113' title="bbox 2170 5073 3732 5139">
     <span class='ocr_line' id='line_1_113' title="bbox 2170 5073 3732 5139; baseline -0.01 -8"><span class='ocrx_word' id='word_1_877' title='bbox 2170 5077 2281 5131; x_wconf 90' lang='lat' dir='ltr'><strong>suis</strong></span> <span class='ocrx_word' id='word_1_878' title='bbox 2301 5075 2556 5131; x_wconf 89' lang='lat' dir='ltr'><strong>dimensis</strong></span> <span class='ocrx_word' id='word_1_879' title='bbox 2588 5073 2818 5127; x_wconf 91' lang='lat' dir='ltr'><strong>motibus</strong></span> <span class='ocrx_word' id='word_1_880' title='bbox 2843 5085 3094 5139; x_wconf 82' lang='lat' dir='ltr'><strong>peragere</strong></span> <span class='ocrx_word' id='word_1_881' title='bbox 3125 5078 3382 5137; x_wconf 90' lang='lat' dir='ltr'><strong>tempora,</strong></span> <span class='ocrx_word' id='word_1_882' title='bbox 3405 5079 3503 5119; x_wconf 92' lang='lat' dir='ltr'><strong>nec</strong></span> <span class='ocrx_word' id='word_1_883' title='bbox 3520 5077 3732 5133; x_wconf 87' lang='lat' dir='ltr'><strong>prorsus</strong></span> 
     </span>
    </p>
   </div>
   <div class='ocr_carea' id='block_1_114' title="bbox 2168 5153 3733 5236">
    <p class='ocr_par' dir='ltr' id='par_1_114' title="bbox 2168 5153 3733 5236">
     <span class='ocr_line' id='line_1_114' title="bbox 2168 5153 3733 5236; baseline -0.011 -13"><span class='ocrx_word' id='word_1_884' title='bbox 2168 5168 2221 5223; x_wconf 91' lang='lat' dir='ltr'><strong>in</strong></span> <span class='ocrx_word' id='word_1_885' title='bbox 2243 5182 2307 5224; x_wconf 92' lang='lat' dir='ltr'><strong>eo</strong></span> <span class='ocrx_word' id='word_1_886' title='bbox 2332 5164 2470 5236; x_wconf 89' lang='lat' dir='ltr'><strong>quod</strong></span> <span class='ocrx_word' id='word_1_887' title='bbox 2492 5173 2684 5220; x_wconf 75' lang='lat' dir='ltr'><strong>creata:</strong></span> <span class='ocrx_word' id='word_1_888' title='bbox 2709 5171 2833 5217; x_wconf 85' lang='lat' dir='ltr'><strong>sunt</strong></span> <span class='ocrx_word' id='word_1_889' title='bbox 2851 5163 3182 5232; x_wconf 87' lang='lat' dir='ltr'><strong>aliquatenus</strong></span> <span class='ocrx_word' id='word_1_890' title='bbox 3211 5155 3615 5230; x_wconf 90' lang='lat' dir='ltr'><strong>permanebunt.</strong></span> <span class='ocrx_word' id='word_1_891' title='bbox 3647 5153 3733 5207; x_wconf 91' lang='lat' dir='ltr'><strong>Sic</strong></span> 
     </span>
    </p>
   </div>
   <div class='ocr_carea' id='block_1_115' title="bbox 2168 5237 3732 5322">
    <p class='ocr_par' dir='ltr' id='par_1_115' title="bbox 2168 5237 3732 5322">
     <span class='ocr_line' id='line_1_115' title="bbox 2168 5237 3732 5322; baseline -0.011 -17"><span class='ocrx_word' id='word_1_892' title='bbox 2168 5265 2295 5322; x_wconf 89' lang='lat' dir='ltr'><strong>ergo</strong></span> <span class='ocrx_word' id='word_1_893' title='bbox 2321 5249 2518 5304; x_wconf 88' lang='lat' dir='ltr'><strong>ereavit</strong></span> <span class='ocrx_word' id='word_1_894' title='bbox 2544 5247 2807 5302; x_wconf 89' lang='lat' dir='ltr'><strong>hominem</strong></span> <span class='ocrx_word' id='word_1_895' title='bbox 2838 5246 3008 5311; x_wconf 89' lang='lat' dir='ltr'><strong>Deus,</strong></span> <span class='ocrx_word' id='word_1_896' title='bbox 3035 5254 3092 5298; x_wconf 90' lang='lat' dir='ltr'><strong>ut</strong></span> <span class='ocrx_word' id='word_1_897' title='bbox 3118 5243 3190 5296; x_wconf 91' lang='lat' dir='ltr'><strong>illi</strong></span> <span class='ocrx_word' id='word_1_898' title='bbox 3233 5241 3450 5295; x_wconf 88' lang='lat' dir='ltr'><strong>adderet</strong></span> <span class='ocrx_word' id='word_1_899' title='bbox 3491 5237 3732 5292; x_wconf 56' lang='lat' dir='ltr'><strong>fertilitac</strong></span> 
     </span>
    </p>
   </div>
   <div class='ocr_carea' id='block_1_116' title="bbox 2170 5332 3730 5409">
    <p class='ocr_par' dir='ltr' id='par_1_116' title="bbox 2170 5332 3730 5409">
     <span class='ocr_line' id='line_1_116' title="bbox 2170 5332 3730 5409; baseline -0.01 -15"><span class='ocrx_word' id='word_1_900' title='bbox 2170 5350 2272 5394; x_wconf 89' lang='lat' dir='ltr'><strong>tem</strong></span> <span class='ocrx_word' id='word_1_901' title='bbox 2303 5337 2608 5409; x_wconf 89' lang='lat' dir='ltr'><strong>quamdam,</strong></span> <span class='ocrx_word' id='word_1_902' title='bbox 2651 5351 2754 5406; x_wconf 90' lang='lat' dir='ltr'><strong>qua</strong></span> <span class='ocrx_word' id='word_1_903' title='bbox 2785 5334 3027 5390; x_wconf 90' lang='lat' dir='ltr'><strong>homines</strong></span> <span class='ocrx_word' id='word_1_904' title='bbox 3054 5332 3186 5386; x_wconf 88' lang='lat' dir='ltr'><strong>alios</strong></span> <span class='ocrx_word' id='word_1_905' title='bbox 3213 5335 3531 5400; x_wconf 86' lang='lat' dir='ltr'><strong>propagaret</strong></span> <span class='ocrx_word' id='word_1_906' title='bbox 3557 5368 3573 5394; x_wconf 94' lang='lat'><strong>,</strong></span> <span class='ocrx_word' id='word_1_907' title='bbox 3601 5341 3730 5380; x_wconf 87' lang='lat' dir='ltr'><strong>con-</strong></span> 
     </span>
    </p>
   </div>
   <div class='ocr_carea' id='block_1_117' title="bbox 2166 5417 3731 5501">
    <p class='ocr_par' dir='ltr' id='par_1_117' title="bbox 2166 5417 3731 5501">
     <span class='ocr_line' id='line_1_117' title="bbox 2166 5417 3731 5501; baseline -0.012 -16"><span class='ocrx_word' id='word_1_908' title='bbox 2166 5443 2424 5501; x_wconf 85' lang='lat' dir='ltr'><strong>generans</strong></span> <span class='ocrx_word' id='word_1_909' title='bbox 2453 5426 2532 5482; x_wconf 85' lang='lat' dir='ltr'><strong>eis</strong></span> <span class='ocrx_word' id='word_1_910' title='bbox 2578 5426 2745 5496; x_wconf 90' lang='lat' dir='ltr'><strong>ipsam</strong></span> <span class='ocrx_word' id='word_1_911' title='bbox 2773 5425 2931 5480; x_wconf 91' lang='lat' dir='ltr'><strong>etiam</strong></span> <span class='ocrx_word' id='word_1_912' title='bbox 2960 5419 3278 5492; x_wconf 88' lang='lat' dir='ltr'><strong>propagandi</strong></span> <span class='ocrx_word' id='word_1_913' title='bbox 3305 5417 3731 5488; x_wconf 89' lang='lat' dir='ltr'><strong>possibilitatem,</strong></span> 
     </span>
    </p>
   </div>
   <div class='ocr_carea' id='block_1_118' title="bbox 2167 5503 3734 5585">
    <p class='ocr_par' dir='ltr' id='par_1_118' title="bbox 2167 5503 3734 5585">
     <span class='ocr_line' id='line_1_118' title="bbox 2167 5503 3734 5585; baseline -0.013 -10"><span class='ocrx_word' id='word_1_914' title='bbox 2167 5536 2271 5575; x_wconf 92' lang='lat' dir='ltr'><strong>non</strong></span> <span class='ocrx_word' id='word_1_915' title='bbox 2317 5517 2693 5574; x_wconf 87' lang='lat' dir='ltr'><strong>necessitatem</strong></span> <span class='ocrx_word' id='word_1_916' title='bbox 2719 5557 2734 5584; x_wconf 94' lang='lat'><strong>,</strong></span> <span class='ocrx_word' id='word_1_917' title='bbox 2769 5514 2960 5585; x_wconf 90' lang='lat' dir='ltr'><strong>quibus</strong></span> <span class='ocrx_word' id='word_1_918' title='bbox 2999 5519 3174 5566; x_wconf 90' lang='lat' dir='ltr'><strong>tamen</strong></span> <span class='ocrx_word' id='word_1_919' title='bbox 3218 5507 3386 5563; x_wconf 91' lang='lat' dir='ltr'><strong>voluit</strong></span> <span class='ocrx_word' id='word_1_920' title='bbox 3432 5503 3734 5562; x_wconf 86' lang='lat' dir='ltr'><strong>hominibus</strong></span> 
     </span>
    </p>
   </div>
   <div class='ocr_carea' id='block_1_119' title="bbox 2229 5664 3264 5738">
    <p class='ocr_par' dir='ltr' id='par_1_119' title="bbox 2229 5664 3264 5738">
     <span class='ocr_line' id='line_1_119' title="bbox 2229 5664 3264 5738; baseline -0.01 -17"><span class='ocrx_word' id='word_1_921' title='bbox 2229 5677 2243 5705; x_wconf 82' lang='grc'>¹</span> <span class='ocrx_word' id='word_1_922' title='bbox 2279 5674 2352 5722; x_wconf 85' lang='lat' dir='ltr'><strong>sic</strong></span> <span class='ocrx_word' id='word_1_923' title='bbox 2372 5679 2479 5738; x_wconf 54' lang='lat' dir='ltr'><strong>Mss,</strong></span> <span class='ocrx_word' id='word_1_924' title='bbox 2501 5672 2618 5738; x_wconf 60' lang='lat' dir='ltr'><strong>editi</strong></span> <span class='ocrx_word' id='word_1_925' title='bbox 2639 5664 3157 5738; x_wconf 29' lang='lat' dir='ltr'><strong>autem,.probavinuits.</strong></span> 
     </span>
    </p>
   </div>
   <div class='ocr_carea' id='block_1_120' title="bbox 2235 5723 3540 5795">
    <p class='ocr_par' dir='ltr' id='par_1_120' title="bbox 2235 5723 3540 5795">
     <span class='ocr_line' id='line_1_120' title="bbox 2235 5723 3540 5795; baseline -0.012 -10"><span class='ocrx_word' id='word_1_926' title='bbox 2235 5738 2254 5766; x_wconf 84' lang='grc'>¹</span> <span class='ocrx_word' id='word_1_927' title='bbox 2286 5743 2412 5794; x_wconf 82' lang='lat' dir='ltr'><strong>Lov.,</strong></span> <span class='ocrx_word' id='word_1_928' title='bbox 2435 5733 2479 5785; x_wconf 84' lang='lat' dir='ltr'><strong>si</strong></span> <span class='ocrx_word' id='word_1_929' title='bbox 2488 5733 2611 5795; x_wconf 88' lang='lat' dir='ltr'><strong>jam.</strong></span> <span class='ocrx_word' id='word_1_930' title='bbox 2634 5723 2933 5792; x_wconf 53' lang='lat' dir='ltr'><strong>.tbestjam.</strong></span> <span class='ocrx_word' id='word_1_931' title='bbox 2948 5728 3009 5777; x_wconf 89' lang='lat' dir='ltr'><strong>ab</strong></span> <span class='ocrx_word' id='word_1_932' title='bbox 3032 5726 3171 5777; x_wconf 88' lang='lat' dir='ltr'><strong>editis</strong></span> <span class='ocrx_word' id='word_1_933' title='bbox 3189 5723 3294 5774; x_wconf 86' lang='lat' dir='ltr'><strong>aliis</strong></span> <span class='ocrx_word' id='word_1_934' title='bbox 3315 5729 3366 5773; x_wconf 87' lang='lat' dir='ltr'><strong>et</strong></span> <span class='ocrx_word' id='word_1_935' title='bbox 3386 5728 3490 5771; x_wconf 72' lang='lat' dir='ltr'><strong>Mss.</strong></span> <span class='ocrx_word' id='word_1_936' title='bbox 3528 5752 3540 5769; x_wconf 97' lang='grc'><strong>.</strong></span> 
     </span>
    </p>
   </div>
   <div class='ocr_carea' id='block_1_121' title="bbox 3767 5711 3776 5772">
    <p class='ocr_par' dir='ltr' id='par_1_121' title="bbox 3767 5711 3776 5772">
     <span class='ocr_line' id='line_1_121' title="bbox 3767 5711 3776 5772; baseline 0 0"><span class='ocrx_word' id='word_1_937' title='bbox 3767 5711 3776 5772; x_wconf 82' lang='lat' dir='ltr'><strong>l</strong></span> 
     </span>
    </p>
   </div>
  </div>
