4078 6466
281 358 381 416 ’189

283 471 501 532 abstulit
526 485 646 528 eam
672 469 814 526 Deus
836 510 851 535 ,
895 477 951 525 et
989 469 1199 525 steriles
1243 469 1458 527 fuerunt
1489 490 1502 526 :
1532 486 1636 527 non
1667 480 1841 526 tamen

283 562 464 634 generi
499 559 732 615 humano
771 559 986 614 abstulit
1021 559 1188 616 semel
1213 559 1388 616 datam
1433 561 1618 632 primis
1643 561 1850 617 duobus

283 652 598 725 eonjugibus
615 650 1038 710 benedictionem
1063 651 1408 720 generandi‘.
1431 651 1556 706 liae
1576 665 1702 722 ergo
1732 665 1854 720 pro-

283 743 496 816 pagatio
513 743 753 814 quamvis
772 751 988 813 peccato
1003 742 1178 797 ablata
1204 756 1310 798 non
1333 741 1522 809 fuerit,
1551 758 1656 796 non
1679 751 1852 796 tamen

283 837 443 892 etiam
469 835 582 904 ipsa
611 833 729 889 talis
756 842 853 900 est,
886 833 1055 904 qualis
1081 833 1283 900 fuisset,
1298 831 1345 888 si
1378 846 1534 888 nemo
1560 839 1852 902 peccasset.

285 929 361 984 Ex
377 927 634 998 quoenim
649 925 870 980 homoin
897 925 1098 981 honore
1125 925 1346 995 positus,
1360 931 1704 994 posteaquam
1725 921 1858 978 deii-

283 1020 418 1088 quit,
433 1025 860 1086 eomparatusest
879 1014 1338 1088 pecoribus(Psat.
1356 1016 1688 1086 vani,l5.),
1712 1015 1857 1070 simi-

285 1109 406 1164 liter
423 1117 670 1179 generat:
693 1124 797 1164 non
811 1110 862 1163 in
878 1124 942 1164 eo
955 1119 1128 1165 tamen
1143 1109 1348 1180 penitus
1365 1111 1622 1165 exstincta
1633 1117 1714 1164 est
1725 1123 1860 1178 qua:-

285 1197 407 1253 dam
422 1197 566 1254 velut
577 1199 802 1254 scintilla
815 1199 1048 1265 rationis,
1062 1199 1223 1269 inqua
1237 1197 1404 1254 factus
1413 1197 1569 1253 estad
1579 1197 1857 1268 imaginem

286 1289 404 1343 Dei.
437 1288 574 1344 Huic
601 1297 778 1344 autem
802 1289 1168 1360 propagationi
1196 1290 1242 1344 si
1270 1289 1617 1344 conformatio
1642 1303 1745 1342 non
1764 1287 1861 1342 ad-

287 1377 580 1446 hiberetur,
612 1393 710 1434 nec
740 1379 852 1449 ipsa
890 1379 944 1434 in
990 1379 1072 1434 sui
1113 1378 1326 1449 generis
1348 1377 1546 1433 formas
1571 1375 1863 1446 modosque

288 1467 624 1539 procederet.
653 1467 707 1524 Si
734 1470 877 1524 enim
917 1484 1023 1524 non
1067 1469 1474 1523 concubuissent
1502 1467 1744 1521 homines
1767 1506 1782 1532 ,
1809 1473 1864 1521 et

287 1557 458 1612 nihilo
485 1558 660 1614 minus
687 1558 826 1613 Deus
850 1558 1010 1612 vellet
1039 1557 1261 1626 implere
1299 1565 1471 1611 terras
1517 1554 1822 1610 hominibus
1847 1572 1862 1622 ;

287 1646 558 1717 quomodo
580 1648 781 1704 creavit
801 1664 964 1703 unum
983 1647 1098 1702 sine
1122 1647 1502 1702 commixtione
1530 1646 1694 1702 maris
1711 1654 1764 1701 et
1783 1644 1866 1700 fe-

289 1738 472 1804 minze,
500 1739 578 1794 sic
604 1749 785 1810 posset
809 1753 996 1796 omnes
1023 1756 1037 1793 :
1066 1739 1477 1795 concumbentes
1492 1753 1619 1794 vero
1646 1737 1747 1792 nisi
1776 1736 1865 1791 illo

290 1838 507 1885 creante
531 1839 848 1901 generantes
888 1845 1010 1886 esse
1048 1844 1157 1886 non
1185 1837 1428 1899 possunt.
1467 1827 1613 1884 Sicut
1641 1843 1768 1898 ergo
1793 1828 1868 1880 ait

291 1919 579 1988 Apostolus
622 1920 689 1976 de
729 1920 1057 1976 institutione
1096 1919 1354 1989 spirituali
1378 1960 1394 1984 ,
1435 1935 1541 1990 qua
1583 1918 1745 1972 homo
1799 1916 1865 1970 ad

291 2011 549 2079 pietatem
570 2011 939 2082 justitiamque
965 2010 1245 2077 formatur,
1269 2009 1444 2080 Neque
1469 2009 1556 2080 qui
1590 2009 1785 2078 plantat
1798 2015 1866 2061 est

290 2101 516 2170 aliquid,
540 2118 696 2172 neque
731 2103 816 2172 qui
859 2103 1016 2172 rigat;
1041 2102 1128 2156 sed
1153 2102 1238 2170 qui
1257 2103 1608 2155 incrementum
1629 2099 1715 2152 dat
1735 2097 1868 2152 Deus

293 2190 337 2261 (I
361 2190 652 2264 Cor.tn,7),
680 2193 751 2246 ita
771 2192 930 2247 etiam
960 2193 1044 2247 hic
1062 2192 1164 2247 dici
1192 2191 1498 2262 potest,Nec
1513 2191 1601 2261 qui
1618 2205 1868 2245 concum~

293 2281 389 2344 hit,
416 2295 516 2336 nec
533 2281 625 2352 qui
647 2282 982 2347 seminat,est
999 2281 1317 2352 aliquid;sed
1342 2282 1431 2351 qui
1458 2281 1684 2337 format’
1708 2281 1865 2335 Deus.

291 2370 402 2426 Nec
424 2379 594 2427 mater
609 2387 726 2442 quae
741 2381 1054 2443 conceptum
1073 2381 1264 2442 portat,
1288 2381 1342 2426 et
1361 2379 1568 2441 partum
1591 2370 1772 2434 nutrit,
1787 2379 1870 2424 est

291 2461 512 2532 aliquid;
541 2461 638 2517 sed
665 2463 754 2532 qui
783 2462 1166 2518 incrementum
1192 2461 1284 2516 dat
1303 2461 1463 2516 Deus.
1483 2460 1870 2530 lpse'namque

290 2551 626 2622 operatione,
655 2567 759 2622 qua
784 2567 925 2607 nunc
949 2567 1118 2622 usque
1143 2559 1414 2621 operatur,
1443 2550 1568 2605 facit
1595 2557 1654 2604 ut
1678 2563 1867 2603 nume-

290 2658 383 2698 ros
405 2658 531 2700 suos
556 2644 826 2715 explicent
846 2645 1047 2699 semina
1072 2688 1086 2711 ,
1109 2653 1163 2700 et
1192 2659 1222 2700 a
1246 2644 1558 2714 quihusdam
1585 2640 1871 2699 latentibus

291 2746 453 2806 atque
478 2737 827 2792 invisibilibus
855 2737 1138 2792 involucris
1169 2737 1221 2792 in
1261 2731 1459 2792 formas
1505 2735 1740 2790 visibiles
1768 2733 1870 2788 hu-

289 2828 378 2896 jus
417 2828 560 2898 quod
599 2829 884 2900 aspicimus
920 2829 1130 2884 decoris
1155 2830 1424 2884 evolvant.
1457 2828 1575 2898 Ipse
1620 2828 1870 2896 incorpo-

296 2931 443 2971 ream
495 2932 913 2990 corporeamque
976 2929 1220 2974 naturam
1247 2960 1262 2984 ,
1298 2919 1443 2972 illam
1491 2917 1828 2988 prmpositam
1853 2957 1868 2981 ,

297 3006 454 3060 istam
491 3006 781 3075 subjectam
803 3049 820 3074 ,
851 3007 1001 3064 miris
1043 3008 1214 3062 modis
1261 3007 1516 3077 copulans
1556 3014 1610 3061 et
1637 3020 1870 3061 connec-

297 3105 437 3163 tens,
468 3098 791 3154 animantem
821 3099 966 3156 facit.
994 3099 1148 3166 Quod
1174 3115 1307 3169 opus
1343 3099 1459 3169 eius
1489 3109 1594 3153 tam
1623 3113 1871 3169 magnum

295 3193 350 3239 ct
393 3186 635 3243 mirabile
683 3197 800 3254 est,
843 3199 901 3245 ut
942 3205 1048 3244 non
1076 3190 1247 3244 solum
1276 3190 1327 3243 in
1356 3187 1594 3255 homine,
1628 3187 1767 3258 quod
1793 3197 1873 3243 est

297 3277 498 3337 animal
524 3280 804 3350 rationale,
831 3289 886 3337 et
913 3297 978 3336 ex
1009 3282 1109 3336 hoc
1137 3280 1347 3336 cunctis
1378 3279 1607 3335 terrenis
1628 3279 1872 3333 animan-

297 3371 440 3426 tibus
475 3371 821 3426 excellentius
861 3379 1018 3440 atque
1049 3369 1406 3439 prmstantius,
1437 3368 1529 3424 sed
1559 3366 1610 3422 in
1642 3366 1875 3438 qualibet

296 3462 650 3518 minutissima
703 3461 944 3516 museula
1010 3460 1147 3514 bene
1196 3458 1550 3514 consideranti
1599 3465 1871 3529 stuporem

297 3555 494 3610 mentis
528 3554 750 3624 ingerat,
782 3552 1101 3621 laudemque
1131 3551 1302 3620 pariat
1326 3551 1614 3605 Creatoris.

365 3647 420 3701 5.
462 3644 581 3714 Ipse
605 3644 780 3712 itaque
800 3643 992 3696 anima:
1027 3641 1271 3695 humana:
1310 3650 1543 3695 mentem
1576 3639 1742 3706 dedit,
1782 3640 1874 3696 ubi

296 3737 433 3790 ratio
472 3742 530 3790 et
557 3733 899 3802 intelligentia
946 3732 999 3786 in
1045 3731 1244 3786 infante
1282 3730 1452 3800 sopita
1493 3738 1574 3785 est
1615 3730 1874 3800 quodam-

297 3825 478 3891 modo,
504 3823 654 3894 quasi
677 3823 818 3877 nulla
851 3823 940 3890 sit,
979 3819 1257 3878 excitanda
1281 3820 1484 3876 scilicet
1521 3827 1680 3890 atque
1720 3833 1873 3874 exse-

298 3914 466 3970 renda
494 3913 704 3968 ‘aztatis
737 3926 977 3980 accessu,
1002 3926 1104 3982 qua
1135 3911 1205 3966 sit
1241 3909 1478 3966 scientia:
1511 3924 1677 3979 capax
1719 3918 1877 3978 atque

299 4004 578 4065 doctrinae.
617 4012 672 4058 et
713 4001 903 4058 habilis
941 4001 1266 4072 perceptioni
1310 4000 1548 4056 veritatis
1581 4006 1636 4055 et
1680 3999 1877 4053 amoris

301 4096 425 4150 boni
455 4111 469 4148 :
500 4109 602 4166 qua
643 4094 936 4163 capacitate
980 4093 1186 4147 hauriat
1209 4092 1522 4162 sapientiam
1567 4089 1869 4146 virtutibus-

301 4200 404 4254 que
430 4184 501 4239 sit
519 4183 758 4254 prmdita,
776 4182 966 4253 quibus
987 4181 1298 4251 prudenter,
1323 4181 1550 4247 fortiter,
1580 4189 1878 4250 temperan-

304 4285 405 4340 ter,
448 4281 505 4328 et
537 4273 701 4343 iuste,
731 4273 987 4328 adversus
1023 4284 1236 4327 errores
1267 4279 1322 4325 et
1345 4278 1540 4325 caetera
1575 4271 1876 4340 ingenerata

302 4365 430 4420 vitia
456 4364 692 4432 dimicet,
731 4379 900 4434 eaque
936 4362 1128 4417 nullius
1174 4361 1250 4416 rei
1291 4357 1558 4414 desiderio
1603 4360 1704 4414 nisi
1753 4359 1876 4413 boni

304 4457 446 4511 illius
469 4455 665 4512 summi
691 4463 850 4525 atque
875 4453 1216 4510 immutabilis
1240 4451 1434 4506 vincat.
1460 4450 1612 4518 Quod
1648 4451 1749 4506 etsi
1774 4465 1878 4506 non

302 4546 480 4614 faciat,
503 4545 618 4616 ipsa
642 4546 822 4600 talium
846 4544 1103 4598 bonorum
1126 4541 1392 4612 capacitas
1417 4540 1470 4593 in
1496 4547 1680 4594 natura
1710 4539 1874 4593 ratio-

303 4636 414 4693 nali
442 4635 694 4692 divinitus
721 4635 957 4690 instituta
981 4643 1235 4704 quantum
1261 4631 1332 4686 sit
1350 4631 1496 4694 boni,
1521 4643 1679 4700 quam
1721 4629 1878 4684 mira-

304 4726 416 4783 bile
463 4740 598 4798 opus
641 4725 1054 4795 Omnipotentis,
1105 4723 1225 4794 quis
1263 4729 1627 4791 competenter
1670 4719 1877 4787 effatur,

306 4824 400 4870 aut
435 4815 668 4886 cogitat?
710 4814 911 4870 Practer
946 4814 1088 4869 enim
1125 4821 1267 4866 artes
1308 4811 1446 4866 bene
1478 4809 1685 4866 vivendi
1722 4819 1776 4866 et
1814 4810 1879 4864 ad

309 4902 664 4959 immortalem
717 4901 1055 4974 perveniendi
1107 4899 1408 4956 felicitatem
1432 4939 1448 4965 ,
1489 4911 1608 4968 qua:
1659 4899 1882 4953 virtutes

308 4999 599 5061 vocantur,
643 5001 699 5048 et
743 4993 854 5048 sola
903 4992 992 5047 Dei
1033 4991 1222 5061 gratia,
1265 5005 1384 5060 qua:
1429 4989 1480 5044 in
1527 4987 1738 5044 Christo
1766 4997 1878 5052 est,

310 5084 434 5138 filiis
493 5082 861 5154 promissionis
907 5081 1160 5150 regnique
1214 5079 1515 5145 donantur,
1555 5091 1729 5132 nonne
1781 5076 1878 5131 hu-

309 5185 470 5226 mano
520 5169 732 5241 ingenio
783 5179 860 5224 tot
906 5177 1170 5238 tantaque
1205 5177 1348 5223 artes
1386 5175 1510 5222 sunt
1553 5166 1778 5221 inventa:
1827 5176 1882 5220 et

309 5260 578 5325 exercite,
607 5260 796 5330 partim
819 5259 1154 5324 necessaria},
1183 5259 1376 5327 partim
1418 5257 1726 5326 voluptarize
1751 5256 1794 5321 ⁸,
1827 5265 1885 5310 ut

311 5362 419 5406 tam
474 5352 747 5408 excellens
805 5351 886 5406 vis
947 5349 1141 5405 mentis
1203 5357 1360 5418 atque
1409 5348 1630 5403 rationis
1684 5347 1740 5404 in
1799 5345 1887 5404 his

375 5468 392 5499 ί
429 5465 647 5528 Nonnulli
669 5465 832 5528 probae
855 5471 982 5528 notas
1002 5469 1130 5522 Mss,
1153 5459 1474 5513 benedictione
1490 5459 1720 5524 generals.

373 5530 396 5560 ⁸
427 5527 533 5577 Sola
555 5525 704 5577 editio
724 5535 855 5588 bov.,
877 5525 1116 5588 informat.

375 5589 396 5652 ξ
429 5588 614 5652 Aliquot
634 5596 760 5649 Mss,
790 5597 912 5652 Ipse.

294 5705 302 5714 ,
374 5649 398 5714 ξ
429 5643 690 5714 sie'plures
711 5643 818 5698 uss:
839 5649 955 5714 Editl
976 5659 1115 5714 vero,
1138 5643 1426 5714 exercenda.

300 5707 405 5822 ‘25;
429 5703 646 5820 No't‘i'nulli
669 5718 792 5769 Mss,
830 5703 1122 5761 voluntarias
1157 5733 1216 5743 —
1238 5707 1307 5757 sic
1333 5707 1476 5756 etiam
1514 5703 1648 5755 codd.
1675 5703 1789 5754 2051
1835 5710 1885 5753 ct

1326 357 1528 414 LIBER
1568 356 1922 415 VlGESlMUS
1959 359 2334 422 SECUNDUS.

3418 368 3518 425 790

1956 474 2116 529 etiam
2169 476 2328 530 rebus
2378 489 2510 546 quas
2560 475 2854 546 superfluas
2881 517 2896 542 ,
2945 477 3052 532 imo
3105 487 3159 534 et
3198 480 3519 548 periculosas

1955 563 2383 634 perniciosasque
2420 565 2636 634 appetit,
2663 574 2917 636 quantum
2961 566 3156 622 bonum
3185 570 3202 599 ⁸
3234 569 3424 626 habeat
3462 571 3516 626 in

1957 660 2142 706 natura
2165 693 2178 717 ,
2207 652 2345 708 unde
2397 653 2493 708 ista
2524 655 2690 724 potuit
2725 655 2809 711 vel
2835 655 3106 726 invenire,
3144 658 3232 714 vel
3271 658 3480 716 discere
3501 701 3518 727 ,

1957 741 2041 796 vel
2085 755 2369 809 exercere,
2431 745 2688 799 testetur?
2739 745 3188 803 Vestimentorum
3251 757 3306 804 et
3349 749 3517 804 :edifl-

1957 831 2162 884 ciorum
2204 830 2269 885 ad
2296 845 2456 900 opera
2481 848 2636 902 quam
2660 835 2936 904 mirabilia,
2959 852 3116 908 quam
3140 838 3416 908 stupenda,
3443 838 3523 893 in-

1958 920 2159 975 dustria
2218 921 2444 975 humana
2508 926 2842 992 pervenerit;
2888 942 2996 997 quo
3049 929 3105 981 in
3155 927 3475 996 agricultura
3505 969 3520 993 ,

1959 1025 2064 1080 quo
2106 1011 2156 1065 in
2199 1011 2530 1081 navigatione
2569 1013 2878 1081 profecerit;
2935 1032 3054 1087 qua:
3081 1018 3135 1072 in
3179 1017 3524 1074 fabricatione

1960 1114 2288 1171 quorumque
2335 1115 2618 1168 vasorum,
2669 1103 2754 1157 vel
2795 1105 2953 1160 etiam
3001 1115 3294 1162 statuarum
3335 1116 3390 1164 et
3447 1109 3529 1178 pi-

1961 1199 2227 1246 cturarum
2254 1192 2506 1248 varietate
2547 1193 2921 1264 excogitaverit
2945 1207 3000 1251 et
3043 1197 3378 1267 impleverit;
3407 1213 3528 1268 qua:

1965 1281 2018 1334 in
2059 1281 2277 1338 theatris
2307 1283 2564 1338 mirabilia
2607 1285 2967 1354 spectantibus
2993 1288 3038 1352 ⁸,
3068 1288 3406 1344 audientibus
3447 1289 3528 1343 in-

1964 1373 2234 1426 credibilia
2272 1373 2504 1429 faeienda
2544 1384 2598 1430 et
2647 1376 2944 1431 exhibenda
2998 1377 3179 1432 molita
3208 1379 3306 1442 sit;
3361 1380 3411 1433 in
3443 1393 3530 1432 ca-

1966 1463 2191 1532 picudis,
2221 1463 2541 1530 occidendis,
2569 1465 2848 1520 domandis
2875 1467 3264 1522 irrationalibus
3289 1469 3526 1523 animan-

1969 1553 2109 1607 tibus
2133 1569 2249 1622 qua:
2268 1564 2320 1609 et
2345 1565 2536 1624 quanta
2557 1557 2820 1626 repererit
2835 1574 2850 1611 :
2865 1556 3121 1612 adversus
3135 1558 3278 1629 ipsos
3292 1559 3535 1615 homines

1970 1651 2046 1696 tot
2091 1658 2285 1713 genera
2325 1660 2671 1712 venenorum,
2735 1655 2814 1702 tot
2859 1663 3167 1716 armorum,
3221 1657 3299 1704 tot
3347 1649 3538 1710 machi-

1970 1743 2354 1800 namentorum,
2409 1745 2462 1791 ct
2508 1751 2603 1805 pro
2656 1737 2826 1792 salute
2866 1739 3079 1792 mortali
3135 1739 3330 1794 tuenda
3381 1749 3540 1808 atque

1971 1825 2259 1894 reparanda
2290 1837 2419 1896 quot
2459 1827 2841 1883 medicamenta
2865 1838 3020 1899 atque
3049 1829 3352 1900 adjumenta
3382 1845 3536 1886 com-

1969 1916 2305 1984 prehenderit
2334 1935 2348 1972 :
2381 1933 2474 1987 pro
2501 1919 2763 1988 voluptate
2780 1919 3006 1974 faucium
3035 1930 3162 1990 quot
3199 1921 3538 1977 condimenta

1971 2015 2023 2060 ct
2052 2006 2186 2076 gulae
2218 2007 2544 2062 irritamenta
2562 2009 2581 2040 ³
2603 2010 2861 2079 repererit
2885 2029 2896 2062 :
2925 2011 2989 2064 ad
3012 2010 3321 2066 indicandas
3343 2020 3395 2068 et
3414 2026 3542 2067 sua-

1971 2096 2172 2152 dendas
2200 2099 2566 2168 cogitationes,
2599 2115 2755 2169 quam
2785 2100 3176 2156 multitudinem
3204 2102 3542 2158 varietatem-

1971 2203 2074 2256 que
2103 2189 2394 2258 signorum,
2425 2190 2510 2243 ubi
2537 2190 2858 2258 praecipuum
2882 2191 3053 2244 locum
3077 2190 3236 2244 verba
3267 2199 3319 2244 et
3351 2191 3541 2244 littera:

1974 2287 2184 2343 tenent;
2213 2276 2278 2331 ad
2304 2277 2644 2333 delectandos
2670 2280 2896 2345 animos,
2923 2295 3058 2348 quos
3085 2280 3400 2334 elocutionis
3440 2294 3533 2333 or-

1973 2378 2148 2434 natus,
2181 2384 2338 2438 quam
2365 2369 2696 2424 diversorum
2717 2371 3015 2426 carminum
3043 2371 3280 2440 capiam;
3310 2372 3376 2424 ad
3405 2371 3542 2425 Inul-

1973 2460 2167 2514 cendas
2191 2476 2347 2517 aures
2369 2501 2382 2524 ,
2413 2471 2540 2531 qunt
2568 2477 2762 2532 organa
2804 2464 3002 2518 musica
3026 2504 3041 2529 ,
3076 2479 3209 2534 quos
3254 2464 3534 2519 cantilena:

1975 2551 2160 2605 modos
2187 2552 2599 2621 excogitaverit:
2623 2562 2870 2622 quantam
2890 2555 3131 2624 peritiam
3157 2555 3544 2611 dimensionum

1975 2650 2132 2710 atque
2182 2657 2555 2709 numerorum,
2594 2652 2902 2713 meatusque
2949 2653 3004 2699 et
3053 2644 3266 2700 ordines
3309 2646 3544 2702 siderum

1973 2741 2168 2804 quanta
2213 2733 2496 2806 sagacitate
2529 2733 2993 2808 comprehenderit
3025 2753 3039 2791 :
3071 2751 3228 2808 quam
3266 2739 3427 2793 multa
3458 2754 3544 2792 re-

1974 2845 2091 2883 rum
2120 2829 2508 2884 mundanarum
2529 2831 2832 2901 cognitione
2861 2846 2919 2887 se
2948 2832 3266 2901 impleverit,
3285 2831 3404 2902 quis
3425 2846 3547 2900 pos-

1974 2921 2044 2976 sit
2080 2921 2275 2990 eloqui,
2305 2921 2536 2976 maxime
2576 2922 2622 2976 si
2667 2922 2888 2977 velimus
2916 2937 3021 2976 non
3049 2924 3332 2978 acervatim
3355 2931 3549 2977 cuncta

1974 3027 2281 3083 congerere,
2314 3013 2409 3068 sed
2457 3013 2512 3068 in
2557 3013 2779 3083 singulis
2833 3014 3142 3068 immorari?
3173 3013 3230 3068 In
3274 3014 3402 3084 ipsis
3449 3030 3547 3083 po-

1975 3113 2177 3160 stremo
2213 3104 2482 3160 erroribus
2511 3113 2566 3159 et
2609 3104 2926 3159 falsitalibus
2972 3103 3320 3159 defendendis
3343 3146 3358 3170 ,
3387 3119 3548 3175 quam

1977 3208 2165 3264 magna
2208 3194 2498 3250 claruerint
2543 3194 2753 3264 ingenia
2785 3194 3223 3264 philosophorum
3251 3202 3410 3265 atque
3437 3193 3548 3249 bae-

1976 3288 2260 3344 reticorum
2283 3328 2298 3353 ,
2332 3287 2449 3356 quis
2474 3287 2741 3342 aestimare
2777 3285 3042 3340 sufficiat?
3082 3285 3373 3355 Loquimur
3399 3286 3556 3341 enim-

1978 3392 2117 3431 nunc
2158 3377 2224 3432 de
2259 3385 2445 3431 natura
2485 3378 2676 3431 mentis
2708 3377 2951 3430 humanae
2971 3415 2985 3439 ,
3007 3390 3110 3444 qua
3141 3376 3239 3429 ista
3263 3375 3370 3430 vita
3398 3389 3545 3429 mor-

1979 3467 2096 3521 talis
2125 3473 2377 3532 ornatur,
2406 3482 2510 3520 non
2538 3466 2604 3520 de
2633 3466 2737 3522 fide
2766 3475 2925 3535 atque
2953 3466 3141 3520 itinere
3166 3465 3422 3530 veritatis,
3443 3479 3546 3534 qua

1978 3557 2065 3611 illa
2108 3557 2420 3612 immortalis
2448 3557 2758 3626 acquiritur.
2803 3554 2972 3625 Hujus
3001 3563 3158 3610 tanta
3188 3563 3389 3610 naturae
3413 3568 3547 3609 con-

1976 3647 2115 3702 ditor
2138 3660 2258 3702 cum
2299 3647 2367 3701 sit
2409 3647 2589 3715 utique
2629 3646 2767 3701 Deus
2808 3660 2968 3700 verus
3017 3654 3070 3700 et
3121 3659 3357 3698 summus
3385 3683 3400 3706 ,
3433 3644 3548 3713 ipso

1976 3746 2164 3793 cuncta
2189 3753 2309 3806 qua:
2335 3736 2456 3792 fecit
2483 3736 2887 3792 administrante
2929 3745 2983 3790 et
3019 3751 3292 3790 stnnmam
3309 3744 3546 3805 potesta-

1981 3838 2085 3884 tem
2126 3842 2492 3898 summamque
2522 3827 2747 3883 habente
2783 3827 3084 3897 justitiam,
3115 3841 3382 3898 nunquam
3424 3841 3546 3897 pro-

1980 3921 2118 3977 fecto
2179 3921 2230 3976 in
2283 3919 2380 3976 has
2429 3919 2670 3975 miserias
2722 3918 3046 3985 decidisset,
3095 3926 3253 3988 atque
3305 3933 3373 3974 ex
3421 3918 3544 3982 his,

1981 4019 2173 4081 praeter
2198 4026 2290 4068 eos
2337 4011 2482 4066 solos
2509 4011 2600 4082 qui
2648 4010 3041 4073 liberabuntur,
3077 4008 3128 4062 in
3158 4016 3386 4063 aeternas
3411 4018 3555 4063 esset

1981 4107 2116 4159 itura
2137 4103 2180 4171 ‘,
2201 4103 2305 4158 nisi
2330 4103 2487 4158 nimis
2505 4102 2703 4173 grande
2732 4110 3006 4172 peceatum
3039 4101 3091 4155 in
3115 4100 3328 4155 homine
3349 4101 3543 4172 primo,

1980 4195 2047 4250 de
2075 4209 2182 4264 quo
2204 4195 2382 4250 ueteri
2407 4195 2574 4250 exorti
2603 4200 2748 4260 sunt,
2779 4192 3162 4263 praecessisset.

2051 4287 2106 4342 ὃ.
2136 4286 2252 4342 Jam
2281 4301 2410 4342 vero
2456 4286 2506 4339 in
2561 4290 2675 4356 ipso
2718 4299 2945 4354 corpore
2969 4323 2983 4349 ,
3014 4283 3256 4354 quamvis
3291 4283 3442 4338 nobis
3483 4284 3555 4338 sit

1982 4391 2102 4432 cum
2132 4377 2323 4432 belluis
2353 4376 2674 4431 mortalitate
2711 4390 2993 4430 commune
3013 4415 3029 4440 ,
3060 4375 3342 4442 multisque
3367 4389 3551 4428 earnm

1983 4467 2278 4536 reperiatur
2306 4466 2586 4529 infirmius,
2615 4473 2809 4535 quanta
2830 4465 2920 4518 Dei
2951 4464 3180 4529 bonitas,
3209 4473 3402 4533 quanta
3432 4479 3555 4531 pro-

1983 4557 2213 4612 videntia
2241 4558 2372 4612 tanti
2399 4555 2664 4611 Creatoris
2709 4554 2974 4623 apparet?
3021 4553 3207 4608 Nonne
3251 4555 3320 4608 ita
3351 4563 3472 4608 sunt
3500 4555 3552 4608 in

1982 4664 2048 4704 eo
2076 4649 2192 4704 loca
2233 4661 2484 4702 sensuum
2513 4655 2566 4700 et
2603 4654 2793 4700 caetera
2841 4643 3077 4699 membra
3107 4644 3362 4714 disposita
3383 4685 3398 4708 ,
3428 4659 3552 4713 Spe-

1983 4739 2196 4808 ciesque
2221 4737 2334 4806 ipsa
2360 4751 2424 4791 ac
2451 4733 2615 4804 figura
2644 4744 2697 4790 et
2740 4742 2940 4788 statura
2981 4734 3143 4788 totius
3193 4733 3433 4802 Corporis
3484 4733 3552 4786 ita

1987 4827 2283 4883 modificata
2309 4868 2324 4891 ,
2364 4834 2418 4880 ut
2457 4823 2524 4880 ad
2566 4824 2918 4879 ministerium
2961 4825 3152 4878 anima:
3197 4824 3466 4878 rationalis
3493 4841 3570 4878 se

1988 4919 2184 4973 indicet
2214 4916 2433 4972 factum?
2457 4915 2572 4970 Non
2599 4916 2740 4970 enim
2763 4922 2820 4968 ut
2844 4913 3088 4968 animalia
3120 4913 3338 4968 rationis
3359 4929 3554 4984 exper-

1988 5011 2056 5064 tia
2109 5024 2272 5078 prona
2316 5022 2436 5063 esse
2483 5006 2725 5060 videmus
2772 5006 2825 5059 in
2859 5014 3092 5068 terram,
3126 5002 3196 5055 ita
3237 5014 3446 5059 creatus
3471 5015 3553 5058 est

1987 5099 2148 5153 homo
2173 5115 2186 5152 :
2215 5097 2307 5152 sed
2338 5106 2515 5152 erecta
2543 5095 2595 5150 in
2624 5096 2814 5149 coelum
2844 5093 3088 5163 corporis
3108 5092 3279 5148 forma
3310 5093 3557 5150 admonet

1987 5204 2106 5243 cum
2124 5203 2240 5260 qua:
2267 5201 2476 5243 sursum
2500 5193 2624 5240 sunt
2642 5198 2827 5253 sapere
2855 5183 2952 5254 (a).
2986 5183 3151 5238 Porro
3175 5185 3310 5238 mira
3339 5185 3549 5238 mobili-

2051 5375 2069 5406 ι
2104 5378 2152 5422 ln
2173 5369 2275 5423 sola
2297 5366 2509 5417 editione
2528 5369 2659 5424 Lov.,
2681 5365 2905 5425 quantum
2927 5357 3154 5411 bonorum
3187 5359 3355 5412 habeat
3387 5363 3436 5411 in
3472 5373 3558 5411 na-

1986 5442 2288 5555 mrIa'Miquot
2307 5499 2438 5559 Μδξ.ἱ
2457 5484 2875 5559 exspectmttibus.

2056 5560 2077 5592 ³
2108 5559 2176 5603 sic
2189 5551 2297 5603 iss.
2325 5555 2441 5602 Editi
2465 5551 2602 5610 vero,
2625 5551 2948 5599 incitamenta.

2051 5617 2076 5687 ξ
2109 5621 2180 5685 Er.
2204 5623 2254 5664 et
2275 5622 2382 5663 ιον.
2405 5614 2482 5662 hic
2505 5605 2698 5668 addunt,
2726 5620 2889 5671 pwnas
2901 5619 2920 5669 ;
2938 5617 3023 5668 pro
3040 5617 3136 5666 quo
3159 5605 3557 5663 subaudiendum,

1992 5689 2222 5729 nttsertas.

2058 5761 2132 5821 (a)
2163 5758 2283 5806 Oonl'.
2313 5757 2396 5806 ιη».
2424 5758 2440 5806 l
2469 5755 2532 5806 de
2555 5761 2670 5804 Gen.
2696 5757 2820 5801 cont.
2847 5749 3063 5809 Manich.,
3089 5763 3138 5797 n.
3162 5749 3240 5798 28.
