4078 6478
523 403 625 460 79ῒ

524 526 628 580 tas,
657 527 778 584 qua:
804 512 999 581 lingua:
1027 524 1091 564 ac
1112 505 1355 562 manibus
1378 504 1630 560 attributa
1657 511 1759 565 est,
1789 500 1857 556 ad
1882 501 2104 569 loquen-

528 603 657 657 dum
675 611 728 657 et
742 599 1076 656 scribendum
1100 607 1220 666 apta
1240 605 1397 665 atque
1417 593 1765 658 conveniens,
1786 601 1842 646 et
1857 589 1922 644 ad
1943 604 2103 658 opera

531 696 725 749 artium
756 693 1098 763 plurimarum
1122 688 1526 756 officiorumque
1561 682 1895 754 complenda,
1925 694 2103 735 nonne

523 787 654 841 satis
680 784 947 851 ostendit,
967 782 1108 852 quali
1135 782 1325 835 animae
1352 789 1408 834 ut
1435 778 1662 834 serviret
1692 777 1795 830 tale
1823 776 1892 829 sit
1911 787 2103 842 corpus

522 873 870 946 adjunctum?
919 874 1230 943 Quanquam
1283 881 1338 926 et
1385 871 1642 925 detractis
1692 865 2103 922 necessitatibus

523 963 802 1033 operandi,
826 963 896 1016 ita
923 963 1158 1017 omnium
1184 961 1413 1033 partium
1441 959 1788 1028 congruentia
1818 969 2102 1012 numerosa

523 1050 627 1118 sit,
656 1061 713 1107 et
747 1051 970 1122 pulchra
997 1051 1098 1107 sibi
1128 1052 1391 1123 parilitate
1420 1049 1772 1119 respondeat,
1805 1057 1862 1101 ut
1899 1047 2104 1100 nescias

525 1151 701 1196 utrum
731 1142 785 1198 in
830 1158 894 1197 eo
921 1141 1200 1197 condendo
1244 1141 1416 1210 major
1439 1142 1508 1194 sit
1537 1140 1778 1194 utilitatis
1805 1137 1980 1190 habita
2013 1151 2102 1190 ra-

524 1235 621 1299 tio,
642 1248 801 1302 quam
825 1233 1058 1288 decoris.
1085 1233 1240 1288 Certe
1260 1232 1402 1288 enim
1433 1230 1563 1290 nihil
1597 1238 1836 1284 creatum
1864 1227 2102 1282 videmus

523 1321 579 1375 in
608 1336 831 1392 corpore
875 1322 1114 1376 utilitatis
1143 1336 1300 1376 causa
1325 1363 1341 1388 ,
1372 1320 1512 1391 quod
1558 1334 1664 1373 non
1709 1319 1904 1373 habeat
1939 1317 2102 1371 etiam

524 1410 736 1468 decoris
764 1413 961 1468 locum.
991 1413 1115 1467 Plus
1149 1423 1324 1466 autem
1347 1410 1505 1468 nobis
1528 1409 1580 1464 id
1608 1417 1906 1479 appareret,
1934 1408 1978 1462 si
2005 1423 2103 1461 nu-

524 1517 705 1558 meros
731 1519 1099 1561 mensurarum
1121 1546 1137 1571 ,
1158 1503 1350 1572 quibus
1380 1503 1519 1557 inter
1545 1517 1602 1556 se
1634 1510 1822 1556 cuncta
1861 1515 2100 1556 connexa

527 1602 656 1647 sunt
679 1601 733 1647 et
758 1601 1021 1661 coaptata,
1046 1607 1328 1646 nossemus
1353 1606 1518 1662 :quos
1545 1591 1769 1645 forsitan
1791 1591 1912 1645 data
1939 1604 2100 1658 opera

528 1681 586 1736 in
618 1681 700 1736 bis
729 1698 846 1752 qum
871 1682 1000 1737 foris
1027 1681 1285 1749 eminent,
1319 1680 1547 1736 humana
1583 1688 1765 1750 posset
1796 1679 2055 1749 vestigare
2083 1678 2099 1710 ¹

526 1773 784 1840 solertia;
830 1789 948 1843 qua:
977 1787 1106 1828 vero
1133 1781 1272 1827 tecta
1321 1781 1446 1826 sunt
1475 1815 1490 1838 ,
1522 1781 1683 1840 atque
1728 1785 1758 1824 a
1786 1771 1986 1825 nostris
2010 1784 2100 1825 re-

525 1871 670 1916 mota
695 1863 1089 1932 conspectibus,
1121 1862 1279 1918 sicuti
1313 1873 1396 1916 est
1423 1872 1566 1917 tanta
1597 1861 1917 1932 perplexitas
1944 1875 2101 1915 vena-

525 1966 647 2004 rum
675 1959 835 2021 atque
864 1967 1156 2008 nervorum
1185 1960 1241 2008 et
1267 1953 1552 2018 viscerum,
1585 1960 1790 2011 secreta
1822 1951 2060 2006 vitalium
2083 1991 2099 2017 ,

524 2041 766 2098 invenire
793 2044 966 2098 nullus
1008 2053 1202 2114 potest.
1228 2044 1360 2112 Quia
1399 2045 1500 2100 etsi
1521 2043 1850 2099 medicorum
1874 2043 2102 2113 diligen-

523 2132 593 2196 tia
625 2135 876 2192 nonnulla
906 2135 1159 2202 crudelis,
1189 2151 1319 2206 quos
1340 2136 1668 2191 anatomicos
1705 2135 1996 2205 appellant,
2025 2135 2102 2188 la-

520 2235 685 2289 niavit
710 2245 938 2306 corpora
989 2236 1317 2280 mortuorum
1347 2267 1362 2294 ,
1394 2227 1510 2280 sive
1547 2226 1708 2281 etiam
1735 2227 1874 2280 inter
1912 2240 2101 2280 manus

519 2326 755 2380 secantis
783 2317 1277 2396 perscrutantisquc
1295 2317 1633 2374 morientium
1657 2358 1670 2382 ,
1693 2325 1852 2387 atque
1881 2316 1934 2370 in
1978 2330 2099 2369 car-

518 2414 676 2470 nibus
701 2414 946 2470 humanis
973 2416 1102 2470 satis
1146 2414 1434 2468 inhumane
1475 2408 1653 2462 abdita
1695 2416 1885 2462 cuncta
1911 2406 2100 2461 rimata

519 2512 623 2570 est,
642 2505 870 2573 utquid,
890 2514 944 2560 et
963 2497 1458 2574 quomodo,quibus
1480 2497 1609 2551 locis
1636 2496 1929 2551 curandum
1959 2504 2103 2550 esset

521 2593 823 2650 addisceret
852 2611 866 2660 ;
901 2609 1152 2649 numeros
1183 2603 1358 2648 tamen
1407 2586 1474 2642 de
1504 2586 1696 2657 quibus
1739 2586 1950 2656 loquor,
1979 2586 2101 2656 qui-

518 2685 622 2740 bus
645 2687 908 2756 coaptatio
932 2727 948 2753 ,
980 2701 1098 2756 qua:
1139 2689 1341 2755 ἁρμονία
1384 2687 1560 2753 graece
1589 2677 1783 2732 dicitur
1802 2719 1817 2744 ,
1849 2688 2098 2746 tanquam

521 2774 796 2843 cujusdam
840 2769 1063 2844 organi,
1091 2775 1424 2828 extrinsecus
1467 2777 1627 2838 atque
1671 2767 1990 2822 intrinsecus
2017 2776 2100 2822 lo-

521 2867 628 2920 tius
657 2867 896 2936 corporis
920 2875 1149 2933 constat,
1181 2865 1306 2937 quid
1333 2865 1526 2931 dicam,
1552 2875 1709 2917 nemo
1736 2860 1900 2914 valuit
1947 2860 2099 2915 inve-

524 2955 663 3020 nire,
687 2970 822 3024 quos
859 2969 1017 3010 nemo
1046 2970 1205 3010 ausus
1227 2963 1308 3009 est
1330 2949 1607 3026 quaerere?
1633 2948 1734 3015 Qui
1770 2950 1816 3004 si
1846 2949 1956 3004 noti
1981 2964 2101 3005 esse

521 3046 850 3115 potuissent,
881 3047 934 3100 in
977 3046 1317 3102 interioribus
1365 3058 1576 3116 quoque
1622 3041 1951 3106 visceribus,
1981 3055 2100 3110 qua:

521 3137 725 3192 nullum
749 3137 1032 3193 ostendant
1071 3137 1234 3193 decus
1257 3179 1272 3204 ,
1307 3138 1379 3192 ita
1425 3136 1719 3191 delectaret
1761 3132 2100 3205 pulchritudo

521 3227 766 3295 rationis,
790 3239 848 3283 ut
876 3229 1020 3284 omni
1051 3227 1235 3283 formae
1260 3227 1538 3298 apparenti
1556 3243 1674 3297 quae
1704 3227 1873 3281 oculis
1902 3225 2096 3295 placet,

521 3318 688 3387 ipsius
739 3319 967 3383 mentis,
996 3334 1114 3388 qua:
1150 3319 1317 3374 oculis
1351 3318 1536 3386 utitur,
1563 3317 1907 3386 praeferretur
1952 3316 2098 3372 arbi-

523 3408 650 3463 trio.
678 3407 815 3463 Sunt
857 3423 985 3464 vero
1017 3409 1258 3476 quazdam
1287 3409 1358 3462 ita
1411 3408 1582 3477 posita
1636 3409 1686 3461 in
1739 3421 1963 3475 corpore
1993 3448 2008 3472 ,
2041 3415 2100 3460 ut

522 3499 892 3555 tantummodo
919 3500 1166 3555 decorem
1214 3499 1466 3564 habeant,
1499 3514 1605 3553 non
1633 3507 1686 3553 et
1727 3513 1919 3552 usuin:
1959 3499 2100 3553 sicut

521 3591 684 3648 habet
732 3602 916 3662 pectus
959 3592 1110 3646 virile
1161 3589 1424 3646 mamillas
1448 3632 1463 3658 ,
1486 3591 1625 3646 sicut
1655 3591 1813 3646 facies
1837 3590 2051 3644 barbam
2080 3631 2095 3658 ,

521 3697 686 3752 quam
712 3697 815 3737 non
844 3696 964 3738 esse
997 3682 1348 3747 munimento,
1377 3682 1473 3736 sed
1499 3681 1638 3735 virili
1660 3691 1994 3749 ornamento,
2020 3681 2100 3734 in-

521 3775 701 3829 dicant
734 3775 879 3842 pura:
909 3773 1073 3828 facies
1098 3773 1437 3836 feminarum,
1467 3787 1598 3842 quas
1627 3773 1806 3841 utique
1832 3771 2096 3826 inﬁrmio-

521 3882 612 3922 res
657 3867 852 3921 mnniri
891 3867 1053 3920 tutius
1081 3865 1413 3920 conveniret.
1444 3863 1500 3919 Si
1531 3879 1659 3934 ergo
1688 3864 1889 3918 nullum
1928 3879 2099 3919 mem-

521 3959 676 4013 brum
730 3966 846 4025 est,
874 3957 927 4011 in
957 3957 1043 4010 his
1069 3955 1284 4026 quidem
1328 3956 1626 4025 conspicuis
1679 3955 1845 4025 (unde
1878 3954 2098 4024 ambigit

523 4047 723 4119 nemo),
737 4048 876 4118 quod
895 4049 964 4101 ita
987 4047 1054 4101 sit
1075 4046 1227 4100 alicui
1248 4047 1396 4115 Operi
1415 4045 1894 4110 accommodatum,
1911 4054 1970 4098 ut
1991 4059 2097 4098 non

523 4137 684 4190 etiam
708 4138 776 4190 sit
795 4137 1078 4201 decorum;
1107 4145 1229 4189 sunt
1254 4147 1430 4189 autem
1459 4134 1732 4200 nonnulla,
1763 4149 1986 4203 quorum
2012 4149 2098 4188 so-

522 4227 634 4280 lum
662 4226 844 4289 decus,
874 4236 927 4279 et
953 4226 1129 4279 nullus
1159 4237 1236 4280 est
1260 4240 1387 4278 usus
1414 4242 1426 4276 :
1459 4233 1586 4294 puto
1610 4225 1768 4280 facile
1788 4225 2008 4295 intelligi
2041 4225 2095 4279 in

525 4315 832 4369 conditione
855 4316 1097 4382 corporis
1123 4314 1428 4384 dignitatem
1457 4315 1760 4367 necessitati
1779 4313 1942 4368 fuisse
1963 4331 2099 4385 pra:-

531 4409 713 4462 latam.
743 4405 1050 4460 Transitura
1077 4414 1159 4460 est
1183 4405 1378 4474 quippe
1424 4405 1748 4470 necessitas,
1781 4413 2097 4476 tempusque

520 4505 806 4551 venturum
853 4495 1066 4565 quando
1104 4495 1217 4550 sola
1267 4495 1494 4550 invicem
1544 4493 1938 4564 pulchritudine
1980 4496 2097 4551 sine

521 4585 629 4640 ulla
674 4585 890 4639 libidine
921 4585 1254 4654 perfruamur
1288 4607 1299 4637 :
1332 4585 1471 4655 quod
1512 4586 1741 4642 maxime
1784 4586 1851 4641 ad
1884 4586 2092 4642 laudem

520 4675 863 4731 referendum
909 4685 991 4729 est
1029 4675 1364 4742 Conditoris,
1392 4676 1474 4730 cui
1527 4676 1720 4730 dicitur
1748 4676 1802 4730 in
1846 4678 2094 4744 Psalmo,

522 4755 896 4838 Confessioneni
918 4774 964 4818 et
991 4765 1219 4818 decorem
1245 4766 1452 4820 induisti
1483 4764 1502 4837 (
1528 4765 1674 4820 Psal.
1705 4782 1815 4831 cm,
1841 4767 1922 4837 1).

591 4859 646 4913 5.
697 4857 813 4912 Jam
862 4865 1054 4911 cratera
1096 4855 1433 4924 pulchritudo
1461 4865 1512 4910 et
1556 4857 1755 4911 utilitas
1799 4868 2092 4925 creaturm,

522 4963 643 5017 qua:
675 4947 895 5014 homini,
921 4948 1042 5001 licet
1071 4947 1123 5000 in
1163 4946 1292 5001 istos
1324 4947 1530 5001 labores
1574 4949 1924 5018 miseriasqne
1967 4964 2095 5018 pro-

513 5040 660 5108 jecto
687 5047 849 5109 atque
869 5039 1139 5105 damnato,
1159 5039 1441 5108 spectanda
1462 5048 1621 5109 atque
1649 5042 1902 5095 sumenda
1921 5042 2095 5097 divina

520 5127 766 5198 largitate
803 5142 1056 5182 concessa
1107 5137 1224 5194 est,
1262 5144 1367 5198 quo
1413 5143 1661 5184 sermone
1705 5131 1974 5185 terminari
2003 5147 2096 5200 po-

519 5217 665 5272 test?
696 5218 752 5272 in
778 5218 896 5273 cmli
932 5228 985 5273 et
1026 5228 1181 5273 terra:
1210 5229 1264 5273 et
1310 5220 1472 5274 maris
1521 5220 1829 5275 multimoda
1872 5229 1925 5274 et
1953 5223 2095 5292 varia

519 5309 934 5378 pulchritudine,
963 5311 1016 5364 in
1043 5311 1208 5379 ipsius
1239 5312 1372 5366 lucis
1399 5321 1543 5367 tanta
1573 5315 1726 5383 copia
1758 5322 1972 5384 tamque
1995 5315 2096 5369 mi-

519 5401 674 5456 rabili
701 5405 900 5472 specie,
937 5404 987 5458 in
1017 5404 1130 5458 sole
1155 5420 1215 5458 ac
1241 5405 1362 5458 luna
1385 5415 1442 5460 et
1466 5407 1755 5474 sideribus,
1781 5407 1830 5462 in
1855 5410 2094 5477 opacita-

518 5491 664 5547 tibus
717 5509 992 5549 nemorum
1019 5536 1034 5561 ,
1065 5495 1118 5548 in
1140 5497 1407 5551 coloribus
1427 5505 1481 5552 et
1503 5498 1755 5554 odoribus
1789 5500 2006 5566 florum,
2041 5500 2092 5555 in

517 5583 830 5639 diversitate
855 5600 916 5640 ac
959 5585 1296 5641 multitudine
1339 5589 1613 5644 volucrum
1648 5575 1976 5660 garrularum
2017 5600 2094 5646 at-

519 5688 624 5745 que
652 5674 936 5744 pictarum,
968 5676 1020 5729 in
1048 5676 1357 5731 multiformi
1384 5681 1561 5747 specie
1602 5689 1678 5734 tot
1723 5691 2094 5754 tantorumque

582 5807 604 5839 θ
631 5807 769 5868 Ιίὧιὶ,
791 5805 1095 5869 investigare.
1119 5809 1284 5858 Melius
1316 5817 1440 5873 Mss,
1467 5812 1709 5875 vestigare.

1512 392 1600 448 DE
1636 384 1956 450 CIVITATE
1999 385 2136 456 DEI,
2175 384 2232 445 S.
2272 387 2631 448 AUGUSTINI

3693 405 3795 465 792

2210 500 2556 560 animantium
2580 547 2594 572 ,
2628 521 2854 577 quorum
2892 509 2977 565 illa
3006 511 3124 582 plus
3151 511 3349 571 habent
3387 514 3788 592 admirationis,

2209 608 2329 662 qua:
2357 597 2513 651 molis
2539 599 2815 655 minimum
2842 600 2982 672 (plus
3009 605 3150 659 enim
3178 607 3578 667 formicularum
3598 617 3790 687 etapi-

2209 685 2449 740 cularum
2477 703 2637 756 opera
2687 701 2964 761 stupemus
2990 736 3005 760 ,
3040 711 3201 765 quam
3253 699 3511 757 immensa
3554 685 3783 775 corpora

2210 774 2535 834 habenarum
2560 782 2576 812 ¹
2607 782 2650 854 );
2697 783 2750 838 in
2780 784 2946 854 ipsius
2988 804 3200 859 quoque
3245 795 3408 851 maris
3447 804 3552 850 tam
3597 774 3790 868 grandi

2209 875 2536 941 spectaculo,
2569 891 2689 930 cum
2731 893 2852 933 sese
2896 880 3122 937 diversis
3144 884 3414 940 coloribus
3445 887 3618 944 induit
3640 891 3786 947 velut

2209 964 2444 1019 vestibus
2464 1007 2478 1031 ,
2507 976 2562 1021 et
2590 967 2877 1038 aliquando
2905 971 3105 1036 viride,
3145 982 3300 1044 atque
3331 975 3431 1032 hoc
3461 981 3644 1036 multis
3671 997 3790 1036 mo-

2207 1051 2311 1116 dis,
2342 1054 2625 1124 aliquando
2655 1073 2977 1127 purpureum
3003 1101 3018 1127 ,
3057 1062 3338 1132 aliquando
3375 1069 3660 1124 cznruleum
3682 1081 3786 1126 est.

2206 1141 2374 1208 Quam
2408 1160 2565 1213 porro
2607 1147 2991 1204 delectabiliter
3033 1162 3300 1221 spectatur
3341 1157 3500 1211 etiam
3539 1160 3787 1228 quando-

2206 1249 2433 1306 cumque
2460 1238 2721 1305 turbatur,
2751 1250 2806 1295 et
2836 1241 2896 1295 lit
2924 1242 3048 1298 inde
3067 1244 3239 1314 major
3266 1249 3499 1303 suavitas
3518 1291 3533 1316 ,
3562 1251 3685 1320 quia
3707 1252 3788 1308 sic

2207 1326 2475 1383 demulcet
2517 1330 2812 1386 intuentem
2841 1375 2854 1398 ,
2886 1344 2942 1388 ut
2985 1350 3090 1390 non
3125 1338 3294 1408 jactet
3321 1348 3374 1394 et
3401 1343 3604 1412 quatiat
3644 1344 3785 1398 navi-

2205 1419 2446 1486 gantem?
2472 1419 2609 1486 Quid
2639 1423 2877 1477 ciborum
2907 1441 3287 1498 usquequaque
3320 1432 3473 1500 copia
3499 1442 3684 1488 contra
3707 1433 3786 1489 fa-

2206 1522 2348 1562 mem
2375 1508 2398 1561 ?
2422 1510 2549 1579 quid
2575 1527 2826 1582 saporum
2855 1515 3135 1572 diversitas
3159 1528 3342 1574 contra
3368 1520 3661 1591 fastidium,
3690 1541 3787 1579 na-

2206 1606 2338 1655 turae
2367 1600 2559 1658 diffusa
2603 1605 2799 1661 divitiis
2819 1609 2862 1674 ⁸,
2889 1623 2992 1663 non
3021 1624 3312 1680 coquorum
3345 1623 3463 1670 arte
3504 1630 3568 1670 ac
3605 1616 3786 1673 labore

2206 1692 2468 1759 quaisita?
2506 1692 2711 1760 Quanta
2741 1697 2797 1750 in
2825 1707 2930 1752 tam
2963 1701 3146 1755 multis
3183 1701 3344 1758 rebus
3381 1705 3592 1760 tuenda:
3620 1721 3684 1762 ac
3708 1723 3788 1763 re-

2205 1785 2528 1849 cuperandae
2555 1784 2576 1815 ⁸
2601 1786 2791 1842 salutis
2817 1790 3060 1845 auxilia?
3085 1793 3257 1860 Quam
3285 1805 3434 1865 grata
3472 1797 3783 1854 vicissitudo

2206 1872 2309 1927 diei
2361 1873 2679 1930 alternantis
2728 1887 2782 1932 et
2834 1881 3047 1937 noctis?
3075 1885 3342 1940 Aurarutn
3381 1898 3538 1956 quam
3589 1888 3787 1944 blanda

2207 1968 2520 2036 temperies?
2546 1969 2602 2023 ln
2635 1969 2913 2028 fruticibus
2947 1983 3001 2030 et
3047 1977 3329 2048 pecoribus
3355 1979 3786 2036 indumentorum

2204 2058 2655 2114 conﬁciendorum
2680 2072 2872 2132 quanta
2909 2067 3198 2123 materies?
3221 2067 3410 2124 Omnia
3453 2085 3787 2144 commemo-

2203 2165 2324 2206 rare
2351 2152 2469 2220 quis
2491 2155 2698 2222 possit?
2720 2155 2845 2211 llanc
2869 2168 3047 2212 autem
3077 2159 3212 2225 sola,
3237 2177 3358 2232 qua:
3384 2177 3416 2216 a
3441 2177 3525 2217 me
3546 2163 3696 2217 velut
3730 2164 3785 2218 in

2203 2245 2487 2312 quemdam
2535 2261 2781 2317 aggerem
2815 2260 2939 2304 sunt
2977 2261 3242 2306 coarctata
3266 2293 3281 2316 ,
3327 2254 3371 2308 si
3418 2255 3611 2310 vellem
3641 2256 3787 2311 velut

2204 2334 2448 2403 colligata
2491 2336 2764 2392 involucra
2806 2340 3014 2395 solvere
3061 2349 3222 2412 atque
3255 2342 3554 2409 discutere,
3588 2353 3785 2414 quanta

2205 2423 2336 2478 mihi
2383 2441 2531 2480 mora
2574 2438 2717 2484 esset
2746 2431 2797 2484 in
2829 2431 3087 2502 singulis,
3117 2433 3312 2502 quibus
3344 2435 3570 2504 plurima
3609 2436 3785 2490 conti-

2203 2519 2424 2570 nentur?
2449 2517 2518 2572 Et
2543 2519 2658 2574 haec
2682 2522 2860 2576 omnia
2889 2524 3205 2580 miserorum
3237 2535 3361 2582 sunt
3381 2526 3784 2582 damnatorum-

2203 2622 2308 2676 que
2332 2613 2519 2666 solatia
2545 2652 2563 2678 ,
2591 2627 2699 2668 non
2729 2617 2947 2682 prinmia
2988 2617 3285 2673 beatorum.
3316 2620 3446 2688 Quae
3490 2621 3652 2692 igitur
3693 2623 3785 2680 illa

2203 2707 2349 2766 sunt,
2380 2701 2424 2754 si
2455 2710 2533 2756 tot
2559 2716 2622 2757 ac
2647 2703 2770 2757 talia
2801 2715 2855 2760 et
2883 2714 3024 2760 tanta
3053 2717 3179 2762 sunt
3205 2709 3348 2764 ista?
3374 2711 3513 2776 Quid
3534 2711 3682 2768 dabit
3707 2713 3785 2770 eis

2203 2805 2337 2860 quos
2365 2793 2760 2862 praedestinavit
2786 2796 2854 2851 ad
2882 2798 3066 2862 vitam,
3098 2801 3189 2870 qui
3213 2800 3327 2857 haec
3352 2801 3500 2857 dedit
3523 2804 3686 2860 etiam
3707 2806 3786 2861 eis

2203 2896 2338 2949 quos
2369 2883 2764 2951 praedestinavit
2811 2887 2878 2942 ad
2926 2891 3200 2945 mortem?
3246 2909 3364 2962 quae
3395 2893 3533 2948 bona
3589 2895 3643 2950 in
3691 2897 3784 2952 illa

2203 2971 2357 3027 beata
2397 2976 2502 3029 vita
2539 2976 2697 3032 faciet
2720 2993 2816 3032 eos
2843 2995 3080 3047 sumere,
3110 2998 3206 3051 pro
3234 2984 3432 3053 quibus
3460 2983 3514 3038 in
3553 2988 3656 3041 hac
3684 2987 3786 3041 mi-

2203 3080 2322 3120 sera
2343 3066 2366 3096 ⁸
2391 3069 2725 3138 unigenitum
2750 3072 2942 3127 Filium
2969 3088 3125 3129 suum
3153 3076 3322 3131 voluit
3347 3092 3517 3148 usque
3541 3077 3608 3132 ad
3636 3095 3784 3135 mor-

2205 3166 2310 3211 tem
2340 3159 2478 3213 mala
2506 3169 2651 3215 tanta
2684 3163 2969 3232 perferre?
2998 3164 3152 3222 Unde
3183 3169 3454 3237 apostolus
3481 3169 3548 3224 de
3574 3170 3705 3240 ipsis
3730 3170 3783 3225 in

2202 3247 2330 3303 illud
2352 3265 2572 3320 regnum
2589 3253 2971 3322 praedestinatis
2986 3257 3337 3327 loquens,Qui
3359 3260 3781 3331 proprio,inquit,

2203 3339 2340 3394 Filio
2365 3357 2465 3395 non
2496 3345 2836 3414 pepercit,sed
2863 3363 2954 3417 pro
2981 3347 3122 3402 nobis
3145 3349 3376 3404 omnibus
3409 3350 3621 3403 tradidit
3648 3366 3781 3417 curn,

2201 3440 2450 3506 quomodo
2471 3456 2570 3495 non
2593 3452 2641 3494 et
2660 3458 2776 3495 cum
2794 3443 2882 3497 illo
2903 3444 3071 3498 omnia
3095 3444 3236 3498 nobis
3251 3443 3780 3515 donabit‘(Rom.vul,

2202 3531 2272 3585 52
2301 3532 2346 3604 ).
2387 3531 2518 3587 Cum
2546 3531 2662 3588 haec
2687 3535 2966 3603 promissio
3001 3535 3371 3604 complebitur,
3392 3535 3522 3605 quid
3539 3535 3782 3591 erimus?

2201 3624 2386 3693 quales
2401 3625 2622 3679 erimus?
2636 3624 2765 3692 Qua:
2790 3625 2924 3680 bona
2940 3626 2993 3680 in
3009 3626 3104 3681 illo
3116 3641 3282 3697 regno
3299 3627 3565 3695 accepturi
3575 3641 3780 3696 sumus,

2201 3715 2626 3786 quandoquidem
2665 3713 2877 3771 Christo
2910 3717 3172 3772 moriente
3218 3731 3315 3787 pro
3355 3717 3510 3772 nobis
3535 3717 3639 3772 tale
3673 3718 3782 3786 jam

2203 3809 2392 3877 pignus
2416 3807 2760 3877 accepimus?
2797 3806 2982 3873 Qualis
3009 3809 3112 3862 erit
3137 3809 3353 3877 spiritus
3374 3807 3629 3876 hominis,
3659 3807 3780 3865 nul-

2203 3897 2310 3951 lum
2333 3899 2552 3953 omnino
2577 3899 2778 3954 habens
2801 3899 2988 3954 vitium
3005 3941 3020 3965 ,
3061 3914 3162 3955 nec
3185 3899 3284 3954 sub
3306 3914 3412 3969 quo
3441 3899 3657 3970 jaceat,
3686 3914 3780 3954 nec

2201 3990 2284 4044 cui
2309 3990 2484 4058 cedat,
2509 4004 2608 4045 nec
2622 3999 2806 4045 contra
2830 3990 2971 4060 quod
2989 3990 3175 4044 saltem
3201 3988 3531 4044 laudabiliter
3541 3988 3780 4052 dimicet,

2202 4079 2534 4149 pacatiSsima
2571 4081 2766 4136 virtute
2815 4080 3119 4151 perfectus?
3173 4079 3373 4136 Rerum
3423 4081 3496 4136 ibi
3542 4081 3780 4136 omnium

2200 4179 2418 4239 quanta,
2447 4185 2606 4240 quam
2631 4172 2891 4240 speciosa,
2929 4186 3087 4241 quam
3114 4179 3261 4226 certa
3291 4171 3534 4237 scientia,
3560 4172 3681 4226 sine
3700 4186 3782 4226 er-

2200 4278 2322 4317 rore
2348 4263 2527 4332 aliquo
2557 4261 2640 4317 vel
2669 4263 2883 4329 labore,
2917 4263 3005 4316 ubi
3029 4262 3125 4317 Dei
3154 4262 3412 4332 sapientia
3442 4261 3510 4316 de
3539 4263 3658 4331 ipso
3685 4275 3780 4315 suo

2207 4353 2350 4407 fonte
2373 4353 2663 4422 potabitur:
2695 4368 2813 4408 cum
2833 4367 3039 4407 summa
3062 4352 3330 4418 felicitate,
3358 4353 3476 4407 sine
3501 4352 3609 4407 ulla
3634 4351 3776 4406 diffi-

2201 4447 2434 4501 cultate?
2465 4444 2630 4512 Quale
2656 4445 2758 4499 erit
2785 4459 3008 4513 corpus,
3033 4444 3172 4514 quod
3197 4443 3341 4498 omni
3377 4443 3536 4497 modo
3570 4443 3778 4512 Spiritui

2200 4539 2490 4602 subditum,
2515 4545 2568 4592 et
2587 4551 2652 4592 eo
2676 4537 3004 4606 sufficienter
3037 4537 3374 4601 viviticatum,
3400 4534 3780 4589 nullis'alimo-

2200 4633 2302 4685 niis
2324 4630 2617 4700 indigebit?
2638 4629 2752 4684 Non
2783 4629 2926 4684 enim
2949 4629 3198 4692 animale,
3229 4628 3324 4682 sed
3353 4628 3629 4696 spirituale
3656 4627 3776 4691 erit,

2200 4724 2401 4780 habens
2430 4723 2646 4794 quidem
2691 4723 2896 4789 carnis,
2939 4721 3032 4777 sed
3081 4721 3196 4776 sine
3233 4721 3339 4776 ulla
3367 4719 3565 4774 carnali
3593 4733 3778 4774 corru-

2200 4818 2379 4885 ptione
2408 4815 2777 4870 s'ubstantiam.

2205 4927 2435 4984 CAPUT
2479 4927 2643 4982 XXV.
2666 4953 2734 4967 -—
2763 4926 2842 4981 De
2879 4924 3154 4996 pervicacia
3199 4921 3553 4992 quarumdam,
3584 4921 3670 4991 qui
3698 4936 3778 4972 re-

2272 5022 2628 5076 surrectionem
2652 5020 2839 5087 carnis,
2867 5034 3038 5088 quam,
3064 5017 3190 5071 sicut
3212 5015 3509 5084 prccdictum
3532 5021 3627 5078 est,
3654 5020 3780 5064 totus

2273 5113 2492 5167 mundus
2520 5113 2698 5178 credit,
2727 5113 3047 5182 impugnant.

2275 5206 2470 5262 Verum
2512 5205 2579 5260 de
2612 5205 2778 5258 animi
2809 5204 2986 5268 bonis,
3038 5202 3231 5272 quibus
3279 5208 3401 5270 post
3449 5197 3590 5252 hanc
3619 5196 3775 5249 vitam

2266 5325 2280 5355 ³
2317 5323 2452 5381 aditi,
2488 5319 2782 5370 balenarum.
2818 5327 2872 5369 At
2906 5317 3235 5381 nmnrscripti,
3270 5314 3518 5381 duplicata
3548 5311 3712 5381 littera
3733 5309 3778 5381 nl,

2199 5371 2512 5434 bailenaru'm.
2527 5383 2702 5444 Dicitur
2727 5395 2754 5430 a
2777 5394 2954 5442 grzeco,
2974 5371 3175 5444 ballcirt',
3195 5371 3555 5444 juxta‘lsidqnl;
3568 5373 3643 5432 12,
3667 5385 3708 5444 (ξε
3729 5371 3776 5440 (ξ.

2241 5449 2282 5517 ,ξ
2303 5432 2387 5494 sic
2407 5452 2512 5493 Mss.
2539 5450 2595 5493 At
2617 5443 2748 5503 editi,
2775 5432 2953 5492 Zmara'
2971 5432 3223 5504 fastidium
3237 5444 3427 5498 natura,
3455 5432 3634 5499 ἀὶῃὶιδα
3656 5432 3778 5483 divi-

2201 5514 2444 5626 ﬂu'ushlss.,
2470 5579 2527 5616 ac
2551 5565 2858 5625 recipiendae.

2236 5630 2284 5699 ,κδ
2317 5615 2452 5688 Editi,
2477 5615 2526 5678 in
2564 5615 2662 5676 Itac'
2677 5626 2892 5678 miseria.
2915 5632 2968 5675 At
2991 5631 3118 5685 Mss,
3142 5623 3194 5674 in
3216 5621 3308 5673 hac
3338 5620 3518 5672 misera
3543 5631 3562 5669 :
3587 5615 3773 5680 supple,

2199 5698 2362 5800 “(gum
2389 5752 2546 5810 editis,
2573 5749 2780 5820 donarit.
2808 5757 2861 5818 at
2885 5751 2932 5799 in
2958 5757 3079 5810 Mss,
3109 5745 3316 5808 donabit,
3355 5743 3504 5794 futuri
3529 5739 3774 5802 temporis,

2203 5819 2335 5878 juxta
2360 5826 2568 5877 graecum
2592 5819 2839 5863 Irm'tsctut.
