4078 6478
260 381 362 443 793

262 495 598 556 beatissimus
629 489 948 562 perfruetur,
980 497 1144 562 nona
1175 481 1326 537 nobis
1351 479 1665 536 dissentiunt
1694 477 1814 547 phi-

260 583 463 652 losophi
512 561 760 635 nobiles:
793 583 811 614 ί
842 575 907 630 de
935 561 1108 629 carnis
1159 569 1551 626 resurrectione
1596 574 1819 620 conten-

261 673 428 737 dunt;
463 671 598 725 hanc
626 675 881 738 quantum
907 670 1129 734 possunt
1168 667 1379 730 negant.
1409 657 1514 712 Sed
1540 655 1817 711 credentes

260 761 444 829 multi,
474 766 725 828 negantes
751 754 1094 825 paucissimos
1120 749 1473 818 reliquerunt,
1499 753 1552 799 et
1578 744 1644 798 ad
1669 741 1825 796 Chri-

260 865 420 918 stum,
454 850 543 921 qui
573 849 674 903 hoc
709 844 848 915 quod
890 843 1004 898 istis
1047 840 1253 895 videtur
1291 836 1594 899 absurdum,
1625 833 1677 886 in
1728 845 1823 885 sua

262 941 650 1000 resurrectione
693 934 1024 998 monstravit,
1051 930 1190 985 ﬁdeli
1217 927 1380 984 corde
1397 924 1638 982 conversi
1662 929 1821 986 sunt,

261 1035 404 1090 docti
433 1043 487 1088 et
513 1030 730 1097 indocti,
755 1027 1022 1095 sapientes
1049 1020 1228 1076 mundi
1273 1026 1326 1073 et
1356 1016 1683 1085 insipientes.
1715 1011 1826 1064 lloc

261 1125 404 1181 enim
429 1120 652 1177 credidit
675 1117 921 1180 mundus,
939 1113 1077 1184 quod
1095 1109 1337 1182 praedixit
1361 1108 1501 1162 Deus
1520 1120 1543 1170 ',
1563 1103 1650 1174 qui
1669 1102 1828 1156 etiam

262 1216 363 1270 hoc
392 1212 653 1284 praedixit,
682 1208 823 1279 quod
853 1206 990 1260 hanc
1013 1219 1124 1258 rem
1151 1199 1374 1255 mundus
1400 1198 1569 1251 fuerat
1596 1193 1829 1248 creditu-

260 1321 374 1362 rus.
427 1305 609 1372 Neque
636 1301 776 1356 enim
829 1297 972 1352 Petri
1014 1292 1286 1348 maleficiis
1333 1303 1451 1344 eam
1479 1288 1500 1318 ³
1529 1299 1648 1338 cum
1676 1282 1830 1336 laude

261 1395 592 1452 credentium
613 1401 758 1446 tanto
783 1397 904 1443 ante
923 1383 1275 1456 praenuntiare
1296 1378 1597 1446 compulsus
1621 1381 1702 1429 est
1727 1372 1826 1442 (α).

261 1485 356 1542 Ille
383 1491 470 1541 est
495 1484 635 1538 enim
665 1483 822 1543 Deus,
850 1491 1006 1548 quem
1053 1473 1210 1546 (sicut
1226 1473 1334 1540 jam
1361 1468 1468 1522 dixi
1511 1463 1790 1533 aliquoties
1812 1502 1828 1525 ,

262 1591 366 1633 nec
389 1585 808 1631 commemorare
832 1569 853 1600 ³
881 1582 966 1622 me
991 1563 1189 1636 piget),
1216 1560 1500 1615 conﬁtente
1518 1553 1829 1623 Porphyrio,

263 1679 422 1739 atque
451 1666 504 1722 id
531 1663 758 1720 oraculis
779 1660 999 1714 deorum
1043 1667 1258 1709 suorum
1288 1649 1513 1720 probare
1541 1645 1787 1714 cupiente
1812 1681 1828 1708 ,

263 1733 379 1828 ipsa
427 1755 641 1811 numina
685 1749 1090 1820 perhorrescunt
1119 1760 1132 1796 :
1161 1754 1318 1811 quem
1354 1738 1433 1793 sic
1473 1733 1743 1797 laudavit,
1765 1739 1824 1785 ut

263 1821 388 1904 eum
427 1855 481 1901 et
504 1845 670 1900 Deum
696 1848 896 1911 patrem
924 1844 978 1890 et
1005 1848 1182 1903 regem
1210 1835 1440 1884 vocaret.
1473 1824 1624 1878 Absit
1648 1821 1788 1876 enim
1813 1859 1828 1882 ,

263 1948 324 1994 ut
345 1938 423 1995 sic
450 1910 786 2002 intelligenda
804 1928 911 1982 sint
935 1940 1052 1995 qua:
1073 1920 1332 1992 praedixit,
1358 1911 1624 1986 quomodo
1649 1910 1836 1965 volunt

267 2027 324 2082 hi
351 2025 442 2096 qui
471 2025 572 2078 hoc
596 2036 716 2077 cum
746 2017 946 2073 mundo
990 2028 1095 2068 non
1124 2008 1480 2071 crediderunt,
1512 2002 1652 2072 quod
1681 2015 1834 2054 mun—

265 2117 396 2172 dum
435 2114 757 2170 crediturum
784 2122 903 2169 esse
929 2101 1190 2174 prmdixit.
1217 2097 1324 2153 Cur
1348 2096 1488 2150 enim
1530 2108 1634 2148 non
1663 2089 1835 2160 potius

265 2208 362 2273 ita,
392 2205 530 2261 sicut
580 2201 876 2262 crediturus
910 2202 1054 2250 tanto
1083 2199 1205 2246 ante
1239 2186 1522 2257 pratdictus
1549 2191 1631 2237 est
1675 2194 1833 2234 mun-

266 2296 391 2360 dus,
444 2308 552 2348 non
606 2291 741 2346 sicut
783 2283 1088 2358 paucissimi
1118 2281 1375 2351 garriunt,
1425 2266 1514 2344 qui
1571 2271 1673 2325 hoc
1712 2281 1834 2323 cutn

266 2383 499 2449 mundo,
540 2380 682 2451 quod
709 2378 1003 2434 crediturus
1050 2370 1333 2442 praedictus
1367 2374 1470 2430 est,
1494 2360 1712 2416 credere
1737 2373 1835 2411 no-

265 2471 520 2529 luerunt?
539 2471 596 2526 Si
617 2469 756 2525 enim
782 2473 1057 2538 propterea
1079 2460 1259 2516 dicunt
1278 2456 1381 2510 alio
1405 2451 1562 2508 modo
1577 2463 1696 2504 esse
1716 2462 1836 2501 cre-

266 2561 464 2625 denda,
493 2575 559 2614 ne
581 2600 598 2626 ,
625 2557 670 2612 si
694 2537 923 2612 dixerint
939 2565 1070 2606 vana
1097 2563 1214 2604 esse
1242 2543 1559 2611 conscripta,
1591 2537 1836 2607 iniuriam

267 2647 472 2706 faciant
493 2649 566 2704 illi
597 2649 727 2714 Deo,
756 2645 839 2699 cui
867 2653 971 2697 tam
998 2653 1242 2709 magnum
1293 2633 1571 2704 perhibent
1600 2629 1838 2683 testimo-

269 2742 453 2806 nium;
483 2748 681 2794 tantam
713 2749 928 2806 prorsus
953 2731 1000 2786 ei
1029 2729 1111 2783 vel
1141 2728 1298 2782 etiam
1323 2723 1616 2794 graviorem
1639 2717 1838 2771 faciunt

268 2833 543 2902 injuriam,
575 2830 620 2883 si
648 2828 802 2881 aliter
828 2824 1010 2878 dicunt
1039 2833 1156 2875 esse
1183 2811 1543 2883 intelligenda,
1567 2823 1674 2862 non
1695 2807 1832 2860 sicut

268 2895 500 2975 mundus
524 2895 584 2973 ea
611 2914 862 2978 credidit,
893 2925 1049 2981 quem
1076 2905 1396 2962 crediturum
1428 2901 1546 2970 ipse
1565 2895 1796 2951 laudavit
1819 2933 1834 2959 ,

279 3011 396 3079 ipse
451 3006 690 3078 promisit
719 3044 734 3070 ,
790 3003 903 3072 ipse
939 2993 1239 3065 complevit.
1285 2990 1472 3046 Utrum
1510 2985 1533 3018 ‘
1562 2985 1702 3040 enim
1730 2996 1836 3036 non

275 3109 449 3169 potest
472 3099 647 3152 facere
669 3103 727 3149 ut
747 3101 984 3161 resurgat
1009 3104 1134 3144 caro
1161 3127 1176 3152 ,
1224 3094 1278 3139 et
1303 3084 1442 3136 vivat
1466 3080 1519 3134 in
1542 3086 1794 3132 aeternum
1819 3090 1835 3140 ;

276 3207 342 3245 an
374 3197 653 3259 propterea
677 3182 997 3239 credendum
1025 3193 1131 3232 non
1157 3185 1238 3231 est
1265 3173 1317 3228 id
1359 3186 1477 3226 eum
1525 3183 1644 3224 esse
1674 3167 1838 3220 factu-

272 3254 416 3342 rum,
446 3254 566 3347 quia
595 3275 787 3328 malum
815 3280 896 3326 est
941 3278 1098 3338 atque
1135 3265 1405 3332 indignum
1434 3261 1543 3314 Deo
1571 3256 1642 3327 (b)
1666 3257 1689 3310 ?
1732 3254 1838 3310 Sed

274 3370 338 3426 de
368 3346 754 3436 omnipotentia
780 3363 914 3432 ejus,
941 3375 1042 3430 qua
1072 3367 1145 3412 tot
1189 3364 1243 3411 et
1269 3363 1410 3408 tanta
1440 3351 1562 3404 facit
1611 3346 1837 3401 incredi-

273 3462 426 3530 bilia,
472 3460 582 3530 jam
627 3457 787 3511 multa
834 3453 1081 3526 diximus.
1127 3449 1180 3503 Si
1209 3448 1388 3500 volunt
1433 3441 1671 3497 invenire
1698 3437 1840 3509 quod

274 3554 612 3623 omnipotens
633 3563 737 3602 non
766 3552 959 3614 potest,
985 3541 1180 3595 habent
1207 3550 1422 3606 prorsus
1451 3555 1463 3587 :
1497 3546 1596 3602 ego
1623 3530 1794 3584 dicam
1819 3569 1835 3594 ,

273 3642 480 3700 Mentiri
508 3655 613 3694 non
644 3643 833 3708 potest.
858 3631 1149 3688 Credamus
1191 3640 1316 3694 ergo
1344 3623 1482 3692 quod
1512 3629 1704 3690 potest,
1733 3633 1837 3672 non

275 3730 540 3790 credendo
609 3727 747 3798 quod
817 3739 924 3778 non
968 3728 1159 3791 potest.
1209 3715 1517 3782 Nonitaque
1561 3709 1840 3764 credentes

275 3824 418 3896 quod
465 3819 675 3875 mentiri
723 3816 924 3886 possit,
971 3810 1189 3866 credant
1239 3822 1359 3862 esse
1406 3804 1663 3857 facturum
1695 3799 1837 3869 quod

276 3928 334 3970 se
406 3912 666 3966 facturum
743 3919 860 3960 esse
919 3900 1160 3972 promisit
1221 3915 1235 3954 :
1311 3905 1364 3950 et
1449 3893 1528 3946 sic
1599 3889 1837 3955 credant,

276 4006 416 4059 sicut
459 4001 686 4058 credidit
736 3996 984 4059 mundus,
1018 4007 1173 4063 quem
1203 3988 1522 4045 crediturum
1552 3998 1671 4038 esse
1701 3997 1841 4052 pra:-

277 4093 450 4156 dixit,
499 4104 655 4160 quem
729 4086 1050 4140 crediturum
1141 4094 1259 4160 (ﬁse
1329 4075 1596 4140 laudavit,
1686 4086 1840 4141 quem

275 4184 603 4241 crediturum
660 4193 777 4234 esse
839 4173 1124 4244 promisit,
1169 4183 1325 4238 quem
1381 4163 1670 4220 credidisse
1729 4161 1838 4230 jam

275 4272 530 4330 ostendit.
557 4269 668 4324 Hoc
693 4277 868 4320 autem
895 4262 1091 4317 malum
1117 4273 1254 4322 esse,
1277 4255 1417 4310 unde
1440 4250 1841 4308 demonstrant?

275 4365 392 4422 Non
418 4363 522 4419 erit
554 4361 661 4415 illic
685 4359 786 4412 ulla
807 4353 1096 4421 corruptio,
1128 4347 1268 4418 quod
1311 4353 1395 4400 est
1442 4343 1677 4411 corporis
1725 4357 1841 4394 ma—

277 4459 406 4512 lum.
437 4455 513 4509 De
545 4451 732 4507 ordine
769 4449 1148 4502 elementorum
1190 4439 1298 4509 jam
1345 4434 1745 4504 disputavimus,
1776 4432 1844 4486 de

277 4547 398 4601 aliis
429 4541 703 4598 hominum
730 4534 1049 4606 eonjecturis
1085 4531 1214 4585 satis
1246 4529 1484 4584 diximus
1516 4542 1530 4578 :
1558 4533 1754 4594 quanta
1777 4524 1845 4577 sit

278 4639 456 4693 futura
485 4635 541 4689 in
579 4645 804 4701 corpore
855 4622 1238 4692 incorruptibili
1279 4619 1500 4674 facilitas
1551 4624 1747 4679 motus,
1775 4613 1844 4668 de

277 4727 556 4800 praesentis
585 4723 740 4778 bona:
766 4716 1083 4774 valetudinis
1106 4717 1522 4782 temperamento
1541 4747 1553 4770 ,
1597 4721 1713 4775 qua:
1741 4704 1845 4758 uti-

277 4837 381 4891 que
404 4819 549 4873 nullo
575 4815 732 4870 modo
760 4814 835 4868 illi
861 4807 1216 4878 comparanda
1245 4814 1327 4859 est
1356 4799 1758 4864 immortalitati,
1790 4800 1843 4850 in

277 4913 415 4968 libro
438 4908 593 4963 tertio
613 4905 819 4959 decimo
859 4902 1008 4964 satis,
1042 4907 1097 4952 ut
1121 4897 1330 4966 opinor,
1363 4890 1707 4946 ostendimus.
1740 4887 1844 4940 Le.-

277 5009 406 5071 gant
453 4996 724 5065 superiora
769 4993 945 5061 operis
974 4989 1130 5058 hujus
1151 5028 1165 5054 ,
1197 4985 1285 5054 qui
1316 4983 1400 5037 vel
1431 4995 1536 5034 non
1563 4979 1843 5048 legerunt,

283 5093 363 5147 vel
389 5089 571 5144 volunt
595 5087 616 5118 ⁸
647 5084 883 5139 recolere
903 5081 1041 5150 quod
1062 5084 1318 5148 legerunt.

344 5206 360 5234 ³
398 5203 479 5250 llic
497 5197 631 5248 vind.
659 5203 758 5243 Am.
786 5200 838 5244 et
867 5200 942 5242 Er.
967 5190 1161 5250 addunt,
1188 5185 1308 5250 qui;
1331 5192 1461 5244 Lov.,
1494 5181 1594 5233 sed.
1620 5184 1847 5228 Neutrum

277 5266 464 5316 habent
487 5268 588 5308 Mss.

341 5327 362 5358 ⁸
394 5324 497 5373 Sola
520 5319 666 5369 editio
686 5325 818 5376 Lov.,
836 5328 910 5364 ea.

343 5388 365 5418 ³
397 5393 446 5433 ln
467 5391 595 5439 Mss,
620 5389 931 5429 commonere.

340 5448 363 5479 δ
394 5450 466 5494 Sic
484 5453 589 5494 Mss.
616 5446 670 5490 At
693 5440 828 5495 editi,
851 5447 964 5487 Cur.

341 5509 363 5539 ³
395 5484 1344 5564 aimeteribus'librisdissentientes,
1369 5485 1442 5536 uel
1463 5484 1643 5534 nolunt.

342 5568 416 5628 (α)
450 5557 613 5628 Supra,
632 5560 717 5611 lib.
743 5561 822 5618 18,Δ
846 5571 949 5628 cap.

451 5599 510 5674 l1;
513 5599 1002 5688 'ﬁJﬁéi’élahiénﬁiin'
1011 5599 1256 5688 disputant
1275 5605 1489 5676 Gentiles
1509 5604 1634 5665 apud
1657 5599 1848 5688 'r‘crtul-

623 5663 1264 5736 libro—vdeutﬁtc—surréctionc
1298 5669 1486 5778 caznis,
1525 5663 1629 5726 eali.
1675 5663 1704 5712 4
1739 5676 1848 5723 sqq.

1375 5740 1599 5778 'ooumus.

1375 5740 1551 5784 Ὡρυευ
1558 5741 1581 5776 S
1589 5761 1599 5772 .

1302 366 1500 425 LIBER
1540 361 1892 424 VIGESIMUS
1929 361 2299 421 SECUNDUS.

3388 363 3491 421 704

1929 475 2153 532 CAPUT
2191 475 2380 530 XXVI.
2409 503 2480 516 -—
2507 473 2766 540 Quomodo
2795 473 3072 545 Porphyrii
3097 471 3318 542 deﬁnitio
3344 515 3359 538 ,
3389 490 3490 542 qua

1999 565 2151 618 beatis
2181 565 2358 618 animis
2407 573 2550 633 putat
2593 580 2775 633 corpus
2819 580 2963 618 omne
2992 563 3306 636 fugiendum,
3330 564 3488 633 ipsius

2002 653 2233 707 Platonis
2265 654 2505 706 sententia
2555 653 2873 719 destruatur,
2932 655 3019 723 qui
3057 653 3176 706 dicit
3241 668 3490 706 summum

2001 743 2163 796 Deum
2188 742 2284 795 diis
2311 743 2615 811 promisisse,
2638 753 2692 796 ut
2737 759 2991 813 nunquam
3031 742 3322 812 corporibus
3341 757 3491 796 exue-

1998 842 2190 886 rentur.

2002 983 2110 1040 Sed
2135 983 2459 1054 Porphyrius
2484 984 2576 1048 ait,
2606 984 2881 1054 inquiunt,
2923 992 2982 1040 ut
3027 985 3178 1040 beata
3203 984 3272 1039 sit
3293 983 3487 1047 anima,

1933 1092 2125 1146 corpus
2144 1091 2301 1131 omne
2331 1092 2449 1131 esse
2469 1075 2793 1146 fugiendum.
2809 1075 2950 1130 Nihil
2977 1090 3104 1145 ergo
3131 1074 3346 1146 prodest
3369 1074 3493 1143 quia

1933 1166 2325 1236 incorruptibile
2341 1166 2569 1222 diximus
2588 1163 2820 1219 futurum
2841 1180 3054 1235 corpus,
3081 1165 3126 1219 si
3141 1166 3310 1219 anima
3336 1165 3492 1219 beata

1933 1271 2037 1310 non
2068 1257 2186 1321 erit,
2217 1256 2317 1309 nisi
2343 1269 2534 1324 corpus
2563 1269 2719 1309 omne
2746 1253 3006 1323 effugerit.
3035 1254 3140 1309 Sed
3165 1254 3268 1323 jam
3290 1263 3344 1309 et
3369 1253 3492 1307 hinc

1934 1347 1987 1400 in
2013 1346 2144 1400 libro
2171 1356 2460 1400 memorato
2485 1355 2737 1414 quantum
2767 1345 2999 1412 oportuit
3025 1344 3285 1413 disputavi
3316 1345 3490 1414 (capp.

1935 1435 2023 1500 16,
2056 1436 2145 1500 17)
2172 1451 2186 1486 :
2218 1449 2398 1488 verum
2425 1434 2511 1488 hic
2541 1449 2704 1487 unum
2730 1432 2853 1487 inde
2883 1442 3083 1486 tantum
3110 1447 3491 1487 commemora-

1933 1523 2021 1577 bo.
2052 1523 2310 1578 Emendct
2361 1523 2523 1577 libros
2561 1537 2686 1576 suos
2714 1522 2937 1576 istorum
2963 1521 3200 1576 omnium
3249 1521 3495 1589 magister

1934 1617 2102 1683 Plato,
2133 1626 2185 1670 et
2212 1616 2353 1670 dicat
2376 1631 2557 1670 eorum
2581 1615 2730 1681 deos,
2757 1623 2814 1669 ut
2838 1614 2978 1670 beati
3006 1614 3131 1679 sint,
3157 1627 3250 1667 sua
3269 1626 3493 1682 corpora

1934 1706 2209 1776 fugituros,
2241 1705 2295 1759 id
2321 1713 2423 1770 est,
2453 1719 2572 1760 esse
2596 1705 2900 1769 morituros,
2931 1719 3064 1774 quos
3112 1703 3164 1756 in
3191 1701 3496 1757 cmlestihus

1935 1796 2243 1865 corporibus
2271 1795 2402 1849 dixit
2426 1795 2690 1860 inclusos;
2721 1795 2913 1864 quibus
2943 1804 3118 1848 tamen
3149 1792 3307 1858 Deus,
3335 1806 3366 1844 a
3393 1805 3498 1860 quo

1936 1887 2058 1942 facti
2086 1895 2225 1951 sunt,
2260 1901 2367 1957 quo
2394 1895 2608 1956 possent
2635 1901 2754 1940 esse
2779 1885 2972 1951 securi,
3002 1881 3450 1938 immortalitatem
3481 1921 3495 1944 ,

1936 1971 1988 2026 id
2010 1978 2111 2036 est,
2142 1971 2194 2024 in
2224 1971 2422 2026 eisdem
2440 1969 2748 2038 corporibus
2771 1977 3022 2023 aeternam
3050 1964 3495 2035 permansionem,

1937 2075 2041 2114 non
2067 2075 2252 2114 eorum
2278 2069 2463 2114 natura
2492 2059 2542 2113 id
2569 2058 2818 2122 habente,
2845 2057 2938 2111 sed
2979 2070 3075 2110 suo
3101 2053 3322 2108 consilio
3353 2067 3495 2122 pra:-

1936 2150 2165 2217 valente,
2195 2150 2456 2218 promisit.
2491 2147 2590 2204 Ubi
2637 2149 2795 2203 etiam
2825 2146 3020 2202 evertit
3070 2143 3198 2199 illud
3223 2143 3363 2212 quod
3417 2141 3491 2194 di-

1937 2248 2080 2306 cunt,
2110 2241 2356 2310 quoniam
2388 2248 2468 2294 est
2502 2237 2860 2308 impossibilis,
2912 2236 3031 2290 ideo
3056 2232 3496 2290 resurrectionem

1937 2329 2111 2383 carnis
2131 2344 2234 2383 non
2257 2342 2376 2384 esse
2405 2327 2741 2382 credendam.
2760 2325 3107 2395 Apertissime
3134 2323 3326 2391 quippe
3347 2320 3497 2387 juxta

1937 2422 2183 2476 eumdem
2225 2420 2595 2491 philosophum
2619 2461 2634 2487 ,
2663 2421 2751 2474 ubi
2791 2420 2892 2473 diis
2917 2435 2946 2471 a
2985 2434 3042 2473 se
3078 2417 3228 2471 factis
3258 2414 3498 2484 promisit

1939 2514 2078 2568 Deus
2100 2529 2204 2567 non
2224 2515 2388 2566 factus
2403 2511 2870 2576 immortalitatem,
2895 2511 3031 2579 quod
3050 2507 3373 2578 impossibile
3393 2515 3497 2572 est,

1938 2620 1996 2659 se
2021 2604 2155 2658 dixit
2175 2619 2295 2658 esse
2323 2603 2605 2657 facturum.
2632 2602 2720 2656 Sic
2747 2602 2886 2654 enim
2914 2615 3034 2654 eum
3059 2601 3292 2652 locutum
3319 2601 3500 2649 narrat

1937 2694 2086 2750 Plato
2121 2711 2133 2746 :
2172 2694 2418 2757 Quoniam
2449 2692 2566 2745 estis
2593 2692 2709 2755 orti,
2756 2689 2954 2758 inquit,
2984 2687 3288 2740 immortales
3323 2701 3426 2739 esse
3453 2693 3502 2738 et

1938 2782 2306 2836 indissolubiles
2350 2797 2448 2835 non
2475 2781 2680 2850 potestis
2719 2794 2739 2832 :
2774 2794 2874 2830 non
2921 2786 3083 2829 tamen
3128 2773 3501 2836 dissolvemini,

1939 2890 2095 2943 neque
2143 2889 2228 2927 vos
2270 2873 2375 2925 ulla
2407 2873 2579 2924 mortis
2607 2871 2712 2940 fata
2743 2871 3008 2939 periment,
3040 2883 3128 2920 nec
3156 2875 3300 2919 erunt
3328 2864 3502 2918 valen-

1940 2965 2088 3031 tiora,
2116 2979 2264 3032 quam
2297 2963 2559 3016 consilium
2598 2976 2778 3024 meum,
2808 2959 2941 3028 quod
2966 2959 3130 3026 majus
3153 2966 3224 3010 est
3251 2955 3503 3008 vinculum

1933 3055 2006 3110 ad
2035 3054 2409 3124 perpetuitatem
2435 3062 2665 3115 vestram,
2707 3067 2855 3119 quam
2883 3050 2972 3103 illa
3000 3049 3176 3118 quibus
3212 3048 3327 3101 estis
3353 3046 3502 3098 colli-

1938 3148 2043 3216 gati
2071 3144 2165 3216 (a).
2197 3143 2272 3209 Si,
2299 3159 2404 3198 non
2435 3142 2604 3195 solum
2649 3139 2886 3204 absurdi,
2914 3137 3006 3191 sed
3052 3136 3201 3191 surdi
3244 3151 3350 3189 non
3376 3141 3500 3188 sunt

1939 3239 2028 3308 qui
2058 3238 2172 3292 hmo
2199 3236 2440 3301 audiunt,
2472 3250 2577 3288 non
2611 3233 2795 3301 utique
2819 3231 3062 3284 dubitant
3089 3228 3191 3282 diis
3231 3227 3404 3289 factis,
3433 3224 3502 3278 ab

1941 3331 2030 3384 illo
2055 3329 2156 3384 deo
2181 3327 2270 3397 qui
2300 3341 2394 3381 eos
2421 3325 2565 3390 fecit,
2598 3321 2890 3378 secundum
2918 3321 3211 3384 Platonem,
3243 3315 3383 3385 quod
3417 3322 3502 3368 est

1941 3418 2268 3488 impossibile
2296 3417 2459 3472 fuisse
2511 3415 2849 3485 promissum.
2893 3411 2993 3479 Qui
3033 3410 3173 3464 enim
3199 3407 3356 3470 dicit,
3402 3403 3504 3458 Vos

1940 3512 2140 3583 quidem
2169 3507 2473 3563 immortales
2499 3525 2603 3561 esse
2627 3523 2726 3560 non
2755 3505 2977 3576 potestis,
3009 3501 3096 3556 sed
3120 3517 3228 3553 mea
3248 3499 3505 3552 voluntate

1940 3602 2244 3656 immortales
2273 3600 2411 3653 eritis
2438 3615 2456 3652 :
2483 3597 2606 3667 quid
2631 3595 2773 3650 aliud
2795 3594 2941 3656 dicit,
2966 3606 3120 3660 quam
3139 3589 3192 3643 id
3219 3587 3357 3657 quod
3388 3583 3506 3640 ﬁeri

1943 3708 2047 3749 non
2080 3699 2272 3762 potest,
2299 3706 2386 3745 me
2406 3689 2632 3744 faciente
2659 3697 2837 3740 tamen
2863 3684 3045 3739 eritis?
3077 3681 3169 3735 llle
3197 3680 3356 3748 igitur
3378 3693 3502 3732 car-

1943 3799 2063 3838 nem
2095 3779 2566 3850 incorruptibilem,
2596 3774 2969 3836 immortalem,
3007 3768 3332 3839 spiritualem
3354 3782 3508 3820 resu-

1943 3875 2187 3939 scitabit,
2231 3872 2319 3942 qui
2340 3871 2486 3940 juxta
2539 3869 2848 3931 Platonem,
2901 3863 2952 3918 id
2991 3859 3131 3931 quod
3183 3856 3509 3928 impossibile

1943 3973 2059 4030 est,
2094 3979 2153 4018 se
2155 3963 2440 4050 .l'acturum
2469 3971 2586 4012 esse
2631 3955 2890 4025 promisit.
2932 3951 3068 4020 Quid
3115 3949 3322 4013 adhuc,
3365 3945 3507 4016 quod

1945 4037 2200 4125 promisi?
2226 4051 2366 4105 Deus
2385 4090 2401 4116 ,
2429 4047 2568 4117 quod
2599 4047 2707 4099 Deo
2737 4041 3061 4112 promittenti
3089 4037 3311 4094 credidit
3349 4049 3503 4089 mun-

1945 4147 2064 4210 dus,
2097 4144 2186 4212 qui
2214 4141 2372 4196 etiam
2403 4139 2514 4207 ipse
2557 4137 2850 4206 promissus
2905 4142 2987 4186 est
3015 4129 3318 4184 crediturus
3340 4167 3355 4191 ,
3387 4137 3507 4179 esse

1948 4232 2274 4304 impossibile
2304 4228 2571 4285 clamant?
2599 4221 3038 4293 Quandoquidem
3068 4235 3165 4274 nos
3193 4219 3378 4280 Deum,
3420 4214 3511 4283 qui

1947 4328 2104 4381 etiam
2136 4323 2428 4378 secundum
2458 4320 2731 4374 Platonem
2778 4315 2904 4369 facit
2957 4309 3322 4380 impossibilia,
3352 4305 3402 4359 id
3431 4304 3511 4358 fa-

1947 4426 2154 4471 cturum
2185 4429 2304 4469 esse
2333 4413 2642 4467 clamamus.
2671 4407 2786 4461 Non
2806 4419 2953 4473 ergo,
2986 4411 3043 4456 ut
3067 4401 3234 4455 beatae
3262 4397 3368 4449 sint
3392 4395 3510 4448 ani-

1950 4525 2047 4564 mzc
2071 4550 2085 4572 ,
2111 4521 2302 4574 corpus
2327 4511 2410 4559 est
2445 4518 2602 4555 omne
2631 4497 2929 4567 fugiendum
2951 4535 2965 4557 ,
2995 4492 3088 4546 sed
3117 4504 3308 4560 corpus
3336 4487 3512 4540 incor—

1950 4598 2198 4668 ruptibile
2245 4593 2622 4672 recipiendum.
2656 4587 2722 4641 Et
2771 4587 2820 4639 in
2878 4599 2982 4653 quo
3010 4579 3405 4654 convenientius
3433 4577 3512 4629 in-

1953 4687 2277 4758 corruptibili
2328 4662 2551 4752 corpore
2582 4678 2930 4738 hetabuntur,
2964 4688 3123 4742 quam
3163 4671 3214 4724 in
3245 4655 3349 4738 quo
3392 4680 3513 4720 eor-

1953 4780 2182 4850 ruptibili
2202 4774 2555 4849 gemuerunt?
2585 4772 2674 4826 Sic
2691 4770 2830 4825 enim
2856 4782 2958 4821 non
2989 4766 3038 4818 in
3068 4764 3146 4818 eis
3174 4761 3275 4817 erit
3299 4760 3385 4812 illa
3403 4757 3513 4810 dira

1953 4846 2236 4942 cupiditas,
2268 4884 2422 4938 quam
2452 4865 2624 4936 posuit
2660 4878 2725 4917 ex
2752 4861 2968 4915 Platone
2994 4852 3262 4922 Virgilius,
3294 4847 3380 4902 ubi
3403 4846 3511 4898 ait:

2012 4993 2184 5034 Rursus
2206 4989 2257 5032 et
2275 4981 2499 5043 incipiant
2519 4978 2565 5026 in
2587 4985 2785 5036 corpora
2806 4969 2937 5020 velle
2959 4963 3160 5015 reverti.

2565 5054 2771 5121 (miti.
2793 5051 2874 5102 lib.
2899 5050 2949 5110 6,
2972 5059 3093 5097 vers.
3119 5043 3227 5093 75L
3254 5042 3273 5102 )

1954 5177 2064 5240 Sic,
2093 5174 2328 5241 inquam,
2355 5165 2694 5236 cupiditatem
2725 5151 3025 5212 revertendi
3065 5147 3133 5202 ad
3161 5158 3382 5214 corpora
3411 5155 3514 5193 non

1958 5265 2220 5320 habebunt
2246 5302 2260 5325 ,
2316 5274 2433 5327 cum
2475 5265 2715 5321 corpora,
2772 5248 2824 5299 in
2855 5258 2972 5314 qua:
3017 5237 3210 5295 reverti
3253 5232 3512 5301 cupiunt,

1959 5371 2137 5429 secum
2162 5352 2428 5406 habebunt
2453 5363 2467 5411 ;
2499 5353 2554 5398 et
2581 5342 2657 5395 sic
2682 5337 2980 5400 habebunt,
3011 5339 3069 5385 ut
3089 5339 3354 5395 nunquam
3409 5336 3514 5375 nun

1960 5423 2206 5503 habeant,
2236 5453 2500 5507 nunquam
2527 5448 2587 5488 ea
2623 5442 2837 5500 prorsus
2869 5426 2954 5481 vel
2983 5423 3048 5478 ad
3072 5421 3316 5491 exiguum
3337 5427 3500 5485 quam

1957 5541 2083 5595 libet
2104 5545 2308 5603 tempus
2336 5529 2438 5584 ulla
2462 5533 2631 5580 morte
2657 5522 2941 5590 deponant.

2020 5711 2090 5772 (ιι)
2124 5705 2250 5757 t‘onf.
2276 5711 2432 5763 supra,
2458 5697 2542 5746 lib.
2573 5693 2644 5754 l3,
2669 5704 2769 5753 cap.
2791 5688 2865 5737 16.
