4078 6472
568 336 672 392 795

566 447 791 505 CAPUT
834 449 1043 506 XXVII.
1073 482 1142 493 —
1167 451 1247 508 De
1264 455 1528 510 contrariis
1553 456 1923 525 definitionibus
1946 455 2126 510 Plato-

638 540 717 593 nis
740 549 887 610 atque
913 540 1207 612 Porphyrii,
1235 544 1288 597 in
1315 545 1491 614 quibus
1513 547 1559 600 si
1585 555 1790 617 uterque
1811 546 1958 602 alteri
1981 546 2126 600 cede-

635 638 729 694 ret,
756 647 788 684 a
815 633 1019 688 veritate
1035 643 1207 689 neuter
1228 635 1464 691 deviaret.

636 760 851 830 Singula
881 763 1122 833 quaadam
1153 765 1400 822 dixerunt
1423 767 1572 824 Plato
1595 777 1753 839 atque
1781 768 2126 840 Porphyrius,

567 864 685 918 qua:
712 849 756 904 si
782 851 922 906 inter
957 868 1016 908 se
1035 858 1426 914 communicare
1453 861 1770 928 potuissent,
1812 861 1932 915 facti
1951 870 2131 915 essent

565 937 792 994 fortasse
816 939 1120 998 Christiani.
1160 943 1310 1000 Plato
1334 946 1501 1014 dixit,
1528 947 1644 1004 sine
1668 949 1982 1018 corporibus
2009 949 2118 1004 ani-

567 1041 683 1082 mas
732 1028 785 1082 in
814 1037 1072 1086 internum
1098 1047 1217 1089 esse
1265 1051 1372 1090 non
1422 1051 1596 1106 posse.
1629 1037 1751 1093 Ideo
1777 1039 1916 1093 enim
1947 1038 2079 1093 dixit
2106 1079 2124 1107 ,

564 1117 723 1172 etiam
748 1119 1062 1189 sapientium
1087 1125 1290 1179 animas
1315 1134 1434 1195 post
1452 1129 1738 1196 quamlibet
1757 1128 1971 1200 longum
1999 1136 2134 1184 tem-

567 1221 689 1276 pus,
718 1216 895 1265 tamen
921 1211 988 1267 ad
1011 1227 1234 1284 corpora
1259 1215 1545 1272 redituras.
1577 1217 1904 1290 Porphyrius
1950 1229 2130 1273 autem

567 1298 723 1365 dixit,
773 1302 1000 1357 animam
1029 1306 1486 1376 purgatissimam,
1509 1323 1629 1362 cum
1672 1309 1892 1364 redierit
1920 1310 1986 1364 ad
2032 1310 2130 1364 Pa-

570 1395 731 1453 trem,
761 1389 828 1444 ad
858 1389 973 1444 haec
997 1393 1134 1446 mala
1162 1393 1342 1448 mundi
1370 1410 1636 1464 nunquam
1665 1411 1785 1452 esse
1809 1397 2124 1452 redituram.

566 1480 645 1531 Ac
671 1492 766 1547 per
789 1477 912 1546 hoc,
940 1481 1079 1550 quod
1111 1497 1287 1537 verum
1313 1482 1442 1537 vidit
1482 1483 1650 1550 Plato,
1678 1485 1720 1538 si
1753 1485 1982 1540 dedisset
2003 1486 2132 1540 Por-

569 1567 781 1636 pbyrio,
809 1569 970 1624 etiam
1007 1571 1271 1640 justorum
1293 1582 1452 1652 atque
1479 1575 1793 1644 sapientium
1811 1577 2128 1645 purgatissi-

567 1671 682 1710 mas
719 1657 921 1714 animas
957 1659 1026 1714 ad
1067 1662 1296 1716 humana
1347 1678 1572 1734 corpora
1618 1665 1917 1732 redituras;
1946 1681 2130 1722 rursus

569 1745 710 1813 quod
739 1761 923 1802 verum
968 1749 1100 1805 vidit
1142 1753 1492 1825 Porphyrius,
1523 1756 1567 1809 si
1615 1755 1848 1812 dedisset
1887 1758 2126 1827 Platoni,

570 1849 836 1904 nunquam
865 1837 1127 1894 redituras
1155 1841 1221 1895 ad
1250 1844 1493 1898 miserias
1517 1845 1872 1916 corruptibilis
1892 1848 2129 1917 corporis

565 1924 766 1981 animas
792 1935 1004 1984 sanctas
1037 1945 1050 1982 :
1084 1941 1139 1985 ut
1189 1947 1294 1987 non
1345 1933 1537 2004 singuli
1597 1936 1710 1991 hinc
1760 1937 1962 2007 singula
1985 1978 2001 2005 ,
2033 1939 2128 1994 sed

568 2012 726 2068 ambo
772 2023 828 2071 et
852 2017 1046 2088 singuli
1073 2028 1353 2092 utrumque
1377 2023 1636 2091 dicerent,
1662 2035 1790 2095 puto
1815 2028 1953 2097 quod
1981 2028 2128 2084 vide-

565 2111 684 2158 rent
728 2118 848 2162 esse
869 2106 981 2176 jam
1027 2124 1381 2181 consequens,
1413 2122 1545 2170 utet
1589 2117 1826 2172 redirent
1845 2118 2034 2182 anima:
2062 2119 2127 2173 ad

568 2208 814 2264 corpora,
842 2205 898 2252 et
925 2199 1046 2253 talia
1075 2201 1377 2271 reciperent
1405 2218 1650 2274 corpora,
1675 2207 1729 2260 in
1755 2207 1946 2277 quibus
1974 2207 2130 2263 beate

563 2293 722 2355 atque
745 2287 1112 2346 immortaliter
1138 2293 1396 2351 viverent.
1418 2297 1675 2363 Quoniam
1704 2299 1992 2354 secundum
2012 2300 2130 2356 Pla-

567 2384 763 2444 tonem,
797 2379 958 2434 etiam
985 2392 1182 2438 sancta:
1202 2385 1396 2441 anima:
1422 2387 1491 2442 ad
1519 2388 1749 2444 humana
1791 2404 2014 2460 corpora
2041 2407 2129 2447 rc-

564 2464 787 2532 dibunt;
814 2471 1106 2526 secundum
1134 2473 1508 2545 Porphyrium,
1541 2477 1605 2532 ad
1632 2478 1769 2535 mala
1798 2480 1980 2534 mundi
2029 2481 2129 2535 htt-

558 2553 648 2622 jus
673 2564 868 2611 sancta:
914 2559 1105 2615 animae
1148 2577 1258 2616 non
1301 2563 1567 2619 redibunt.
1628 2567 1778 2621 Dicat
1805 2567 1984 2637 itaque
2007 2583 2130 2625 cum

562 2642 783 2700 Platone
837 2646 1162 2719 Porphyrius
1188 2693 1203 2716 ,
1247 2652 1517 2710 Redibunt
1575 2655 1641 2710 ad
1692 2671 1959 2727 corpora:
1990 2660 2131 2717 dicat

565 2732 717 2789 Plato
744 2749 865 2790 cum
887 2737 1204 2812 Porphyrio,
1233 2742 1348 2798 Non
1378 2745 1624 2802 redibunt
1648 2749 1714 2803 ad
1749 2751 1887 2804 mala
1919 2768 1932 2805 :
1973 2760 2027 2807 et
2061 2753 2129 2808 ad

562 2837 626 2876 ea
657 2839 882 2896 corpora
911 2829 1088 2886 redire
1125 2835 1476 2904 consentient,
1522 2837 1578 2894 in
1629 2840 1822 2909 quibus
1864 2843 2006 2897 nulla
2039 2859 2128 2914 pa-

565 2911 760 2968 tiantur
781 2917 937 2972 mala.
967 2918 1093 2976 Haec
1119 2923 1294 2993 itaque
1314 2939 1419 2980 non
1438 2937 1595 2983 erunt
1613 2930 1714 2985 nisi
1741 2931 1829 2987 illa
1863 2948 1981 3002 qua:
2006 2911 2129 3002 pro-

560 3003 721 3058 mittit
744 3005 904 3073 Deus,
925 3007 1108 3067 beatas
1130 3013 1334 3071 animas
1354 3017 1408 3072 in
1433 3027 1690 3076 aeternum
1714 3036 1833 3076 cum
1859 3038 1950 3078 sua
1973 3034 2129 3079 aeter-

563 3107 632 3147 na
671 3109 831 3165 carne
859 3097 1095 3158 facturus
1122 3105 1161 3158 ί.
1195 3105 1307 3162 Hoc
1332 3109 1497 3178 enim,
1544 3121 1800 3182 quantum
1843 3116 2120 3185 existimo,

557 3182 666 3252 jam
694 3185 849 3244 facile
885 3191 1041 3248 nobis
1070 3197 1426 3254 concederent
1448 3202 1641 3270 ambo,
1694 3215 1751 3260 ut
1777 3207 1868 3276 qui
1896 3182 2126 3263 faterer];-

563 3283 649 3327 tur
697 3276 765 3331 ad
803 3277 1118 3339 immortalia
1170 3300 1394 3357 corpora
1453 3291 1716 3350 redituras
1762 3297 1966 3352 animas
2004 3312 2126 3354 esse

566 3374 893 3436 sanctorum,
926 3372 991 3427 ad
1020 3389 1114 3429 sua
1156 3377 1273 3433 illas
1303 3381 1476 3436 redire
1516 3385 1904 3452 permitterent,
1931 3388 1982 3442 in
2003 3390 2124 3457 qui-

560 3451 660 3546 bus
679 3457 816 3511 mala
839 3459 996 3530 hujus
1034 3466 1211 3520 Sicculi
1234 3471 1595 3537 pertulerunt,
1630 3472 1683 3527 in
1720 3451 1910 3544 quibus
1934 3451 2119 3546 Deum,

559 3553 617 3598 ut
641 3544 726 3601 his
755 3551 908 3606 malis
941 3566 1202 3625 carerent,
1233 3560 1315 3628 pic
1338 3560 1670 3635 ﬁdeliterque
1697 3567 1997 3624 coluerunt.

555 3675 1032 3771 CAPUlXXVIII.
1054 3715 1124 3724 -—
1143 3686 1277 3753 Quid
1300 3694 1368 3745 ad
1389 3711 1553 3750 veram
1575 3701 1951 3755 resurrectionis
1972 3703 2124 3771 ﬁdem

626 3770 702 3822 vel
727 3769 909 3839 Plato,
938 3778 1014 3830 uel
1039 3775 1236 3847 Labeo,
1270 3786 1346 3838 uel
1381 3787 1534 3840 etiam
1581 3788 1742 3845 Varro
1775 3793 2001 3861 conferre
2028 3795 2123 3848 sibi

625 3869 911 3938 potuerint,
948 3872 993 3926 si
1031 3873 1288 3941 Opiniones
1326 3891 1496 3930 eorum
1535 3879 1587 3932 in
1631 3897 1785 3935 unant
1827 3885 2122 3938 sententiam

627 3961 986 4016 convenissent.
1874 4009 1920 4038 σι

629 4083 875 4143 Nonnulli
909 4093 1096 4160 nostri,
1128 4105 1342 4166 propter
1361 4099 1623 4167 quoddam
1660 4105 2117 4172 praeclarissimum

554 4173 800 4244 loquendi
822 4194 988 4248 genus
1012 4183 1108 4255 (a),
1132 4194 1183 4239 et
1206 4201 1420 4258 propter
1445 4193 1695 4248 nonnulla
1718 4212 1835 4266 qua:
1859 4201 2120 4255 veraciter

555 4265 743 4332 sensit,
772 4279 1008 4326 amantes
1039 4273 1344 4340 Platonem,
1369 4278 1550 4335 dicunt
1573 4298 1695 4338 eum
1719 4285 1913 4355 aliquid
1945 4290 2118 4346 simile

554 4355 707 4410 nobis
733 4367 890 4412 etiam
917 4360 1331 4420 demortuorum
1358 4375 1743 4428 resurrectione
1769 4379 1999 4434 sensisse
2021 4381 2115 4452 (b).

552 4445 701 4512 Quod
728 4450 938 4519 quidem
961 4453 1038 4512 sic
1064 4458 1227 4528 tangit
1251 4458 1305 4514 in
1331 4460 1477 4516 libris
1496 4463 1560 4519 de
1583 4465 1868 4536 Republica
1890 4445 2114 4544 Tullius,

555 4545 611 4591 ut
637 4552 758 4593 eum
788 4541 978 4597 lusisse
1014 4547 1219 4615 potius,
1265 4565 1421 4620 quam
1451 4555 1591 4624 quod
1633 4556 1687 4612 id
1718 4575 1900 4616 verum
1938 4541 2112 4630 esset,

551 4625 781 4683 alllrmet
807 4629 985 4686 dicere
1017 4635 1268 4692 voluisse.
1311 4640 1512 4697 lnducit
1549 4645 1692 4700 enim
1723 4647 1990 4706 hominem
2025 4670 2113 4709 rc-

551 4717 767 4784 vixisse,
790 4729 839 4774 et
871 4736 1117 4778 narrasse
1141 4728 1380 4795 quadam
1407 4747 1522 4800 qua:
1563 4733 1847 4792 Platonicis
1874 4740 2114 4812 disputa-

555 4806 787 4863 tionibus
815 4812 1170 4879 congruebant
1191 4817 1284 4887 (c).
1312 4818 1487 4876 Labeo
1511 4824 1670 4879 etiam
1695 4826 1830 4883 duos
1859 4806 1987 4886 dicit
2009 4847 2112 4887 uno

611 4965 731 5039 tiu
751 4968 884 5039 vim.
910 4978 1011 5039 Am.
1034 4977 1186 5039 Er._et
1208 4979 1312 5024 Mss.
1338 4982 1393 5027 At
1415 4983 1544 5039 Lov.,
1570 4979 1791 5033 victuras.

609 5026 682 5098 (ις)
708 5043 740 5108 ι.
760 5034 947 5108 (imitus
982 5032 1046 5081 de
1069 5026 1418 5108 Asinunsoeratis
1438 5026 1964 5108 deniul'eeiisvliomines
1982 5082 1997 5108 ,
2039 5051 2112 5099 di-

552 5103 574 5130 ι.
594 5088 804 5150 scipulus
824 5088 969 5144 'l’iato
1013 5100 1118 5155 est,
1143 5111 1164 5139 ι
1193 5096 1530 5161 'l‘ertullianus,
1563 5088 1997 5169 dé'XIiiEizi',"é5fi.’

1770 5173 1998 5221 COQUEUS
2004 5203 2019 5218 ο

609 5206 1141 5290 ςᾲ)εήνξιὶεψξςι›.υιῇι).
1166 5216 1218 5290 l
1239 5218 1302 5266 de
1319 5225 1522 5290 Drepar.
1556 5229 1730 5290 Evang.
1749 5206 2019 5290 ((333133?
2060 5233 2110 5282 in

610 5238 682 5269 υι)
725 5238 816 5260 nu.
857 5238 1025 5262 ιυδυυ.
1059 5238 1141 5264 ιιυ.
1166 5238 1218 5266 ιι
1239 5238 1302 5266 ut:
1320 5238 1522 5282 mepar.
1556 5238 1680 5272 evan
1718 5260 1730 5272 .
1749 5259 1764 5285 ,
1789 5239 1892 5288 cap.
1917 5238 1928 5276 ἓ

550 5271 1145 5345 InostrisDemonstrations
1167 5278 1509 5345 evmtgéliques,
1531 5291 1642 5333 tom.
1874 5295 1928 5336 Μ.

611 5330 679 5438 (εἰ
713 5338 890 5382 Herum
915 5337 1230 5401 Pamphylium
1251 5373 1266 5398 ,
1282 5330 1371 5401 ’ἦιιὶ
1391 5330 1458 5390 ’ἰή
1474 5330 1846 5397 ὁοίἶὸοέίιὺυίι
1868 5330 2042 5410 ,“i‘lato
2060 5354 2113 5406 in

614 5403 644 5438 Θ
682 5391 771 5438 ὠιδί
792 5393 858 5438 de
881 5397 1129 5438 Rennhlim
1149 5435 1161 5438 _
1186 5401 1373 5438 dnoimn
1396 5411 1494 5438 tinet
1531 5414 1735 5438 mmlnrn
1771 5409 1850 5438 ιιίο
1874 5412 2111 5438 “manu...

549 5388 858 5466 tinelibriude
881 5388 1131 5458 Republica
1148 5388 1384 5466 ,_dccimp_
1396 5388 1508 5466 post
1515 5388 1851 5458 'iﬁdiéiﬁﬁié

906 5474 930 5532 it
944 5451 1096 5532 ’μεως
1109 5451 1299 5532 “(Eicch
1330 5451 2116 5532 fabulam?»—A'inquiivhiac-riih‘iuus

548 5511 595 5558 in
630 5510 754 5586 libro
778 5517 929 5592 prim?
967 5523 1137 5592 somnii
1161 5557 1176 5580 ,
1223 5520 1376 5572 «licet
1394 5510 1826 5592 ψίὲὶδόειίέὲῖῖἱέἐξ
1850 5510 2113 5592 ᾦέἕννέῗὲ

553 5586 576 5616 ι
831 5576 994 5658 doleat
1015 5575 1217 5658 irrisani,
1244 5586 1519 5658 excinplnin
1542 5575 1724 5638 tamenj
1734 5575 1921 5658 dandae
1929 5575 2112 5658 ischia:

553 5648 576 5678 ι
601 5632 848 5742 belnsionis
864 5641 1017 5691 vitans
1032 5677 1046 5704 ,
1066 5632 1264 5697 excitari
1300 5632 2112 5713 ηπὲαίύῖυῶἷᾷἧαῦῖῖξῖἶθίξἷῦἷο

574 5708 651 5742 ina
675 5709 723 5742 tu
749 5733 761 5742 .
790 5713 814 5742 ι

574 5703 761 5748 maluit.
790 5713 814 5744 ι

1601 345 1687 400 DE
1721 343 2034 402 CIVITATE
2055 335 2203 408 ‘DEI,
2241 341 2296 400 S.
2337 343 2698 403 AUGUSTINI

2233 454 2319 511 die
2345 455 2510 514 fuisse
2533 458 2828 525 defunctos,
2852 467 2908 515 et
2930 462 3226 520 occurrisse
3247 465 3472 524 invicem
3496 469 3550 526 in
3570 473 3800 542 quodam

2233 547 2499 616 ccmpito,
2527 547 2717 604 deinde
2741 549 2808 605 ad
2832 565 3054 621 corpora
3084 568 3178 608 sua
3200 554 3378 624 iussos
3403 558 3566 617 fuisse
3593 577 3801 620 remea-

2233 651 2315 703 re,
2346 647 2400 692 et
2425 639 2762 695 constituisse
2791 640 2928 696 inter
2960 657 3020 697 se
3063 644 3265 699 amicos
3301 661 3362 703 se
3384 663 3504 706 esse
3526 651 3798 722 victuros,

2232 734 2391 796 atque
2419 727 2490 781 ita
2517 741 2634 784 esse
2659 728 2852 784 factum
2871 771 2886 797 ,
2917 729 3086 786 donec
3112 742 3292 802 postea
3332 749 3668 796 morerentur
3691 741 3796 814 (a).

2233 814 2340 871 Sed
2384 816 2469 871 isti
2505 826 2747 875 auctores
2785 820 2940 875 talem
2979 824 3421 882 resurrectionem
3449 833 3690 900 corporis
3719 833 3801 888 fa-

2234 914 2374 960 ctam
2420 906 2583 964 fuisse
2619 921 2934 977 narrarunt.
2963 915 3150 983 quales
3192 915 3404 973 fuerunt
3442 934 3626 976 eorum
3667 939 3806 994 quos

2236 997 2594 1052 resurrexisse
2616 1000 2878 1068 novimus,
2905 1010 2960 1057 et
2987 1003 3108 1058 huic
3133 1005 3346 1074 quidem
3375 1009 3610 1067 redditos
3637 1013 3760 1068 vitae
3777 1055 3796 1080 ,

2235 1084 2328 1138 sed
2353 1100 2458 1140 non
2484 1101 2553 1150 eo
2579 1087 2737 1144 modo
2778 1099 2836 1144 ut
2873 1105 2979 1145 non
3015 1104 3350 1150 morerentur
3377 1097 3619 1155 ulterius.
3643 1101 3800 1158 Mira-

2235 1172 2392 1229 bilius
2417 1185 2594 1232 autem
2631 1179 2885 1248 quiddam
2915 1181 3122 1236 Marcus
3151 1183 3320 1239 Varro
3356 1189 3505 1257 ponit
3532 1189 3586 1244 in
3615 1190 3764 1247 libris
3783 1235 3797 1258 ,

2233 1263 2376 1332 quod
2401 1268 2801 1336 conscripsitde
2819 1268 2988 1324 Geute
3014 1272 3193 1341 populi
3223 1273 3448 1328 Romani
3479 1294 3493 1330 :
3523 1277 3673 1348 cujus
3703 1295 3800 1350 pu-

2234 1356 2339 1408 tavi
2378 1355 2536 1411 verba
2582 1358 2693 1427 ipsa
2739 1373 2858 1414 esse
2907 1361 3170 1430 ponenda.
3232 1363 3538 1422 Genethliaci
3592 1371 3799 1438 quidam

2233 1447 2559 1515 scripserunt,
2589 1449 2775 1519 inquit,
2807 1468 2911 1505 esse
2927 1452 2980 1506 in
3000 1456 3317 1510 renascendis
3341 1458 3624 1516 hominibus
3646 1480 3799 1533 quam

2233 1539 2490 1606 appellant
2519 1547 2865 1606 παλιγγενεσίαν
2895 1541 3059 1596 Graeci
3087 1561 3106 1597 :
3132 1545 3226 1598 hac
3278 1554 3582 1618 scripserunt
3618 1555 3800 1621 conﬁci

2232 1627 2284 1680 in
2324 1629 2471 1682 annis
2514 1646 2720 1685 numero
2745 1634 3126 1703 quadringentis
3164 1639 3528 1710 quadraginta,
3569 1654 3626 1697 ut
3667 1645 3801 1699 idem

2232 1738 2415 1793 corpus
2442 1734 2489 1778 et
2513 1727 2688 1782 eadem
2713 1731 2901 1799 anima,
2929 1749 3040 1802 quin
3066 1736 3254 1804 fuerint
3277 1741 3542 1808 coniuncta
3567 1743 3623 1796 in
3645 1743 3800 1798 homi-

2233 1831 2294 1869 ne
2317 1817 2588 1886 aliquando
2605 1861 2617 1882 ,
2648 1822 2822 1876 eadem
2858 1840 3032 1882 rursus
3057 1831 3261 1884 redeant
3295 1833 3348 1886 in
3375 1835 3798 1904 conjunctionem.

2232 1905 2336 1962 Iste
2373 1908 2536 1965 Varro
2564 1911 2815 1982 quidem,
2845 1916 2958 1973 sive
3001 1918 3078 1974 illi
3119 1919 3446 1978 Genetbliaci
3491 1927 3670 1982 nescio
3709 1929 3801 1998 qui

2232 1996 2372 2066 (non
2399 2000 2540 2054 enim
2571 2003 2786 2059 nomina
2807 2019 2991 2062 eorum
3021 2011 3284 2078 prodidit,
3311 2028 3534 2083 quorum
3560 1996 3800 2072 comme-

2232 2089 2457 2144 moravit
2480 2093 2856 2168 sententiam),
2879 2097 3075 2168 aliquid
3099 2100 3362 2170 dixerunt,
3393 2105 3530 2174 quod
3557 2105 3682 2161 licet
3704 2106 3803 2161 fal-

2230 2193 2350 2234 sum
2389 2181 2458 2235 sit
2497 2182 2644 2255 (cum
2690 2186 2833 2242 enim
2873 2190 3038 2244 semel
3083 2191 3150 2246 ad
3195 2192 3377 2248 eadem
3418 2209 3640 2265 corpora
3682 2212 3801 2266 qua:

2230 2281 2526 2338 gesserunt,
2557 2275 2746 2331 anima:
2771 2277 3047 2345 redierint,
3076 2295 3345 2352 nunquam
3370 2298 3431 2338 ea
3460 2293 3642 2353 postea
3671 2296 3800 2342 sunt

2231 2361 2565 2435 relicturae);
2603 2375 2778 2424 tamen
2817 2370 2981 2426 multa
3021 2371 3162 2428 illius
3193 2375 3662 2444 impossibilitatis,
3694 2394 3800 2449 qua

2231 2463 2416 2512 contra
2445 2472 2543 2512 nos
2575 2458 2660 2512 isti
2687 2462 2945 2530 garriunt,
2971 2473 3278 2534 argumenta
3310 2468 3590 2536 convellit,
3618 2477 3675 2524 et
3701 2471 3800 2525 de-

2231 2544 2407 2598 struit.
2439 2545 2542 2612 Qui
2567 2549 2707 2602 enim
2731 2549 2833 2606 hoc
2856 2553 3110 2619 sentiunt,
3139 2555 3253 2610 sive
3272 2566 3566 2623 senserunt,
3593 2573 3699 2614 non
3721 2559 3800 2615 eis

2231 2637 2400 2690 visum
2425 2646 2506 2691 est
2534 2639 2646 2694 ﬁeri
2676 2656 2779 2695 non
2811 2657 2997 2712 posse,
3029 2653 3088 2700 ut
3111 2645 3313 2716 dilapsa
3347 2648 3602 2704 cadavera
3629 2650 3683 2704 in
3706 2664 3800 2704 au-

2205 2739 2339 2794 -ras,
2365 2727 2419 2782 in
2448 2723 2739 2799 pulverem,
2765 2733 2817 2786 in
2839 2735 3100 2801 cinerem,
3121 2737 3172 2790 in
3197 2737 3466 2807 humores,
3493 2739 3545 2793 in
3574 2754 3796 2810 corpora

2230 2821 2556 2875 vescentium
2579 2823 2887 2893 bestiarum,
2905 2827 2988 2882 vel
3010 2827 3244 2896 ipsorum
3266 2845 3475 2900 quoque
3499 2831 3796 2896 hominum,

2230 2909 2295 2963 ad
2327 2909 2379 2963 id
2408 2925 2592 2964 rursus
2615 2913 2852 2982 redeant,
2878 2916 3019 2986 quod
3044 2917 3272 2973 fuerunt.
3297 2919 3629 2990 Quapropter
3650 2920 3799 2976 Plato

2229 3008 2286 3054 et
2314 2999 2638 3072 Porphyrius
2656 3044 2671 3070 ,
2695 3005 2776 3059 vel
2805 3005 2981 3076 potius
3007 3007 3324 3078 quicumque
3351 3009 3468 3064 illos
3495 3009 3721 3079 diligunt
3747 3021 3798 3066 et

2229 3092 2405 3149 adhuc
2431 3094 2635 3162 vivunt,
2665 3096 2709 3150 si
2739 3097 2892 3152 nobis
2915 3100 3252 3154 consentiunt
3270 3101 3431 3155 etiam
3457 3109 3667 3157 sanctas
3687 3103 3798 3156 ani-

2229 3199 2342 3238 mas
2370 3185 2437 3239 ad
2467 3199 2689 3256 corpora
2717 3187 2978 3243 redituras
2997 3230 3011 3256 ,
3039 3189 3176 3244 sicut
3193 3189 3266 3244 ait
3284 3189 3463 3257 Plato,
3495 3204 3596 3245 nec
3621 3199 3794 3245 tamen

2227 3275 2292 3329 ad
2320 3275 2458 3329 mala
2485 3276 2592 3331 ulla
2619 3277 2896 3346 redituras,
2924 3279 3059 3334 sicut
3082 3280 3154 3334 ait
3175 3279 3528 3352 Porphyrius;
3550 3289 3609 3335 ut
3627 3296 3696 3336 ex
3717 3281 3795 3334 his

2229 3368 2320 3421 fiat
2343 3382 2673 3438 consequens
2707 3371 2848 3440 quod
2889 3370 3022 3425 fides
3047 3371 3298 3442 praedicat
3324 3371 3610 3426 christiana
3629 3412 3646 3438 ,
3677 3371 3793 3425 talia

2226 3471 2448 3527 corpora
2476 3469 2784 3529 recepturas
2811 3461 2864 3515 in
2894 3461 3083 3531 quibus
3111 3461 3225 3516 sine
3249 3460 3358 3516 ullo
3379 3462 3520 3515 malo
3553 3462 3607 3515 in
3636 3471 3794 3515 aeter-

2226 3562 2350 3602 num
2375 3547 2598 3604 feliciter
2616 3551 2795 3604 vivant
2814 3566 2829 3616 ;
2853 3561 3124 3606 assumant
3151 3551 3308 3606 etiam
3328 3551 3429 3606 hoc
3445 3551 3512 3606 de
3531 3550 3790 3615 Varrone,

2228 3645 2285 3691 ut
2309 3638 2377 3693 ad
2403 3638 2588 3694 eadem
2627 3654 2846 3709 corpora
2887 3640 3140 3707 redeant,
3169 3641 3221 3695 in
3257 3641 3448 3710 quibus
3484 3649 3638 3696 antea
3679 3640 3792 3694 fue-

2223 3738 2381 3797 runt;
2411 3739 2464 3786 et
2489 3732 2625 3800 apud
2652 3747 2744 3787 eos
2774 3741 2881 3788 tota
2906 3734 3128 3804 quaestio
3154 3733 3220 3790 de
3243 3733 3420 3789 carnis
3450 3734 3504 3788 in
3529 3741 3790 3789 aeternum

2227 3825 2614 3880 resurrectione
2635 3826 2886 3882 solvetur.

2225 3955 2449 4013 CAPUT
2481 3957 2669 4013 XXIX.
2692 3989 2765 3999 —
2785 3957 2865 4013 De
2890 3959 3128 4029 qualitate
3150 3958 3383 4023 visionis,
3413 3974 3515 4028 qua
3545 3957 3600 4012 in
3623 3960 3790 4028 futuro

2239 4030 2262 4042 ’
2585 4051 2769 4104 swculo
2795 4050 2954 4148 διιηὲιί
2981 4049 3146 4105 Deunt
3171 4050 3423 4103 videbunt.

2296 4184 2347 4238 1.
2376 4182 2525 4238 Nunc
2541 4183 2649 4252 jam
2678 4183 2800 4253 quid
2825 4185 2991 4238 acturi
3019 4183 3126 4238 sint
3154 4183 3206 4236 in
3235 4181 3544 4251 corporibus
3569 4179 3790 4234 immor-

2227 4273 2417 4328 talibus
2449 4283 2608 4344 atque
2639 4274 3002 4344 spiritualibus
3043 4273 3242 4336 sancti,
3273 4287 3379 4326 non
3402 4271 3576 4324 adhuc
3606 4284 3788 4324 eorum

2223 4378 2384 4419 carne
2409 4364 2706 4428 carnaliter,
2733 4362 2825 4418 sed
2847 4363 3189 4432 spiritualiter
3218 4362 3327 4431 jam
3350 4361 3562 4415 vivente
3579 4399 3594 4424 ,
3621 4372 3788 4428 quan-

2224 4461 2334 4507 tum
2381 4454 2633 4508 Dominus
2673 4452 2918 4523 dignatur
2961 4452 3230 4522 adjuvare,
3262 4451 3555 4506 videamus.
3598 4449 3667 4504 Et
3705 4448 3788 4502 illa

2223 4543 2435 4613 quidem
2463 4545 2600 4597 actio
2620 4584 2634 4608 ,
2662 4543 2746 4597 vel
2775 4543 2951 4612 potius
2978 4543 3128 4611 quies
3147 4551 3305 4610 atque
3332 4541 3496 4595 otium
3521 4539 3680 4610 quale
3706 4537 3787 4592 fu-

2225 4642 2397 4688 turum
2427 4633 2515 4699 sit,
2542 4633 2586 4687 si
2616 4647 2799 4687 verum
2827 4631 2985 4686 velim
3009 4631 3190 4685 dicere
3209 4671 3222 4694 ,
3266 4629 3465 4684 nescio.
3493 4627 3612 4682 Non
3642 4627 3782 4682 enim

2221 4722 2324 4777 hoc
2345 4737 2570 4791 unquam
2593 4737 2687 4791 per
2705 4736 2892 4777 sensus
2912 4721 3150 4792 corporis
3171 4719 3294 4774 vidi.
3314 4719 3368 4775 Si
3383 4727 3561 4774 autem
3589 4727 3786 4780 mente.

2221 4811 2274 4866 id
2301 4819 2384 4866 est
2407 4811 2750 4881 intelligentia
2774 4850 2789 4877 ,
2821 4809 3017 4864 vidisse
3047 4824 3130 4863 me
3157 4808 3328 4862 dicam
3349 4849 3363 4871 ,
3391 4816 3645 4877 quantum
3675 4815 3787 4868 est,

2223 4910 2314 4956 aut
2341 4901 2466 4971 quid
2497 4910 2579 4956 est
2618 4910 2797 4956 nostra
2842 4899 3184 4969 intelligentia
3229 4897 3294 4952 ad
3343 4897 3485 4952 illam
3524 4896 3787 4950 excellen-

2223 4991 2386 5046 tiam?
2411 4991 2484 5046 lbi
2511 4999 2593 5046 est
2617 4991 2756 5046 enim
2784 5006 2886 5060 pax
2910 4989 3021 5053 Dei,
3049 5004 3179 5059 qum,
3208 4990 3344 5042 sicut
3368 4988 3441 5041 ait
3468 4985 3754 5055 Apostolus
3770 5023 3789 5048 ,

2221 5094 2425 5152 superat
2453 5099 2645 5137 omnem
2671 5082 2976 5135 intellectum
3002 5079 3257 5150 (Philipp.
3289 5095 3360 5146 iv,
3383 5078 3439 5147 7)
3464 5095 3478 5131 :
3503 5091 3664 5147 quem
3689 5075 3788 5129 nisi

2223 5181 2481 5238 nostrum,
2505 5180 2594 5226 aut
2624 5170 2851 5225 fortasse
2877 5171 3036 5225 etiam
3060 5170 3075 5200 ¹
3101 5177 3402 5222 sanctorum
3428 5162 3790 5262 Angeloruml

2222 5276 2326 5317 non
2359 5263 2498 5316 enim
2537 5269 2591 5314 et
2631 5260 2742 5314 Dei.
2773 5259 2829 5314 Si
2855 5274 2981 5329 ergo
3010 5259 3176 5312 sancti
3209 5259 3258 5310 in
3292 5255 3381 5310 Dei
3425 5268 3556 5323 pace
3599 5252 3790 5306 victuri

2220 5361 2373 5417 sunt,
2419 5354 2655 5420 profecto
2685 5352 2734 5404 in
2770 5367 2832 5406 ea
2873 5365 3000 5420 pace
3025 5348 3211 5404 victuri
3236 5355 3389 5413 sunt,
3418 5361 3536 5416 quin
3575 5350 3790 5412 superat

2221 5460 2430 5498 omnem
2461 5443 2806 5498 intellectum.
2827 5443 3095 5516 ‘Quoniam
3122 5449 3361 5495 nostrum
3388 5437 3604 5508 quidem
3625 5448 3783 5504 supe-

2284 5603 2298 5633 ι
2338 5610 2417 5649 Au)
2460 5606 2532 5649 Er.
2560 5607 2613 5650 et
2640 5606 2749 5650 Iov.
2785 5599 2965 5650 addunt
3001 5600 3099 5660 hic,
3142 5599 3352 5651 omnium
3379 5595 3548 5660 :quod
3579 5593 3722 5646 abest
3760 5601 3792 5638 2

2218 5663 2550 5732 manuscriptis
2569 5668 2624 5732 et
2638 5674 2673 5732 ⁹ει
2695 5661 2825 5732 Vind,
2879 5724 2910 5732 _
3106 5722 3134 5732 υ

2287 5726 2362 5784 (u)
2399 5725 2508 5771 \ide
2538 5721 2749 5784 Plinium,
2772 5721 2853 5772 lib.
2879 5724 2927 5783 7,
2961 5735 3063 5786 cap.
3104 5721 3181 5771 53.
