4078 6478
204 337 302 393 797

205 466 299 519 rat,
327 469 432 508 non
459 461 541 509 est
559 452 772 508 dubium
798 469 811 506 :
840 453 885 508 si
909 461 1084 510 autem
1107 463 1320 524 superat
1338 464 1392 510 et
1411 455 1732 526 Angelorum
1749 495 1764 520 ,

206 552 262 599 ut
286 557 385 597 nec
416 542 560 612 ipsos
588 543 862 612 excepisse
888 542 1147 610 videatur,
1191 547 1281 614 qui
1315 545 1424 610 ait,
1456 561 1651 600 onmem
1689 546 1770 598 in-

207 632 456 687 tellectum
471 649 489 696 ;
513 631 802 686 secundum
838 631 940 687 hoc
965 631 1162 687 dictum
1189 647 1309 688 esse
1335 633 1591 689 debemus
1625 633 1769 688 acci-

207 736 367 792 pere,
405 721 528 791 quia
570 735 754 790 pacem
795 721 922 788 Dei,
963 737 1064 793 qua
1107 722 1219 792 ipse
1247 723 1386 778 Deus
1413 730 1633 792 pacatus
1655 731 1773 793 est,

206 815 347 869 sicut
383 815 529 869 novit
557 815 695 870 Deus
723 855 736 879 ,
769 829 873 869 non
901 830 1016 870 eam
1047 830 1144 870 nos
1169 817 1246 871 sic
1272 829 1554 886 possumus
1579 829 1770 880 nosse,

207 918 308 958 nec
351 903 443 958 ulli
483 903 692 973 Angeli.
724 903 942 974 Superat
985 903 1161 974 itaque
1198 920 1394 958 onmem
1434 903 1772 967 intellectum,

213 1007 316 1046 non
347 991 566 1047 dubium
593 992 732 1063 quod
772 1001 968 1062 praeter
995 1008 1170 1048 suum.
1197 993 1301 1048 Sed
1327 993 1450 1062 quia
1475 1002 1529 1047 et
1552 1007 1650 1046 nos
1677 1007 1776 1063 pro

210 1081 372 1137 modo
394 1082 411 1113 ι
439 1090 620 1136 nostro
648 1083 790 1152 pacis
820 1081 934 1150 ejus
966 1082 1247 1152 participes
1286 1081 1409 1136 facti
1437 1096 1696 1136 summam
1723 1082 1777 1136 in

210 1170 367 1226 nobis
405 1180 563 1240 atque
592 1171 732 1227 inter
759 1186 856 1227 nos
883 1181 938 1227 et
963 1187 1084 1226 cum
1125 1172 1240 1242 ipso
1278 1186 1460 1242 pacem
1480 1211 1497 1237 ,
1524 1179 1777 1241 quantum

187 1247 454 1315 nostrum
483 1275 750 1316 summum
790 1270 904 1329 est,
935 1260 1292 1316 obtinebimus
1319 1279 1333 1315 :
1363 1261 1466 1316 isto
1497 1259 1656 1314 modo
1684 1274 1782 1330 pro

209 1366 311 1408 suo
339 1351 500 1406 modo
524 1353 698 1407 sciunt
729 1366 849 1408 eam
876 1353 1042 1407 sancti
1071 1352 1286 1420 Angeli,
1328 1350 1569 1406 homines
1603 1359 1779 1406 autem

212 1458 358 1498 nunc
383 1443 537 1513 longe
574 1443 739 1510 intra,
769 1443 1152 1512 quantumlibet
1176 1451 1428 1514 provectu
1464 1443 1656 1500 mentis
1683 1457 1780 1497 ex-

213 1533 434 1588 cellant.
457 1532 907 1589 Considerandum
931 1541 1016 1590 est
1039 1535 1180 1590 enim
1203 1542 1428 1604 quantus
1451 1534 1534 1589 vir
1549 1533 1780 1599 dicebat,

214 1622 299 1677 Ea:
326 1631 470 1692 parte
493 1623 697 1690 scimus,
721 1631 768 1677 et
792 1639 856 1677 ea:
879 1633 1020 1692 parte
1044 1624 1420 1694 prophetamus,
1442 1624 1597 1678 donec
1621 1623 1784 1676 veniat

213 1711 351 1782 quod
374 1710 646 1782 perfectum
662 1720 734 1766 est
749 1710 791 1780 (l
812 1709 930 1767 Cor.
952 1728 1062 1776 xm,
1075 1713 1126 1778 9,
1152 1711 1240 1782 10)
1260 1729 1274 1777 ;
1297 1721 1368 1777 ει,
1405 1711 1636 1766 Videmus
1651 1728 1782 1765 nunc

212 1817 305 1872 per
325 1800 584 1871 speculum
608 1801 661 1854 in
681 1802 944 1872 enigmata
961 1841 976 1865 ,
1008 1811 1126 1856 tunc
1154 1813 1321 1855 autem
1351 1802 1480 1872 facie
1506 1801 1574 1854 ad
1604 1801 1784 1872 faciem

216 1888 239 1961 (
262 1888 400 1944 Ibid.
430 1889 496 1943 l2
515 1889 561 1959 ).
590 1889 678 1946 Sic
709 1890 821 1960 jam
849 1890 1029 1947 vident
1062 1891 1233 1946 sancti
1263 1891 1478 1961 Angeli,
1507 1891 1597 1960 qui
1625 1891 1784 1945 etiam

214 1979 388 2036 nostri
413 1979 604 2051 Angeli
631 1981 754 2036 dicti
781 1989 926 2048 sunt,
959 1982 1080 2052 quia
1108 1983 1243 2037 eruti
1264 1982 1332 2036 de
1356 1989 1615 2051 potestate
1640 1991 1788 2036 tene-

213 2070 432 2125 brarum
455 2112 471 2134 ,
501 2079 555 2126 et
585 2081 802 2142 accepto
827 2071 1051 2141 Spiritus
1093 2073 1311 2143 pignore
1340 2071 1582 2126 translati
1610 2070 1675 2125 ad
1703 2086 1787 2125 re-

213 2175 376 2231 gnum
403 2161 620 2226 Christi,
642 2162 707 2216 ad
729 2177 822 2218 eos
847 2163 1076 2233 Angelos
1091 2163 1201 2232 jam
1222 2163 1479 2232 coepimus
1499 2162 1783 2231 pertinere,

215 2265 339 2304 cum
379 2251 568 2319 quibus
604 2251 756 2306 nobis
795 2253 898 2306 erit
943 2261 1126 2306 sancta
1161 2260 1320 2321 atque
1345 2251 1650 2305 dulcissima
1675 2293 1688 2314 ,
1719 2251 1786 2304 de

215 2353 319 2410 qua
355 2339 466 2408 jam
494 2347 570 2394 tot
600 2339 762 2395 libros
786 2341 1094 2410 scripsimus
1113 2381 1128 2407 ,
1160 2341 1252 2396 Dei
1279 2341 1463 2396 civitas
1503 2342 1612 2411 ipsa
1644 2357 1789 2396 com-

216 2429 416 2486 munis.
446 2429 536 2486 Sic
563 2439 686 2485 sunt
709 2446 836 2501 ergo
873 2432 1059 2502 Angeli
1099 2433 1301 2497 nostri,
1342 2433 1430 2503 qui
1457 2441 1579 2487 sunt
1604 2432 1789 2501 Angcli

115 2537 124 2544 ·
217 2519 336 2586 Dei,
360 2520 802 2588 quemadmodum
823 2520 1064 2578 Christus
1086 2522 1202 2591 Dei,
1227 2523 1469 2579 Christus
1484 2532 1567 2580 est
1586 2532 1788 2578 noster.

218 2609 313 2663 Dei
345 2618 508 2677 sunt,
537 2611 658 2680 quia
687 2611 852 2666 Deum
893 2627 998 2667 non
1029 2612 1395 2682 reliquerunt:
1424 2613 1592 2668 nostri
1628 2622 1752 2668 sunt
1772 2654 1788 2681 ,

216 2697 344 2766 quia
371 2712 500 2754 suos
535 2698 682 2754 cives
724 2713 822 2755 nos
865 2699 1064 2755 habere
1104 2709 1399 2770 coeperunt.
1433 2702 1572 2756 Dixit
1614 2711 1789 2756 autem

218 2787 478 2842 Dominus
497 2789 673 2855 Iesus,
705 2788 880 2845 Videte
901 2807 966 2845 ne
983 2792 1308 2844 contemnatis
1329 2808 1483 2844 unum
1509 2791 1572 2846 de
1597 2793 1793 2859 pusillis

217 2877 350 2932 istis.
379 2875 507 2932 Dico
533 2879 663 2932 enim
689 2879 844 2942 vobis,
872 2881 991 2950 quia
1013 2880 1193 2950 Angeli
1222 2896 1395 2933 eorum
1418 2881 1469 2934 in
1497 2881 1634 2934 cretis
1659 2897 1792 2933 sem-

218 2984 310 3038 per
348 2969 515 3023 uident
553 2971 732 3040 faciem
757 2969 929 3024 Patris
953 2971 1077 3038 mei,
1111 2971 1195 3043 qui
1219 2972 1272 3024 in
1300 2971 1436 3025 caelis
1461 2981 1534 3025 est
1567 2970 1789 3041 (Matth.

219 3076 378 3127 xvm,
402 3063 512 3132 10).
539 3061 687 3118 Sicut
711 3077 838 3132 ergo
867 3062 943 3116 illi
974 3063 1186 3127 vident,
1217 3063 1288 3116 ita
1310 3071 1364 3116 et
1389 3077 1486 3116 nos
1515 3063 1675 3116 visuri
1703 3076 1793 3115 su-

217 3169 386 3208 mus:
419 3153 514 3208 sed
556 3153 792 3208 nondum
840 3154 910 3208 ita
956 3153 1214 3209 videmus.
1262 3154 1484 3223 Propter
1528 3154 1668 3223 quod
1721 3153 1796 3207 ait

220 3243 554 3314 Apostolus,
585 3245 724 3315 quod
755 3243 910 3314 paulo
933 3255 1058 3299 ante
1097 3243 1244 3311 dixi,
1285 3243 1516 3296 Videmus
1549 3258 1681 3295 nunc
1708 3257 1796 3311 per

217 3334 483 3404 speculum
527 3335 581 3388 in
623 3336 922 3406 tenigmate,
951 3345 1070 3389 tunc
1111 3344 1276 3388 autem
1317 3335 1447 3403 [acie
1485 3333 1555 3386 ad
1590 3334 1791 3404 faciem.

219 3425 509 3479 Praemium
551 3425 726 3495 itaque
773 3425 892 3480 lidei
938 3425 1092 3480 nobis
1116 3425 1249 3480 visio
1294 3426 1391 3480 ista
1437 3433 1697 3492 servatur,
1729 3425 1795 3481 de

217 3531 324 3586 qua
353 3523 409 3571 et
434 3515 665 3570 Joannes
709 3516 978 3586 apostolus
1018 3517 1271 3586 loquens,
1300 3517 1425 3572 Cum
1455 3517 1786 3586 apparuerit,

217 3607 414 3676 inquit,
444 3605 631 3660 similes
653 3606 698 3659 ei
725 3607 928 3668 erimus,
954 3607 1192 3674 quoniam
1213 3605 1486 3660 videbimus
1515 3621 1626 3660 eum
1650 3605 1796 3659 sicuti

218 3706 294 3751 est
321 3695 365 3768 (l
383 3694 542 3749 Joan.
565 3710 644 3760 nt,
670 3694 751 3764 2).
780 3695 963 3750 Facies
991 3705 1164 3749 autem
1191 3696 1282 3750 Dei
1306 3695 1659 3751 manifestatio
1680 3696 1795 3764 ejus

220 3782 569 3854 intelligenda
607 3793 722 3850 est,
755 3800 860 3838 non
890 3784 1100 3855 aliquod
1142 3786 1243 3840 tale
1288 3786 1580 3840 membrum
1600 3827 1615 3852 ,
1642 3784 1796 3856 quale

221 3888 324 3930 nos
351 3873 610 3929 habemus
637 3874 690 3929 in
721 3883 944 3944 carpere
964 3917 980 3944 ,
1009 3885 1167 3945 atque
1197 3876 1299 3930 isto
1334 3875 1550 3931 nomine
1589 3891 1795 3930 nuncu-

219 3980 414 4036 paruus
443 3961 542 4036 (a).

295 4055 350 4110 Ξ.
378 4055 710 4126 QuaprOpter
746 4071 866 4111 cum
914 4073 976 4112 ex
1024 4073 1108 4113 me
1144 4061 1417 4128 quaeritur,
1460 4059 1583 4128 quid
1628 4059 1795 4114 acturi

221 4146 332 4201 sint
361 4145 531 4200 saneti
579 4145 629 4200 in
676 4147 769 4200 illo
813 4162 1036 4216 corpore
1064 4137 1343 4216 spirituali,
1376 4165 1480 4202 non
1509 4148 1630 4202 dico
1654 4149 1794 4219 quod

220 4238 332 4307 iam
360 4237 534 4302 video,
558 4236 651 4292 sed
672 4237 793 4290 dico
817 4237 957 4307 quod
979 4238 1138 4292 credo
1161 4255 1174 4291 :
1201 4240 1488 4294 secundum
1516 4239 1639 4294 illud
1657 4240 1796 4309 quod

222 4329 279 4383 in
325 4328 536 4383 Psalmo
579 4330 729 4398 lego,
773 4327 1007 4393 Credidi,
1039 4339 1240 4399 propter
1278 4332 1411 4400 quod
1449 4331 1642 4385 locutus
1688 4349 1798 4384 sum

225 4417 399 4489 (Psal.
423 4434 546 4482 cxv,
572 4419 679 4489 10).
706 4419 832 4473 Dico
848 4418 1042 4488 itaque,
1073 4419 1245 4472 Visuri
1274 4429 1394 4472 sunt
1418 4419 1582 4473 Deum
1605 4420 1656 4472 in
1681 4421 1794 4491 ipso

229 4521 460 4577 corpore
486 4525 498 4560 :
529 4508 620 4562 sed
644 4517 818 4562 utrum
844 4522 937 4577 per
957 4509 1151 4577 ipsum,
1179 4508 1313 4562 sicut
1336 4523 1429 4577 per
1447 4523 1641 4576 corpus
1663 4524 1800 4563 nunc

231 4599 477 4654 videmus
505 4599 695 4664 solem,
727 4599 929 4660 lunam,
958 4599 1170 4664 stellas,
1200 4613 1378 4663 mare,
1403 4613 1465 4652 ac
1494 4607 1718 4661 terram,
1747 4607 1801 4652 et

229 4706 346 4762 qua:
373 4697 498 4743 sunt
527 4689 579 4742 in
606 4704 666 4743 ea
687 4729 703 4753 ,
746 4703 848 4743 non
879 4703 1036 4758 parva
1067 4690 1289 4758 qumstio
1333 4698 1435 4743 est.
1476 4689 1675 4742 Durum
1720 4698 1799 4742 est

232 4781 372 4836 enim
404 4778 580 4833 dicere
601 4778 739 4847 quod
769 4779 938 4833 sancti
967 4779 1088 4833 talia
1109 4794 1332 4848 corpora
1361 4787 1486 4833 tunc
1509 4779 1798 4847 habebunt,

232 4881 286 4925 nt
330 4884 438 4924 non
485 4871 689 4939 possint
729 4870 911 4924 oculos
939 4869 1186 4924 claudere
1223 4878 1382 4939 atque
1424 4870 1630 4939 aperire
1677 4885 1799 4924 cum

229 4961 430 5016 volent.
462 4959 652 5014 Durius
677 4968 872 5023 autem,
901 4959 1040 5030 quod
1073 4958 1143 5013 ibi
1171 4959 1366 5026 Deum,
1395 4961 1631 5030 quisquis
1657 4976 1794 5016 ocu-

230 5051 312 5107 los
341 5052 594 5106 clauserit
614 5092 630 5118 ,
662 5067 767 5105 non
797 5051 1012 5106 videbit.
1042 5051 1098 5107 Si
1127 5052 1267 5108 enim
1300 5053 1554 5124 pr0pheta
1583 5052 1802 5108 Elismus

229 5157 459 5214 puerum
486 5156 638 5196 suum
666 5139 812 5196 Giezi
833 5141 1025 5196 absens
1053 5157 1278 5212 corpore
1305 5138 1432 5198 vidit
1455 5144 1800 5213 accipientem

226 5245 474 5297 munera,
501 5245 618 5301 quae
641 5231 787 5285 dedit
814 5231 862 5285 ei
890 5229 1124 5285 Naaman
1147 5232 1331 5305 Syrus,
1359 5249 1514 5303 quem
1545 5233 1801 5304 propheta

227 5329 556 5376 memoratus
594 5334 624 5374 a
652 5321 814 5389 lepraa
854 5319 1188 5376 deformitate
1232 5322 1614 5390 mundavcrat,
1661 5321 1799 5392 quod

228 5426 423 5468 servus
459 5425 686 5480 nequam
712 5410 928 5464 domino
953 5426 1050 5466 suo
1083 5426 1187 5465 non
1218 5411 1448 5476 vidente,
1491 5413 1716 5468 latenter
1741 5427 1802 5466 :se

231 5499 427 5558 fecisse
452 5509 724 5570 putarent
750 5499 850 5572 (IV
875 5499 1002 5570 Reg.
1035 5517 1088 5567 v,
1115 5500 1306 5573 8-27);
1331 5510 1526 5573 quanto
1553 5502 1718 5573 magis
1748 5501 1799 5556 in

294 5635 312 5666 ί
351 5631 455 5682 sola
479 5633 626 5683 editio
646 5640 780 5692 Lov.,
806 5634 1013 5686 modulo.

295 5691 371 5756 (a)
403 5693 531 5743 Oonf.
555 5696 698 5758 Epist.
730 5695 832 5745 147.

1305 339 1512 395 LIBER
1547 338 1910 397 VlGESIMUS
1945 340 2317 399 SECUNDUS.

3325 329 3430 389 798

1878 457 1971 511 illo
1995 472 2216 526 corpore
2241 453 2498 525 spirituali
2523 452 2771 508 videbunt
2797 449 2964 504 sancti
2987 446 3182 513 omnia,
3213 460 3317 501 non
3343 459 3432 501 so-

1877 547 1985 602 lum
2011 547 2054 600 si
2080 545 2260 600 oculos
2291 543 2574 609 claudant,
2598 555 2784 596 verum
2815 540 2972 595 etiam
3003 536 3140 592 unde
3167 542 3292 590 sunt
3316 549 3438 588 cor-

1876 652 2004 706 pore
2045 635 2331 691 absentes?
2369 634 2516 689 Tunc
2553 635 2695 689 enim
2731 631 2834 688 erit
2869 629 3159 701 perfectum
3189 624 3336 692 illud,
3367 625 3436 680 de

1874 744 1980 799 quo
2010 727 2230 797 loquens
2251 727 2564 796 Apostolus,
2595 723 2680 780 Ea:
2709 735 2881 794 parte,
2908 721 3110 792 inquit,
3141 719 3324 774 scimus
3345 757 3359 781 ,
3391 723 3438 769 et

1877 835 1938 871 ea:
1959 826 2099 888 parte
2125 819 2512 886 prop/ietamus;
2549 831 2660 868 cum
2687 822 2852 866 autem
2885 812 3069 866 venerit
3109 807 3244 878 quod
3273 809 3437 875 perfe-

1877 917 2011 960 ctum
2048 918 2156 972 est,
2187 905 2321 976 quod
2358 921 2418 958 ea:
2455 914 2596 974 parte
2631 912 2701 957 est
2739 903 3074 956 evacuabitur.
3117 896 3316 952 Deinde
3361 903 3435 960 ut,

1878 996 2147 1066 quomodo
2205 1004 2422 1064 posset,
2481 994 2656 1063 aliqua
2701 991 3045 1048 similitudine
3093 985 3436 1050 ostenderet,

1877 1095 2130 1156 quantum
2159 1085 2226 1139 ab
2254 1084 2338 1138 illa
2369 1100 2485 1154 qua:
2512 1082 2682 1136 futura
2707 1090 2792 1136 est
2815 1080 2973 1134 distet
3009 1077 3124 1132 haec
3158 1075 3262 1129 vita
3282 1115 3297 1141 ,
3334 1086 3439 1125 non

1880 1173 2338 1243 qualiumcumque
2359 1172 2652 1236 hominum,
2677 1183 2862 1223 verum
2883 1167 3040 1223 etiam
3066 1165 3154 1234 qui
3179 1160 3442 1232 przecipua

1881 1266 1967 1320 hic
1993 1265 2267 1320 sanctitate
2293 1271 2414 1317 sunt
2448 1260 2650 1332 praediti
2677 1278 2689 1315 :
2719 1258 2842 1313 Cum
2868 1273 3020 1311 essem
3039 1297 3054 1321 ,
3086 1253 3282 1322 inquit,
3320 1266 3442 1318 par-

1881 1354 2025 1408 vulus
2048 1395 2064 1422 ,
2092 1355 2234 1424 quasi
2262 1353 2496 1423 paruulus
2523 1350 2776 1418 sepiebant
2795 1388 2810 1412 ,
2837 1347 2979 1417 quasi
3011 1344 3244 1414 parvulus
3271 1339 3443 1408 toque~

1883 1443 1991 1509 bar,
2019 1445 2161 1514 quasi
2198 1443 2438 1513 parvulus
2469 1438 2745 1510 cogitabam
2763 1455 2781 1502 ;
2813 1451 2925 1489 cum
2947 1441 3111 1486 autem
3145 1433 3307 1500 [actus
3335 1442 3443 1480 sum

1883 1536 1978 1600 uir,
2009 1534 2241 1588 euacuavi
2269 1549 2325 1585 ea
2352 1547 2462 1602 qua:
2492 1526 2687 1600 parvuli
2713 1536 2876 1581 erant.
2919 1522 3155 1577 Videmus
3192 1534 3324 1572 nunc
3361 1532 3449 1586 per

1883 1624 2140 1694 speculum
2162 1624 2212 1676 in
2233 1623 2511 1693 a'nigmatc,
2536 1630 2651 1673 tunc
2670 1627 2834 1672 autem
2851 1616 2978 1685 {acie
2998 1612 3064 1665 ad
3081 1612 3276 1680 faciem.
3296 1607 3450 1661 Nunc

1886 1716 1988 1770 scio
2017 1731 2080 1768 ea:
2109 1723 2278 1784 parte,
2316 1723 2431 1765 tunc
2460 1721 2626 1763 autem
2653 1723 2948 1778 cognoscam
2984 1705 3111 1758 sicut
3145 1709 3192 1754 et
3224 1697 3452 1770 cognitus

1884 1821 1994 1859 sum
2015 1803 2077 1876 (ι
2104 1802 2222 1858 Cor.
2248 1817 2360 1865 xui,
2394 1801 2476 1866 ll,
2504 1798 2626 1871 l2).
2657 1797 2712 1854 Si
2737 1812 2863 1866 ergo
2891 1797 2940 1850 in
2967 1793 3065 1847 hac
3088 1793 3215 1854 vita,
3239 1789 3327 1843 ubi
3359 1788 3454 1876 hof

1888 1875 2088 1948 minum
2119 1891 2440 1946 mirabiliqu
2475 1887 2749 1958 prophetia
2785 1887 2853 1939 ita
2881 1879 3240 1952 comparanda
3269 1886 3349 1932 est
3377 1875 3450 1930 illi

1888 1985 2008 2037 vita:
2036 1982 2185 2053 quasi
2224 1980 2427 2052 parvuli
2455 1979 2519 2033 ad
2557 1979 2806 2047 juvenem
2833 2018 2846 2042 ,
2870 1975 2999 2028 vidit
3030 1982 3203 2027 tamen
3229 1969 3453 2023 Elisazus

1887 2075 2232 2144 accipientem
2255 2085 2473 2126 munera
2495 2083 2705 2124 servum
2733 2081 2906 2132 suum,
2932 2064 3020 2118 tibi
3049 2063 3160 2132 ipse
3183 2074 3286 2114 non
3303 2065 3417 2112 erat
3437 2070 3452 2118 ;

1891 2165 2033 2218 itane
2059 2178 2178 2217 cum
2210 2161 2413 2215 venerit
2437 2158 2576 2228 quod
2609 2155 2902 2227 perfectum
2931 2161 3013 2208 est
3032 2193 3046 2217 ,
3075 2165 3173 2205 nec
3198 2148 3305 2218 jam
3329 2160 3452 2199 cor-

1891 2269 1988 2324 pus
2015 2251 2358 2322 corruptibile
2386 2248 2686 2320 aggravabit
2715 2247 2942 2301 animam
2964 2284 2977 2308 ,
3011 2241 3104 2296 sed
3143 2234 3458 2305 incorrupti-

1893 2344 1996 2398 bile
2023 2343 2154 2397 nihil
2185 2341 2453 2412 impediet,
2479 2340 2548 2394 illi
2577 2337 2742 2394 sancti
2770 2336 2836 2390 ad
2865 2351 2923 2390 ea
2953 2348 3069 2404 qua:
3088 2328 3314 2386 videnda
3335 2333 3458 2380 sunt

1891 2437 2058 2490 oculis
2085 2433 2393 2503 corporeis,
2431 2433 2621 2502 quibus
2659 2430 2880 2484 Eliszeus
2910 2428 3101 2481 absens
3139 2423 3204 2477 ad
3245 2432 3456 2474 servum

1893 2541 2044 2580 suum
2077 2524 2358 2578 videndum
2401 2537 2504 2576 non
2549 2521 2805 2591 indiguit,
2835 2515 3180 2586 indigebunt?
3204 2512 3334 2566 Nam
3375 2523 3460 2564 se-

1893 2618 2120 2674 cundum
2152 2617 2468 2686 interpretes
2497 2613 2837 2682 Septuaginta
2857 2650 2871 2673 ,
2901 2610 3000 2664 ista
3043 2615 3166 2660 sunt
3203 2604 3267 2657 ad
3313 2601 3460 2656 Giezi

1895 2708 2053 2763 verba
2081 2707 2360 2776 Prophetm
2387 2723 2398 2758 :
2431 2704 2612 2757 Nonne
2642 2718 2728 2757 cor
2756 2715 2918 2753 meum
2945 2698 3001 2750 iit
3027 2705 3186 2749 tecum
3212 2735 3225 2760 ,
3259 2689 3460 2763 quando

1893 2816 2156 2853 conversus
2176 2808 2249 2852 est
2272 2799 2286 2829 ¹
2316 2798 2391 2851 vir
2419 2797 2482 2849 de
2508 2810 2660 2848 curru
2688 2809 2778 2846 suo
2803 2793 2853 2844 in
2879 2790 3072 2844 obviam
3102 2785 3220 2850 tibi,
3248 2794 3292 2837 et
3321 2797 3463 2834 acce-

1897 2889 2010 2959 pisti
2040 2889 2301 2959 pecuniam
2327 2888 2344 2956 (
2372 2885 2436 2940 IV
2465 2884 2590 2955 Reg.
2624 2899 2676 2948 ν,
2706 2881 2847 2952 26)?
2870 2888 2923 2935 et
2957 2886 3166 2933 cmtera.
3195 2874 3344 2930 Sicut
3371 2886 3463 2924 au-

1898 2989 2002 3033 tem
2032 2994 2097 3033 ex
2125 2971 2348 3032 Hebraeo
2371 2977 2748 3044 interpretatus
2773 2979 2854 3027 est
2880 2970 3162 3040 presbyter
3201 2966 3462 3033 Hierony-

1898 3081 2036 3128 mus,
2068 3065 2250 3119 Nonne
2268 3081 2353 3118 cor
2377 3079 2558 3128 meum,
2585 3061 2770 3132 inquit,
2794 3060 2846 3112 in
2867 3057 3098 3128 praesenti
3117 3062 3240 3118 erat,
3263 3051 3463 3121 quando

1896 3174 2118 3213 reversus
2143 3165 2214 3210 est
2239 3158 2386 3210 homo
2413 3155 2473 3207 de
2501 3169 2657 3207 curru
2681 3167 2771 3205 suo
2800 3150 2851 3203 in
2876 3161 3137 3202 occursum
3159 3139 3463 3196 tui?Corde

1897 3263 1995 3303 suo
2024 3262 2082 3302 se
2111 3246 2243 3301 dixit
2266 3245 2366 3300 hoc
2397 3244 2594 3298 vidisse
2621 3241 2903 3309 Pr0pheta,
2932 3237 3110 3306 adjuto
3130 3231 3341 3303 quidem
3373 3227 3464 3282 mi-

1898 3340 2156 3405 rabiliter,
2179 3337 2324 3393 nullo
2352 3336 2624 3392 dubitante
2642 3377 2658 3402 ,
2687 3331 2956 3388 divinitus.
2981 3327 3086 3384 Sed
3111 3334 3308 3397 quanto
3345 3336 3462 3375 am-

1897 3431 2037 3502 plius
2060 3438 2186 3484 tunc
2205 3442 2393 3483 omnes
2414 3441 2632 3481 munere
2661 3425 2761 3478 isto
2790 3419 3149 3484 abundabunt,
3175 3430 3296 3470 cum
3324 3413 3465 3466 Deus

1897 3522 2000 3578 erit
2029 3521 2204 3576 omnia
2232 3520 2283 3574 in
2312 3519 2556 3574 omnibus
2583 3515 2628 3587 (1
2650 3514 2767 3569 Cor.
2798 3528 2889 3577 xv,
2912 3510 3042 3579 28)?
3074 3506 3351 3562 l‘labebuut
3389 3511 3467 3555 ta-

1901 3627 2024 3667 men
2049 3612 2208 3666 etiam
2241 3610 2317 3664 illi
2357 3609 2497 3663 oeuli
2537 3605 2780 3676 corporei
2821 3601 3058 3657 ofﬁcium
3101 3611 3285 3660 suum,
3328 3601 3381 3648 et
3411 3592 3464 3645 in

1898 3701 2016 3756 loco
2045 3715 2141 3755 suo
2167 3708 2354 3763 erunt,
2382 3706 2662 3766 uteturque
2693 3694 2794 3748 illis
2819 3691 3032 3762 Spiritus
3073 3703 3166 3758 per
3193 3682 3466 3754 spirituale

1899 3805 2112 3861 corpus.
2135 3790 2316 3860 Neque
2341 3789 2480 3844 enim
2501 3795 2554 3842 et
2583 3786 2669 3840 ille
2696 3782 2978 3854 Pmplieta,
3001 3779 3123 3850 quia
3153 3790 3256 3830 non
3285 3773 3362 3828 eis
3387 3773 3468 3827 in-

1900 3884 2066 3955 diguit
2091 3891 2146 3937 ut
2171 3881 2374 3936 videret
2401 3879 2710 3943 absentem,
2753 3890 2868 3930 non
2888 3873 2964 3927 eis
3002 3884 3127 3924 usus
3163 3875 3244 3923 est
3280 3865 3346 3920 ad
3391 3863 3468 3918 vi-

1901 3975 2072 4030 denda
2104 3973 2416 4044 praesentia;
2445 3985 2563 4041 qua:
2592 3978 2765 4023 tamen
2812 3965 2995 4035 spiritu
3025 3961 3204 4016 videre
3250 3963 3462 4029 posset,

1901 4066 2106 4122 etiamsi
2139 4065 2256 4118 illos
2281 4061 2576 4127 clauderet,
2607 4060 2741 4115 sicut
2766 4057 2896 4112 vidit
2920 4053 3157 4108 absentia
3182 4093 3198 4118 ,
3231 4049 3317 4104 ubi
3345 4062 3465 4101 eum

1901 4159 1979 4212 eis
2009 4156 2121 4228 ipse
2144 4170 2249 4210 non
2276 4163 2410 4208 erat.
2437 4152 2585 4206 Absit
2613 4165 2758 4220 ergo,
2783 4157 2839 4201 ut
2860 4147 3096 4201 dicamus
3119 4143 3235 4198 illos
3256 4147 3469 4196 sanctos

1903 4249 1953 4301 in
1997 4248 2082 4300 illa
2119 4247 2225 4300 vita
2270 4245 2436 4300 Deum
2468 4241 2662 4296 clausis
2691 4238 2860 4294 oculis
2901 4253 3004 4291 non
3040 4234 3280 4298 visuros,
3311 4244 3466 4300 quem

1903 4338 2092 4407 spiritu
2122 4351 2333 4405 semper
2360 4333 2633 4389 videbunt.
3517 4371 3526 4399 ε

1973 4429 2026 4482 '5.
2070 4427 2172 4482 Sed
2223 4435 2399 4480 utrum
2448 4423 2708 4478 videbunt
2736 4428 2789 4475 et
2835 4433 2931 4487 per
2977 4415 3158 4470 oculos
3195 4411 3467 4480 corporis,
3518 4411 3520 4414 ’

1903 4533 2021 4572 ευιη
2045 4531 2138 4570 eos
2166 4524 2377 4584 apertos
2391 4513 2656 4566 habebunt
2675 4551 2690 4576 ,
2719 4509 2840 4562 inde
2867 4507 3087 4575 quarstio
3125 4512 3226 4558 est.
3245 4501 3300 4555 Si
3327 4500 3467 4554 enim

1905 4616 2106 4662 tantum
2137 4612 2382 4674 poterunt
2414 4604 2464 4656 in
2495 4614 2717 4669 corpore
2738 4595 2995 4668 Spirituali
3017 4609 3082 4650 eo
3109 4592 3267 4648 modo
3288 4591 3469 4658 utique

1905 4696 2064 4753 etiam
2096 4694 2193 4766 ipsi
2245 4692 2382 4748 oculi
2427 4689 2762 4760 spirituales,
2814 4695 3067 4756 quantum
3115 4691 3335 4754 possunt
3383 4680 3469 4734 isti

1905 4788 2088 4860 quales
2119 4801 2258 4840 nunc
2299 4785 2585 4847 habemus;
2619 4779 2803 4850 procul
2846 4778 3005 4832 dubio
3049 4791 3144 4847 per
3179 4788 3272 4828 eos
3330 4772 3466 4825 Deus

1905 4881 2070 4936 videri
2098 4895 2202 4934 non
2230 4877 2440 4948 poterit.
2471 4874 2648 4943 Longe
2672 4873 2848 4942 itaque
2868 4870 3084 4925 alterius
3101 4873 3256 4921 erunt
3277 4873 3470 4934 poten-

1907 4973 1992 5027 tite
2012 5013 2028 5040 ,
2059 4972 2103 5026 si
2130 4986 2224 5039 per
2248 4984 2340 5024 eos
2360 4966 2622 5022 videbitur
2648 4964 2957 5032 incorporea
2987 4959 3074 5012 illa
3099 4965 3282 5010 natura
3301 4993 3318 5019 ,
3346 4969 3467 5023 qua:

1906 5077 2010 5116 non
2057 5061 2354 5116 continetur
2381 5060 2495 5114 loco
2519 5100 2533 5125 ,
2574 5055 2667 5111 sed
2696 5053 2885 5123 ubique
2913 5057 3018 5103 tota
3061 5055 3162 5100 est.
3190 5043 3302 5099 Non
3324 5043 3466 5097 enim

1905 5155 2024 5224 quia
2046 5155 2268 5209 dicimus
2297 5153 2456 5206 Deum
2483 5159 2536 5204 et
2566 5148 2617 5200 in
2645 5145 2780 5200 coelo
2805 5155 2956 5203 esse,
2988 5146 3041 5194 et
3070 5137 3122 5191 in
3150 5144 3287 5190 terra
3318 5133 3469 5204 (ipse

1907 5248 2100 5319 quippe
2124 5248 2196 5302 ait
2225 5262 2319 5316 per
2345 5241 2683 5312 Prophetam,
2708 5235 2895 5289 Caelum
2908 5241 2953 5287 et
2975 5241 3157 5286 terram
3175 5243 3264 5298 ego
3281 5226 3464 5319 impleo

1907 5315 2116 5410 Herem.
2135 5315 2280 5403 χχιιι,
2307 5333 2443 5405 24]),
2460 5331 2614 5386 aliam
2638 5335 2837 5397 partem
2868 5321 3056 5379 dicturi
3076 5332 3258 5375 sumus
3275 5331 3396 5372 eum
3415 5315 3468 5371 in

1905 5409 2044 5488 caelo
2069 5430 2263 5484 habere
2280 5467 2296 5494 ,
2317 5436 2369 5482 et
2390 5426 2442 5479 in
2466 5432 2604 5478 terra
2630 5420 2819 5475 aliam:
2847 5416 2940 5472 sed
2966 5423 3104 5470 totus
3126 5413 3178 5468 in
3203 5409 3338 5468 casio
3368 5417 3466 5476 est,

1968 5567 1987 5598 ¹
2021 5565 2094 5613 sic
2113 5570 2220 5610 Mss.
2245 5566 2300 5608 At
2319 5557 2453 5606 vind.
2479 5563 2576 5604 Am.
2601 5560 2695 5613 Er.,
2721 5559 2880 5602 Nonne
2901 5559 3152 5600 cormeum
3177 5551 3332 5613 tecum
3346 5545 3469 5613 erat,

1907 5609 2098 5690 quando
2117 5609 2368 5690 conuersus
2397 5624 2481 5676 est,
2508 5625 2601 5666 etc.
2641 5609 2962 5690 hov.,_t\:onne
2997 5623 3079 5662 cor
3119 5619 3274 5659 meum
3316 5609 3471 5656 tecum

1908 5679 2030 5748 erat,
2052 5691 2096 5736 et
2117 5681 2222 5735 novi
2243 5681 2368 5744 quod
2385 5689 2634 5732 conversus
2655 5679 2742 5739 est,
2768 5680 2862 5725 etc.
