4078 6472
615 359 717 419 709

615 482 758 529 totus
787 473 838 527 in
867 480 1039 535 terra;
1068 485 1170 526 non
1193 469 1410 526 alternis
1455 467 1778 537 temporibus
1800 509 1813 530 ,
1843 466 1935 522 sed
1977 475 2181 520 utrum-

615 578 721 633 que
746 563 935 627 simul,
964 560 1103 631 quod
1143 560 1286 614 nulla
1317 568 1501 614 natura
1529 558 1820 628 corporalis
1871 567 2061 627 p0test.
2092 555 2183 610 Vis

617 652 793 720 itaque
819 649 1210 720 praepollentior
1235 648 1507 704 oculorum
1555 648 1656 701 erit
1705 648 1913 701 illorum
1937 686 1952 712 ,
1975 661 2080 699 non
2129 654 2185 700 ut

616 743 792 796 acrius
819 742 1065 807 videant,
1090 756 1248 811 quam
1269 741 1482 810 quidam
1513 739 1855 809 perhibentur
1870 739 2048 793 videre
2073 752 2186 792 scr-

618 840 803 899 pentes
829 831 911 886 vel
939 831 1130 901 aquila:
1156 829 1518 902 (quantalibet
1545 831 1686 885 enim
1733 829 2020 884 acrimonia
2065 843 2183 882 cer-

618 919 775 973 nendi
831 919 1015 974 eadem
1071 935 1284 990 quoque
1334 920 1580 974 animalia
1623 919 1755 974 nihil
1783 918 1924 973 aliud
1967 927 2186 987 possunt

617 1011 800 1066 videre
827 1027 985 1080 quam
1011 1012 1300 1083 corpora):
1330 1013 1424 1068 sed
1451 1021 1510 1067 ut
1533 1012 1744 1067 videant
1783 1021 1837 1066 et
1882 1012 2188 1079 incorpora-

619 1100 708 1154 lia.
741 1101 807 1154 Et
829 1099 1053 1156 fortasse
1083 1104 1180 1156 ista
1210 1103 1377 1156 virtus
1399 1118 1584 1172 magna
1605 1101 1852 1157 cernendi
1879 1101 2000 1156 data
2030 1100 2188 1155 fuerit

619 1188 685 1242 ad
717 1189 898 1244 horam
929 1192 1088 1245 etiam
1111 1192 1162 1245 in
1194 1193 1296 1247 isto
1321 1193 1528 1246 mortali
1557 1207 1778 1260 corpore
1804 1192 1972 1246 oculis
2019 1191 2185 1245 sancti

619 1280 717 1333 viri
744 1281 864 1348 Job,
897 1283 1110 1351 quando
1130 1284 1204 1337 ait
1229 1283 1296 1337 ad
1326 1283 1489 1338 Deum
1513 1325 1528 1350 ,
1559 1282 1625 1336 In
1653 1283 1891 1335 obauditu
1916 1283 2054 1336 auris
2092 1298 2186 1333 au-

620 1369 816 1425 diebam
845 1373 859 1404 ¹
891 1383 938 1426 te
964 1375 1134 1442 prius,
1169 1390 1299 1427 nunc
1343 1382 1507 1426 autem
1548 1372 1722 1426 oculus
1751 1388 1885 1425 meus
1922 1371 2051 1425 videt
2101 1381 2188 1434 te;

619 1469 861 1527 praptera
886 1461 1090 1530 despexi
1134 1463 1506 1530 ntemetipsum,
1537 1470 1583 1514 et
1631 1461 1874 1523 distabui,
1925 1469 1970 1513 et
2021 1460 2190 1512 existi-

619 1550 753 1602 mavi
778 1567 856 1603 me
881 1562 981 1605 terr
993 1570 1074 1604 am
1099 1554 1357 1606 etcinerem
1389 1552 1506 1624 (Job
1535 1569 1660 1618 xui,
1686 1554 1718 1606 5
1741 1563 1785 1606 et
1801 1553 1853 1617 6,
1872 1569 1970 1606 sec.
1992 1551 2184 1622 LXX).

621 1637 871 1705 Quamvis
892 1641 977 1696 hic
998 1642 1130 1696 nihil
1174 1643 1446 1712 prohibeat
1466 1645 1675 1698 oculum
1716 1645 1893 1700 cordis
1939 1644 2187 1714 intelligi,

620 1727 689 1783 de
717 1731 906 1799 quibus
960 1733 1130 1787 oculis
1183 1735 1256 1787 ait
1285 1734 1600 1803 Apostolus:
1649 1733 1972 1789 Illuminatos
2021 1733 2191 1789 oculos

621 1819 802 1873 habere
827 1821 992 1875 cordis
1028 1824 1172 1877 vestri
1202 1823 1416 1894 (Eplies.
1445 1840 1479 1890 ι,
1510 1825 1621 1894 18).
1662 1825 1793 1894 ipsis
1821 1836 1996 1878 autem
2024 1824 2189 1879 videri

622 1906 810 1971 Deum,
835 1924 954 1964 cum
985 1912 1264 1978 videbitur,
1297 1913 1624 1968 Christianus
1649 1914 1866 1985 ambigit
1891 1930 2046 1970 nemo
2065 1956 2079 1980 ,
2103 1915 2190 1984 (ιιιί

621 1996 851 2051 ﬁdeliter
878 2002 1098 2070 accipit,
1129 2004 1266 2072 quod
1295 2005 1362 2057 ait
1415 2005 1555 2058 Deus
1601 2005 1690 2059 ille
1735 2007 2015 2075 magister:
2048 2005 2192 2059 Beati

619 2087 798 2139 mundi
826 2091 1008 2157 corde,
1031 2093 1268 2161 quoniam
1305 2095 1404 2162 ipsi
1440 2093 1602 2148 Deum
1639 2095 1866 2148 videbunt
1893 2095 2106 2168 (Matth.
2138 2111 2185 2160 v,

621 2175 700 2246 8).
733 2177 837 2233 Sed
871 2191 1044 2236 utrum
1071 2184 1229 2238 etiam
1255 2186 1618 2255 corporalibus
1640 2187 1806 2242 oculis
1835 2188 1906 2241 ibi
1928 2187 2187 2254 videatur,

622 2263 724 2320 hoc
749 2268 800 2320 in
829 2269 926 2322 ista
955 2274 1248 2340 quaestione
1269 2291 1558 2330 versamus.

689 2358 744 2411 4.
786 2358 917 2414 illud
948 2363 1087 2416 enim
1109 2365 1248 2434 quod
1277 2367 1530 2436 scriptum
1552 2377 1658 2432 est,
1693 2366 1760 2421 Et
1802 2369 1983 2422 videbit
2029 2371 2191 2423 omnis

619 2461 737 2501 caro
765 2451 987 2506 salutare
1014 2453 1108 2507 Dei
1132 2455 1282 2524 (Luc.
1313 2472 1368 2512 ιιι
1421 2457 1497 2527 6),
1527 2459 1641 2512 sine
1664 2460 1818 2513 ullius
1861 2460 2001 2515 nodo
2050 2461 2187 2516 (lifti-

623 2537 838 2594 cultatis
865 2540 943 2595 sic
985 2543 1206 2614 intelligi
1258 2556 1467 2615 potest,
1495 2563 1557 2601 ac
1584 2549 1625 2600 si
1657 2549 1854 2602 dictum
1905 2551 2095 2614 fuerit,
2130 2553 2192 2605 Et

618 2624 814 2681 videbit
836 2631 1008 2684 omnis
1038 2632 1197 2686 homo
1222 2635 1488 2688 Christum
1518 2637 1639 2690 Dei:
1673 2638 1758 2706 qui
1795 2638 1970 2708 utique
1990 2641 2041 2693 in
2073 2656 2192 2694 cor-

622 2729 752 2783 pore
779 2719 920 2773 visus
949 2731 1058 2784 est,
1081 2732 1134 2776 et
1161 2724 1212 2777 in
1241 2740 1464 2794 corpore
1495 2726 1774 2794 videbitur,
1807 2730 2016 2796 quando
2045 2731 2191 2787 vivos

622 2813 678 2858 et
702 2817 941 2864 mortuos
962 2812 1238 2880 judicabit.
1272 2816 1421 2883 Quod
1463 2827 1640 2873 autem
1685 2819 1797 2888 ipse
1840 2820 1909 2874 sit
1959 2822 2189 2878 salutare

621 2896 748 2963 Dei,
775 2901 936 2956 multa
964 2915 1085 2958 sunt
1114 2914 1166 2960 et
1185 2907 1286 2961 alia
1319 2909 1616 2963 testimonia
1647 2909 2034 2980 Scripturarum
2059 2931 2071 2966 :
2095 2913 2188 2968 sed

621 2990 920 3048 evidentius
950 2999 1232 3052 venerandi
1259 2999 1399 3054 illius
1427 3001 1570 3055 senis
1603 3001 1865 3057 Simeonis
1895 3004 2053 3058 verba
2096 3005 2189 3058 de-

617 3079 842 3147 clarant,
865 3084 951 3152 qui
981 3101 1098 3140 cum
1130 3087 1380 3144 infantem
1410 3089 1676 3146 Christum
1698 3094 1985 3162 accepisset
2003 3095 2053 3147 in
2073 3110 2188 3148 ma-

617 3184 717 3224 nus
735 3186 879 3240 suas,
901 3173 957 3226 Ν
958 3192 1074 3242 unc,
1104 3177 1290 3248 inquit,
1322 3179 1530 3235 dimittis
1557 3197 1750 3236 servum
1774 3193 1932 3248 tuum,
1954 3183 2183 3252 Domine,

619 3264 891 3317 secundum
931 3266 1132 3320 verbum
1171 3279 1333 3335 tuum,
1361 3272 1410 3324 in
1451 3288 1611 3341 pace;
1655 3275 1892 3341 quoniam
1957 3275 2187 3329 viderunt

620 3353 755 3405 oculi
779 3357 874 3409 mei
892 3356 1112 3414 salutare
1133 3369 1295 3415 tuum.
1326 3361 1435 3434 (Id.
1467 3380 1524 3431 ιι,
1549 3364 1618 3418 29
1637 3407 1650 3429 ,
1679 3363 1791 3435 '50).
1841 3366 1972 3420 Illud
2025 3368 2184 3422 etiam

620 3444 760 3512 quod
791 3447 864 3499 ait
884 3463 1042 3517 supra
1067 3448 1391 3508 memoratus
1410 3453 1511 3509 Job
1532 3496 1546 3519 ,
1577 3455 1714 3509 sicut
1763 3455 1815 3510 in
1871 3458 2186 3526 exemplari-

615 3536 716 3591 bus
736 3555 853 3607 qua:
879 3557 942 3596 ex
970 3543 1193 3600 Hebraeo
1244 3557 1366 3602 sunt
1387 3549 1670 3617 invenitur,
1703 3551 1767 3605 Et
1817 3554 1870 3607 in
1899 3571 2048 3608 carne
2077 3573 2186 3610 mea

615 3627 788 3681 videbo
817 3629 976 3684 Deum
1007 3633 1138 3701 (Job
1169 3652 1278 3700 xix,
1307 3637 1393 3702 26,
1423 3655 1520 3692 sec.
1556 3639 1862 3713 Vulgatam)
1895 3661 1907 3695 :
1948 3659 2184 3700 resurre-

613 3717 842 3773 ctionem
875 3722 1085 3790 quidem
1108 3727 1284 3781 carnis
1337 3729 1451 3783 sine
1496 3729 1659 3785 dubio
1711 3732 2179 3808 prophetavit(a);

615 3820 720 3859 non
749 3816 919 3864 tamen
947 3812 1113 3878 dixit,
1139 3815 1240 3870 Per
1257 3832 1470 3873 carnem
1493 3835 1686 3874 meam.
1719 3822 1870 3889 Quod
1891 3824 2104 3894 quidem
2137 3828 2180 3882 si

613 3895 867 3961 dixisset,
892 3912 1070 3969 posset
1100 3901 1239 3959 Deu's
1263 3905 1504 3963 Christus
1535 3909 1790 3981 intelligi,
1819 3915 1906 3982 qui
1936 3931 2030 3984 per
2058 3931 2178 3970 car-

611 3999 731 4039 nem
756 3987 807 4042 in
834 4004 994 4045 carne
1025 3993 1316 4050 videbitur:
1351 4013 1492 4053 nunc
1522 4015 1650 4054 vero
1676 4011 1849 4071 potest
1900 4013 1953 4058 et
1977 4005 2054 4060 sic
2094 4021 2182 4061 ac-

617 4074 736 4143 cipi.
767 4075 834 4129 In
861 4096 1010 4134 carne
1039 4099 1148 4135 mea
1177 4085 1350 4138 videbo
1379 4085 1541 4142 Deum
1569 4092 1588 4120 ¹
1609 4105 1630 4154 ;
1661 4105 1723 4146 ac
1765 4093 1809 4146 si
1840 4093 2088 4161 dixisset,
2121 4095 2178 4150 In

611 4175 770 4254 carne
819 4181 934 4220 mea
962 4185 1055 4223 ero
1073 4211 1088 4236 ,
1113 4188 1233 4228 cum
1259 4175 1449 4232 videbo
1476 4179 1662 4233 Deum.
1687 4182 1752 4236 Et
1781 4183 1903 4237 illud
1931 4186 2069 4254 quod
2105 4189 2178 4242 ait

610 4253 896 4321 Apostolus
917 4299 930 4322 ,
965 4258 1121 4314 Facie
1147 4265 1213 4316 ad
1239 4265 1415 4331 facient
1437 4268 1481 4337 (Ι
1501 4268 1616 4323 Cor.
1648 4287 1761 4339 xui,
1793 4273 1902 4342 12),
1930 4253 2033 4329 non
2082 4291 2177 4332 co-
2213 4294 2222 4299 '

609 4343 685 4412 git
712 4352 766 4398 ut
796 4346 958 4400 Deum
991 4365 1086 4418 per
1110 4353 1246 4408 hanc
1282 4353 1467 4411 faciem
1504 4362 1866 4430 corporalem,
1924 4364 2011 4419 ubi
2055 4376 2177 4422 sunt

607 4434 746 4487 oculi
774 4440 1078 4506 corporales
1097 4482 1112 4508 ,
1141 4459 1238 4498 nos
1260 4445 1464 4501 visuros
1512 4463 1630 4505 esse
1675 4452 1986 4521 credamus,
2017 4472 2171 4525 quem

607 4523 794 4589 spiritu
819 4525 933 4580 sine
956 4529 1344 4590 intermissione
1369 4536 1679 4596 videbimus.
1702 4540 1813 4596 Nisi
1863 4545 2001 4598 enim
2033 4523 2175 4602 esset

606 4615 764 4667 etiam
811 4617 1076 4676 interioris
1102 4622 1332 4680 hominis
1386 4627 1582 4694 facies,
1635 4647 1740 4686 non
1785 4633 1986 4689 diceret
2033 4637 2170 4692 idem

603 4706 874 4772 apostolus
893 4749 909 4774 ,
939 4710 1051 4766 Nos
1079 4725 1244 4770 autent
1294 4721 1507 4774 revelata
1534 4722 1664 4791 facie
1706 4726 1917 4795 gloriam
1963 4727 2169 4784 Domini

602 4795 951 4866 speculantes,
991 4801 1045 4854 in
1082 4805 1305 4858 eamdem
1350 4808 1616 4879 imaginem
1641 4817 2062 4883 transformamur
2109 4819 2172 4874 de

601 4884 763 4976 gloria
805 4887 1119 4976 inglorium,
1152 4902 1387 4964 tanquam
1411 4915 1443 4951 a
1470 4898 1675 4954 Domini
1703 4905 1882 4972 spiritu
1910 4906 1929 4936 ³
1957 4907 2024 4976 (ll
2050 4907 2166 4964 Cor.

599 4987 676 5033 ιη,
699 4972 808 5043 l8).
833 4975 940 5031 Nec
963 4979 1113 5035 aliter
1133 4982 1471 5054 intelligimus
1496 4990 1637 5056 quod
1664 4991 1714 5043 in
1763 4972 1974 5049 Psahno
2017 4997 2166 5050 cani-

601 5070 702 5127 tur,
736 5065 965 5122 Accedite
990 5071 1059 5124 ad
1074 5089 1185 5127 eum
1211 5116 1225 5142 ,
1249 5086 1292 5129 et
1316 5078 1671 5133 illuminantini
1688 5121 1702 5148 ,
1731 5092 1775 5135 ct
1805 5086 1958 5154 [acies
1997 5099 2170 5144 vestra:

662 5201 678 5269 ξ
713 5206 779 5248 tta
803 5201 850 5269 in
873 5208 1000 5269 lissi,
1025 5212 1080 5254 At
1101 5207 1151 5255 in
1175 5207 1330 5269 editis,
1352 5208 1678 5260 obaudiebam.

595 5261 1002 5373 to’fcgnd.
1027 5275 1128 5316 Am.
1156 5277 1207 5318 et
1227 5275 1298 5319 Er.
1317 5261 1512 5321 'additur
1534 5273 1624 5323 hoc
1654 5279 1836 5325 tantum
1857 5274 1982 5338 loco,
2006 5277 2166 5329 salva-

598 5382 1099 5504 lllt:CE$gg.mqm
1113 5389 1180 5439 ad
1198 5391 1386 5442 Domini
1407 5392 1642 5454 spiram
1663 5399 1959 5461 αιεῑίεεωιωε
1983 5411 2047 5450 ex
2064 5413 2166 5452 ma-

664 5481 1185 5580 ila-illatuieronymns,
1230 5513 1430 5580 Epistola
1450 5515 1530 5580 61,
1555 5516 1613 5564 ad
1636 5521 1999 5580 Pammachium,
2022 5523 2168 5574 citato

599 5559 666 5639 “‘1
708 5562 809 5639 '20?
825 5567 912 5639 ἑοὶ)
938 5581 951 5617 =
981 5587 1004 5614 α
1015 5559 1130 5628 όιιίᾱ
1152 5559 1505 5639 notitiam};
1516 5559 2168 5639 '5;Edﬁtiéiiiiiianﬁéﬁ'ids‘i

603 5639 625 5664 ιι
651 5622 810 5700 nullus
832 5633 926 5700 tam
959 5622 1130 5690 aperte
1145 5643 1281 5700 _post_
1305 5622 2168 5700 (inriguis,'du5r3“i§ié'“£ilé'éﬁiil

604 5701 624 5729 ι
650 5697 793 5750 stum,
817 5685 880 5736 de
898 5685 1252 5746 resurrectione
1268 5685 1506 5760 loquitur:
1520 5685 1808 5757 (ciiiilius:

1667 357 1752 410 DE
1791 353 2106 410 CIVl'l‘ATE
2151 355 2278 420 DEI,
2319 353 2373 408 S.
2416 353 2774 412 AUGUSTINI

3757 369 3861 426 £00

2289 481 2388 520 non
2413 466 2697 521 erubescent
2724 467 2890 540 (Psal.
2919 485 3098 538 sunt,
3123 470 3200 540 6).
3230 473 3358 529 Fide
3404 475 3600 546 quippe
3644 479 3863 534 accedi-

2291 563 2377 608 tur
2401 555 2466 610 ad
2496 557 2658 611 Deum
2680 600 2693 623 ,
2717 573 2871 628 quam
2896 560 3070 615 cordis
3094 572 3300 616 constat
3341 579 3459 619 esse
3479 606 3494 631 ,
3525 580 3632 620 non
3665 581 3862 638 corpo-

2290 644 2384 698 ris.
2427 645 2532 700 Sed
2580 648 2702 716 quia
2749 649 3024 718 spirituale
3075 665 3269 720 corpus
3313 655 3580 709 nescimus
3633 665 3862 725 quantos

2293 733 2508 789 habebit
2533 751 2778 792 accessus
2803 740 2820 808 (
2837 739 2903 793 de
2931 755 2989 795 re
3018 741 3213 810 quippe
3241 743 3511 812 inexperta
3541 746 3855 816 loquimur);

2294 825 2382 879 ubi
2410 825 2583 896 aliqua
2601 869 2615 892 ,
2641 843 2759 897 qua:
2787 829 2942 883 aliter
2991 831 3212 902 intelligi
3259 837 3530 903 nequeat',
3561 835 3861 891 divinarum

2285 914 2679 984 Scripturarum
2737 933 2840 973 non
2881 921 3112 975 occurrit
3146 931 3201 976 et
3248 924 3506 979 succurrit
3532 925 3861 995 auctoritas,

2293 1019 2509 1060 necesse
2527 1016 2608 1061 est
2629 1017 2684 1062 ut
2704 1010 2971 1078 contingat
2998 1010 3049 1064 in
3076 1011 3228 1066 nobis
3255 1014 3395 1081 quod
3442 1015 3632 1083 legitur
3653 1016 3704 1069 in
3730 1017 3864 1072 libro

2291 1090 2608 1162 Sapientiam
2640 1095 2973 1166 Cogitationes
3018 1101 3306 1155 mortalium
3349 1103 3864 1171 timidaz,etinccrtw
3912 1140 3919 1148 -

2294 1183 2617 1252 providentia:
2645 1197 2827 1241 nostra:
2855 1188 3020 1259 (Sap.
3049 1206 3122 1254 rx,
3147 1191 3212 1245 14
3230 1190 3271 1262 ).

2363 1273 2416 1326 5.
2457 1273 2808 1330 Ratiocinatio
2847 1278 3041 1346 quippe
3105 1279 3193 1332 illa
3244 1279 3716 1350 philosophorum,
3762 1299 3863 1354 qua

2294 1361 2566 1430 disputant
2604 1364 2674 1418 ita
2699 1366 2896 1419 mentis
2926 1377 3141 1435 aspectu
3188 1369 3534 1438 intelligibilia
3586 1371 3787 1437 videri,
3812 1382 3864 1427 et

2295 1467 2454 1508 sensu
2477 1455 2716 1524 corporis
2741 1457 3010 1512 sensibilia
3031 1501 3047 1526 ,
3079 1460 3128 1513 id
3159 1468 3240 1514 est
3259 1501 3274 1527 ,
3303 1463 3595 1531 corporalia
3617 1503 3630 1527 ,
3664 1473 3723 1516 ut
3767 1479 3864 1519 nec

2295 1543 2641 1613 intelligibilia
2695 1561 2792 1614 per
2833 1561 3058 1617 corpus,
3116 1565 3214 1604 nec
3260 1552 3553 1620 corporalia
3587 1569 3676 1621 per
3703 1570 3763 1608 se
3787 1555 3864 1623 ip.

2295 1637 2431 1692 sam”
2457 1650 2609 1690 mens
2635 1638 2807 1692 valeat
2828 1640 3016 1695 intueri
3039 1681 3054 1706 ,
3083 1641 3126 1694 si
3148 1650 3324 1710 posset
3352 1642 3504 1697 nobis
3533 1657 3651 1698 esse
3672 1645 3862 1698 certis-

2295 1730 2450 1794 sima,
2470 1731 2705 1800 profecto
2725 1741 2928 1786 certum
2957 1741 3099 1786 esset
3121 1747 3216 1800 per
3229 1734 3412 1788 oculos
3439 1735 3678 1805 corporis
3705 1737 3860 1790 etiam

2295 1821 2582 1888 spiritualis
2611 1823 2755 1876 nullo
2779 1821 2934 1876 modo
2961 1836 3119 1891 posse
3143 1821 3311 1877 videri
3337 1824 3524 1879 Deum.
3555 1825 3662 1880 Sed
3711 1826 3861 1880 istam

2295 1913 2750 1968 ratiocinationem
2804 1922 2858 1968 et
2902 1929 3024 1969 vera
3074 1915 3208 1970 ratio
3255 1923 3308 1970 et
3329 1915 3633 1985 prophetica
3682 1915 3864 1970 irridet

2296 2008 2602 2060 auctoritas.
2631 2005 2758 2072 Quis
2793 2007 2932 2060 enim
2979 2007 3049 2060 ita
3075 2007 3143 2062 sit
3194 2022 3412 2062 aversus
3435 2022 3466 2062 a
3497 2023 3640 2074 vero,
3675 2017 3734 2062 ut
3782 2009 3864 2063 di-

2295 2108 2417 2147 cere
2437 2094 2628 2149 audeat
2657 2095 2819 2149 Denm
2871 2096 3166 2165 corporalia
3199 2097 3297 2151 ista
3336 2098 3577 2154 nescire?
3601 2097 3862 2168 Numquid

2297 2197 2421 2251 ergo
2448 2197 2640 2251 corpus
2662 2183 2850 2251 habet,
2882 2199 2977 2253 per
3003 2185 3156 2254 cujus
3176 2186 3359 2241 oculos
3388 2201 3448 2241 ea
3479 2188 3646 2256 possit
3688 2187 3865 2242 addis-

2296 2273 2457 2326 cnre?
2504 2273 2702 2327 Deinde
2741 2274 2880 2343 quod
2901 2274 2967 2328 de
2991 2274 3245 2344 propheta
3296 2276 3490 2331 Eliszeo
3537 2277 3693 2346 paulo
3742 2287 3866 2332 ante

2295 2361 2556 2427 diximus,
2583 2378 2759 2418 nonne
2803 2363 2930 2418 satis
2955 2363 3149 2418 indicat
3169 2367 3327 2420 etiam
3366 2366 3584 2436 spiritu,
3615 2381 3723 2421 non
3773 2381 3866 2436 per

2295 2464 2518 2519 corpus,
2546 2452 2838 2522 corporalia
2865 2467 3022 2521 posse
3063 2455 3247 2507 cerni?
3276 2454 3498 2521 Quando
3514 2455 3656 2510 enim
3681 2470 3865 2512 servus
3955 2517 3966 2526 ,

2297 2543 2384 2596 ille
2412 2558 2627 2597 munera
2654 2544 2888 2612 accepit,
2909 2545 3088 2612 utique
3121 2546 3466 2615 corporaliter
3490 2555 3696 2615 gestum
3744 2557 3863 2614 est;

2295 2632 2434 2703 quod
2463 2642 2635 2687 tamen
2663 2632 2924 2702 PrOpheta
2952 2648 3053 2686 non
3082 2649 3176 2702 per
3199 2649 3424 2705 corpus,
3448 2636 3538 2690 sed
3570 2652 3662 2705 per
3711 2638 3864 2706 spiri-

2297 2732 2407 2777 tum
2439 2723 2588 2777 vidit.
2613 2723 2759 2778 Sicut
2781 2739 2907 2794 ergo
2929 2733 3134 2778 constat
3160 2725 3326 2780 videri
3379 2741 3601 2797 corpora
3638 2728 3860 2798 spiritu;

2293 2813 2418 2883 quid
2441 2813 2483 2866 si
2508 2822 2648 2868 tanta
2675 2815 2778 2870 erit
2807 2815 3035 2884 potentia
3066 2816 3354 2883 spiritualis
3376 2818 3614 2886 corporis
3631 2859 3645 2882 ,
3665 2827 3722 2871 ut
3745 2833 3862 2873 θοι-ς

2295 2921 2423 2975 pore
2462 2905 2702 2960 videatur
2743 2914 2794 2961 et
2843 2905 3098 2975 Spiritus?
3125 2906 3354 2976 Spiritus
3405 2909 3546 2962 enim
3587 2919 3668 2963 est
3698 2909 3859 2964 Deus.

2293 2995 2492 3050 Deinde
2521 2998 2679 3050 vitam
2700 2997 2911 3066 quidem
2940 3011 3120 3064 suam,
3151 3013 3255 3068 qua
3289 3015 3428 3054 nunc
3464 3001 3588 3053 vivit
3642 3001 3695 3054 in
3743 3015 3860 3054 cor-

2293 3101 2442 3156 pore,
2473 3096 2526 3143 et
2554 3087 2668 3142 hzec
2699 3097 2906 3143 terrena
2932 3089 3167 3143 membra
3193 3098 3400 3158 vegetat
3430 3089 3655 3159 facitque
3676 3091 3861 3145 vivenc

2294 3177 2362 3230 tia
2385 3217 2398 3243 ,
2423 3175 2672 3232 interiore
2700 3193 2859 3232 sensu
2885 3178 3109 3248 quisque
3133 3219 3148 3246 ,
3173 3194 3278 3234 non
3301 3194 3396 3248 per
3418 3194 3706 3249 corporeos
3729 3196 3859 3236 ocu-

2292 3266 2404 3335 los,
2433 3267 2607 3321 novit:
2635 3266 2857 3322 aliorum
2888 3283 3014 3322 vero
3034 3268 3169 3323 vitas
3193 3309 3207 3335 ,
3236 3283 3355 3322 cum
3399 3273 3504 3323 sint
3528 3269 3822 3326 invisibiles
3840 3312 3857 3337 ,

2291 3373 2386 3428 per
2402 3373 2594 3429 corpus
2609 3359 2768 3414 videt.
2789 3360 2919 3413 Nam
2937 3359 3075 3415 unde
3089 3359 3316 3414 viventia
3341 3359 3690 3416 discernimus
3707 3377 3735 3416 a
3754 3378 3859 3419 non

2289 3451 2586 3505 viventibus
2607 3466 2852 3521 corpora,
2887 3451 2986 3506 nisi
3010 3465 3231 3520 corpora
3258 3451 3412 3504 simul
3431 3452 3668 3522 vitasque
3689 3453 3858 3507 videa-

2289 3557 2427 3607 mus,
2446 3555 2576 3612 quas
2600 3543 2698 3596 nisi
2726 3556 2817 3611 per
2837 3557 3029 3610 corpus
3049 3541 3229 3596 videre
3256 3555 3359 3594 non
3383 3544 3691 3610 possumus?
3710 3542 3856 3598 Vitas

2288 3643 2461 3688 autem
2491 3633 2607 3686 sine
2631 3634 2936 3700 corporibus
2962 3633 3231 3703 corporeis
3259 3634 3426 3688 oculis
3455 3650 3560 3687 non
3596 3633 3854 3689 videmus.

2357 3726 2409 3778 6.
2449 3722 2804 3791 Quamobrem
2834 3723 2946 3777 fieri
2974 3732 3165 3792 potest,
3193 3723 3451 3792 valdeque
3475 3723 3731 3778 credibile
3751 3735 3854 3791 est,

2287 3813 2363 3867 sic
2387 3827 2483 3867 nos
2511 3828 2628 3868 esse
2657 3812 2862 3867 visuros
2888 3812 3147 3867 mundana
3200 3823 3321 3868 tunc
3345 3829 3568 3882 corpora
3589 3816 3712 3869 caeli
3734 3815 3856 3870 novi

2285 3913 2512 3959 ctterra:
2539 3919 2709 3971 novae,
2741 3913 2798 3958 ut
2827 3903 2991 3958 Deum
3030 3905 3222 3974 ubique
3268 3915 3584 3974 praesentem
3639 3914 3696 3962 et
3737 3907 3856 3960 uni-

2284 4011 2436 4051 versa
2450 3997 2607 4050 etiam
2629 3995 2925 4064 corporalia
2950 3995 3352 4064 gubernantem,
3373 4013 3468 4067 per
3494 4012 3717 4067 corpora
3737 4013 3854 4068 qua:

2281 4087 2601 4156 gestabimus
2624 4127 2638 4150 ,
2667 4095 2720 4141 et
2741 4102 2859 4157 qua:
2883 4088 3273 4156 conspicienms
3292 4105 3713 4158 quaquaversum
3728 4107 3854 4146 ocu-

2282 4177 2362 4231 los
2387 4176 2726 4240 duxerimus,
2779 4177 3071 4231 clarissima
3123 4179 3493 4247 perSpicuitate
3543 4181 3847 4236 videamus:

2282 4284 2387 4323 non
2413 4269 2547 4323 sicut
2571 4284 2711 4322 nunc
2735 4267 3013 4322 invisibilia
3040 4267 3188 4333 Dei,~
3205 4283 3300 4337 per
3323 4285 3383 4322 ea
3408 4286 3523 4338 qua:
3544 4271 3683 4326 facta
3703 4281 3847 4338 sunt,

2279 4359 2545 4413 intellecta
2589 4358 2986 4426 conspiciuntur
3015 4358 3188 4428 (Rom.
3223 4373 3274 4422 ι,
3300 4357 3393 4426 20)
3443 4374 3537 4427 per
3574 4362 3847 4428 Speculum

2279 4449 2330 4502 in
2354 4449 2632 4518 mtiigmate
2653 4488 2666 4512 ,
2700 4455 2753 4501 et
2801 4463 2866 4501 ex
2896 4455 3044 4516 parte
3076 4447 3116 4517 (ι
3139 4446 3256 4501 Cor.
3289 4463 3402 4511 xm,
3437 4447 3550 4518 ιε),
3582 4451 3670 4504 ubi
3728 4449 3849 4519 plus

2278 4539 2330 4593 in
2357 4539 2510 4592 nobis
2539 4541 2677 4592 valet
2703 4538 2833 4593 ﬁdes
2860 4553 2961 4607 qua
2991 4537 3258 4592 credimus
3277 4579 3292 4604 ,
3321 4553 3476 4606 quam
3516 4553 3696 4593 rerum
3725 4553 3849 4592 cor-

2278 4627 2534 4696 poralium
2563 4627 2767 4694 species
2793 4641 2948 4695 quam
2980 4641 3073 4695 per
3101 4627 3283 4681 oculos
3309 4627 3575 4681 cernimus
3594 4641 3851 4697 corpora-

2277 4719 2372 4772 les.
2401 4717 2504 4773 Sed
2530 4717 2926 4772 sicuthomines
2945 4759 2960 4785 ,
2989 4717 3127 4772 inter
3147 4733 3280 4787 quos
3305 4719 3540 4772 viventes
3565 4727 3851 4788 motusque

2276 4810 2462 4866 vitales
2491 4810 2822 4866 exserentes’
2853 4810 3082 4864 vivimus
3105 4852 3119 4877 ,
3148 4826 3272 4864 mox
3311 4820 3367 4864 ut
3395 4809 3680 4878 aspicimus
3703 4851 3718 4874 ,
3742 4825 3849 4864 non

2275 4903 2540 4958 credimus
2589 4903 2806 4968 vivere,
2856 4901 2948 4956 sed
2980 4901 3250 4966 videmus;
3278 4916 3396 4956 cum
3441 4915 3626 4954 eorum
3685 4901 3850 4954 vitam

2273 4994 2388 5047 sine
2409 4992 2716 5061 corporibus
2739 4991 2921 5046 videre
2950 5006 3291 5060 nequeamus,
3310 5005 3465 5058 quam
3487 4999 3660 5044 tamen
3689 4991 3742 5043 in
3770 4991 3851 5044 eis

2275 5098 2368 5151 per
2391 5097 2613 5152 corpora
2641 5091 2843 5136 remota
2885 5082 3030 5136 omni
3074 5081 3411 5149 ambiguitate
3455 5081 3848 5148 conspicimus:

2273 5173 2343 5226 ita
2373 5187 2703 5242 quacumque
2728 5171 3022 5240 spiritualia
3051 5171 3136 5224 illa
3166 5169 3363 5224 lumina
3413 5186 3695 5238 corporum
3747 5185 3852 5224 no-

2272 5271 2504 5316 strorum
2549 5260 3013 5327 circumferemus,
3056 5260 3425 5328 incorporeum
3472 5259 3637 5313 Deum
3666 5258 3850 5311 omnia

2271 5361 2538 5422 regentem
2559 5392 2574 5418 ,
2602 5351 2760 5405 etiam
2792 5366 2887 5420 per
2907 5364 3131 5420 corpora
3155 5349 3542 5404 eontuebimur.
3575 5349 3681 5400 Aut
3709 5361 3846 5414 ergo

2335 5464 2352 5532 ξ
2387 5464 2459 5532 sic
2476 5470 2581 5513 Mss.
2608 5463 2726 5532 Editi
2747 5470 2910 5532 autem
2935 5471 3033 5516 Am.
3070 5467 3299 5532 Fr:_laov._,
3331 5465 3562 5532 nequeant
3588 5471 3606 5508 :
3633 5467 3686 5532 et
3723 5457 3855 5532 infra

2270 5523 2510 5574 habebant
2531 5538 2640 5573 cum
2664 5526 2818 5584 \‘ind.,
2842 5537 2934 5572 non
2951 5523 3174 5583 occurrit,
3194 5523 3282 5574 sed
3299 5523 3533 5572 succurrit
3561 5523 3845 5570 auctoritas.

2278 5647 2289 5657 .
2333 5588 2352 5617 ²
2387 5593 2450 5635 tta
2475 5587 2605 5635 \ind.
2631 5595 2728 5635 Am.
2757 5593 2808 5636 et
2838 5585 3164 5646 manuscripti.
3203 5592 3258 5636 Αι
3293 5591 3365 5634 Er.
3408 5589 3460 5634 et
3496 5588 3630 5643 ων..
3670 5595 3760 5644 ρει·
3796 5593 3852 5632 se

2270 5661 2484 5756 ψδέιλιιι.
2515 5716 2562 5757 et
2587 5716 2677 5769 Fr,
2702 5713 2990 5757 exercentes.
