4078 6522
269 439 370 495 801

266 565 367 618 per
384 551 501 605 illos
511 549 696 604 oculos
711 563 786 604 su:
802 549 1059 606 videbitur
1077 551 1234 619 Deus,
1254 563 1310 607 ut
1331 554 1523 624 aliquid
1545 556 1770 610 habeant
1787 557 1840 609 in

267 648 418 693 tanta
439 638 754 694 excellentia
780 641 942 694 menti
966 641 1138 696 simile
1161 682 1176 708 ,
1205 657 1309 711 quo
1338 653 1391 697 et
1410 644 1715 712 incorporea
1742 658 1839 698 na-

265 736 387 782 tura
414 739 686 795 cernatur,
717 732 858 799 quod
887 730 1011 785 ullis
1030 733 1288 801 exemplis
1314 734 1424 787 sive
1449 732 1836 803 Scripturarum

267 819 595 874 testimoniis
622 817 918 873 divinarum
948 820 1032 874 vel
1057 819 1268 875 difficile
1291 823 1375 876 vel
1410 823 1730 893 impossibile
1755 831 1839 878 cst

259 907 582 962 ostendere:
611 917 704 963 aut
748 910 887 978 quod
914 919 995 964 est
1039 911 1106 964 ad
1146 911 1537 982 intelligendum
1592 913 1832 980 facilius,

259 997 339 1050 ita
366 997 696 1052 Deus'nobis
721 999 823 1052 erit
850 1007 1003 1054 notus
1021 1009 1180 1069 atque
1206 1002 1541 1071 conspicuus,
1572 1013 1628 1057 ut
1653 1003 1832 1058 videa-

262 1093 351 1139 tur
373 1086 566 1154 spiritu
594 1101 625 1139 a
656 1087 872 1156 singulis
905 1088 1057 1142 nobis
1095 1088 1146 1142 in
1161 1090 1380 1159 singulis
1409 1092 1578 1156 nobis,
1599 1091 1836 1145 videatur

258 1173 332 1228 ab
345 1174 518 1229 altero
535 1175 587 1228 in
609 1175 1044 1237 altero,videatur
1059 1177 1111 1230 in
1137 1192 1195 1231 se
1221 1178 1597 1246 ipso,videatur
1617 1180 1669 1232 in
1695 1181 1832 1234 cmlo

259 1277 407 1317 novo
429 1273 484 1317 et
513 1263 568 1316 in
599 1271 740 1318 terra
768 1279 900 1317 nova
921 1305 937 1331 ,
967 1273 1125 1334 atque
1145 1265 1201 1320 in
1230 1267 1373 1320 omni
1393 1283 1510 1336 qua:
1529 1276 1651 1322 tunc
1681 1269 1833 1323 fuerit

255 1362 544 1419 creatura;
571 1353 816 1408 videatur
843 1361 897 1408 et
930 1370 1024 1424 per
1049 1370 1271 1425 corpora
1313 1357 1365 1411 in
1416 1358 1558 1412 omni
1609 1372 1832 1428 corpore

263 1456 610 1512 quocumque
633 1443 823 1498 fuerint
849 1445 1134 1513 spiritualis
1161 1449 1398 1517 corporis
1419 1450 1554 1503 oculi
1570 1450 1683 1505 acie
1711 1465 1830 1518 per-

255 1533 510 1588 veniente
533 1532 741 1587 directi.
775 1534 1033 1590 Patebunt
1051 1537 1207 1590 etiam
1235 1538 1582 1606 cogitationes
1635 1547 1830 1593 nostra;

255 1620 487 1676 invicem
517 1621 687 1675 nobis.
708 1622 855 1675 Tunc
871 1626 1010 1677 enim
1038 1624 1342 1693 implebitur
1376 1626 1517 1695 quod
1545 1627 1828 1696 Apostolus

255 1723 380 1762 cum
406 1708 655 1772 dixisset,
686 1709 859 1764 Nolite
885 1721 1002 1766 ante
1028 1721 1223 1782 tempus
1242 1715 1476 1783 judicare
1518 1717 1827 1785 quidquam;

254 1812 382 1850 mox
412 1798 644 1864 addidit,
672 1799 828 1853 donec
853 1801 1014 1854 veniat
1044 1801 1290 1857 Dominus
1315 1845 1329 1870 ,
1359 1814 1404 1857 et
1433 1806 1677 1860 illuminet
1714 1806 1828 1860 abs-

254 1888 464 1940 condita
491 1888 827 1956 tenebrarum,
849 1899 894 1943 et
914 1892 1265 1960 manifestabit‘
1289 1895 1610 1965 cogitationes
1638 1897 1821 1963 cordis,

252 1983 300 2029 et
329 1984 450 2028 tunc
469 1976 579 2029 laus
607 1978 697 2028 erit
725 1979 986 2048 unicuique
1013 1997 1044 2033 a
1076 1980 1181 2037 Deo
1211 1982 1252 2054 (l
1279 1983 1393 2038 Cor.
1419 2000 1494 2051 tv,
1518 1983 1596 2056 5).

251 2065 480 2122 CAPUT
519 2065 686 2120 XXX.
727 2098 798 2108 —
833 2069 913 2126 De
938 2082 1126 2128 (eterna
1172 2075 1408 2143 felicitate
1433 2078 1642 2131 civitatis
1694 2077 1820 2146 Dei,

729 2157 1028 2232 subbatoque
1066 2175 1324 2233 perpetuo.

325 2243 378 2296 1.
419 2241 622 2312 Quanta
645 2249 744 2303 erit
771 2249 860 2303 illa
887 2249 1124 2316 felicitas,
1144 2254 1231 2306 ubi
1258 2255 1456 2309 nullum
1477 2256 1577 2310 erit
1603 2257 1817 2324 malum,

251 2333 454 2388 nullum
501 2336 682 2392 latebit
729 2339 924 2416 bonum
947 2381 962 2405 ,
996 2342 1266 2397 vacabitur
1306 2345 1395 2398 Dei
1430 2346 1700 2412 laudibus,
1732 2350 1821 2417 qui

251 2426 355 2478 erit
379 2426 554 2478 omnia
583 2427 634 2480 in
655 2427 934 2484 omnibus!
962 2429 1095 2485 Nam
1133 2431 1258 2501 quid
1282 2432 1426 2487 aliud
1472 2445 1676 2504 agatur,
1729 2435 1818 2490 ubi

250 2530 426 2585 neque
449 2517 552 2570 ulla
579 2517 776 2572 desidia
821 2521 1134 2588 cessabitur,
1160 2537 1331 2592 neque
1376 2523 1481 2577 ulla
1533 2524 1818 2594 indigentia

257 2607 610 2672 laborabitur,
635 2611 834 2665 nescio.
860 2611 1162 2667 Admoueor
1188 2615 1344 2669 etiam
1373 2623 1556 2670 sancto
1583 2615 1816 2683 Cantico,

256 2698 343 2753 ubi
362 2699 590 2769 lego,vel
603 2701 781 2767 audio,
801 2701 940 2756 Beati
956 2703 1278 2772 quihabitant
1295 2707 1345 2759 in
1361 2707 1507 2760 domo
1522 2716 1626 2770 tua,
1648 2708 1818 2761 Domi-

249 2803 332 2852 ne,
361 2788 414 2842 in
440 2791 626 2843 scecula
648 2792 944 2845 sa'culorum
967 2793 1238 2846 laudabunt
1251 2804 1296 2848 te
1317 2793 1482 2866 (Psal.
1503 2812 1720 2861 Lxxxut,
1738 2795 1814 2868 5).

253 2879 447 2934 Omnia
499 2881 736 2936 membra
784 2891 838 2936 et
866 2883 1068 2938 viscera
1100 2883 1506 2952 incorruptibilis
1547 2886 1813 2956 corporis,

247 2985 368 3040 qua:
393 2986 534 3026 nunc
556 2971 795 3026 videmus
828 2988 922 3041 per
947 2988 1072 3028 usus
1115 2974 1447 3029 necessitatis
1491 2975 1666 3030 varios
1708 2976 1816 3030 dis-

249 3061 480 3129 tributa,
503 3062 751 3132 quoniam
791 3071 915 3118 tunc
940 3079 1044 3119 non
1075 3052 1300 3133 eritipsa
1349 3067 1669 3130 necessitas,
1721 3066 1814 3120 sed

248 3149 405 3220 plena
426 3189 444 3217 ,
466 3159 612 3205 certa
635 3192 652 3217 ,
677 3166 862 3206 secura
878 3193 892 3218 ,
925 3154 1244 3222 sempiterna
1270 3152 1508 3219 felicitas,
1542 3154 1818 3223 proﬁcient

249 3237 304 3293 in
333 3238 577 3294 laudibus
607 3241 719 3294 Dei.
750 3240 948 3296 Omnes
989 3243 1181 3311 quippe
1227 3243 1333 3307 illi,
1365 3242 1432 3297 de
1479 3244 1669 3311 quibus
1702 3243 1815 3313 jam

250 3341 365 3382 sum
390 3328 628 3393 locutus,
659 3329 750 3399 qui
779 3344 919 3384 nunc
965 3330 1161 3395 latent,
1188 3331 1474 3386 harmonia)
1524 3333 1813 3401 corporalis

249 3419 458 3473 numeri
481 3433 584 3473 non
612 3420 881 3484 latebunt,
910 3419 1226 3475 intrinsecus
1269 3430 1323 3476 et
1366 3423 1690 3476 extrinsecus
1720 3436 1814 3490 per

249 3507 489 3578 corporis
515 3517 702 3562 cuncta
731 3508 1003 3576 dispositi;
1034 3518 1089 3562 et
1113 3524 1233 3563 cum
1259 3511 1464 3564 caeteris
1489 3511 1673 3573 rebus,
1696 3527 1814 3580 qua:

249 3596 319 3650 ibi
361 3611 569 3666 magna;
607 3607 764 3666 atque
810 3597 1079 3652 mirabiles
1133 3597 1469 3664 videbuntur,
1523 3600 1810 3654 rationales

248 3693 454 3740 mentes
471 3686 523 3738 in
555 3686 685 3738 tanti
708 3685 924 3739 artificis
951 3685 1160 3740 laudem
1187 3687 1536 3741 rationabilis”
1579 3688 1812 3758 pulchri-

249 3777 446 3831 tudinis
475 3775 826 3832 delectatione
851 3777 1196 3832 succendent.
1239 3778 1338 3844 Qui
1368 3786 1544 3832 motus
1598 3778 1705 3832 illic
1734 3789 1813 3833 ta-

251 3866 377 3922 lium
401 3881 684 3936 corporum
707 3868 813 3922 sint
831 3866 991 3922 futuri
1020 3877 1220 3923 temere
1240 3867 1460 3923 definire
1487 3883 1590 3923 non
1621 3870 1811 3937 audeo,

249 3958 388 4027 quod
417 3959 716 4028 excogitare
734 3973 838 4013 non
867 3960 1037 4014 valeo.
1063 3960 1261 4014 Tamen
1288 3969 1340 4013 et
1366 3970 1538 4013 motus
1557 3968 1611 4014 et
1627 3969 1812 4026 status,

252 4048 387 4102 sicut
420 4047 532 4116 ipsa
560 4050 764 4118 Species
783 4089 798 4115 ,
823 4049 1016 4105 decens
1041 4051 1143 4104 erit
1161 4091 1174 4116 ,
1198 4050 1514 4120 quicumque
1562 4051 1694 4116 erit,
1727 4051 1813 4104 ubi

258 4137 398 4207 quod
440 4152 545 4192 non
592 4137 965 4203 decebit,non
993 4140 1110 4194 erit.
1134 4139 1290 4195 Certe
1339 4141 1425 4194 ubi
1473 4140 1612 4196 volet
1661 4141 1814 4209 spiri-

253 4235 372 4294 tus,
417 4227 486 4282 ibi
547 4229 786 4297 protinus
832 4230 933 4282 crit
977 4244 1216 4298 corpus:
1267 4245 1364 4283 nec
1415 4230 1558 4284 volet
1617 4230 1815 4300 aliquid

253 4317 468 4386 spiritus
493 4355 509 4380 ,
532 4317 672 4384 quod
711 4331 808 4371 nec
837 4316 1078 4386 spiritum
1113 4317 1278 4385 possit
1325 4317 1548 4380 decere,
1576 4333 1675 4372 nec
1697 4333 1816 4372 cor-

254 4420 372 4474 pus.
405 4405 536 4460 Vera
564 4406 635 4460 ibi
679 4406 844 4474 gloria
879 4406 1012 4471 erit,
1046 4405 1134 4459 ubi
1183 4405 1447 4460 laudantis
1491 4421 1588 4461 nec
1635 4422 1815 4462 errore

253 4496 527 4564 quisquam
551 4533 567 4561 ,
600 4510 698 4549 nec
721 4495 1024 4549 adulatione
1050 4495 1364 4549 laudabitur.
1394 4495 1566 4550 Verus
1619 4496 1808 4562 honor,

252 4585 338 4654 qui
383 4585 511 4638 nulli
559 4584 833 4654 negabitur
853 4584 1031 4654 digno,
1066 4585 1194 4638 nulli
1249 4583 1518 4640 deferetur
1567 4586 1810 4655 indigno:

251 4675 343 4729 sed
374 4688 472 4729 nec
498 4673 564 4729 ad
589 4689 709 4730 eum
752 4674 950 4728 ambiet
1001 4674 1143 4729 ullus
1195 4674 1442 4744 indignus
1463 4716 1478 4739 ,
1509 4675 1597 4730 ubi
1637 4677 1812 4731 nullus

251 4764 582 4832 permittetur
631 4778 749 4818 esse
792 4763 890 4817 nisi
927 4763 1133 4832 dignus.
1161 4763 1294 4818 Vera
1345 4780 1446 4834 pax
1475 4764 1516 4831 ³,
1547 4766 1635 4821 ubi
1685 4766 1815 4840 nihil

249 4852 492 4918 adversi,
519 4866 619 4908 nec
647 4867 676 4906 a
703 4868 761 4908 se
783 4854 896 4922 ipso
913 4893 928 4920 ,
959 4869 1056 4908 nec
1081 4853 1150 4908 ab
1177 4854 1281 4908 alio
1335 4856 1609 4924 quisquam
1650 4859 1816 4927 patie-

250 4949 356 4996 tur.
383 4941 662 4995 Praemium
689 4942 900 4995 virtutis
924 4943 1026 4996 erit
1059 4945 1171 5012 ipse
1220 4943 1309 5012 qui
1357 4944 1601 4998 virtutem
1645 4945 1811 5015 dedit,

249 5032 405 5100 eique
431 5045 489 5085 se
513 5032 709 5100 ipsum,-
735 5046 838 5100 quo
860 5033 1048 5087 melius
1073 5043 1126 5088 et
1154 5034 1322 5102 majus
1347 5035 1651 5104 nihilpossit
1671 5051 1811 5104 esse,

253 5120 513 5187 promisit.
541 5119 675 5185 Quid
717 5128 801 5174 est
849 5121 992 5173 enim
1017 5121 1157 5175 aliud
1183 5121 1321 5190 quod
1360 5138 1457 5192 per
1495 5123 1813 5193 Prophetam

250 5210 413 5273 dixit,
443 5207 546 5261 Ero
595 5209 799 5262 illorum
834 5206 1002 5273 Deus,
1043 5218 1089 5262 et
1144 5211 1244 5278 ipsi
1302 5221 1445 5264 erunt
1482 5212 1605 5265 mihi
1677 5213 1813 5282 plebs

252 5297 438 5367 (Leuit.
468 5296 746 5365 xxvi,12);
774 5296 907 5359 nisi,
942 5295 1054 5364 Ego
1104 5309 1197 5350 ero
1235 5297 1374 5351 unde
1413 5299 1691 5365 satientur,
1715 5315 1814 5370 ego

252 5399 344 5442 cro
374 5399 717 5453 quacumque
743 5385 809 5438 ab
839 5384 1138 5438 hominibus
1164 5386 1387 5440 boncSIe
1424 5387 1809 5456 desiderantur,

251 5483 306 5526 et
329 5474 435 5526 vita
456 5512 471 5536 ,
497 5481 552 5527 et
602 5473 779 5537 salus,
810 5482 861 5526 et
881 5473 1053 5526 victus
1071 5513 1086 5536 ,
1113 5482 1166 5527 et
1189 5475 1339 5541 copia
1359 5514 1376 5540 ,
1429 5484 1483 5530 et
1533 5479 1696 5546 gloria
1716 5521 1730 5544 ,
1759 5490 1814 5535 et

252 5561 443 5626 honor,
472 5569 526 5616 et
552 5575 678 5631 pax,
701 5569 756 5616 et
775 5562 950 5615 omnia
975 5562 1146 5617 bona?
1166 5561 1254 5616 Sic
1277 5563 1417 5617 enim
1443 5573 1498 5619 et
1527 5566 1650 5621 illud
1669 5578 1812 5623 recte

312 5673 326 5701 ι
363 5671 436 5719 sic
451 5675 558 5729 Mss.
582 5669 699 5718 Editi
719 5681 855 5728 vero,
887 5668 1164 5729 manifesta,

307 5733 327 5762 ²
362 5737 412 5778 tu
432 5728 534 5778 sola
557 5729 767 5778 editione
787 5727 914 5786 ων..
937 5727 1199 5778 rationalis.

307 5791 329 5824 ³
359 5789 477 5838 aliti
498 5791 691 5854 atldunt,
717 5789 785 5841 ibi
803 5797 901 5858 est;
923 5790 1048 5853 quod
1067 5789 1144 5839 hic
1167 5800 1260 5840 non
1281 5787 1460 5841 habent
1485 5799 1590 5842 MSS.

1396 445 1591 500 LIBER
1634 445 1987 502 VICESIMUS
2022 446 2393 511 SECUNDUS.

3404 464 3506 521 802

1948 555 2274 627 intelligitur,
2307 562 2446 630 quod
2475 562 2548 616 ait
2575 563 2882 632 Apostolus,
2916 574 2969 619 ut
3001 567 3064 620 sit
3089 565 3228 622 Deus
3253 572 3422 625 omnia
3448 574 3503 627 in

1943 645 2170 699 omnibus
2192 647 2232 715 (Ι
2253 649 2369 702 Cor.
2401 666 2488 714 xv,
2533 649 2644 723 28).
2673 654 2792 722 lpse
2833 654 2954 709 finis
2981 657 3082 711 erit
3113 657 3500 716 desideriorum

1943 743 2263 802 nostrorum,
2293 737 2380 806 qui
2406 739 2520 794 sine
2548 741 2651 795 fine
2670 743 2951 810 videbitur,
2980 745 3094 799 sine
3121 746 3331 802 fastidio
3350 763 3503 803 ama-

1941 822 2101 889 bitur,
2125 825 2240 880 sine
2268 825 2569 896 fatigatione
2597 831 2913 886 laudabitur.
2940 835 3052 888 lloc
3075 851 3287 900 munus,
3313 837 3399 892 hic
3421 836 3501 891 af-

1940 909 2129 983 fectus,
2163 914 2247 968 hic
2265 924 2414 971 actus
2454 918 2689 987 profecto
2734 922 2834 976 erit
2882 923 3125 978 omnibus
3153 965 3169 992 ,
3211 926 3350 980 sicut
3387 927 3501 996 ipsa

1938 1001 2044 1055 vita
2072 1012 2288 1069 aeterna,
2317 1009 2630 1060 communis.

2007 1090 2060 1142 2.
2092 1090 2358 1148 Caeterum
2379 1097 2467 1163 qui
2499 1095 2660 1150 futuri
2701 1098 2808 1152 sint
2845 1114 2939 1168 pro
2989 1102 3193 1157 meritis
3253 1104 3499 1173 praemio-

1935 1191 2054 1231 rum
2085 1185 2240 1234 etiam
2270 1173 2462 1252 gradus
2481 1185 2737 1239 honorum
2764 1194 2920 1256 atque
2934 1190 3240 1258 gloriarum,
3270 1193 3388 1262 quis
3416 1205 3500 1250 est

1937 1266 2154 1322 idoneus
2191 1271 2442 1340 cogitare,
2471 1282 2668 1342 quanto
2711 1276 2875 1345 magis
2903 1277 3116 1332 dicere?
3144 1279 3294 1347 Quod
3321 1290 3496 1337 tamen

1934 1355 2092 1410 futuri
2115 1358 2241 1425 sint,
2276 1375 2379 1414 non
2396 1371 2476 1415 est
2491 1362 2884 1433 ambigendum.
2915 1366 3084 1435 Atque
3105 1368 3154 1421 id
3182 1370 3340 1423 etiam
3361 1370 3496 1426 bea-

1935 1452 1986 1497 ta
2015 1445 2200 1502 civitas
2216 1448 2303 1502 illa
2329 1465 2573 1520 magnum
2600 1453 2651 1506 in
2673 1468 2732 1507 se
2755 1453 2950 1509 bonum
2971 1456 3186 1523 videbit,
3204 1460 3348 1528 quod
3373 1461 3493 1516 nul-

1933 1532 1969 1586 ii
1993 1536 2251 1603 superiori
2274 1537 2410 1593 ullus
2431 1541 2647 1595 inferior
2675 1542 2946 1610 invidebit,
2972 1545 3110 1599 sicut
3127 1562 3263 1602 nunc
3282 1563 3387 1603 non
3415 1551 3497 1605 in-

1933 1623 2111 1677 vident
2137 1625 2478 1697 Archangelis
2505 1631 2690 1700 Angeli
2711 1634 2924 1688 caueri:
2957 1644 3169 1705 tamque
3191 1640 3336 1694 nolet
3357 1641 3373 1671 ί
3403 1655 3494 1696 es-

1931 1724 1989 1764 se
2019 1714 2378 1784 unusquisque
2395 1718 2533 1786 quod
2550 1734 2653 1773 non
2667 1723 2886 1790 accepit,
2918 1725 3158 1792 quamvis
3177 1728 3244 1780 sit
3265 1729 3495 1796 pacatis-

1931 1799 2067 1853 simo
2095 1804 2392 1857 concordia:
2441 1807 2650 1861 vinculo
2689 1808 2736 1862 ei
2789 1810 2877 1878 qui
2929 1813 3134 1880 accepit
3184 1815 3490 1884 obstrictus,

1929 1901 2084 1956 quam
2111 1905 2208 1944 nec
2233 1891 2284 1944 in
2300 1907 2522 1962 corpore
2547 1896 2854 1951 vultoculus
2873 1914 2990 1954 esse
3035 1901 3123 1969 qui
3147 1911 3228 1956 est
3276 1903 3488 1974 digitus,

1929 1993 2048 2032 cum
2084 1982 2380 2037 membrum
2426 1993 2706 2056 utrumque
2733 1989 2998 2043 contineat
3015 1990 3171 2045 totius
3195 1994 3369 2048 carnis
3395 2009 3488 2063 pa-

1927 2078 2044 2123 cata
2067 2084 2341 2142 compago.
2389 2073 2478 2129 Sic
2522 2076 2699 2145 itaque
2747 2077 2958 2133 habebit
2983 2080 3179 2135 donum
3210 2083 3343 2138 alius
3384 2085 3488 2139 alio

1928 2160 2122 2228 minus,
2147 2171 2203 2216 ut
2244 2162 2344 2218 hoc
2399 2179 2606 2235 quoque
2634 2166 2832 2222 donum
2862 2166 3074 2236 habeat,
3106 2186 3173 2226 ne
3219 2173 3344 2226 velit
3375 2187 3490 2228 am-

1926 2247 2063 2316 plius
2598 2298 2610 2303 -

1997 2339 2049 2392 5.
2084 2339 2191 2394 Nec
2213 2341 2332 2396 ideo
2365 2342 2591 2398 liberum
2615 2345 2888 2400 arbitrium
2920 2361 3025 2401 non
3055 2346 3342 2416 habebunt,
3365 2351 3488 2420 quia

1927 2439 2138 2497 peccata
2168 2446 2260 2486 eos
2307 2433 2571 2488 delectare
2607 2451 2713 2490 non
2763 2445 3032 2505 poterunt.
3073 2437 3236 2507 Magis
3290 2440 3486 2508 quippe

1925 2519 2023 2572 erit
2049 2520 2269 2574 liberum
2290 2563 2304 2587 ,
2328 2537 2357 2574 a
2385 2523 2731 2579 delectatione
2761 2527 3010 2594 peccandi
3041 2543 3205 2596 usque
3247 2531 3311 2581 ad
3343 2530 3488 2585 dele-

1924 2609 2206 2663 ctationem
2258 2625 2361 2664 non
2407 2612 2657 2679 peccandi
2697 2613 3151 2668 indeclinabilem”
3183 2615 3482 2670 liberatum.

1924 2696 2052 2749 Nam
2081 2698 2303 2766 primum
2335 2698 2554 2753 liberum
2576 2700 2870 2765 arbitrium,
2916 2701 3056 2770 quod
3080 2702 3279 2756 homini
3304 2704 3485 2758 datum

1924 2793 2024 2849 est,
2045 2786 2254 2854 quando
2283 2788 2510 2855 primum
2543 2800 2755 2843 creatus
2803 2798 2886 2844 est
2928 2800 3123 2856 rectus,
3170 2793 3338 2860 potuit
3379 2807 3487 2849 non

1924 2890 2166 2944 peccare,
2195 2878 2285 2931 sed
2314 2880 2480 2947 potuit
2510 2888 2563 2933 et
2591 2894 2812 2948 peccare
2846 2898 2858 2932 :
2893 2879 2994 2935 hoc
3043 2891 3219 2936 autem
3258 2883 3486 2938 novissi-

1921 2983 2064 3020 mum
2092 2983 2156 3022 eo
2183 2970 2445 3037 potentius
2473 2971 2594 3036 erit,
2627 2986 2732 3039 quo
2770 2987 2989 3040 peccare
3013 2989 3116 3028 non
3145 2977 3354 3043 poterit.
3389 2975 3487 3031 Ve-

1920 3073 2038 3111 rum
2067 3057 2165 3111 hoc
2189 3073 2398 3128 quoque
2426 3060 2514 3114 Dei
2565 3077 2806 3126 munere,
2837 3077 2941 3116 non
2997 3079 3107 3116 sua:
3138 3065 3487 3132 possibilitate

1921 3156 2140 3200 naturae.
2164 3147 2319 3200 Aliud
2348 3157 2429 3201 est
2452 3149 2614 3213 enim,
2651 3163 2769 3203 esse
2817 3149 3017 3214 Deum;
3046 3151 3210 3217 aliud,
3269 3151 3486 3220 partici-

1920 3249 2038 3304 pem
2069 3236 2181 3290 Dei.
2205 3237 2341 3290 Deus
2369 3246 2554 3290 natura
2599 3251 2817 3305 peccare
2839 3253 2943 3291 non
2987 3246 3194 3307 potest;
3217 3241 3480 3310 particeps

1920 3339 2047 3377 vero
2070 3324 2341 3379 Deiabillo
2366 3326 2576 3395 accipit,
2601 3335 2656 3380 ut
2676 3342 2893 3394 peccare
2920 3345 3021 3380 non
3053 3330 3236 3397 possit.
3253 3330 3484 3385 Servan-

1920 3410 1974 3464 di
2001 3421 2176 3467 autem
2222 3413 2415 3482 gradus
2461 3424 2613 3468 erant
2664 3415 2825 3468 divini
2877 3417 3127 3481 muneris,
3160 3426 3216 3470 ut
3256 3419 3484 3487 primum

1923 3503 2136 3558 daretur
2162 3504 2384 3560 liberum
2436 3505 2733 3571 arbitrium,
2786 3523 2891 3576 quo
2932 3523 3035 3560 non
3066 3523 3284 3578 peccare
3306 3520 3485 3579 posset

1921 3593 2113 3660 homo;
2144 3595 2506 3659 novissimum,
2537 3611 2641 3665 quo
2668 3611 2886 3664 peccare
2915 3612 3018 3650 non
3074 3606 3251 3664 posset
3281 3616 3293 3651 :
3327 3608 3486 3668 atque

1920 3685 2048 3740 illud
2064 3685 2130 3740 ad
2156 3687 2564 3756 comparandum
2596 3688 2860 3753 meritum,
2892 3687 2990 3740 hoc
3009 3687 3076 3741 ad
3125 3689 3484 3757 recipiendum

1921 3777 2194 3846 praemium
2220 3775 2525 3845 pertineret.
2567 3775 2671 3831 Sed
2698 3776 2819 3845 quia
2866 3776 3102 3844 peccavit
3143 3777 3242 3831 ista
3293 3786 3481 3834 natura

1921 3881 2038 3919 cum
2058 3880 2278 3935 peccare
2299 3867 2486 3935 potuit,
2527 3865 2754 3935 largiore
2800 3865 2967 3935 gratia
3016 3866 3289 3930 liberatur,
3337 3877 3394 3920 ut
3415 3867 3483 3920 ad

1921 3969 2038 4009 cam
2068 3953 2380 4023 perducatur
2400 3954 2719 4018 libertatem,
2741 3954 2793 4006 in
2820 3968 2920 4021 qua
2947 3968 3168 4022 peccare
3203 3969 3311 4007 non
3359 3968 3485 4022 pos-

1921 4045 1989 4098 sit
2015 4043 2111 4113 (a).
2161 4043 2308 4097 Sicut
2353 4043 2494 4097 enim
2543 4044 2710 4113 prima
2753 4043 3120 4097 immortalitas
3171 4043 3284 4109 fuit,
3321 4060 3482 4113 quam

1922 4132 2189 4202 peccando
2217 4133 2383 4186 Adam
2415 4133 2661 4202 perdidit,
2694 4147 2849 4202 posse
2870 4148 2973 4187 non
3013 4135 3166 4200 mori,
3195 4135 3483 4190 novissima

1922 4224 2022 4278 erit
2046 4239 2149 4277 non
2179 4236 2334 4292 posse
2365 4223 2536 4279 mori:
2570 4224 2640 4278 ita
2660 4224 2884 4294 primum
2929 4224 3150 4279 liberum
3206 4226 3482 4280 arbitrium

1922 4327 2080 4380 posse
2102 4328 2204 4367 non
2228 4328 2467 4382 peccare,
2492 4315 2836 4368 novissimum
2883 4329 2990 4367 non
3032 4329 3187 4382 posse
3228 4331 3470 4384 peccare.

1921 4403 2008 4456 Sic
2031 4403 2171 4456 enim
2197 4405 2300 4457 erit
2319 4403 2676 4458 inamissibilis
2719 4404 2960 4457 voluntas
2987 4403 3196 4472 pietatis
3223 4414 3276 4458 et
3309 4405 3478 4472 aequi-

1924 4492 2064 4558 tatis,
2083 4491 2349 4560 quomodo
2381 4501 2464 4546 cst
2501 4492 2780 4546 felicitatis.
2821 4493 2950 4544 Nam
3007 4492 3184 4562 utique
3210 4491 3477 4561 peccando

1921 4595 2020 4636 nec
2049 4581 2295 4650 pietatem
2317 4596 2416 4636 nec
2465 4581 2767 4636 felicitatem
2818 4581 3104 4649 tenuimus,
3159 4582 3482 4636 voluntatem

1920 4686 2048 4725 vero
2067 4669 2333 4726 felicitatis
2348 4685 2445 4726 nec
2468 4672 2672 4742 perdita
2696 4671 2944 4726 felicitate
2966 4672 3306 4740 perdidimus.
3328 4670 3484 4728 Certe

1921 4761 2061 4816 Deus
2082 4763 2194 4832 ipse
2214 4761 2487 4830 numquid,
2509 4761 2754 4831 quoniam
2785 4775 3006 4828 peccare
3027 4775 3130 4814 non
3149 4771 3338 4830 potest,
3362 4761 3483 4815 ideo

1922 4854 2144 4908 liberum
2174 4853 2447 4907 arbitrium
2486 4853 2679 4906 habere
2727 4853 2998 4922 negandus
3053 4861 3138 4907 est
3164 4849 3329 4905 ?'Erit
3355 4866 3483 4922 ergo

1923 4944 2301 4998 illiuscivitatis
2323 4952 2376 4998 et
2405 4959 2506 4998 una
2544 4945 2598 4998 in
2638 4945 2900 5009 omnibus,
2929 4953 2982 4998 et
3027 4943 3388 5012 inseparabilis
3429 4944 3481 4997 in

1922 5034 2142 5103 singulis
2160 5035 2402 5089 voluntas
2431 5035 2614 5100 libera,
2659 5035 2727 5089 ab
2773 5035 2915 5088 omni
2954 5033 3094 5086 malo
3140 5033 3382 5098 liberata,
3429 5042 3484 5088 et

1923 5125 2132 5194 impleta
2163 5125 2306 5179 omni
2341 5125 2502 5191 bono,
2547 5125 2727 5179 fruens
2759 5123 3118 5178 indeficienter
3161 5131 3482 5177 a-ternorum

1920 5214 2244 5283 jncunditate
2261 5214 2592 5283 gaudiorum,
2639 5214 2802 5268 oblita
2852 5214 3147 5280 culparum,
3179 5211 3338 5266 oblita
3371 5227 3484 5280 pm-

1923 5317 2142 5368 narum;
2197 5318 2295 5358 nec
2343 5310 2518 5356 tamen
2572 5301 2691 5354 ideo
2744 5316 2854 5355 sua:
2909 5300 3235 5355 liberationis
3295 5300 3478 5366 oblita,

1921 5404 1978 5448 ut
1999 5394 2262 5448 liberatori
2287 5406 2384 5446 suo
2413 5407 2518 5445 non
2544 5391 2770 5460 sitgrata
2787 5389 2827 5442 ⁸.

1983 5553 2000 5583 ί
2036 5557 2127 5605 Ern,
2152 5552 2249 5595 tam
2269 5542 2401 5594 nolit.
2435 5551 2569 5604 Lov.,
2594 5550 2817 5606 tanquam
2833 5540 2989 5592 nollet.
3010 5540 3326 5590 Emendantur
3341 5542 3480 5591 auxi-

1919 5611 1984 5660 lio
2004 5607 2442 5662 manuscriptorum.

1983 5673 2002 5702 ι
2033 5671 2138 5718 Cod,
2159 5667 2268 5723 258,
2287 5662 2632 5728 indecliml:t'le.
2686 5670 2745 5711 Μ.
2882 5722 2893 5728 _
3273 5719 3286 5728 ,
3415 5719 3424 5728 .

1985 5733 2004 5763 ³
2036 5738 2164 5787 hom,
2189 5719 2280 5775 non
2299 5726 2359 5775 sit
2375 5727 2584 5788 ingrata.
2597 5722 2994 5788 expungendum,
3013 5733 3138 5784 non;
3161 5719 3288 5784 quod
3306 5719 3474 5769 merito

1985 5738 2004 5763 ³
2036 5738 2164 5787 Low,
2189 5740 2280 5775 non
2299 5738 2359 5775 su
2375 5738 2578 5834 ingrata.
2605 5738 2621 5771 ι

1985 5791 2055 5852 (ιι)
2088 5788 2213 5838 Conf.
2234 5789 2431 5837 Encbit'i'
2453 5821 2463 5834 .
2487 5799 2534 5833 n.
2561 5785 2621 5833 28
