4078 6472
608 425 713 484 805

675 538 729 592 4.
760 535 1022 604 Quantum
1053 548 1181 604 ergo
1207 535 1392 588 attinet
1416 533 1482 589 ad
1527 533 1804 589 scientiam
1832 531 2166 594 rationalem,

605 641 810 682 memor
824 627 1207 695 praateritorum
1235 625 1393 680 etiam
1435 626 1694 680 malorum
1710 638 1925 680 suorum
1949 640 1964 689 ;
2006 638 2173 692 quan-

605 727 716 773 tum
736 727 910 772 autem
939 717 1004 770 ad
1031 716 1351 787 experientis
1369 731 1603 781 sensum,
1621 728 1839 784 prorsus
1868 715 2168 768 immemor.

602 807 734 861 Nam
779 817 833 862 et
877 807 1226 876 peritissimus
1278 805 1534 866 medicus,
1584 805 1721 859 sicut
1759 812 1873 858 arte
1912 803 2168 867 sciuntur,

599 911 786 951 omnes
815 896 922 951 fere
944 896 1158 951 morbos
1187 896 1426 964 corporis
1453 895 1635 948 novit:
1665 894 1799 948 sicut
1838 899 2018 946 autem
2051 905 2169 945 cor-

601 1002 730 1055 pore
751 988 1047 1042 sentiuntur
1065 1029 1080 1054 ,
1124 988 1379 1056 plurimos
1406 987 1591 1051 nescit,
1621 999 1753 1055 quos
1783 986 1893 1053 ipse
1920 998 2024 1038 non
2048 999 2170 1052 pas-

600 1090 691 1130 sus
715 1085 815 1130 est.
851 1076 915 1131 Ut
955 1092 1082 1147 ergo
1119 1077 1352 1132 scientize
1400 1076 1659 1131 malorum
1697 1075 1815 1128 dua:
1858 1085 2019 1139 sunt;
2045 1087 2167 1137 una,

599 1181 702 1235 qua
726 1167 1009 1234 potentiam
1039 1168 1233 1222 mentis
1275 1183 1380 1222 non
1432 1167 1632 1230 latent;
1669 1166 1856 1230 altera,
1879 1179 1982 1235 qua
2011 1179 2170 1233 expe-

599 1257 788 1310 rientis
827 1257 1071 1312 sensibus
1121 1257 1383 1312 inhaerent
1437 1257 1640 1325 (aliter
1688 1256 1884 1325 quippe
1931 1256 2172 1310 sciuntur

599 1345 774 1398 omnia
795 1346 918 1399 vitia
959 1362 1052 1415 per
1081 1348 1352 1414 sapientiae
1398 1346 1712 1411 doctrinam,
1743 1345 1895 1400 aliter
1922 1359 2016 1414 per
2046 1345 2171 1399 insi-

597 1432 794 1501 pientis
824 1433 1105 1501 pessimam
1138 1434 1327 1504 vitam)
1360 1434 1465 1488 :ita
1495 1443 1550 1488 et
1576 1434 1868 1490 obliviones
1911 1435 2170 1490 malorum

599 1519 719 1574 dua:
744 1530 887 1574 sunt.
912 1522 1078 1576 Aliter
1102 1537 1163 1576 ea
1210 1537 1434 1590 namque
1487 1523 1810 1577 obliviscitur
1850 1523 2087 1578 eruditus
2115 1533 2170 1578 et

599 1611 809 1677 doctus,
841 1613 995 1667 aliter
1047 1622 1296 1682 expertus
1324 1621 1378 1668 et
1416 1627 1640 1682 passus:
1671 1614 1779 1680 ille,
1834 1616 1878 1669 si
1925 1615 2166 1684 peritiam

599 1701 862 1770 negligat;
915 1703 1036 1768 iste,
1078 1703 1124 1757 si
1170 1703 1380 1757 miseria
1442 1713 1638 1758 careat.
1682 1704 1983 1758 Secundum
2033 1705 2168 1760 hanc

598 1791 916 1846 oblivionem
947 1807 1104 1862 quam
1133 1793 1426 1862 p05teriore
1476 1792 1594 1848 loco
1638 1794 1826 1863 posui,
1857 1809 1962 1848 non
2014 1802 2168 1848 erunt

598 1894 864 1935 memores
901 1882 1069 1936 sancti
1117 1883 1506 1951 praeteritorum
1553 1883 1856 1936 malorum:
1910 1883 2169 1937 carebunt

597 1972 738 2025 enim
767 1971 1033 2036 omnibus,
1061 1973 1132 2026 ita
1163 1982 1219 2027 ut
1271 1974 1478 2042 penitus
1506 1972 1782 2028 deleantur
1811 1972 1877 2028 de
1923 1973 2166 2028 sensibus

595 2075 800 2115 eorum.
829 2060 906 2115 Ea
956 2069 1130 2116 tamen
1177 2064 1408 2132 potentia
1450 2063 1709 2130 scientiaa,
1741 2079 1858 2134 quae
1895 2079 2082 2134 magna
2113 2065 2164 2118 in

595 2151 676 2206 cis
704 2152 824 2214 erit,
854 2167 962 2207 non
991 2151 1162 2207 solum
1191 2168 1281 2208 sna
1311 2153 1598 2222 praeterita,
1639 2153 1734 2209 sed
1763 2155 1922 2209 etiam
1945 2154 2166 2208 damna-

596 2248 768 2295 torum
791 2256 885 2296 eos
923 2243 1245 2313 sempiterna
1296 2244 1506 2298 miseria
1535 2258 1643 2298 non
1692 2243 1893 2300 latebit.
1917 2246 2166 2315 Alioquin

598 2331 644 2385 si
671 2346 729 2386 se
753 2330 917 2387 fuisse
945 2322 1172 2387 miseros
1211 2333 1464 2387 nescituri
1500 2342 1624 2388 sunt
1651 2373 1664 2398 ,
1711 2333 1998 2403 quomodo,
2030 2337 2167 2390 sicut

594 2421 670 2474 ait
691 2419 950 2486 Psalmns,
983 2421 1376 2491 misericordias
1422 2422 1628 2476 Domini
1669 2424 1722 2477 in
1759 2434 2016 2478 :eternum
2037 2439 2166 2478 can-

594 2511 814 2581 tabunt(
846 2510 992 2566 Psal.
1025 2527 1288 2578 uxxvm,
1313 2512 1350 2564 2
1377 2510 1435 2586 )?
1456 2512 1570 2578 Quo
1618 2514 1824 2568 cantico
1867 2514 1917 2566 in
1942 2513 2160 2584 gloriam

594 2602 775 2670 gratia:
801 2601 1016 2667 Christi,
1039 2603 1191 2670 cujus
1215 2604 1469 2671 sanguine
1521 2602 1725 2657 liberati
1779 2616 1985 2669 sumus,
2033 2603 2164 2660 nihil

593 2693 698 2748 erit
751 2693 985 2762 profecto
1024 2693 1100 2749 illi
1139 2693 1422 2762 jucundius
1471 2693 1691 2747 civitati.
1741 2692 2160 2764 lbiperlicietur,

609 2781 808 2844 Vacate,
836 2793 881 2835 et
901 2783 1060 2836 videte
1091 2785 1328 2853 quoniam
1365 2799 1456 2852 ego
1491 2800 1604 2836 sum
1655 2782 1794 2836 Deus
1821 2784 1839 2854 (
1867 2782 2010 2838 Psal.
2038 2801 2161 2850 XLV,

596 2871 658 2926 Η
684 2869 724 2940 ).
743 2869 892 2939 Quod
921 2871 1020 2925 erit
1045 2871 1062 2902 ί
1089 2886 1212 2926 vere
1228 2871 1512 2926 maximum
1535 2871 1808 2926 sabbatum
1835 2887 1938 2926 non
1966 2873 2165 2930 habens

594 2974 892 3030 vesperam,
941 2960 1078 3030 quod
1129 2961 1520 3019 commendavit
1576 2962 1832 3017 Dominus
1878 2963 1929 3017 in
1979 2965 2165 3034 primis

591 3051 840 3119 operibus
863 3051 1064 3118 mundi,
1090 3051 1174 3104 ubi
1206 3052 1396 3120 legitur
1425 3070 1438 3105 :
1469 3049 1536 3104 Et
1560 3052 1794 3122 requievit
1820 3051 1957 3106 Deus
1985 3053 2066 3106 die
2089 3069 2166 3107 εει

591 3140 745 3210 ptimo
774 3139 834 3192 ab
860 3141 1084 3194 omnibus
1113 3141 1341 3210 aperibus
1363 3142 1484 3205 suis,
1508 3157 1619 3211 qua:
1655 3142 1771 3211 fecit
1798 3157 1818 3197 :
1843 3155 1889 3196 et
1916 3142 2166 3198 benedixit

591 3228 730 3284 Deus
756 3230 886 3283 diem
910 3231 1196 3300 septimum,
1215 3239 1260 3284 et
1281 3232 1615 3299 sancti/iacvit
1635 3248 1764 3297 eum,
1789 3233 1904 3302 quia
1921 3235 1972 3286 in
1998 3249 2052 3286 eo
2081 3250 2162 3287 re-

590 3322 770 3388 quievit
792 3321 852 3374 ab
869 3321 1098 3374 omnibus
1122 3323 1352 3393 operibus
1371 3324 1495 3391 suis,
1521 3339 1634 3395 quia
1656 3324 1902 3378 inchoavit
1923 3323 2060 3379 Deus
2080 3325 2165 3395 fa-

591 3412 742 3484 cere(
771 3411 897 3465 Gen.
926 3429 979 3476 ιι,
1004 3411 1059 3479 2,
1109 3413 1142 3467 ’5
1173 3414 1211 3482 ).
1245 3413 1365 3467 Dies
1407 3414 1549 3468 enim
1585 3415 1842 3485 septimus
1879 3415 2036 3468 etiam
2068 3431 2165 3471 nos

594 3499 696 3569 ipsi
735 3501 954 3563 erimus,
1008 3503 1219 3570 quando
1271 3502 1385 3571 ejus
1412 3501 1665 3556 fuerimus
1704 3503 2070 3559 benedictione
2113 3513 2166 3560 et

592 3591 1008 3646 sanctiﬁcatione
1037 3591 1178 3661 pleni
1223 3601 1380 3663 atque
1415 3593 1597 3648 refecti
1622 3595 1667 3647 ⁸.
1695 3594 1771 3649 lbi
1818 3604 2064 3651 vacantes
2091 3596 2166 3650 vi-

592 3681 834 3736 debimus
861 3684 1106 3752 quoniam
1126 3685 1236 3753 ipse
1278 3693 1362 3739 est
1395 3684 1534 3740 Deus
1558 3703 1572 3740 :
1594 3685 1733 3756 quod
1760 3685 1913 3740 nobis
1934 3686 2030 3756 ipsi
2046 3701 2164 3744 esse

598 3772 859 3828 voluimus
882 3814 898 3840 ,
922 3775 1134 3843 quando
1163 3777 1228 3830 ab
1258 3775 1348 3829 illo
1374 3775 1682 3842 cecidimus,
1721 3776 1996 3830 audientes
2023 3791 2051 3830 a
2079 3791 2166 3832 se-

593 3859 833 3927 ductore,
864 3861 1019 3916 Eritis
1062 3865 1188 3916 sicut
1214 3865 1284 3917 dii
1310 3862 1434 3935 (Id.
1483 3881 1558 3932 ιιι,
1591 3865 1644 3931 5,
1676 3865 1729 3937 );
1757 3874 1809 3919 ct
1855 3865 2164 3923 recedentes

592 3967 623 4006 a
649 3968 774 4007 vero
797 3953 925 4020 Deo,
954 3970 1058 4024 quo
1086 3956 1308 4010 laciente
1343 3956 1416 4010 dii
1441 3971 1682 4012 essemus
1723 3958 1837 4027 ejus
1880 3957 2164 4029 participa-

595 4044 738 4097 tione
759 4083 774 4108 ,
824 4059 929 4098 non
970 4044 1291 4100 desertione.
1329 4046 1464 4114 Quid
1493 4049 1632 4102 enim
1661 4048 1775 4102 sine
1805 4048 1892 4102 illo
1918 4046 2161 4116 fecimus,

592 4129 693 4183 nisi
723 4131 864 4198 quod
888 4132 942 4185 in
963 4132 1037 4185 ira
1077 4136 1193 4201 ejus
1213 4132 1546 4204 defecimus(
1583 4133 1728 4188 Psal.
1773 4151 1994 4202 Lxxmx,
2035 4137 2113 4207 9)
2141 4138 2164 4192 ‘i

592 4220 636 4274 Α
659 4235 764 4289 quo
779 4219 985 4288 refecti,
1004 4232 1056 4276 et
1075 4224 1242 4292 gratia
1281 4223 1486 4293 majore
1520 4224 1761 4294 perfecti,
1781 4227 2082 4282 vacabimus
2109 4228 2162 4283 in

593 4318 874 4374 aeternum,
899 4310 1140 4365 videntes
1155 4313 1275 4380 quia
1297 4313 1408 4381 ipse
1423 4321 1506 4367 est
1528 4315 1684 4378 Dens,
1740 4329 1845 4384 quo
1898 4315 2041 4383 pleni
2070 4318 2166 4372 eri-

592 4416 733 4470 mus,
761 4400 974 4472 quando
1001 4402 1113 4472 ipse
1133 4403 1424 4458 eritomnia
1443 4404 1493 4458 in
1521 4406 1784 4460 omnibus.
1812 4405 1944 4461 Nam
1975 4418 2028 4464 et
2052 4409 2164 4478 ipsa

591 4563 820 4633 omissum
843 4565 981 4633 estin
1001 4563 1305 4633 editisvind.
1331 4574 1432 4615 Am.
1459 4574 1510 4617 et
1526 4573 1598 4616 Er.
1624 4566 1704 4633 vel
1729 4581 1833 4631 pro,
1857 4569 2064 4633 ingrata,
2094 4569 2166 4620 le-

591 4624 806 4684 gendum
827 4631 881 4673 ut
901 4627 950 4673 in
973 4625 1188 4676 melioris
1209 4637 1334 4677 notas
1356 4631 1704 4692 manuscriptis,
1725 4624 1882 4694 prata.

658 4707 678 4779 ξ
711 4712 786 4779 ξεν.
807 4714 859 4779 et
880 4714 1011 4779 hom,
1036 4711 1166 4769 Quod
1188 4709 1280 4760 erit
1301 4710 1572 4779 ibi._Abest,
1596 4713 1680 4775 ibi,
1715 4715 1776 4764 ab
1797 4715 1904 4765 aliis
1923 4715 2077 4766 libris.

658 4768 679 4798 ι
711 4773 762 4817 ιιι
785 4767 1032 4832 plerisque
1050 4767 1177 4832 Mss,
1201 4772 1414 4835 perfecti.

1148 425 1236 480 DE
1255 421 1590 481 CIVITATE
1628 419 1761 484 DEI,
1799 419 1858 476 S.
1898 417 2258 476 AUGUSTINI
2298 419 2498 476 LIBER
2535 420 2896 478 VICESIMUS
2931 421 3305 482 SECUNDUS.

3748 425 3856 484 804

2277 532 2417 590 bona
2449 548 2610 605 opera
2627 545 2828 604 nostra,
2851 536 3062 607 quando
3082 537 3249 607 ipsius
3289 537 3460 607 potius
3487 537 3856 609 intelliguntur

2277 637 2398 678 esse
2421 638 2579 694 quam
2605 635 2804 691 nostra,
2851 634 2978 681 tunc
3014 627 3168 681 nobis
3215 626 3280 681 ad
3301 627 3403 683 hoc
3430 628 3709 684 sabbatum
3737 631 3854 684 adi-

2280 716 2588 785 piscendum
2614 718 2954 786 imputantur.
2988 717 3121 784 Quia
3145 718 3190 772 si
3219 719 3373 773 nobis
3401 733 3462 774 ea
3480 719 3845 783 tribuerimus,

2279 806 2490 860 servilia
2517 815 2845 872 erunt;cum
2887 808 2956 863 de
2978 808 3202 863 sabbato
3249 809 3475 875 dicatur,
3508 809 3670 864 Omne
3723 826 3852 878 opus

2278 897 2454 950 servile
2473 913 2527 950 tn
2546 912 2604 950 eo
2625 898 2641 929 ¹
2668 913 2768 950 non
2786 898 2978 966 facietis
3007 897 3028 967 (
3056 896 3204 952 Deut.
3224 913 3277 961 v,
3296 899 3366 954 H-
3395 897 3435 968 ).
3459 899 3688 969 Propter
3711 900 3853 969 quod

2278 993 2333 1041 et
2358 1002 2454 1056 per
2482 984 2811 1042 Ezechielem
2842 987 3155 1056 prophetam
3184 987 3398 1053 dicitur,
3426 987 3495 1040 Et
3513 988 3724 1042 sabbata
3745 1005 3852 1042 inea

2277 1077 2396 1132 dedi
2419 1078 2556 1132 eisin
2580 1079 2776 1148 signum
2800 1079 2929 1131 inter
2947 1094 3026 1132 me
3071 1087 3118 1132 et
3144 1078 3274 1132 inter
3307 1095 3412 1145 eos,
3440 1088 3497 1132 ut
3522 1080 3710 1133 scirent
3737 1081 3853 1149 quia

2275 1184 2366 1240 ego
2395 1167 2640 1222 Dominus
2665 1169 2750 1238 qui
2791 1169 3051 1236 sanctiﬁco
3077 1184 3159 1223 eos
3185 1167 3207 1239 (
3229 1166 3418 1221 Ezech.
3448 1184 3542 1231 xx,
3566 1168 3636 1222 12
3667 1167 3708 1238 ).
3741 1169 3854 1224 Hoc

2277 1257 2514 1328 perfecte
2540 1268 2664 1313 tunc
2705 1258 2956 1325 sciemus,
2987 1258 3197 1328 quando
3247 1259 3478 1328 perfecte
3517 1259 3847 1326 vacahimus,

2275 1361 2329 1407 et
2346 1353 2576 1421 perfecte
2598 1350 2895 1405 videbimus
2915 1351 3038 1420 quia
3065 1350 3178 1419 ipse
3202 1360 3283 1406 est
3301 1350 3460 1406 Deus.

2345 1442 2399 1497 5.
2431 1442 2548 1510 lpse
2571 1442 2729 1497 etiam
2763 1456 3013 1496 numerus
3062 1451 3299 1507 aetatum,
3331 1441 3492 1497 veluti
3547 1440 3779 1507 dierum,
3806 1442 3848 1495 si

2275 1531 2566 1587 secundum
2593 1545 2686 1586 eos
2713 1530 2963 1586 articulos
3011 1531 3270 1600 temporis
3295 1539 3652 1600 computetur,
3687 1532 3848 1601 quiin

2273 1620 2559 1690 Scripturis
2579 1619 3090 1690 videnturexpressi,
3123 1619 3220 1674 iste
3246 1619 3600 1675 sabbatismus
3624 1621 3846 1676 eviden-

2275 1714 2379 1767 tius
2401 1711 2693 1782 apparebit,
2738 1711 2988 1781 quoniam
3017 1711 3273 1780 septimus
3317 1711 3622 1766 invenitur:
3651 1721 3710 1766 ut
3737 1715 3847 1782 pri-

2274 1819 2359 1858 ma
2383 1811 2510 1857 tetas
2527 1809 2776 1871 tanquam
2809 1801 2924 1856 dies
2951 1803 3154 1870 primus
3174 1801 3244 1855 sit
3269 1799 3336 1855 ab
3365 1800 3534 1854 Adam
3565 1815 3742 1870 usque
3781 1801 3848 1856 ad

2273 1893 2550 1960 diluvium,
2599 1891 2829 1946 secunda
2883 1891 3007 1946 inde
3049 1905 3216 1961 usque
3263 1890 3331 1944 ad
3373 1890 3643 1945 Abraham
3672 1931 3690 1957 ,
3743 1905 3847 1946 non

2272 1981 2570 2054 aequalitate
2600 1989 2930 2051 temporum,
2989 1978 3085 2034 sed
3137 1993 3361 2034 numero
3401 1980 3845 2049 generationum:

2273 2073 2438 2128 denas
2480 2071 2676 2142 quippe
2720 2071 2920 2125 habere
2969 2069 3323 2138 reperiuntur.
3364 2069 3497 2124 Hinc
3528 2069 3640 2140 jam
3669 2109 3686 2137 ,
3714 2070 3848 2126 sicut

2272 2163 2550 2218 Matthaeus
2564 2161 2890 2232 evangelista
2926 2159 3264 2226 determinat,
3313 2167 3421 2215 tres
3459 2168 3646 2216 aetates
3682 2173 3847 2230 usque

2271 2254 2338 2309 ad
2365 2253 2559 2309 Christi
2586 2252 2979 2323 subsequuntur
3002 2249 3308 2316 adventum,
3339 2263 3457 2319 quae
3500 2248 3723 2319 singulae
3750 2248 3845 2304 de-

2272 2346 2356 2400 nis
2416 2353 2472 2400 et
2534 2344 2807 2415 quaternis
2868 2341 3301 2413 generationibus
3365 2331 3705 2410 explicantur
3737 2358 3752 2395 :
3779 2340 3846 2398 ab

2271 2434 2536 2490 Abraham
2566 2449 2732 2504 usque
2751 2432 2817 2488 ad
2844 2431 3010 2487 David
3057 2445 3180 2494 una.
3203 2431 3368 2485 altera
3407 2429 3531 2485 inde
3573 2446 3742 2500 usque
3780 2431 3846 2488 ad

2272 2523 2789 2595 transmigrationem
2833 2522 2888 2577 in
2937 2520 3302 2592 Babyloniam,
3338 2521 3490 2574 tertia
3529 2519 3654 2575 inde
3682 2535 3846 2590 usque

2274 2614 2341 2670 ad
2361 2613 2560 2672 ChriSti
2586 2613 2854 2669 carnalem
2885 2611 3235 2666 nativitatem.
3269 2610 3428 2665 Fiunt
3465 2601 3643 2680 itaque
3663 2623 3846 2665 omnes

2271 2706 2523 2774 quinque.
2553 2703 2723 2760 Sexta
2744 2717 2885 2758 nunc
2907 2702 3099 2772 agitur,
3145 2701 3290 2755 nullo
3314 2701 3718 2771 generationum
3747 2715 3845 2756 nu-

2269 2809 2418 2850 mero
2439 2794 2722 2859 metienda,
2751 2801 2968 2862 propter
2995 2791 3046 2846 id
3086 2790 3226 2860 quod
3250 2789 3450 2845 dictum
3497 2798 3598 2855 est,
3629 2788 3754 2844 Non
3777 2798 3846 2845 est

2269 2897 2484 2940 vestrum
2503 2887 2630 2942 scire
2654 2893 2897 2954 tempora,
2919 2897 3033 2952 qua:
3054 2881 3208 2934 Pater
3229 2880 3393 2950 posuit
3411 2880 3465 2933 in
3487 2895 3580 2933 sua
3607 2888 3846 2950 potestate

2270 2977 2288 3047 (
2311 2977 2420 3030 Act.
2439 2991 2476 3041 ι,
2499 2977 2530 3029 7
2560 2976 2600 3045 ).
2626 2973 2751 3029 Post
2770 2972 2909 3027 hanc
2927 2980 3173 3042 tanquam
3196 2971 3249 3025 in
3265 2970 3355 3025 die
3376 2970 3604 3040 septimo
3631 2969 3843 3038 requie-

2270 3067 2562 3132 scetDeus,
2591 3079 2713 3119 cum
2764 3063 3012 3118 eumdem
3063 3060 3347 3131 septimum
3385 3059 3547 3126 diem,
3578 3059 3724 3129 quod
3749 3073 3842 3114 nos

2270 3161 2489 3224 erimus,
2522 3157 2574 3210 in
2609 3171 2668 3211 se
2699 3157 2814 3225 ipso
2839 3154 2985 3208 Deo'
3015 3152 3171 3207 faciet
3201 3151 3555 3220 requiescere.
3609 3150 3688 3205 De
3733 3150 3843 3205 istis

2271 3265 2430 3319 porro
2463 3248 2706 3304 mtatibus
2733 3245 2954 3315 singulis
2993 3259 3134 3298 nunc
3186 3243 3465 3314 diligenter
3518 3238 3738 3311 lungum
3765 3249 3844 3296 est

2269 3343 2559 3412 disputare.
2583 3341 2708 3394 llaec
2725 3349 2900 3394 tamen
2918 3337 3141 3406 septima
3160 3336 3259 3390 erit
3279 3334 3554 3390 sabbatum
3573 3340 3838 3397 nostrum,

2269 3434 2420 3502 cujus
2448 3433 2567 3486 finis
2595 3447 2698 3486 non
2722 3430 3077 3498 eritvespera,
3105 3425 3199 3482 sed
3235 3424 3532 3480 dominicus
3558 3422 3677 3478 dies
3699 3422 3842 3477 velut

2269 3535 2486 3579 octavus
2503 3531 2750 3586 aeternus,
2763 3519 2851 3590 qui
2863 3517 3060 3574 Christi
3080 3504 3466 3571 resurrectione
3488 3513 3727 3568 sacratus
3744 3520 3842 3578 est,

2268 3623 2521 3669 azternam
2548 3627 2655 3667 non
2668 3611 2840 3666 solum
2861 3608 3095 3680 spiritus,
3113 3621 3295 3662 verum
3314 3604 3470 3659 etiam
3491 3601 3736 3672 corporis
3758 3614 3842 3656 re-

2269 3705 2445 3775 quiem
2463 3703 2825 3773 praeﬁgurans.
2852 3700 2924 3760 lbi
2941 3697 3265 3762 vacahimus,
3283 3704 3338 3751 et
3352 3694 3647 3750 videbimus
3670 3709 3687 3760 ;
3708 3690 3846 3748 vide-

2269 3795 2462 3859 bimus,
2485 3792 2878 3854 etamabimus;
2900 3787 3218 3854 amabimus,
3242 3793 3296 3841 et
3323 3783 3676 3840 laudabimus.
3710 3782 3844 3838 Ecce

2269 3884 2411 3955 quod
2437 3884 2538 3940 erit
2566 3885 2619 3939 in
2663 3883 2769 3937 line
2794 3881 2913 3936 sine
2939 3878 3064 3933 ﬁne.
3091 3876 3222 3934 Nam
3245 3874 3362 3945 quis
3391 3873 3527 3929 alius
3554 3881 3746 3929 noster
3767 3880 3844 3928 est

2269 3975 2411 4042 ﬁnis,
2430 3974 2530 4028 nisi
2556 3971 2834 4044 pervenire
2855 3969 2924 4025 ad
2943 3981 3187 4039 regnum,
3201 3964 3352 4034 cujus
3370 3963 3549 4019 nullus
3570 3971 3655 4018 est
3679 3962 3797 4018 finis
3821 3961 3844 4014 ἲ

2339 4067 2394 4124 6.
2444 4065 2641 4122 Videor
2688 4062 2818 4119 mihi
2865 4061 3102 4117 debitum
3146 4057 3374 4130 ingentis
3413 4055 3570 4126 hujus
3624 4055 3840 4124 operis,

2269 4157 2553 4228 adjuvante
2604 4152 2850 4219 Domino,
2896 4148 3212 4208 reddidisse.
3260 4145 3464 4214 Quibus
3519 4159 3734 4214 parum,
3763 4141 3844 4198 vel

2269 4249 2458 4318 quibus
2487 4246 2710 4301 nimium
2751 4252 2853 4310 est,
2906 4242 3039 4298 mihi
3086 4236 3620 4312 ignoscant:quibus
3669 4244 3844 4290 autem

2271 4340 2398 4394 satis
2419 4347 2520 4403 est,
2551 4352 2657 4391 non
2683 4335 2832 4400 mihi,
2856 4333 2950 4390 sed
2977 4333 3087 4389 Deo
3101 4345 3311 4388 mecum
3338 4329 3535 4401 gratias
3555 4335 3843 4397 congratu-

2270 4431 2437 4485 lantes
2460 4436 2636 4499 agant.
2671 4427 2860 4481 Amen.

2334 4655 2351 4718 ε
2386 4653 2549 4712 Abest,
2572 4651 2757 4718 ineo,_a
2776 4650 3030 4718 veteribus
3048 4647 3204 4699 libris.
3229 4707 3259 4718 η
3304 4717 3309 4718 γ

2330 4717 2351 4746 θ
2384 4701 2761 4776 Ει-ζέιὶογζίξη
2787 4725 2839 4762 se
2861 4711 2963 4776 ipso
2986 4719 3132 4762 Deus.
3157 4707 3323 4760 Melius
3359 4702 3477 4756 editi
3503 4701 3586 4754 alii
3609 4707 3662 4754 et
3681 4709 3847 4753 nisiut-

2268 4776 2447 4837 scripti,
2471 4774 2522 4824 in
2543 4788 2592 4826 se
2611 4775 2716 4838 ipso
2737 4782 2854 4823 Deo.
