4078 6466
590 368 693 427 807

627 482 958 552 resbyterum
1009 475 1474 552 meum_0rosium_
1523 471 1795 552 reliquias
1823 471 1891 528 de
1935 485 2160 552 corpore

661 553 734 606 ati
752 542 1028 619 'Stephani
1056 547 1212 617 primi
1260 545 1542 622 martyris,
1570 543 1672 622 hpc
1701 549 1834 622 est,
1889 542 2158 622 pulverem

591 623 768 676 carnis
793 612 951 691 atque
973 612 1251 672 nervorum
1280 624 1377 691 ,__e_t
1401 612 1546 683 quod
1593 612 1803 691 ﬁdelius
1855 612 2161 691 certiusque

590 679 912 745 credendum
939 696 1053 749 est,
1085 701 1202 739 ossa
1229 679 1395 738 selida
1423 679 1581 749 atque
1624 679 1898 733 manifesta
1921 681 2003 734 sui
2040 694 2162 749 san-

590 699 912 745 credendum
939 699 1053 749 est,
1085 701 1202 739 ossa
1229 699 1395 738 souaa
1425 699 1475 736 at
1517 699 1581 735 ue
1624 699 1898 733 manuesm
1921 699 2003 734 sur
2040 699 2162 732 san-

590 763 771 815 ctitate
805 757 955 828 novis
1002 755 1288 828 pigmentis
1312 753 1416 828 _vel_
1445 699 1697 828 odoribus
1753 750 2060 828 pin_guiora._
2095 748 2163 828 lit

596 838 771 883 autem
798 827 938 898 nulla
966 817 1132 898 pbssit
1152 839 1269 880 esse
1295 821 1570 898 dubitatio,
1601 817 1767 898 ipsam
1787 818 1962 898 advos
1982 817 2163 871 subdi-

594 907 702 951 tam
760 887 983 964 scriptis'
1003 896 1140 966 meis
1158 933 1174 959 ,
1211 892 1378 946 sancti
1405 889 1720 966 presbyteri,
1748 888 1830 941 cui
1859 887 1973 940 haec
2001 901 2160 966 reve-

592 967 696 1019 lata
721 961 883 1029 sunt,
930 964 1207 1032 epistolam
1255 961 1805 1032 conscriptionemque
1857 961 2158 1032 transmisi,

596 1050 754 1104 quam
803 1024 888 1087 me
937 1024 1035 1102 p'ro
1074 1032 1180 1085 lide
1238 1024 1484 1105 veritatis
1526 1024 1737 1096 plenius
1779 1024 2161 1105 cognoscendae

590 1099 809 1174 r'ogante
853 1110 908 1157 et
940 1099 1234 1171 expetente
1273 1099 1491 1153 dictavit
1533 1110 1706 1166 grmco
1768 1099 1995 1162 primum
2047 1099 2160 1161 ipse

2018 358 2378 417 APPENDIX.

3724 357 3827 417 808

2262 484 2508 526 sermone
2530 510 2546 535 ,
2576 469 2670 525 sed
2717 482 2811 538 per
2850 482 2936 524 me
2967 474 3152 538 postea
3175 467 3226 521 in
3266 466 3489 523 latinum
3516 483 3672 524 versa
3720 479 3826 526 est.

2263 542 2390 608 Quae
2420 549 2474 594 et
2494 552 2588 593 vos
2609 579 2625 602 ,
2681 536 2850 608 sancti
2883 547 2942 608 et
2970 536 3110 592 beati
3131 536 3344 608 fratres.
3367 553 3529 608 quam
3569 541 3830 596 veraciter

2263 607 2409 680 gesta
2438 617 2599 672 sunt,
2626 616 2732 680 tam
2755 607 2979 680 fideliter
3012 618 3260 680 suscepta
3291 607 3828 680 habeatis_imploro.

2263 676 2448 733 Certus
2477 693 2593 732 sum
2620 678 2758 730 enim
2789 677 2912 744 quia
2941 717 2956 738 ,
2981 677 3118 728 sicut
3143 677 3272 746 ipse
3301 676 3488 746 beatus
3515 676 3716 746 Martyr
3742 677 3830 746 di-

2262 757 2450 816 gnatus
2477 756 2558 816 est
2588 747 2828 798 nuntiare
2870 754 2928 816 et
2957 759 3050 813 pro
3079 745 3246 798 salute
3276 745 3456 798 mundi
3484 745 3831 816 periclitantis

2265 814 2322 870 se
2349 815 2688 870 manifestare
2716 854 2729 874 ,
2761 814 2958 867 auxilio
2996 824 3048 867 et
3095 816 3375 880 praesentia
3405 814 3536 867 tanti
3570 815 3785 880 patroni
3811 853 3829 879 ,

2264 888 2309 938 si
2354 899 2449 938 vos
2470 885 2572 936 tale
2604 885 2790 952 pignus
2827 883 2987 952 digno
3014 883 3190 936 studio
3211 883 3461 951 diligatis,
3482 884 3595 952 ituti
3637 899 3705 937 ex
3731 885 3833 936 hoc

2265 951 2765 1023 quietique_vivatis.
2817 952 2992 1023 Gratia
3032 952 3239 1023 Domini
3268 952 3435 1023 nostri
3460 951 3609 1023 AJesu_
3633 951 3833 1023 Christi

2264 1020 2318 1076 et
2345 1020 2510 1077 sancti
2535 1021 2762 1090 Spiritus
2799 1022 3093 1086 vobiscum,
3141 1020 3473 1075 dilectissimi
3503 1021 3558 1074 in
3580 1020 3830 1074 Domino.

2266 1093 2456 1146 Amen.

1340 1299 1788 1362 ADMONITIO
1827 1301 1909 1360 IN
1952 1297 2568 1371 SUBSEQUENTEM
2607 1296 3080 1358 EPISTOLAM.

663 1427 880 1482 Luciani
923 1425 990 1481 ad
1030 1440 1239 1479 omnem
1287 1423 1576 1478 Ecclesiam
1617 1422 1878 1490 totiusque
1928 1419 2071 1474 orbis
2118 1418 2445 1474 Christianos
2483 1420 2772 1487 Epistolam
2816 1420 3049 1474 indicare
3095 1420 3302 1475 videtur
3352 1421 3677 1490 Augustinus
3701 1421 3834 1476 Tra-

591 1526 736 1571 ctatu
783 1515 884 1570 120
917 1515 970 1568 in
1019 1514 1272 1568 Joannem
1302 1527 1456 1579 ,cum
1494 1512 1619 1566 dicit
1664 1528 1720 1564 n.
1761 1508 2254 1579 4:~Intelligendum
2293 1518 2366 1564 est
2412 1509 2480 1562 ad
2521 1508 2698 1564 Iesum
2725 1548 2740 1572 ,
2787 1526 2887 1562 non
2929 1519 3044 1563 tunc
3091 1511 3273 1576 solum,
3317 1511 3404 1564 sed
3449 1521 3566 1564 tunc
3618 1513 3837 1581 primum

592 1608 783 1661 uenisse
835 1605 1211 1666 Nicodemum;
1255 1605 1515 1656 ventitasse
1567 1610 1731 1654 autem
1782 1609 1990 1668 postea,
2033 1608 2085 1652 ut
2140 1599 2278 1667 ﬁeret
2326 1599 2573 1653 audiendo
2637 1599 2958 1667 discipulus;
3002 1599 3139 1669 quod
3195 1608 3328 1654 certe
3403 1601 3550 1654 modo
3601 1601 3654 1654 in
3702 1618 3839 1655 reve-

595 1700 780 1752 latione
819 1696 1040 1766 corporis
1088 1693 1354 1746 beatissimi
1385 1691 1632 1762 Stephani
1678 1691 1784 1760 fere
1825 1690 2051 1744 omnibus
2084 1690 2310 1758 gentibus
2339 1689 2642 1742 declaratur.
2697 1690 2762 1742 Et
2789 1689 3128 1743 revelationis
3171 1689 3443 1744 historiam
3485 1689 3573 1745 hic
3616 1692 3837 1745 relatam

594 1806 624 1842 a
683 1787 912 1841 Luciano
943 1784 1222 1839 confirmat
1271 1797 1458 1852 magna
1496 1796 1562 1834 ex
1601 1789 1748 1850 parte
1789 1781 1840 1833 in
1885 1780 2143 1834 Sermone
2187 1779 2290 1834 518
2315 1819 2330 1841 .
2385 1795 2440 1832 n.
2494 1779 2564 1843 I,
2595 1778 2661 1832 de
2701 1776 2970 1847 Stephano
3013 1780 3089 1833 sic
3127 1780 3390 1848 loquens:
3435 1779 3606 1850 Hujus
3654 1797 3838 1850 corpus

594 1897 656 1933 ea:
689 1878 776 1932 illo
818 1892 972 1946 usque
998 1877 1064 1928 ad
1112 1876 1208 1929 ista
1234 1885 1456 1943 tempora
1483 1872 1628 1925 latuit
1648 1887 1670 1935 ,'
1720 1888 1878 1941 nuper
1905 1880 2068 1924 autem
2114 1871 2390 1940 apparuit,
2429 1870 2556 1922 sicut
2601 1871 2762 1923 solent
2816 1886 3060 1940 apparere
3111 1880 3396 1924 sanctorum
3440 1888 3653 1941 corpora
3696 1889 3837 1926 mar-

596 1981 760 2039 tyrum
791 2007 808 2033 ,
851 1966 1144 2021 reuelatione
1192 1964 1325 2029 Dei,
1379 1966 1578 2034 quando
1629 1963 1815 2034 placuit
1863 1961 2104 2016 Creatori.
2168 1959 2351 2013 Verum
2398 1967 2568 2011 autem.
2612 1960 2882 2012 revelatum
2933 1961 3027 2028 fuit
3065 1961 3153 2026 ei,
3201 1962 3286 2029 qui
3311 1977 3389 2014 res
3429 1963 3565 2030 ipsas
3615 1963 3841 2017 inventas

594 2060 904 2115 monstravit.
966 2057 1366 2111 Prwcedentibus
1413 2058 1545 2111 enim
1572 2057 1730 2126 signis
1776 2055 1913 2108 locus
1963 2055 2327 2107 demonstratus
2356 2060 2459 2114 est;
2489 2059 2532 2103 et
2577 2051 2826 2119 quomodo
2853 2051 3017 2118 fuerat
3055 2050 3363 2116 revelatum,
3397 2053 3469 2104 sic
3497 2061 3544 2106 et
3589 2054 3841 2107 inventura

595 2161 688 2206 cst.
728 2150 880 2204 Multi
909 2149 1024 2205 inde
1051 2149 1287 2218 reliquias
1308 2157 1602 2218 acceperunt
1629 2187 1645 2213 ,
1683 2147 1800 2216 quia
1827 2146 1965 2199 Deus
2001 2145 2155 2200 voluit
2179 2185 2195 2210 ,
2227 2154 2272 2197 et
2313 2145 2411 2197 huc
2455 2154 2710 2198 venerunt.
2743 2144 2873 2198 Itcm
2913 2145 2962 2198 in
3020 2143 3276 2199 Sermone
3300 2145 3403 2199 319
3423 2187 3437 2212 ,
3471 2162 3523 2198 n.
3569 2147 3640 2202 ϐε
3673 2146 3841 2200 Latuit

616 2251 736 2296 anto
783 2251 1000 2312 tempore
1047 2256 1226 2310 corpus
1275 2239 1384 2308 ejus
1410 2280 1425 2306 ,
1467 2239 1703 2308 processit
1745 2237 1944 2307 quando
1992 2235 2131 2290 Deus
2174 2235 2365 2300 voluit,
2411 2235 2713 2289 illuminavit
2751 2244 2909 2289 terras
2932 2275 2947 2301 ,
2983 2243 3122 2288 tanta
3158 2236 3402 2319 miracula
3439 2237 3587 2304 fecit,
3619 2247 3841 2292 mortuus

598 2333 733 2386 vivos
760 2333 882 2402 facit
921 2338 1170 2396 mortuos,
1196 2331 1312 2400 quia
1354 2345 1442 2384 nec
1484 2339 1724 2382 mortuus.
1762 2329 1867 2384 Sed
1910 2328 2151 2384 eamdem
2187 2326 2487 2396 Epistolam
2519 2329 2723 2383 vicinus
2748 2343 2932 2383 eorum
2965 2337 3257 2396 temporum
3286 2327 3590 2383 Gennadius
3618 2330 3842 2397 propriis

599 2423 774 2478 verbis
821 2431 1082 2478 memorat
1122 2423 1172 2474 in
1209 2423 1342 2474 libro
1370 2421 1437 2475 de
1478 2420 1620 2474 Viris
1656 2421 1986 2475 illustribus:
2018 2419 2306 2483 Lucianus,
2339 2421 2446 2484 ait,
2492 2420 2780 2489 presbyter,
2811 2419 2887 2471 vir
2933 2427 3134 2472 sanctus
3159 2459 3174 2484 ,
3227 2419 3309 2472 cui
3378 2419 3612 2472 reuelauit
3659 2419 3797 2474 Deus
3823 2460 3840 2485 ,

596 2512 898 2580 temporibus
950 2511 1166 2564 Honorii
1209 2521 1253 2564 et
1294 2509 1566 2562 Theodosii
1611 2509 1986 2578 Augustorum,
2043 2507 2206 2560 locum
2246 2508 2462 2576 sepulcri
2503 2518 2549 2560 et
2591 2508 2916 2576 reliquiarum
2959 2507 3184 2576 corporis
3229 2508 3390 2560 sancti
3434 2508 3680 2577 Stephani
3705 2526 3846 2562 mar-

599 2604 722 2672 tyris
773 2602 962 2671 primi,
1001 2601 1197 2665 scripsit
1237 2603 1399 2667 ipsam
1447 2600 1791 2651 reuelationem
1817 2597 1884 2650 ad
1928 2599 2152 2651 omnium
2188 2595 2532 2651 Ecclesiarum
2585 2614 2824 2669 personas
2848 2638 2864 2660 ,
2908 2614 3071 2670 gnsco
3121 2615 3364 2653 sermone.
3393 2600 3728 2668 Superﬂuum
3763 2607 3848 2656 est

600 2700 762 2747 testes
804 2706 898 2746 eos
943 2690 1260 2759 adjungere,
1306 2691 1394 2758 qui
1431 2688 1686 2744 Gennadii
1736 2689 1893 2742 verba
1942 2689 2053 2756 ipsa
2087 2688 2482 2756 exscripserunt
2511 2731 2527 2756 ,
2557 2698 2616 2744 ut
2665 2689 2998 2745 Marcellinus
3024 2692 3075 2744 in
3104 2689 3365 2745 Chronico
3389 2733 3404 2756 ,
3451 2692 3592 2746 Beda
3623 2693 3674 2746 in
3711 2692 3845 2748 libro

597 2782 668 2836 de
708 2795 800 2836 sex
823 2779 1088 2835 Etatibus
1133 2777 1350 2844 mundi,
1391 2786 1446 2832 et
1491 2778 1810 2847 posteriores
1845 2776 1953 2830 alii.
1995 2777 2246 2832 Nonnihil
2275 2788 2453 2832 autem
2497 2779 2637 2848 quod
2673 2779 2738 2832 ad
2782 2788 2988 2848 tempus
3013 2788 3251 2849 spectat,
3281 2782 3596 2836 dissentiunt
3620 2783 3845 2836 invicem

600 2874 936 2930 Marcellinus
988 2881 1043 2926 et
1112 2870 1252 2924 Beda
1281 2909 1296 2936 ,
1343 2870 1468 2924 dum
1517 2871 1602 2923 hic
1645 2869 2020 2924 revelationem
2071 2867 2138 2922 ad
2196 2872 2476 2937 septimum
2527 2870 2746 2925 Honorii
2816 2872 3129 2940 imperantis
3183 2888 3413 2938 annum,
3463 2873 3552 2927 ille
3599 2889 3728 2929 vero
3776 2875 3844 2930 ad

603 2964 818 3019 Ilonorii
842 2963 1073 3018 consulis
1113 2961 1374 3016 decimum
1413 2960 1596 3014 refert.
1637 2960 1938 3015 Marcellino
1969 2959 2320 3030 adstipulatur
2350 2959 2614 3015 Lucianus
2651 2961 2820 3031 qualis
2847 2977 2878 3016 a
2917 2961 3120 3018 Joanne
3146 2963 3457 3018 Ulimmcrio
3487 2965 3714 3032 primum
3734 3005 3751 3032 ,
3781 2980 3845 3021 ac

598 3056 795 3125 deinde
831 3072 860 3111 a
899 3054 1316 3110 Lovanicnsibus
1353 3054 1574 3122 aliisque
1610 3054 1777 3107 fuerat
1814 3053 2092 3122 vulgatus,
2154 3063 2343 3108 notans
2387 3055 2636 3108 nimirum
2686 3055 2900 3111 eosdem
2942 3066 3099 3126 atque
3142 3058 3477 3113 Marcellinus
3529 3059 3777 3114 consules
3825 3076 3842 3112 :

600 3161 732 3217 quos
762 3147 950 3199 mirum
996 3155 1078 3199 est
1105 3159 1213 3198 non
1252 3143 1561 3197 observatos
1592 3142 1754 3196 fuisse
1784 3158 1814 3196 a
1844 3143 1982 3197 Beda
2008 3183 2023 3210 ,
2063 3144 2152 3211 qui
2192 3143 2479 3197 Lucianum
2520 3144 2659 3199 hunc
2703 3147 2874 3216 ipsum
2915 3147 3354 3202 Ulimmcrianum
3404 3148 3570 3218 legit,
3603 3160 3659 3204 et
3694 3149 3844 3218 plura

600 3255 664 3292 ex
697 3238 881 3292 eodem
925 3237 976 3290 in
1009 3235 1197 3288 librum
1227 3233 1679 3288 Retractationum
1722 3233 1775 3286 in
1821 3234 1947 3286 Acta
1978 3249 2093 3304 cap.
2123 3233 2157 3286 8
2203 3235 2550 3302 transcripsit.
2573 3235 2727 3291 Cerle
2773 3236 2985 3306 quidem
3023 3237 3139 3292 hate
3165 3238 3442 3293 consulum
3468 3248 3594 3294 nota
3633 3239 3704 3294 ab
3727 3239 3832 3295 alio

601 3331 754 3385 abest
783 3327 995 3382 Luciani
1039 3325 1375 3394 exemplari,
1427 3323 1569 3393 quod
1615 3326 1665 3378 in
1712 3325 1976 3379 veteribus
2018 3325 2285 3380 nonnullis
2314 3326 2580 3381 codicibus
2618 3329 2894 3397 reperitur.
2929 3327 3083 3384 Caret
3122 3331 3282 3384 etiam
3326 3330 3467 3385 idem
3510 3330 3651 3386 istud
3695 3331 3840 3386 aliud

600 3422 872 3489 exemplar
898 3421 949 3474 in
978 3418 1298 3473 Floriacensi
1327 3416 1510 3472 codice
1547 3416 1649 3470 illis
1677 3417 1728 3470 in
1755 3416 1860 3471 line
1905 3417 2083 3473 verbis
2107 3460 2121 3485 ,
2154 3436 2209 3474 n.
2257 3420 2290 3475 9
2315 3461 2329 3485 ,
2359 3419 2442 3472 Ea:
2467 3420 2544 3474 his
2569 3437 2685 3490 ergo
2729 3420 2951 3490 reliquiis
2995 3423 3249 3476 transmisi
3288 3421 3596 3476 Beatitudini
3623 3431 3799 3477 vestra
3820 3449 3840 3478 s

602 3527 720 3582 qua:
746 3510 967 3564 hominis
1001 3524 1105 3563 non
1131 3517 1251 3562 sunt
1287 3508 1562 3563 scribentis
1589 3507 1655 3562 ad
1694 3509 1926 3562 omnium
1953 3511 2305 3565 Ecclesiarum
2331 3527 2601 3580 personas.
2632 3512 2940 3581 Quanquam
2965 3511 3078 3566 haec
3101 3511 3317 3566 forsitan
3344 3513 3552 3568 dicebat
3576 3513 3848 3569 Lucianus

601 3613 861 3655 converso
908 3597 973 3652 ad
999 3613 1092 3653 eos
1121 3597 1243 3651 stilo
1267 3637 1282 3662 ,
1331 3611 1556 3667 quorum
1584 3611 1741 3651 causa
1781 3598 2122 3666 scriptionem
2177 3602 2310 3654 hanc
2351 3601 2541 3655 edebat
2579 3609 2792 3670 rogatus
2840 3599 2908 3653 ab
2941 3599 3131 3665 Avito,
3177 3601 3263 3654 cui
3301 3601 3458 3655 etiam
3502 3603 3846 3673 reliquiarum

607 3701 808 3761 partem
864 3693 990 3763 ipsis
1028 3691 1523 3759 transmittendam,
1571 3692 1722 3746 sicuti
1767 3692 1930 3758 liquet
1994 3708 2057 3746 ex
2110 3694 2248 3747 Aviti
2301 3694 2536 3762 Epistola
2566 3735 2582 3758 ,
2625 3694 2934 3748 donaverat.
2987 3694 3153 3749 Porro
3195 3706 3478 3765 utrumque
3530 3697 3618 3751 hic
3657 3697 3845 3753 damus

604 3783 904 3851 exemplum
943 3782 1241 3853 scriptionis
1279 3782 1494 3837 Luciani
1523 3822 1539 3847 ,
1591 3781 2027 3837 Ulimmcrianum
2076 3781 2174 3852 (sic
2221 3784 2488 3851 appellare
2530 3783 2686 3838 liceat
2736 3783 2878 3853 quod
2943 3781 3234 3838 Ulimmcrii
3281 3799 3406 3839 cura
3462 3786 3663 3853 pridem
3718 3804 3847 3857 pro—

605 3875 799 3944 dierat)
841 3875 908 3930 ad
953 3876 1130 3945 plures
1177 3876 1563 3943 manuscriptos
1611 3876 1935 3944 recognitum
1965 3915 1980 3941 ,
2011 3885 2063 3928 et
2087 3876 2227 3929 aliud
2258 3876 2415 3928 modo
2453 3875 2776 3944 descriptum
2805 3887 2870 3930 ex
2912 3875 3240 3930 Floriaeensi
3273 3877 3414 3932 libro
3445 3893 3612 3932 annos
3634 3879 3847 3934 circiter

605 3966 918 4038 quingentos
947 3965 1172 4020 habente
1199 4006 1214 4033 ,
1242 3966 1381 4035 quod
1408 3965 1460 4018 in
1505 3964 1624 4019 aliis
1652 3965 1808 4018 etiam
1841 3965 2213 4032 manuscriptis
2258 3966 2521 4019 nonnullis
2550 3966 2827 4034 reperitur.
2857 3965 3013 4020 Certe
3042 3965 3144 4020 hoc
3185 3968 3449 4035 posterius
3477 3983 3582 4021 non
3611 3969 3848 4040 incogni-

604 4065 715 4110 tum
757 4055 984 4124 antiquis
1009 4056 1146 4118 fuit;
1192 4070 1314 4108 nam
1351 4055 1677 4125 Chrysippus
1721 4055 1996 4123 presbyter
2037 4053 2510 4124 Jerosolymitanus
2561 4055 2612 4108 in
2642 4055 2814 4108 Photii
2863 4055 3188 4111 Bibliotheca
3219 4097 3235 4122 ,
3267 4057 3389 4110 cod.
3440 4059 3578 4124 171,
3629 4069 3685 4114 et
3731 4060 3847 4114 Ado

604 4145 660 4198 in
703 4144 1074 4214 Martyrologio
1118 4145 1168 4197 id
1200 4146 1414 4198 omnino
1461 4152 1789 4213 sequuntur,
1835 4141 1994 4211 atque
2038 4158 2103 4196 ex
2153 4145 2268 4213 ipso
2321 4146 2632 4198 exscribunt
2672 4145 2875 4208 multa,
2907 4160 3024 4214 qua:
3071 4145 3122 4198 in
3178 4145 3556 4201 Ulimmcriano
3596 4151 3847 4218 exemplo

603 4233 992 4288 desiderantur.
1040 4233 1261 4287 Additur
1304 4234 1442 4303 apud
1493 4234 1737 4287 Photium
1766 4273 1782 4299 ,
1829 4233 2158 4286 Gamalielem
2203 4235 2496 4303 prwcepisse
2539 4235 2794 4300 Luciano,
2840 4251 2901 4287 ne
2939 4236 3150 4304 posthac
3191 4235 3429 4305 reliquias
3468 4236 3587 4290 illas
3626 4239 3736 4292 sole
3797 4247 3846 4292 et

606 4325 777 4396 pluvia
799 4325 1053 4395 corrumpi
1082 4341 1170 4394 per
1211 4326 1563 4396 negligentiam
1590 4326 1807 4390 sineret;
1847 4324 1988 4395 quod
2015 4324 2159 4379 nullo
2196 4326 2305 4394 jam
2338 4326 2389 4378 in
2411 4325 2694 4393 exemplari
2726 4312 2933 4394 legitur.

1796 4543 2665 4672 EPISTOLA

1273 4742 1752 4865 LUCIANI
1809 4743 1963 4823 AD
2023 4738 3159 4833 OMNEM-ECCLESIAM,

805 4877 904 4937 DE
945 4876 1508 4937 BEVELATIONE
1551 4876 1933 4939 CORPORIS
1974 4876 2364 4937 STEPHANI
2405 4876 2812 4937 MARTYRIS
2851 4878 3073 4939 PRIMI
3116 4879 3216 4938 ET
3259 4879 3644 4943 ALIORUM.

706 5014 768 5051 εκ
800 5016 950 5051 ειη-ηε
971 5017 1099 5051 υωι.
1123 5016 1180 5051 ει·
1201 5015 1308 5052 ιον.
1332 5017 1391 5050 ΣΤ
1412 5015 1672 5052 RECOGNITA
1692 5019 1752 5052 AD
1775 5017 1949 5054 PLURES
1970 5018 2078 5054 MSS.

611 5081 878 5138 Lucmtus
916 5083 1277 5153 misericordia
1320 5085 1411 5137 Dei
1450 5084 1690 5153 indigens
1729 5095 1782 5140 et
1808 5087 2040 5139 omnium
2070 5085 2170 5139 ho-

680 5153 878 5224 minum
906 5152 1174 5224 minimus.
1195 5153 1470 5224 presbyter
1490 5152 1742 5224 Ecclesia:
1761 5155 1850 5208 Dei
1879 5170 1994 5224 quae
2017 5164 2097 5209 est
2117 5155 2170 5209 in

681 5221 803 5274 villa
837 5220 1250 5292 Caphargamala
1289 5220 1651 5277 in’territorio
1694 5220 2166 5292 Jerosol'ymorum,

681 5298 876 5362 salicta:
914 5289 1268 5362 Ecclesinet
1315 5293 1558 5346 omnibus
1593 5293 1791 5347 sanctis
1826 5289 1922 5362 qui
1957 5302 2079 5346 sunt
2117 5294 2168 5348 in

681 5355 890 5411 Christo
905 5358 1030 5412 Jesu
1047 5359 1098 5412 in
1115 5360 1360 5415 universe
1382 5362 1596 5430 mundo,
1619 5362 1671 5416 in
1690 5355 1909 5417 Domino
1925 5363 2168 5416 salutem.

683 5451 736 5500 1.
772 5447 928 5520 Visio
948 5450 964 5480 ί
991 5465 1109 5517 quas
1132 5452 1374 5519 apparuit
1397 5467 1528 5505 meze
1562 5452 1832 5520 pusillilati
1874 5467 1902 5505 a
1929 5452 2038 5506 Deo
2068 5460 2166 5519 ter,

610 5516 678 5569 de
717 5516 1036 5590 revelatione
1079 5516 1417 5590 reliquiarum
1462 5516 1598 5574 beati
1640 5530 1695 5590 et
1732 5521 1946 5590 gloriosi
1992 5516 2174 5590 proto-

610 5586 865 5656 martyris
884 5587 1136 5656 Stephani
1163 5586 1216 5642 et
1243 5590 1393 5656 primi
1422 5590 1626 5644 diaconi
1663 5586 1880 5655 Christi,
1919 5598 1971 5643 et
1994 5586 2168 5642 ’Νίσο-

597 5651 766 5706 .demi
783 5655 871 5723 qui
901 5656 952 5709 in
979 5651 1265 5728 Evangelia
1292 5659 1520 5730 scriptus
1543 5668 1644 5727 est,
1681 5668 1735 5716 et
1758 5651 2060 5717 Gamaliclis
2082 5660 2172 5727 qui

676 5743 696 5776 ⁸
726 5749 780 5792 In
800 5751 902 5795 Mss.
925 5746 1065 5796 deest
1087 5761 1196 5805 vox,
1228 5748 1366 5797 risio.

2551 5017 2614 5053 EX
2647 5017 2944 5054 FLORUCENSI
2975 5018 3138 5054 CODICE
3167 5021 3228 5054 ΕΤ
3257 5020 3377 5056 Αιιιε
3407 5021 3516 5057 ΗΒΕ.

2279 5086 2542 5141 chua'us
2584 5087 3186 5157 misericordiaiindigens
3233 5098 3279 5142 et
3320 5089 3542 5141 omnium
3586 5089 3827 5151 hominut

2350 5157 2602 5220 minimus,
2628 5155 2879 5225 presbyter
2904 5155 3142 5210 Ecclesia:
3164 5159 3259 5210 Dei
3287 5173 3399 5226 qua:
3428 5168 3499 5210 est
3525 5158 3576 5210 in
3604 5160 3724 5211 villa
3748 5158 3837 5212 Car

2351 5226 2680 5296 phargamala
2708 5226 2763 5296 in,
2780 5227 3025 5278 territorio
3045 5226 3492 5296 Jerosolymitano,
3528 5237 3716 5296 sancta:
3740 5226 3844 5281 Ec-

2349 5295 2512 5348 clesia:
2537 5302 2581 5346 et
2611 5295 2836 5347 munibus
2855 5297 3039 5348 sanctis
3075 5298 3157 5364 qui
3183 5295 3300 5348 sunt
3327 5296 3377 5348 in
3412 5297 3612 5350 Christo
3634 5295 3764 5349 Iesu
3795 5299 3848 5354 is

2349 5365 2576 5416 universo
2601 5364 2808 5429 mundo,
2831 5365 2883 5416 in
2907 5364 3121 5417 Domino
3144 5366 3355 5418 salutem
3387 5366 3427 5419 ⁸.

2353 5454 2403 5506 1.
2432 5452 2811 5525 Iievelatianeni
2826 5454 2986 5525 sancti
3016 5454 3281 5525 Stephani,
3321 5470 3435 5522 qua'
3461 5456 3587 5508 mihi
3613 5473 3704 5524 per
3729 5473 3852 5525 gra-

2282 5523 2402 5574 tiam
2442 5522 2642 5576 Domini
2686 5531 2738 5574 et
2773 5522 3054 5576 Saluatoris
3083 5522 3237 5576 nostri
3274 5533 3470 5577 ostensa
3502 5522 3852 5596 est,‘dignum

2343 5630 2360 5659 ί
2381 5636 2427 5676 ιιι
2448 5630 2613 5678 codice
2635 5631 2943 5678 Germanensi
2957 5642 3186 5678 annorum
3210 5628 3315 5678 fere
3336 5628 3426 5678 400
3450 5631 3522 5680 sic
3543 5631 3851 5681 inscribitur:

2282 5688 2479 5759 Domino
2500 5697 2658 5759 sancto
2675 5699 2718 5738 et
2742 5689 2995 5758 venerabili
3030 5689 3252 5759 Hymesio
3287 5690 3520 5759 episcopo,
3553 5691 3854 5759 humillimus

2281 5756 2324 5797 et
2345 5750 2550 5800 omnium
2574 5749 2762 5814 infimus
2789 5749 3017 5801 Lucianus
3045 5749 3289 5814 pi'asbyter
3316 5749 3384 5798 de
3415 5749 3528 5801 villa
3564 5753 3852 5817 Caphurgu-
