4078 6500
523 403 629 461 διε)

523 516 777 573 conderet
801 530 994 587 corpus
1038 516 1207 571 sancti
1246 514 1496 587 martyris
1536 513 1789 587 Stephani
1820 515 1873 587 in
1903 513 2093 572 eodem

524 588 782 641 oratorio.
830 586 977 641 Tunc
1021 600 1149 655 ergo
1190 588 1473 655 episcopus
1507 587 1681 655 posuit
1723 586 1997 655 loculum,
2040 594 2096 655 et

528 657 733 711 titulum
761 656 924 710 clavis
959 652 1545 719 confixit’forins’eeus',
1573 670 1758 711 mense
1782 652 2089 721 decembri,

524 726 612 779 die
636 734 819 795 quarta
846 725 1073 790 decima,
1104 725 1389 795 indictione
1415 726 1601 794 quinta
1625 725 1665 789 ι,
1694 726 1970 795 consulatu
1991 723 2094 795 do-

528 792 671 865 inini
699 795 864 848 nostri
912 795 1246 865 imperatoris
1270 792 1602 865 Constantini
1630 795 1861 865 Augusti
1887 792 2085 865 decies.

526 864 704 930 itaque
744 871 861 932 post
888 878 1055 917 annos
1092 864 1324 933 quinque
1369 864 1420 917 in
1461 862 1818 918 infirmitatem
1851 862 2088 933 incidens

521 933 828 987 Alexander
854 942 1086 997 senator,
1120 932 1490 987 testamentum
1521 932 1645 988 fecit
1683 941 1880 988 sancta:
1904 932 2086 987 Eccle-

524 1004 618 1055 size
656 1014 723 1072 et_
761 1003 1077 1071 pauperibus
1102 1011 1260 1071 atque
1288 1002 1495 1072 cenjugi
1524 1018 1635 1056 suae
1661 1002 1904 1069 Julianaz,
1934 1002 2087 1072 adju-

525 1086 649 1143 rnns
697 1070 954 1143 Joannem
1007 1070 1338 1143 episcopum
1369 1070 1465 1142 per
1512 1073 1791 1143 Dominum
1840 1070 2082 1143 nostrum

523 1139 702 1211 Jesnm
722 1140 988 1197 Christum
1008 1183 1024 1207 ,
1054 1141 1121 1197 Ut
1148 1139 1267 1210 pust
1290 1139 1489 1196 obitum
1508 1183 1522 1205 ,
1550 1142 1754 1211 inquit,
1786 1157 1963 1196 meum
1993 1140 2084 1197 fiat

523 1210 728 1282 loculus
753 1212 1009 1280 persicus,
1035 1220 1088 1267 et
1116 1211 1288 1282 locate
1309 1226 1395 1266 me
1415 1212 1564 1282 juxta
1591 1210 1757 1266 sancti
1788 1221 2084 1282 protomar-

524 1280 653 1352 tyris
681 1281 934 1350 Stephani
965 1280 1220 1352 tumidum
1253 1290 1513 1352 :_nam_iet
1535 1280 1749 1352 domum
1772 1280 1889 1352 ejus
1911 1280 2082 1335 aedili-

520 1349 635 1422 εἰςινί
664 1366 729 1405 ex
774 1349 890 1405 mea
919 1350 1230 1422 substantia.
1261 1350 1375 1422 Quo
1402 1350 1545 1405 dicto
1568 1349 1818 1406 dormivit
1844 1352 1895 1405 in
1928 1365 2077 1422 pace.

521 1418 740 1490 Postera
765 1436 895 1475 vero
921 1421 1005 1475 die
1034 1421 1251 1475 veniens
1276 1420 1559 1490 episcopus
1596 1436 1696 1474 una
1744 1436 1862 1476 cum
1906 1419 2083 1475 multi-

521 1489 701 1561 tudine
728 1491 940 1559 populi,
968 1490 1179 1544 sustulit
1205 1504 1325 1544 eum
1342 1530 1359 1557 ,
1386 1499 1441 1545 et
1463 1489 1643 1561 posuit
1663 1490 1813 1560 juxta
1838 1500 2079 1546 sanctum

521 1560 845 1630 Stephanum
881 1567 1338 1630 protomartyrem.

590 1629 644 1683 2.
686 1629 812 1684 Post
840 1627 959 1684 octo
997 1627 1371 1684 autem'annos
1403 1627 1607 1685 Juliana
1638 1644 1773 1685 uxor
1797 1630 1912 1699 ejus
1931 1631 2077 1699 cogi-

520 1708 642 1754 tans
685 1707 742 1754 et
785 1714 902 1754 esse
942 1699 1136 1753 bonum
1167 1699 1514 1765 existimans,
1556 1700 1722 1755 voluit
1745 1714 1940 1769 corpus
1978 1700 2079 1755 viri

522 1769 738 1842 tollere,
758 1784 821 1842 ac
845 1769 1382 1842 defcrrc__Byzantium
1415 1770 1464 1823 in
1491 1775 1756 1842 pr0priam
1784 1771 2079 1842 possessio-

520 1854 662 1913 nem.
703 1840 767 1913 Et
791 1840 890 1894 hoc
914 1839 1184 1913 consiliata
1206 1880 1220 1903 ,
1252 1839 1682 1913 profecta'_estiad
1704 1839 1962 1913 Cyrillum
1992 1841 2079 1913 ,ἰρέ-

520 1908 951 1979 rosoiymitanum
974 1910 1301 1980 episcopum,
1325 1916 1380 1964 et
1407 1909 1538 1964 dixit
1565 1910 1613 1965 ei
1645 1929 1659 1964 :
1691 1908 1821 1976 Quia
1852 1911 1948 1965 viri
1973 1912 2077 1967 mei

516 1993 714 2050 corpus
752 1980 874 2050 volo
914 1978 1547 2050 portareByzantiumin
1584 1996 1754 2036 meam
1784 1982 2078 2050 possessio-

518 2063 660 2121 nem.
687 2048 784 2115 Qui
813 2049 944 2121 dixit
971 2050 1018 2105 ei
1036 2067 1073 2121 ᾖ
1094 2048 1210 2103 Non
1220 2065 1447 2121 possum
1477 2049 1577 2105 hoc
1604 2048 1806 2110 facere}
1833 2060 1885 2106 et
1908 2067 2075 2121 pepu-

517 2118 624 2172 lum
667 2120 1004 2190 conturbare.
1033 2120 1183 2175 Tune
1206 2118 1410 2175 Juliana
1443 2121 1686 2190 plorans,
1739 2122 1869 2175 abiit
1904 2118 1956 2175 in
1977 2118 2065 2176 do.

514 2203 855 2260 manusuam,
881 2197 938 2244 et
959 2189 1155 2244 faciens
1179 2191 1383 2245 litteras
1407 2191 1549 2245 misit
1572 2191 1638 2245 ad
1660 2201 1859 2260 patrem
1884 2205 2037 2246 suum
2054 2194 2075 2225 '

517 2258 753 2331 [Byzantii
805 2262 1029 2329 positum
1056 2301 1071 2325 ,
1111 2262 1350 2331 scribens
1378 2261 1486 2315 ita:
1524 2258 1789 2331 (Propria
1836 2262 1940 2314 filia
1987 2271 2073 2316 tua

514 2326 753 2399 Juliana,
802 2326 936 2399 patri
984 2345 1103 2385 meo
1144 2330 1196 2385 in
1238 2331 1461 2385 Domino
1484 2326 1728 2386 salutem.
1774 2331 2075 2388 Decentes‘

517 2397 747 2471 honores
772 2397 938 2455 offero
961 2442 976 2468 ,
994 2409 1061 2471 et
1092 2415 1218 2469 rogo
1245 2411 1465 2469 praestes
1488 2400 1615 2455 mihi
1637 2416 1742 2471 quo
1767 2416 1795 2454 a
1828 2411 1879 2457 te
1904 2404 2074 2457 susci-

513 2470 647 2541 piar.
680 2469 809 2524 Nam
838 2486 943 2524 non
974 2469 1113 2541 dicta
1139 2472 1313 2526 verbis
1341 2471 1547 2526 blandis
1580 2469 1778 2541 repleta
1799 2515 1813 2537 ,
1840 2472 1932 2527 sed
1959 2489 2071 2527 ca:-

513 2538 630 2612 lesti
672 2542 940 2612 mySIerio
972 2540 1240 2612 nuntiata,
1290 2556 1460 2612 neque
1504 2538 1849 2610 compositam
1899 2544 2074 2597 verbis

513 2608 792 2682 rhetoricis
816 2610 1085 2666 suadelam
1107 2608 1553 2682 circumferentia,
1581 2608 1672 2667 sed
1696 2627 1880 2681 preces
1904 2613 2074 2682 dirigo

513 2679 810 2752 atipatrem
842 2696 1024 2752 meum
1046 2690 1099 2743 et
1125 2680 1419 2747 dominum,
1442 2679 1824 2752 quoniam—vim
1854 2679 2071 2752 patiora

517 2749 839 2824 principibits
868 2760 921 2804 ut
945 2750 1118 2814 vidua,
1142 2764 1298 2824 causa
1327 2749 1645 2818 nuptiarum.
1675 2749 1922 2824 Accelera
1948 2768 2073 2824 ergo

514 2826 573 2890 nt
617 2820 706 2873 iiat
768 2820 1061 2890 Sacra,iet
1112 2820 1354 2875 mittatur
1396 2836 1425 2873 a
1497 2836 1689 2890 magno
1758 2820 2074 2890 imperatore

510 2887 918 2963 Constantino‘,
960 2889 1473 2963 Cyrilloiepiscopo
1496 2887 1940 2963 Jerusniymitano
1964 2935 1980 2960 ,
2017 2905 2073 2948 ut

511 2959 719 3013 veniam
765 2969 819 3014 et
860 2961 971 3029 ipsa
991 2959 1018 3020 .’
1052 2959 1332 3030 maritique
1371 2959 1478 3016 mei
1520 2959 1721 3030 corpus
1750 2959 1971 3017 afferam
2003 2964 2068 3018 ad

513 3030 899 3101 possessionem
948 3046 1139 3085 meam.
1179 3048 1199 3082 ι
1246 3032 1428 3087 Atille
1465 3033 1728 3101 accipiens
1777 3033 1990 3088 Sacram
2040 3050 2068 3087 a

510 3114 701 3177 magno
744 3100 1061 3177 imperatore
1095 3100 1485 3177 Constantino,
1527 3100 1671 3159 misit
1706 3117 1824 3159 eam
1873 3101 2070 3177 Cyrillu

508 3169 760 3243 episcopo
794 3169 1158 3243 Jérpsnlymis.

583 3240 636 3295 3.
664 3237 845 3312 Itaque
869 3237 1081 3312 sacram
1101 3243 1382 3311 episcopus
1406 3241 1607 3312 legens,
1631 3250 1684 3297 et
1704 3243 2070 3301 contradicere

508 3322 615 3363 non
637 3310 839 3373 valens,
871 3309 1087 3365 adduxit
1112 3309 1409 3378 mulierem,
1439 3309 1491 3368 et
1520 3313 1650 3368 dixit
1672 3314 1721 3369 ei
1750 3332 1763 3368 :
1793 3314 2069 3381 Quomodo

508 3392 791 3447 possumus
838 3381 939 3451 hoc
965 3380 1169 3449 facere,
1214 3397 1335 3436 cum
1381 3384 1612 3438 nesciam
1639 3386 1726 3451 qui
1756 3380 1827 3437 sit
1866 3384 2068 3439 loculus

507 3451 676 3523 sancti
704 3450 862 3523 primi
909 3453 1158 3521 martyris
1185 3451 1472 3523 Stephani,
1531 3462 1586 3508 et
1624 3450 1711 3523 qui
1744 3456 1916 3508 mariti
1950 3457 2067 3511 tui?

507 3516 609 3591 Sed
640 3516 837 3591 vadens
868 3516 1099 3591 prmpat'a
1129 3537 1246 3591 qnze
1280 3516 1465 3577 itineri
1492 3516 1789 3578 necessaria
1829 3536 1981 3590 sunt,
2012 3538 2068 3582 et

505 3587 678 3643 indica
706 3587 1051 3664 mihiﬁQnte,
1087 3587 1396 3664 praeparatis
1438 3592 1522 3647 his
1565 3608 1683 3664 qua:
1719 3593 1893 3648 itineri
1933 3587 2064 3650 con-

505 3668 715 3730 gruunt,
748 3661 1052 3729 perrexitad
1066 3661 1367 3731 episcopum
1391 3664 1442 3717 in
1462 3661 1703 3718 ecclesia.
1735 3665 2066 3733 Advespera-

504 3739 687 3803 scente
710 3741 897 3803 autem,
912 3732 1218 3803 profundius
1246 3733 1634 3789 descenderunt
1665 3736 1714 3789 in
1736 3732 2061 3803 oratorium,

506 3799 593 3853 ubi
635 3800 844 3874 jacebat
886 3799 1147 3874 lipsanum
1168 3800 1345 3857 Sancti
1375 3821 1388 3857 :
1431 3812 1486 3860 et
1520 3804 1816 3874 aperientes
1844 3799 2062 3874 positio;

504 3882 656 3945 nem,
698 3871 1462 3945 inveneruutloculos_duos.
1514 3871 1578 3928 Et
1606 3873 1739 3929 dixit
1779 3871 2061 3945 episcopus

504 3939 710 4018 mulieri
742 3958 762 4018 :_
784 3941 897 4018 Non
929 3941 1047 3996 novi
1076 3944 1161 4018 qui
1187 3944 1256 3997 sit
1286 3943 1489 4018 loculus
1513 3945 1680 4018 sancti
1706 3939 2061 4018 protomarty-

498 4009 574 4085 ris
619 4009 901 4085 Stephani,
951 4020 1006 4085 et
1043 4009 1136 4085 qui
1169 4015 1342 4085 mariti
1390 4013 1485 4085 tui.
1514 4015 1608 4068 Cui
1641 4009 1834 4069 mulier
1863 4033 1876 4069 :
1910 4009 2021 4085 Ego
2042 4058 2057 4082 ,

502 4078 851 4154 inquitfuogi
894 4082 986 4152 qui
1022 4078 1091 4154 sit
1126 4083 1329 4138 loculus
1352 4083 1451 4154 viri
1492 4084 1628 4154 mei,
1674 4085 1922 4154 quoniam
1958 4078 2061 4153 'ego

500 4146 601 4221 feci
632 4164 775 4207 eum.
806 4146 956 4206 Tune
984 4153 1261 4221 episcopus
1281 4152 1501 4207 audiens
1539 4146 1861 4221 hiem-jussit
1883 4154 1930 4209 ei
1964 4146 2063 4209 tul-

502 4217 611 4292 iere
648 4235 803 4286 quem
849 4217 1047 4292 nosset.
1080 4217 1389 4292 Et'impetn
1426 4221 1612 4277 abiens
1653 4217 1948 4292 amplexata
1977 4236 2059 4281 est

498 4286 758 4356 lipsanum
786 4290 952 4345 sancti
981 4290 1234 4359 Stephani
1252 4286 1602 4353 [existimans
1629 4286 1757 4347 esse
1776 4295 1945 4348 mariti
1976 4298 2057 4353 sui

498 4372 712 4429 corpus.
755 4359 819 4414 Et
846 4361 1111 4429 accipiens
1133 4362 1306 4428 posuit
1333 4362 1459 4416 illud
1499 4363 1548 4415 in
1580 4362 1840 4417 lecticam.
1871 4365 1936 4418 Et
1965 4381 2057 4418 va-

499 4427 732 4484 ledicens
771 4427 1022 4504 episenpo
1044 4471 1059 4497 ,
1102 4427 1228 4504 ibatA
1248 4432 1435 4486 itinere
1465 4446 1563 4487 suo
1590 4433 1843 4503 gaudens.
1878 4434 1941 4487 Et
1967 4451 2059 4504 per

499 4508 669 4571 totam
690 4508 897 4555 noctem
938 4501 1165 4571 hymnus
1204 4499 1373 4556 factus
1398 4511 1480 4559 est
1508 4504 1556 4555 iu
1580 4499 1692 4569 via,
1724 4513 1777 4558 et
1802 4504 1933 4558 odor
1962 4499 2057 4559 un-

494 4569 672 4643 guenii
703 4572 960 4643 suavitate
977 4569 1159 4643 referti
1202 4573 1454 4643 Spirabat.
1496 4572 1662 4628 Porro
1695 4575 1910 4643 spiritus
1954 4576 2054 4629 im-

495 4639 675 4693 mundi
718 4640 1016 4713 clamabant
1058 4639 1296 4696 dicentes
1325 4642 1457 4713 :_Vae
1484 4644 1671 4708 nobis,
1720 4639 1838 4713 quia
1875 4653 2053 4713 proto-

494 4718 697 4784 martyr
728 4709 1029 4784 Stephanus
1072 4713 1290 4784 transit,
1329 4711 1445 4767 diro
1474 4728 1571 4784 nos
1600 4709 1887 4768 verberans
1916 4715 2052 4784 igne.

493 4777 679 4852 Mulier
703 4777 877 4836 auteiu
924 4782 975 4836 iu
1009 4782 1250 4837 vehiculo
1275 4796 1372 4837 suo
1392 4782 1613 4852 sedebat
1638 4825 1652 4845 ,
1680 4792 1735 4837 et
1762 4784 1909 4852 pueri
1933 4777 2021 4839 tun
2039 4815 2055 4827 ο

492 4849 743 4905 bulabant
785 4866 965 4919 coram
1012 4852 1233 4915 lectica,
1282 4862 1336 4908 et
1380 4851 1731 4908 formidabant
1765 4849 2050 4911 dicentes:

490 4919 626 4986 Quid
651 4930 733 4991 est
757 4922 897 4991 quod
923 4922 1112 4977 accidit
1140 4921 1311 4987 nobis,
1343 4924 1464 4991 quia
1494 4924 1708 4991 spiritus
1733 4923 1962 4979 clamant
1988 4927 2053 4981 de

490 5001 671 5045 sancto
694 4989 993 5064 Stephano?
1019 4993 1248 5064 Putasne
1288 4989 1452 5061 ipsius
1488 4989 1571 5064 est
1615 4992 1717 5048 hoc
1739 5008 1936 5064 corpus
1955 5035 1971 5061 ,
1998 5007 2053 5052 et

491 5075 589 5114 nos
612 5063 919 5118 nescimus?
948 5062 1227 5133 Multitudo
1250 5064 1389 5133 enim
1412 5063 1733 5133 Angelorum
1755 5062 1875 5118 ante
1906 5067 2054 5121 lecti-

488 5147 604 5184 cam
649 5142 861 5203 canunt
890 5133 1167 5203 hymnum.
1207 5131 1312 5188 Sed
1354 5132 1477 5201 quid
1506 5131 1810 5197 faciemus,
1839 5135 2050 5189 domina

487 5202 704 5254 nostra?
729 5201 968 5255 Fortisa'n
1014 5218 1118 5256 non
1168 5213 1250 5257 est
1277 5203 1374 5256 viri
1402 5203 1474 5257 tui
1502 5217 1718 5270 corpus,
1759 5203 1851 5257 sed
1880 5207 2051 5260 sancti

487 5271 895 5341 protomartyris
938 5271 1208 5340 Stephani.
1237 5272 1386 5327 Tunc
1430 5274 1515 5327 illa
1550 5272 1633 5327 his
1659 5273 1852 5327 auditis
1874 5314 1890 5338 ,
1918 5275 2053 5330 flens

486 5340 711 5396 tacebat.
740 5340 1102 5411 Praecepitque
1132 5342 1309 5412 pueris
1348 5344 1544 5399 nemini
1588 5343 1765 5400 dicere
1794 5360 1913 5414 qua:
1951 5347 2050 5400 sibi

547 5469 565 5499 ¹
592 5476 666 5535 ita
687 5467 998 5535 t’loriacensis
1016 5474 1383 5535 manuscriptns.
1408 5478 1463 5522 At
1482 5471 1639 5535 codex
1674 5476 1867 5524 Joannis
1907 5475 2049 5523 vlim-

482 5532 728 5600 meriiqui
750 5532 873 5600 hanc
902 5533 1181 5600 scripturam
1201 5532 1379 5600 primus
1413 5534 1643 5596 vulgavit,
1675 5535 1855 5598 aliique
1886 5545 2052 5597 postea

482 5593 602 5657 editi
627 5593 822 5657 habent,
848 5593 1107 5657 indictione
1125 5608 1175 5643 n.
1201 5593 1251 5647 Et
1275 5595 1413 5651 infra,
1443 5593 1603 5657 Itaque
1626 5603 1727 5656 post
1748 5593 1900 5647 annos
1916 5613 1965 5645 ιι.

542 5654 563 5721 ξ
595 5655 667 5702 sic
696 5652 1003 5721 flo‘riacensis
1026 5656 1319 5705 cedexJ-‘diti
1343 5669 1476 5717 vero,
1499 5652 1563 5705 ad
1582 5652 1924 5721 presbyterio».

543 5716 566 5747 ³
596 5722 643 5763 tu
666 5713 946 5764 tiloriacensi
968 5723 1069 5771 his,
1099 5725 1344 5767 Ducentos.

478 5840 506 5889 ΙΙ
540 5777 563 5886 ἶ
595 5775 900 5887 ιέιυτίθοιῖιιεᾱιδ
924 5784 1001 5825 Ms.
1040 5779 1129 5828 hoc
1153 5777 1273 5837 loco,
1310 5778 1612 5835 commotio;
1651 5778 1737 5830 sed
1774 5782 1885 5831 ιιιοχ
1932 5778 2053 5831 inira

514 5856 532 5885 It
558 5854 599 5887 it}
630 5876 639 5889 .
664 5850 779 5889 (ὀιρδ
806 5852 863 5885 :m
887 5851 975 5886 (NO.

514 5845 640 5899 :iliet,
664 5845 975 5889 t'0ttalzmlmo.

1971 399 2335 457 APPENDIX.

3635 408 3751 464 820

2196 522 2549 586 apparuerant
2569 513 2619 568 in
2642 513 2866 586 itinere:
2885 513 2991 570 Sed
3007 513 3050 568 si
3073 515 3205 586 quis
3219 514 3617 586 interrogat-erit
3631 561 3647 583 ,
3676 520 3761 574 in-

2194 583 2336 656 quit,
2368 584 2419 637 in
2446 584 2659 656 civitate
2683 584 2869 656 autin
2887 583 3101 654 regione
3124 584 3276 654 cujus
3305 585 3375 640 sit
3401 583 3515 641 hac
3541 587 3722 643 lectica
3740 632 3759 656 ,

2193 651 2395 707 dicite:
2435 653 2568 719 Quia
2620 654 2795 707 mariti
2837 651 3067 708 dominae
3108 651 3308 708 nostra:
3353 664 3476 720 est,
3521 668 3578 711 et
3616 651 3762 714 vadit

2192 721 2525 792 Byzantium.
2573 724 2628 777 ln
2668 724 2853 778 eadem
2876 740 3002 779 vero
3047 735 3206 779 nocte
3234 726 3577 779 transivimus
3604 744 3761 781 mau-

2190 792 2370 863 siones
2415 800 2542 863 tres.
2590 793 2756 863 Porro
2806 793 3034 849 interdiu
3079 795 3508 863 quiescentibus,
3554 806 3606 850 et
3636 813 3762 852 sero

2188 859 2555 932 incedentibus
2576 862 2746 930 nobis,
2770 863 2986 932 spiritus
3003 859 3261 932 profunda
3283 874 3440 919 nocte
3458 865 3761 923 clamabant

2186 930 2424 1004 dicentes
2452 949 2466 984 :
2494 931 2706 986 Transit
2734 936 2785 1004 is
2800 930 2896 1003 qui
2916 930 3145 1003 ﬂagellat
3168 948 3266 987 nos
3290 951 3305 999 ;
3338 949 3442 988 non
3472 949 3757 1004 possumus

2184 999 2324 1054 ferre
2349 1000 2595 1055 virtutem
2622 1002 2788 1073 sancti
2816 999 3074 1072 corporis,
3101 1004 3222 1072 quia
3251 1004 3384 1073 ignis
3408 999 3506 1069 est,
3540 1014 3595 1060 et
3616 1008 3758 1060 acri-

2186 1077 2266 1124 ter
2296 1085 2395 1143 nos
2415 1072 2682 1143 consumit
2701 1089 2721 1143 A:
2751 1086 2857 1143 non
2885 1073 3206 1143 sustinentes
3242 1072 3348 1128 vim
3378 1076 3546 1128 sancti
3575 1086 3755 1143 proto-

2183 1141 2439 1211 martyris
2462 1139 2732 1211 Stephani.
2784 1139 3050 1197 Sanitates
3091 1152 3269 1198 autem
3301 1152 3357 1198 et
3382 1139 3606 1200 virtutes
3648 1146 3751 1201 fie-

2181 1208 2518 1265 bant'multie
2545 1210 2597 1264 in
2627 1210 2730 1264 via.

2252 1279 2305 1333 4.
2347 1280 2513 1334 Porro
2540 1277 2878 1347 pervenimus
2898 1280 3209 1336 Ascaionem
3233 1282 3574 1347 maritimam,
3592 1292 3647 1338 et
3671 1284 3755 1338 in-

2181 1349 2421 1422 venimus
2438 1349 2611 1422 navim
2624 1358 2842 1422 euntem
2865 1350 3193 1422 Byzantium,
3210 1362 3604 1420 convocatoqne
3620 1368 3756 1408 nau-

2180 1420 2325 1491 clero
2344 1459 2357 1478 .
2390 1419 2582 1474 mulier
2604 1419 2753 1491 dedit
2783 1420 2833 1475 ei
2856 1419 3233 1491 quinquaginta
3269 1434 3493 1486 aureos.
3519 1419 3705 1477 dicens
3734 1440 3752 1477 :

2179 1487 2310 1553 Quia
2336 1499 2599 1545 secretum
2633 1489 2801 1544 habeo
2827 1487 2920 1544 tibi
2945 1487 3216 1557 enarrare,
3244 1499 3299 1544 et
3326 1506 3393 1546 ne
3415 1492 3752 1548 contradicas

2180 1559 2330 1631 mihi.
2355 1558 2609 1631 Locuium
2635 1558 2803 1613 habeo
2825 1560 3207 1631 deportandum
3238 1560 3562 1631 Byzantium,
3589 1577 3751 1631 quem

2178 1629 2381 1681 salvum
2413 1629 2549 1683 ferre
2575 1642 2819 1698 procura,
2845 1640 2898 1684 et
2926 1630 3141 1685 habebis
3165 1629 3461 1685 mercedem
3486 1630 3554 1684 ab
3575 1629 3750 1687 omni-

2177 1701 2376 1767 potenti
2409 1699 2535 1753 Deo.
2563 1700 2660 1764 Qui
2690 1699 2821 1753 dixit
2848 1699 2899 1754 ei
2924 1714 2938 1752 :
2969 1698 3103 1754 Nolo
3130 1700 3494 1754 contradicere
3510 1700 3753 1756 domina)

2176 1782 2331 1842 meae,
2355 1770 2479 1842 quia
2501 1783 2719 1842 magnus
2746 1777 2917 1823 tecum
2947 1777 3029 1824 est
3050 1779 3400 1841 protomartyr
3411 1769 3748 1842 Stephanus,

2176 1846 2232 1891 et
2269 1839 2320 1909 in
2353 1839 2466 1908 ipso
2513 1838 2725 1893 estvita
2760 1854 2876 1893 mea
2913 1849 2967 1893 et
3003 1853 3125 1908 Spes
3155 1854 3304 1904 mea,
3335 1838 3457 1909 quia
3498 1838 3747 1897 viderunt

2178 1908 2318 1979 oculi
2337 1910 2437 1964 mei
2458 1909 2836 1979 gloriosissima
2857 1908 3031 1963 hodie.
3058 1909 3185 1964 Veni
3206 1908 3581 1979 ergo,’domina
3603 1924 3746 1979 mea,

2176 1986 2230 2031 et
2256 1977 2518 2034 adscende
2544 1979 2740 2032 navim.
2768 1978 3068 2048 Navigaturi
3105 1980 3248 2033 enim
3275 1977 3459 2034 sumus
3485 1994 3607 2034 cum
3632 1977 3747 2034 vir-'-

2177 2055 2291 2102 tute
2319 2048 2411 2103 Dei
2434 2058 2490 2104 et
2512 2048 2678 2103 sancti
2701 2050 2957 2117 corporis.
2990 2048 3136 2102 Tunc
3164 2049 3550 2104 introeuntibus
3567 2049 3747 2104 omni-

2174 2117 2275 2172 bus
2305 2117 2358 2172 in
2399 2119 2572 2172 navim
2593 2160 2608 2183 ,
2640 2119 2809 2172 soluta
2839 2127 2917 2171 est
2957 2132 2984 2171 a
3018 2127 3155 2172 terra
3185 2128 3346 2174 vento
3372 2133 3648 2187 prospero.
3679 2119 3746 2175 Et

2173 2187 2447 2258 venientes
2465 2190 2514 2241 in
2535 2188 2763 2243 medimu
2788 2187 2980 2257 pelagi,
2995 2188 3170 2242 subito
3188 2196 3472 2258 tempestas
3486 2191 3621 2243 facta
3640 2198 3745 2253 est,

2175 2257 2244 2311 ita
2269 2267 2327 2312 ut
2348 2258 2544 2328 fluctus
2565 2259 2922 2328 exaltarentur
2942 2272 3102 2328 super
3128 2257 3451 2313 armamenta
3481 2259 3651 2313 navis.
3679 2259 3745 2314 Et

2173 2329 2306 2381 mari
2336 2327 2544 2382 fortiter
2586 2327 2904 2391 ﬂuctuante,
2935 2327 3077 2383 metu
3120 2328 3318 2398 detenti
3361 2336 3745 2398 surgentesque

2174 2412 2359 2452 omnes
2383 2398 2737 2468 adoraverunt
2764 2407 3002 2453 sanctum
3031 2414 3241 2468 corpus.
3264 2396 3397 2454 Cum
3420 2396 3595 2452 autem
3620 2399 3739 2467 plo-

2173 2478 2427 2539 rarentet
2457 2467 2644 2523 flerent
2664 2510 2678 2535 ,
2712 2478 2931 2537 repente
2957 2468 3215 2524 serenitas
3242 2483 3425 2539 magna
3453 2477 3636 2539 exorta
3660 2476 3744 2524 est

2175 2537 2226 2610 in
2246 2538 2398 2604 mari,
2418 2547 2470 2610 et
2484 2539 2729 2608 apparuit
2746 2540 2824 2593 eis
2842 2548 3054 2610 sanctus
3074 2537 3429 2610 protomartyr
3441 2538 3746 2610 Stephanus

2173 2606 2395 2680 dicens:
2425 2606 2538 2680 Ego
2558 2606 2688 2664 sum
2713 2650 2735 2680 ,Α
2777 2609 2939 2664 nolite
2981 2606 3187 2664 timere.
3216 2606 3382 2676 Quod'
3395 2623 3463 2664 eo
3490 2606 3698 2680 dicente
3720 2648 3739 2672 ,

2173 2679 2401 2731 cessavit
2416 2677 2625 2745 ventus,
2644 2687 2699 2734 et
2714 2677 2845 2733 facta
2864 2688 2944 2733 est
2959 2679 3305 2747 tranquillitas
3321 2693 3508 2748 magna
3527 2677 3738 2746 (Matth.

2170 2748 2437 2819 “[1,26).
2461 2749 2611 2804 Mane
2638 2758 2812 2803 autem
2841 2748 2976 2803 facto
3001 2749 3239 2803 venimus
3261 2750 3327 2802 ad
3354 2758 3576 2819 angusta
3603 2748 3740 2803 Cha-

2173 2817 2329 2873 lantis
2370 2817 2586 2889 propter
2622 2820 2913 2889 principem
2953 2820 3317 2889 Augustum}.
3345 2818 3532 2874 Subito
3562 2827 3739 2872 autem

2174 2897 2325 2942 terra:
2355 2898 2527 2943 motus
2555 2888 2725 2943 factus
2753 2897 2833 2943 est
2868 2890 2920 2942 in
2952 2888 3069 2942 loco
3095 2888 3184 2942 illo
3205 2929 3219 2952 ,
3252 2888 3319 2942 ita
3350 2898 3408 2941 ut
3428 2902 3739 2942 commove-

2169 2967 2354 3011 rentur
2379 2958 2715 3014 fundamenta
2743 2966 2918 3025 terra',
2946 2957 3113 3015 donec
3141 2958 3414 3027 pertansiit
3441 2957 3590 3012 navis
3613 2970 3739 3011 san-

2172 3028 2240 3081 cti
2269 3030 2670 3100 protomartyris
2695 3028 2977 3097 Stephani;
3007 3037 3058 3100 et
3089 3038 3213 3083 tunc
3239 3028 3433 3100 quievit
3457 3037 3599 3082 terra
3618 3042 3739 3100 quin

2169 3097 2494 3153 movebatur.
2519 3097 2794 3153 Diemoues
2811 3109 2984 3151 autem
3003 3099 3300 3152 clamabant
3318 3098 3570 3152 adversus
3587 3097 3734 3166 prin-

2168 3168 2338 3240 cipem
2367 3169 2640 3225 dicentes:
2668 3168 2983 3239 lmpiissime
3017 3169 3293 3240 princeps,
3318 3183 3487 3240 quare
3513 3168 3736 3240 nonin-

2168 3236 2391 3293 cendisti
2416 3241 2588 3294 navim
2615 3256 2733 3309 qua:
2749 3236 3004 3294 transivit
3020 3236 3172 3302 illuc,
3198 3236 3305 3309 sed
3321 3236 3563 3292 dimisisti
3589 3236 3735 3291 illam

2169 3310 2395 3363 transire
2417 3319 2601 3364 contra
2624 3308 2759 3364 nos?
2788 3310 2903 3379 Ipsa
2928 3309 3069 3363 enim
3109 3310 3254 3363 navis
3286 3308 3411 3379 fecit
3438 3315 3595 3362 terra;
3619 3321 3732 3379 mo-

2169 3387 2300 3434 tum.
2324 3379 2574 3447 Princeps
2604 3394 2729 3435 vero
2752 3376 2851 3435 hoc
2874 3378 3073 3442 audito,
3105 3379 3248 3434 misit
3271 3378 3553 3434 dromones
3574 3376 3734 3447 quin-

2165 3463 2268 3517 que
2307 3449 2374 3503 ad
2415 3446 2963 3518 comprehendendam
3005 3456 3059 3502 et
3104 3448 3485 3503 incendendam
3529 3446 3731 3518 navim.

2167 3515 2521 3575 Dromonibus
2543 3515 2720 3574 autem
2748 3518 3170 3587 pervenientibus
3199 3517 3265 3573 ad
3291 3519 3486 3582 navim,
3511 3515 3736 3585 angelus

2164 3588 2348 3658 exiens
2367 3589 2434 3644 de
2463 3591 2581 3644 navi
2611 3590 2869 3658 percussit
2897 3587 3203 3652 dromones,
3230 3596 3284 3642 et
3305 3587 3729 3658 submersitAeos.

2165 3656 2233 3711 Et
2272 3658 2466 3713 factum
2493 3669 2576 3714 est
2611 3654 2861 3727 gaudium
2890 3673 3137 3727 magnum
3168 3658 3222 3711 in
3242 3657 3403 3723 gnavi,
3444 3658 3565 3727 quia
3589 3654 3732 3727 Deus

2162 3736 2421 3799 eratcum
2458 3730 2580 3783 illis.
2618 3726 2935 3799 Navigantes
2959 3726 3134 3799 itaque
3163 3727 3330 3799 tribus
3358 3726 3576 3799 diebus,
3603 3726 3732 3799 toti-

2162 3797 2387 3867 demque
2415 3799 2657 3853 noctibus
2675 3839 2691 3864 ,
2717 3795 2958 3852 venimus
2985 3795 3394 3861 Ciialcedonem,
3418 3795 3732 3867 _et_d_imi_ssa

2160 3879 2249 3944 esi
2278 3863 2427 3923 navis
2456 3868 2507 3922 in
2537 3877 2709 3944 portu.
2742 3867 3077 3944 Eaeientibus
3105 3876 3282 3944 autem
3309 3865 3458 3944 nobis
3482 3864 3590 3944 illic
3612 3863 3732 3944 dies

2161 3936 2412 4006 quinque,
2432 3935 2666 4009 quoquot
2696 3938 2960 4009 habebant
2984 3937 3262 4009 dzemonia,
3285 3935 3564 4009 veniebant
3579 3935 3731 4009 circa

2160 4003 2497 4063 mare'vesa'ti
2526 4003 2816 4063 clamantes
2846 4023 2861 4060 :
2890 4007 3087 4061 Servus
3114 4007 3206 4062 Dei
3229 4008 3393 4071 venit,
3418 4004 3505 4075 qui
3529 4003 3732 4075 lapidaf

2160 4084 2245 4154 tus
2276 4087 2357 4154 est
2383 4078 2449 4154 ab
2479 4079 2669 4154 iniquis
2708 4077 3021 4154 Judaeis._F_3t
3062 4078 3227 4154 gratia
3264 4072 3451 4154 sancti
3470 4072 3729 4154 Stephani

2162 4147 2380 4214 spiritus
2401 4147 2733 4202 clamabant:
2761 4146 2849 4200 Vae
2870 4146 3043 4211 nobis,
3058 4147 3178 4215 quia
3200 4146 3461 4201 comburit
3479 4159 3576 4198 nos
3591 4146 3730 4215 acri-

2162 4222 2244 4294 ter
2273 4235 2286 4271 :
2311 4233 2417 4287 quo
2444 4218 2702 4294 fugientes
2728 4217 2897 4294 minas
2920 4217 3035 4285 ejus
3065 4213 3363 4294 terribiles?
3392 4213 3729 4294 Porroexiea

2158 4284 2288 4339 bant
2307 4284 2557 4342 atrociter
2576 4288 2643 4341 ah
2668 4284 2966 4356 hominibus
2987 4287 3203 4356 repulsi,
3223 4296 3467 4354 tanquam
3487 4285 3555 4339 ab
3569 4284 3691 4352 igne
3708 4296 3727 4334 :

2158 4364 2212 4408 et
2249 4367 2506 4427 quotquot
2550 4358 2819 4427 habebant
2855 4355 3127 4427 inilrmOs,
3171 4355 3544 4427 ferebant‘eos
3580 4361 3727 4406 extra

2155 4423 2324 4494 mare,
2353 4423 2411 4480 et
2426 4442 2612 4482 omnes
2638 4427 2767 4481 salvi
2796 4426 2991 4480 iiebant
3022 4427 3209 4479 virtute
3233 4428 3396 4480 sancti
3423 4423 3730 4494 Protomar-

2156 4492 2318 4564 tyrisJ
2334 4498 2594 4552 Praeterea
2623 4498 2745 4570 inde
2766 4499 2893 4550 moti
2915 4497 3154 4570 venimus
3174 4494 3353 4570 Sosas.
3378 4492 3614 4570 Aiidiens
3634 4506 3731 4570 an-

2156 4561 2263 4618 tem
2291 4583 2424 4635 pene
2455 4576 2559 4620 tnta
2589 4568 2778 4620 civitas
2805 4565 3051 4619 currebat
3091 4564 3384 4635 transiens,
3408 4561 3731 4635 Christianis

2154 4631 2367 4710 quidem
2395 4636 2777 4710 gaudentibus,
2806 4636 3028 4703 Paganis
3065 4645 3240 4710 autem
3274 4631 3626 4710 trista_ntib_us.
3650 4632 3725 4710 μὲι

2157 4704 2280 4759 inde
2310 4703 2526 4775 profecti
2571 4722 2756 4760 rursus
2786 4716 3002 4774 propter
3032 4705 3238 4758 turbam
3268 4719 3388 4771 qua:
3416 4703 3471 4756 in
3498 4703 3725 4756 circuitu

2156 4784 2290 4840 erat,
2321 4778 2560 4829 venimus
2584 4777 2849 4830 civitatem
2876 4775 3142 4830 Staurium
3167 4775 3213 4827 ⁸.

2225 4839 2285 4899 5.
2319 4845 2545 4915 Cognito
2566 4855 2739 4899 autem
2767 4846 2868 4899 hoc
2892 4845 3145 4899 Eusebius
3166 4843 3445 4915 episcopus
3462 4839 3727 4915 Constan-

2156 4910 2541 4987 tinppieusde
2563 4930 2784 4984 oorpore
2811 4910 3212 4987 protomartyris
3231 4910 3583 4987 Stephanium
3602 4910 3725 4987 quia

2155 4980 2700 5039 tota'Christianorntn
2727 4980 3007 5038 multitudo
3030 4980 3171 5037 muta
3197 4980 3339 5045 erat,
3358 4981 3423 5035 ad
3445 4980 3724 5035 videndam

2152 5055 2400 5109 virtutem
2429 5055 2595 5109 sancti
2625 5055 2884 5121 corporis,
2912 5055 3106 5110 cursim
3137 5054 3373 5121 perrexit
3399 5050 3465 5104 ad
3492 5050 3724 5117 impera-

2154 5132 2322 5178 torem
2342 5125 2746 5179 Constantinum
2768 5123 2808 5188 ³,
2834 5135 2888 5178 et
2914 5125 3167 5178 nuntiavit
3193 5122 3241 5177 ei
3266 5122 3334 5175 de
3352 5134 3578 5185 corpore
3598 5133 3725 5172 san-

2152 5194 2222 5248 cti
2250 5194 2523 5267 Stephani.
2573 5194 2865 5267 Imperator
2901 5191 3077 5249 autem
3109 5191 3473 5267 sciscitabatur
3494 5189 3725 5267 qualiter

2151 5256 2358 5339 venerit
2383 5266 2450 5317 ab
2476 5256 2821 5339 ierosoiymis
2845 5279 3072 5339 corpus,
3103 5274 3157 5316 et
3177 5262 3298 5339 quis
3326 5269 3482 5339 esse}.
3507 5256 3605 5339 qui
3627 5256 3727 5310 huc

2150 5333 2429 5405 detulerat.
2470 5335 2567 5401 Qui
2615 5328 2956 5388 adduxerunt
2987 5335 3036 5388 ei
3083 5328 3362 5405 mulierem
3385 5370 3401 5395 ,
3432 5328 3673 5382 dicentes
3705 5340 3722 5405 ξ

2153 5404 2375 5458 Domine
2402 5405 2711 5474 Imperator,
2740 5405 2851 5458 haec
2880 5412 2960 5459 est
2987 5418 3106 5474 quae
3134 5403 3308 5457 attulit
3334 5411 3530 5469 corpus
3557 5403 3725 5452 Sancti

2214 5538 2231 5569 ι
2265 5536 2337 5586 sic
2357 5542 2502 5602 vetus
2522 5533 2694 5585 codex.
2717 5541 2773 5602 At
2794 5532 2928 5602 editi,
2953 5540 3090 5602 nam:
3112 5536 3269 5580 autem
3284 5529 3410 5602 [acto
3430 5524 3643 5577 venimus
3658 5523 3725 5574 ad

2150 5603 2349 5663 anguste
2368 5596 2599 5663 ραιαηιεδν
2624 5599 2816 5663 propter
2839 5596 3104 5663 ριίηςίρεζη
3121 5596 3332 5656 Augusti-

2213 5658 2233 5691 i
2266 5658 2398 5716 Editi,
2428 5666 2651 5722 Taurum.
2687 5662 2742 5722 Ai.
2761 5662 2887 5713 Mss,
3202 5720 3208 5722 Α
3281 5710 3310 5722 _.

2212 5722 2233 5752 ³
2267 5712 2413 5770 vetus
2433 5719 2587 5767 codex
2610 5718 2703 5766 hoc
2725 5712 2900 5765 iterum
2922 5713 3048 5775 loco,
3071 5712 3409 5781 Constantium.
3435 5718 3612 5781 verum
3634 5712 3726 5779 iiu-

2149 5783 2333 5839 sebtus,
2356 5781 2419 5829 de
2441 5794 2539 5842 quo
2556 5790 2719 5839 supra,
2740 5790 2835 5826 non
2861 5777 3150 5842 Constantio,
3173 5776 3259 5825 sed
3292 5778 3600 5824 Constantino
3633 5776 3721 5818 int-

2154 5836 2351 5906 perutile
2376 5836 2470 5891 fuit
2488 5836 2740 5903 cpiscopus
2755 5836 3306 5900 Consuuttintqmlitanus.
