4078 6466
495 348 599 406 89.5

491 463 762 545 compulsa
789 467 1114 525 mortiferum
1145 469 1270 525 illud
1301 469 1445 526 virus
1489 468 1867 525 incredulitatis
1905 469 2054 540 abje.

491 544 643 588 cerit.

566 605 621 686 δε
658 604 896 686 Diamque
924 607 1270 686 diebuspene
1299 607 1431 673 istis,
1447 610 1655 686 quibus
1693 625 1790 679 ego
1819 609 1948 686 tanti
1979 623 2062 664 sa-

494 675 718 754 cerdotii
733 691 950 754 nomen,
972 679 1093 754 licet
1115 675 1376 754 indignus,
1395 675 1615 754 adeptus
1629 675 1768 754 sum,
1789 679 2064 754 presbyter

494 744 707 821 quidam
727 745 802 815 (α)
825 749 1100 821 sanctitate
1118 744 1410 819 prmcipuus
1427 765 1457 804 a
1477 744 1806 821 Ierosolyma
1823 744 2060 821 veniens,

497 811 739 882 Magonre'
763 811 866 869 non
900 817 1056 888 iongo
1097 811 1333 888 tempore
1371 830 1605 874 moratus
1644 811 1726 874 est
1759 837 1771 872 :
1799 819 1889 888 qui
1917 811 2063 888 post;

497 899 655 964 quam
689 886 954 964 iratisvebi
979 888 1046 943 ad
1077 886 1390 964 Hispanias,
1423 891 1558 964 sicut
1585 886 1935 964 desiderabat,
1966 903 2061 944 ne-

495 954 760 1034 gtiivitjb)
781 996 805 1034 ,_
824 971 1067 1034 remeare
1109 954 1187 1034 ad
1201 959 1428 1014 Africam
1472 961 1646 1014 denuo
1681 960 1863 1034 statuit
1895 977 1908 1013 :
1941 969 2064 1014 tunc

496 1021 637 1077 beati
662 1021 912 1099 Stephani
949 1028 1234 1099 reliquias,
1271 1046 1388 1099 quae
1433 1045 1598 1098 nuper
1629 1029 1871 1084 revelata:
1899 1037 2058 1093 sunt,

494 1105 617 1178 quin
646 1093 721 1178 aii
745 1095 1023 1178 Hispanias
1051 1093 1659 1178 portare_'constituis$et
1681 1139 1696 1163 ,
1743 1100 1883 1178 ipsas
1905 1099 2063 1178 ,_siue

495 1161 656 1244 dubio
676 1161 900 1244 Martyre
929 1161 1235 1244 inspirante,
1263 1170 1318 1244 in
1343 1170 1617 1244 memorati
1637 1161 1812 1236 oppidi
1835 1161 2062 1244 ec_clesia

495 1233 796 1314 collocavit.
811 1233 938 1314 Quo
959 1233 1115 1314 faeto,
1140 1240 1378 1307 protinus
1403 1240 1488 1293 ille
1517 1233 1848 1314 ignis,'quem
1881 1239 2062 1314 Domi-

501 1317 600 1379 nus
616 1305 755 1357 venit
774 1305 982 1379 mittere
1003 1308 1055 1360 in
1087 1305 1275 1379 terram
1302 1319 1353 1362 et
1381 1305 1908 1379 quem‘valdebrdere
1922 1308 2065 1379 cupit

497 1370 646 1447 (Luc.
669 1388 760 1438 xu,
779 1373 892 1443 49),
913 1377 1167 1432 charitate
1187 1377 1299 1447 ejus
1315 1370 1567 1434 acc-casus
1578 1387 1675 1432 est.
1697 1378 1884 1433 Statim
1901 1370 2064 1446 siqui-

497 1441 628 1523 dem
648 1451 796 1523 tepor
823 1441 1002 1504 noster
1025 1441 1259 1523 incaluit,
1274 1457 1338 1523 _et
1363 1449 1560 1523 factum
1579 1457 1662 1503 est
1689 1441 2060 1523 cor_nost£iim,

496 1517 633 1592 sicut
654 1517 1029 1594 scriptumcs‘t,
1057 1517 1248 1594 ardens
1273 1519 1323 1571 in
1349 1519 1426 1594 via
1455 1518 1579 1588 (Id.
1607 1535 1748 1581 xxiv,
1773 1519 1892 1594 52).
1917 1518 2066 1594 Tunc

497 1583 821 1662 enimilleOin
851 1585 952 1662 ﬁde
974 1587 1079 1662 jam
1107 1587 1324 1662 ardebat
1348 1583 1512 1650 zelus,
1546 1599 1784 1662 tuucspe
1804 1583 2066 1662 salvandae

498 1651 850 1731 multitudinis
879 1651 1128 1731 erigebat.
1163 1658 1408 1731 Denique
1449 1658 1626 1731 statim
1670 1651 1928 1731 intercisa;
1944 1666 2067 1731 sunt

496 1723 656 1774 etiam
685 1723 1012 1794 salutationis
1037 1726 1206 1780 ofﬁcia
1233 1768 1248 1794 ,
1274 1723 1334 1783 et'
1366 1743 1472 1782 non
1497 1729 1665 1782 solum
1693 1727 2058 1782 familiaritatis

497 1792 824 1872 consuetudo
841 1795 1068 1872 divulsa,
1093 1797 1184 1851 sed
1200 1792 1356 1872 etiam
1372 1799 1523 1872 noxia
1546 1799 1846 1852 inveteratae
1861 1798 2065 1872 species

498 1860 770 1914 cbaritatis
798 1863 861 1916 ad
885 1860 1063 1920 odiuni
1089 1869 1394 1936 temporale,
1415 1869 1505 1922 sed
1531 1884 1626 1935 pro
1646 1877 1858 1920 aeterna:
1879 1860 2066 1922 saluus

497 1946 682 2006 amore
714 1936 958 2006 translata
987 1946 1087 1990 est.
1114 1936 1169 1991 ln
1201 1939 1444 1992 omnibus
1476 1938 1662 2006 plateis
1687 1938 1941 1991 adversus
1968 1936 2065 1991 Ju-

883 2005 1037 2078 chis
1057 2049 1072 2076 ,
1102 2007 1154 2062 in
1181 2009 1426 2064 omnibus
1451 1999 1698 2063 domibus
1727 2008 1850 2063 ﬁdei
1886 2006 2066 2077 praelia

497 2083 836 2138 gerebantur.

571 2143 624 2223 4i.
666 2142 970 2223 J_udasorum
1001 2149 1224 2223 populus
1249 2149 1476 2223 maxime
1501 2148 1774 2223 cujusdam
1801 2147 2066 2223 Theodori

497 2219 811 2288 anetoritate
836 2226 888 2270 et
920 2220 1148 2285 potentia
1176 2221 1457 2284 nitebatur,
1488 2221 1575 2288 qui
1607 2236 1710 2274 non
1737 2219 1906 2274 solum
1929 2220 2067 2273 inter

497 2280 732 2349 .ludtcos,
748 2280 933 2339 verum
951 2289 1106 2344 etiam
1131 2290 1266 2345 inter
1285 2280 1612 2347 Christianos
1629 2290 1867 2357 ejusdem
1889 2288 2066 2357 oppidi

497 2360 552 2404 et
581 2367 740 2441 consil
772 2358 1049 2441 et'bonore
1075 2359 1252 2413 saeculi
1286 2361 1582 2441 principuus
1622 2368 1774 2424 erat,
1807 2360 2066 2441 siquidem

500 2423 637 2491 apud
669 2423 784 2480 illos
822 2426 974 2496 Legis
1001 2428 1186 2484 doctor
1205 2469 1219 2494 ,
1248 2423 1298 2484 et
1328 2429 1424 2498 (ut
1448 2423 1684 2498 ipsorum
1717 2423 1836 2484 utar
1865 2423 2066 2497 verbo)

499 2503 879 2574 paterpatrum
927 2499 1020 2550 fuit
1052 2517 1064 2551 :
1110 2501 1166 2574 in_
1201 2501 1422 2574 civitate
1449 2509 1623 2554 autem
1664 2498 1868 2574 cunctis
1904 2498 2068 2574 curia:

499 2568 697 2616 muniis
725 2569 1029 2632 exsolutus,
1058 2579 1112 2622 et
1137 2569 1384 2624 defenSor
1405 2570 1512 2638 jam
1544 2571 1850 2632 exstiterat,
1881 2579 1933 2622 et
1959 2568 2065 2637 jatn

498 2647 641 2688 nunc
672 2646 920 2708 patronus
949 2639 1284 2708 nniniripium
1315 2639 1559 2694 habebat.
1585 2639 1864 2694 Christiani
1892 2648 2068 2708 autem
2093 2703 2096 2708 _

502 2713 558 2756 ut
593 2705 755 2758 corde
775 2747 789 2771 ,
821 2707 886 2759 ita
915 2707 1071 2761 ctiam
1101 2705 1159 2763 et
1186 2709 1386 2764 viribus
1421 2709 1648 2764 humiles
1668 2750 1681 2771 ,
1709 2708 1802 2764 sed
1833 2707 2068 2763 veritatis

501 2773 694 2849 robore
720 2777 1021 2849 superiores
1041 2818 1056 2843 ,
1088 2781 1292 2846 patroni
1322 2779 1571 2849 Stephani
1604 2779 1954 2849 patrocinium
1975 2778 2068 2833 de-

501 2846 886 2917 precabantur:
913 2847 1082 2902 donec
1110 2849 1317 2917 utrique
1342 2846 1625 2913 exercitus,
1653 2865 1771 2902 cum
1791 2849 1898 2917 jam
1926 2847 2068 2903 diem

500 2916 806 2969 certaminis
832 2917 1206 2982 contlixissent,
1236 2916 1376 2974 datis
1404 2931 1528 2973 tunc
1558 2920 1779 2972 induciis
1794 2916 2067 2974 discesse-

501 2991 646 3059 ﬂint,
668 2985 938 3059 ἶΙιιόιιξὶεγὶό
968 3004 1282 3059 magnopere
1308 2989 1753 3058 exspectantibus,
1783 2999 1838 3042 ut
1867 2987 2070 3059 scilicet

504 3052 916 3131 Tlieodorus,_iii
945 3052 1095 3126 cuju's
1125 3052 1181 3112 se
1201 3060 1372 3131 omnis
1401 3052 1664 3131 synagoga
1688 3052 1886 3131 viribus
1912 3058 2070 3112 accli-

501 3124 692 3196 nabat,
719 3142 784 3181 ex
817 3124 1145 3196 Majoriéensi
1189 3130 1355 3183 insula
1387 3124 1770 3193 reverteretur,
1804 3129 1870 3182 ad
1909 3144 2066 3196 quam

502 3193 640 3269 forte
667 3193 909 3269 visendze
923 3200 1271 3266 possessionis
1294 3203 1459 3269 gratia
1487 3209 1807 3269 perrexerat.
1831 3193 2070 3266 Quiqui-

500 3263 621 3320 dem
651 3268 826 3321 statim
857 3263 1014 3322 ut'ad
1047 3287 1165 3322 eum
1207 3263 1366 3324 missa
1403 3263 1595 3340 legatio
1634 3282 1752 3333 est,
1783 3263 2026 3322 remeans
2049 3311 2064 3340 ,

501 3340 811 3392 auctoritate
832 3354 924 3392 sua
953 3340 1146 3393 multos
1174 3345 1389 3403 terruit;
1420 3339 1511 3395 sed
1542 3355 1646 3394 non
1677 3339 1944 3398 exstinxit,
1975 3339 2068 3393 sed

501 3409 800 3478 eonsopivit
824 3412 1178 3464 contentionis
1205 3410 1504 3465 incendium
1540 3429 1552 3463 :
1582 3410 1780 3478 majore
1810 3409 2067 3476 siquidem

501 3476 642 3548 illico
669 3478 1022 3533 cxardesceus
1055 3480 1304 3534 violentia
1327 3521 1339 3542 ,
1371 3483 1528 3534 etiam
1561 3476 1786 3532 vicinum
1817 3479 2067 3548 Oppidum

503 3545 626 3602 ﬁdei
650 3548 858 3620 ﬁgmma
883 3551 1154 3620 corripuit.
1187 3551 1249 3604 Et
1271 3560 1327 3604 ut
1353 3552 1480 3605 illud
1507 3550 1804 3605 Salomonis
1823 3545 2068 3617 ini—plere-

503 3625 624 3690 tur,
657 3605 840 3690 Frater
872 3605 1080 3690 frgtrein
1125 3621 1371 3690 adjuvans
1406 3619 1707 3676 exaltabitur
1741 3626 1867 3674 sicut
1897 3605 2069 3690 rivitas

502 3687 651 3759 ﬁnita
669 3699 723 3759 et
739 3688 843 3743 alta
871 3687 1064 3755 (Prov.
1109 3687 1258 3757 xvin,
1291 3692 1392 3759 l9)
1422 3710 1436 3757 ;
1478 3697 1775 3746 statuerunt
1809 3689 1958 3742 multi
1989 3689 2069 3742 fa-

503 3757 631 3811 muli
671 3757 903 3824 Christi,
937 3761 1172 3816 laborem
1221 3757 1424 3816 itineris
1463 3761 1679 3816 minime
1718 3769 2027 3815 recusantes
2051 3801 2066 3824 ,

504 3837 723 3882 cunctas
746 3831 905 3883 animi
933 3831 1074 3884 vires
1102 3831 1222 3886 huic
1251 3833 1388 3887 bello
1419 3831 1646 3886 tradere.

574 3900 628 3953 5.
669 3898 939 3955 Pendente
970 3902 1125 3970 igitur
1151 3904 1351 3970 praelio,
1383 3917 1482 3956 nos
1506 3900 1714 3970 quidem
1739 3899 1910 3967 qualia
1935 3915 2070 3968 prae-

503 3970 866 4036 paraverimus
895 3986 1042 4025 arma
1063 4013 1077 4036 ,
1109 3973 1373 4026 subditum
1401 3973 1524 4026 huic
1558 3971 1794 4039 epistolae
1822 3970 2070 4025 Commo-

503 4039 751 4111 nitorium
784 4040 971 4109 probat
1002 4058 1015 4094 :
1047 4042 1187 4110 quod
1217 4042 1429 4111 quidem
1460 4056 1564 4096 non
1596 4056 1690 4109 pro
1719 4041 2068 4111 quorumdam

503 4109 851 4163 instructione
878 4111 960 4165 edi
989 4109 1250 4182 voluimus
1271 4113 1491 4182 (quippe
1518 4113 1605 4180 qui
1633 4125 1694 4182 ea
1721 4109 1928 4178 penitus
1949 4125 2071 4178 ege-

505 4193 647 4249 mus,
671 4187 726 4232 et
749 4195 904 4248 quam
931 4195 960 4232 a
990 4181 1327 4236 Beatitudine
1340 4191 1513 4236 vestra
1542 4181 1708 4249 magis
1731 4183 2065 4248 speramus),

504 4247 679 4319 sedul
702 4249 1052 4304 animadverti
1097 4253 1262 4319 possit
1282 4293 1295 4313 ,
1327 4267 1432 4306 non
1459 4247 1729 4304 minimam
1756 4264 1854 4302 nos
1877 4247 2070 4302 sollici-

505 4317 742 4389 tudinem
755 4319 1051 4389 secundum
1071 4317 1336 4374 modulum
1356 4321 1713 4389 possibilitatis
1740 4328 1932 4373 nostrze
1949 4333 2069 4372 sus-

504 4392 642 4457 cepti
682 4388 928 4442 habuisse
956 4391 1259 4444 certaminis
1285 4407 1298 4443 :
1328 4388 1594 4446 Christum
1623 4405 1782 4452 vero,
1812 4389 1961 4456 cujus
1987 4403 2072 4442 re-

503 4474 662 4528 gnum
694 4473 797 4511 non
831 4461 881 4512 in
921 4474 1167 4516 sermone
1188 4502 1203 4527 ,
1243 4460 1334 4515 sed
1381 4463 1433 4516 in
1459 4463 1649 4516 virtute
1676 4469 1756 4513 est
1779 4499 1793 4519 ,
1824 4459 1976 4512 nobis
2005 4473 2071 4513 ne

502 4530 720 4583 verbum
739 4528 948 4598 quidem
977 4531 1383 4599 proferentibus,
1408 4533 1518 4585 suis
1543 4529 1720 4585 omnia
1734 4529 1932 4582 viribus
1952 4543 2072 4583 con-

503 4612 816 4663 summasse,
841 4607 895 4652 et
918 4600 1117 4668 absque
1143 4602 1249 4656 ullo
1273 4603 1466 4657 sudore
1492 4600 1796 4656 certaminis
1816 4600 2071 4654 exercitui

502 4683 600 4722 suo
622 4668 779 4733 hanc,
797 4683 960 4742 quam
979 4686 1134 4725 nemo
1157 4681 1248 4725 aut
1272 4682 1461 4742 optare,
1477 4671 1722 4742 audebat,
1746 4679 1835 4724 aut
1859 4683 2072 4742 sperare

502 4747 729 4809 poterat,
759 4738 1033 4793 victoriam
1061 4738 1406 4796 concessisse.
1437 4741 1602 4795 Judaii
1634 4741 1789 4809 igitur
1817 4740 2072 4806 exemplis

502 4823 562 4862 se
591 4807 876 4862 Machabtei
921 4813 1172 4878 temporis
1209 4812 1580 4874 exhortantes,
1611 4807 1832 4864 mortem
1863 4823 2071 4878 queque

502 4893 600 4947 pro
629 4879 976 4933 defendendis
1025 4881 1272 4948 legitimis
1314 4884 1424 4934 suis
1467 4880 1857 4934 desiderabant.
1890 4879 2070 4946 Itaque

503 4964 608 5003 non
636 4950 806 5003 solum
835 4951 998 5004 libros
1024 4947 1302 5005 revolvere
1321 4992 1335 5010 .
1367 4949 1460 5004 sed
1503 4952 1659 5004 etiam
1686 4964 1812 5003 saxa
1838 4989 1851 5010 ,
1876 4947 2034 5002 sudes
2053 4989 2069 5016 ,

499 5019 696 5088 jacula,
725 5020 1008 5089 omniaque
1033 5022 1252 5090 telorum
1279 5035 1476 5090 genera
1501 5019 1566 5072 ad
1594 5033 1913 5090 synagogatn
1940 5033 2071 5090 conf

503 5090 642 5142 ferre
665 5104 877 5158 cmpcre
900 5131 914 5152 .
947 5101 1004 5144 ut
1029 5089 1448 5146 Christianorum
1487 5089 1654 5143 aciem
1682 5092 1873 5142 virtute
1904 5089 2072 5140 sancti

503 5159 731 5232 Spiritus
755 5157 1010 5232 munitam
1041 5162 1108 5230 (si
1140 5163 1209 5215 ita
1241 5177 1326 5216 res
1353 5157 1639 5232 posceret),
1659 5161 1816 5214 etiam
1837 5158 2072 5226 corporis

501 5231 701 5283 viribus
737 5231 1121 5298 propulsarent.

575 5299 628 5353 6.
671 5299 872 5353 Interea
911 5302 1032 5352 dum
1080 5300 1131 5354 bi
1176 5310 1460 5368 apparatus
1497 5307 2070 5370 gererentur,_magno-

503 5385 608 5439 que
651 5371 966 5424 altrinsecus
1007 5371 1180 5424 studio
1225 5370 1455 5424 futurum
1501 5368 1788 5424 instituitur
1832 5368 2066 5439 bellum,

506 5438 752 5508 utrinque
796 5441 1059 5493 exercitus
1099 5441 1538 5495 inenarrabilibns
1575 5450 1628 5494 et
1665 5438 2072 5508 absolutissimis

505 5505 725 5564 somniis
752 5521 1171 5578 commoventur,
1200 5527 1424 5581 quorum
1453 5513 1498 5566 si
1528 5511 1724 5564 nullam
1757 5509 1962 5579 penitus
1988 5505 2069 5559 fa-

592 5685 604 5704 I

592 5682 619 5713 ΙΙ
875 5706 886 5716 .

568 5667 643 5791 ἕϋζ
677 5675 932 5778 Ὲῗὶηι
979 5731 1195 5789 Hispania
1225 5729 1422 5782 obsessa
1467 5728 1556 5776 hoc
1600 5735 1818 5787 tempore
1842 5738 1868 5774 a
1890 5723 2067 5773 Gothis.

506 5790 728 5840 mironius
751 5790 807 5841 ad
823 5803 999 5840 annum
1023 5791 1118 5840 ΗΘ.

1944 353 2302 412 APPENDIX.

3635 359 3742 416 εει

2167 484 2343 526 cerem
2372 471 2716 541 mentionem,
2743 483 2848 525 non
2865 469 3149 541 _minimam
3176 471 3395 526 videbor
3420 482 3622 541 partem
3653 476 3739 528 di-

2166 541 2304 594 vinae
2332 541 2510 608 gloria
2534 540 2837 610 operuisse.
2855 539 2944 594 Sic
2971 541 3111 594 enim
3138 543 3304 594 sancti
3332 539 3558 610 apostoli
3588 545 3738 600 Pauli

2167 611 2430 665 somnium
2451 610 2618 664 Lucas
2639 623 2802 663 sacrae
2827 608 3058 664 historia:
3081 611 3320 671 inseruit,
3339 608 3540 678 dicens,
3564 615 3738 669 virum

2168 679 2506 735 Macedonem
2529 679 2756 733 astitisse
2783 679 2836 732 in
2859 680 3061 734 visione
3086 681 3275 744 noctis,
3298 693 3536 736 orantem
3565 692 3624 736 ut
3645 685 3742 739 ad-

2163 749 2435 821 juvaretur
2461 750 2529 804 ab
2556 765 2650 821 eo;
2679 748 2862 821 et_bae
2884 750 3196 821 Apostolum
3226 750 3425 821 visione
3451 757 3739 821 praemoni-

2168 828 2313 883 tum,
2345 819 2549 874 itineris
2589 819 2691 872 alio
2730 818 2974 873 destinati
3017 833 3229 874 cursum
3270 819 3337 874 ad
3377 818 3739 879 Macedoniam

2167 890 2492 944 convertisse
2509 888 2668 1013 ίἓΑει.
2697 904 2820 950 xvr,
2853 888 2908 954 9,
2940 886 3062 960 10).
3089 888 3294 956 Quanto
3324 891 3502 961 itaque
3529 892 3740 948 Domini

2167 960 2333 1013 nostri
2356 959 2478 1013 Jesu
2553 958 2702 1012 hristi
2737 957 2906 1013 maior
2926 967 3008 1012 est
3032 959 3196 1013 gloria
3215 997 3232 1013 .
3255 961 3394 1013 ouod
3425 962 3475 1013 id
3504 963 3739 1013 minimis

2166 960 2333 1013 nostri
2356 959 2478 1014 Jesu
2509 957 2702 1028 Christi
2737 957 2906 1027 major
2926 967 3008 1012 est
3021 957 3196 1028 gloria
3215 997 3232 1022 ,
3255 961 3394 1028 quod
3417 957 3475 1015 id
3504 963 3739 1018 minimis

2168 1037 2326 1102 atque
2358 1029 2592 1102 indignis
2637 1027 2848 1102 fatnulis
2887 1027 3126 1084 revelare
3167 1027 3409 1102 dignatus
3445 1041 3564 1095 est,
3596 1033 3740 1102 quod

2165 1099 2324 1152 etiam
2357 1097 2511 1152 beato
2540 1097 2792 1222 Aﬁostolo
2818 1097 3242 1152 demonstratum
3265 1099 3536 1167 Scriptura
3562 1097 3742 1158 celare

2167 1168 2373 1222 noluit?
2403 1169 2562 1222 luitur
2626 1167 2866 1222 revitatis
2897 1182 3085 1222 causa.
3115 1183 3181 1222 ne
3205 1168 3521 1222 Beatitudini
3545 1181 3742 1222 vestrae

2167 1168 2373 1238 noluit?
2403 1169 2562 1238 Igitur
2590 1167 2866 1238 brevitatis
2897 1182 3085 1231 causa,
3115 1183 3181 1222 ne
3205 1168 3521 1224 Beatitudini
3545 1181 3742 1226 vestrae

2166 1236 2444 1293 fastidium
2463 1237 2686 1293 fortasse
2727 1237 2988 1308 gignatur,
3028 1239 3135 1293 duo
3175 1247 3376 1293 tantum
3417 1242 3622 1296 somnia
3651 1242 3743 1296 in-

2166 1323 2336 1363 seram
2347 1347 2358 1362 .

2239 1378 2290 1431 7.
2330 1376 2483 1448 Apud
2506 1393 2601 1433 nos
2620 1377 2808 1434 devota
2830 1377 3066 1447 quasdam
3089 1377 3505 1448 religiosissima,
3523 1382 3741 1435 nomine

2165 1446 2446 1520 Theodora
2468 1489 2482 1512 ,
2525 1464 2650 1520 quae,
2669 1458 2721 1502 et
2746 1446 3047 1520 virginitate
3072 1446 3320 1520 corporis
3346 1490 3363 1514 ,
3392 1459 3446 1504 et
3485 1451 3741 1520 religione

2169 1518 2498 1586 propositi,et
2515 1517 2740 1573 nominis
2762 1517 3190 1586 interpretatione
3206 1529 3386 1588 typum
3406 1517 3614 1587 portare
3633 1521 3738 1575 Ec-

2167 1588 2338 1659 clesiae
2356 1597 2666 1659 mereretur,
2691 1589 2889 1659 viditin
2911 1587 3110 1659 visione
3131 1587 3301 1642 noctis
3324 1590 3534 1642 viduam
3553 1606 3739 1659 quam-

2167 1657 2289 1711 dam
2321 1657 2700 1712 nobilissimam
2722 1699 2749 1728 ,ί
2767 1658 2832 1712 ad
2860 1673 2974 1722 me,
3003 1657 3094 1725 qui
3133 1673 3236 1728 non
3279 1672 3374 1728 pro
3400 1657 3618 1723 merito,
3645 1660 3739 1714 sed

2171 1743 2264 1794 pro
2291 1727 2450 1782 divini
2480 1728 2714 1782 muneris
2741 1727 2981 1796 largitate
3007 1727 3305 1782 sacerdotio
3334 1729 3541 1795 fungor,
3566 1730 3735 1784 inser-

2169 1805 2249 1850 tas
2269 1798 2284 1828 ⁸
2308 1798 2506 1852 litteras
2527 1814 2621 1868 per
2636 1813 2693 1868 se
2710 1797 2918 1852 misisse
2933 1800 2977 1862 ',
2996 1797 3330 1868 quibusmihi
3347 1807 3566 1868 cunctos
3585 1814 3740 1868 agros

2167 1882 2291 1922 suos
2306 1868 2373 1922 ad
2396 1866 2762 1922 semiiiandum
2789 1867 3094 1936 suppliciter
3118 1866 3351 1922 offerret.
3380 1867 3551 1922 Simili
3575 1866 3734 1923 etiam

2167 1939 2375 2007 somnio
2402 1953 2486 1992 me
2511 1953 2718 2007 quoque
2743 1938 2980 1991 ultimum
3011 1945 3346 2006 peccatorum
3374 1937 3440 1990 ad
3465 1939 3738 1992 seminan-

2168 2006 2291 2061 dum
2334 2006 2656 2077 praecingere
2697 2018 2751 2062 et
2791 2019 3132 2061 commouere
3173 2007 3417 2074 dignatus
3443 2016 3544 2061 est.
3576 2008 3741 2063 Vidua

2169 2078 2310 2132 enim
2326 2078 2566 2202 qiizndam
2593 2078 2755 2132 altera
2783 2077 3128 2142 nobilissima,
3149 2091 3307 2146 quam
3331 2092 3612 2147 synagoga:
3629 2094 3743 2159 spe-

2169 2149 2303 2201 ciem
2381 2148 2593 2202 abuisse
2622 2163 2724 2201 non
2756 2147 2972 2202 dubium
3001 2157 3104 2202 est.
3135 2161 3219 2201 me
3246 2155 3305 2200 ut
3330 2162 3486 2202 agros
3509 2162 3634 2201 suos
3663 2165 3743 2202 m-

2169 2149 2303 2201 eiem
2344 2147 2593 2202 habuisse
2622 2163 2724 2201 non
2756 2147 2972 2202 dubium
3001 2157 3104 2211 est,
3135 2161 3219 2201 me
3246 2155 3305 2200 ut
3330 2162 3486 2216 agros
3509 2162 3634 2201 suos
3659 2147 3744 2202 in-

2169 2219 2340 2271 cultos
2369 2219 2717 2286 susciperem,
2749 2232 2963 2286 eosque,
2999 2216 3210 2285 quando
3251 2225 3459 2285 tempus
3487 2220 3743 2272 sementis

2171 2297 2402 2357 urgeret,
2427 2288 2703 2358 diligenter
2723 2287 3044 2358 excolerem,
3073 2286 3634 2358 deipreeabaturuQum
3659 2298 3743 2342 est

2170 2355 2344 2412 autem
2366 2355 2876 2412 altera'nobilissima
2900 2357 3075 2422 vidua,
3099 2357 3199 2410 nisi
3223 2356 3310 2409 illa
3337 2372 3453 2425 quae
3472 2355 3740 2411 Christum

2171 2428 2331 2496 impie
2360 2427 2685 2497 perimendo,
2714 2429 3051 2495 semetipsam
3077 2426 3448 2481 crudelissime
3472 2426 3741 2497 viduavit?

2171 2495 2283 2552 lloc
2297 2495 2558 2552 somnium
2581 2499 2850 2566 utriusque
2866 2511 3027 2550 unum
3049 2505 3149 2550 est.
3169 2498 3306 2550 Ante
3323 2497 3532 2566 triginta
3548 2495 3738 2562 ferme,

2171 2583 2326 2650 quam
2353 2568 2680 2650 impleretur,
2703 2567 2838 2631 dies,
2865 2575 2918 2620 et
2937 2566 3129 2650 vidisse
3152 2576 3363 2650 nosne}.
3379 2568 3502 2647 licet
3521 2567 3740 2650 absolu-

2174 2636 2368 2708 tionem
2397 2636 2512 2707 ejus
2540 2638 2904 2708 ignoraremus
2926 2677 2941 2703 ,
2979 2645 3154 2691 tamen
3198 2636 3448 2692 fratribus
3473 2636 3740 2691 indicasse

2171 2706 2505 2762 manifestum
2535 2706 2636 2761 est.

2241 2779 2294 2858 δ’.
2337 2777 2486 2846 Apud
2507 2777 2718 2858 udaeos
2734 2790 2946 2858 qumque
2959 2777 3100 2858 miro
3114 2775 3312 2858 diving.
3333 2775 3740 2858 dispensationis

2171 2845 2454 2912 ordine,’ut
2477 2857 2531 2905 et
2551 2845 2776 2906 nominis
2793 2847 3054 2902 Theodori
3076 2856 3130 2901 et
3148 2846 3305 2902 ofﬁcii
3323 2845 3427 2901 mei
3443 2847 3495 2900 in
3519 2859 3627 2900 uno
3649 2845 3742 2900 ho-

2173 2919 2314 2972 mine
2341 2919 2566 2973 societas
2589 2917 2914 2972 conveniret.
2945 2917 3254 2971 Theodorus
3278 2921 3366 2984 qui
3393 2931 3632 2971 summus
3656 2930 3744 2968 sa-

2171 2989 2362 3044 cerdos
2383 2988 2564 3057 perﬁdi
2587 2987 2766 3057 populi
2787 2996 2920 3052 erat,
2947 2988 3209 3040 somnium
3231 2986 3374 3057 quod
3393 2986 3615 3047 viderat,
3637 3001 3740 3057 non

2172 3059 2344 3111 Solum
2373 3055 2605 3122 Judmis,
2620 3055 2710 3112 sed
2737 3058 2896 3110 etiam
2929 3058 3234 3126 propinqua:
3263 3056 3468 3110 cuidam
3501 3055 3740 3126 matrifa-

2173 3129 2351 3182 niilias
2374 3128 2638 3194 primaria:
2668 3127 2830 3196 ipsius
2858 3128 3105 3191 civitatis,
3131 3125 3415 3194 multisque
3437 3127 3595 3179 etiam
3619 3125 3741 3178 aliis

2173 3198 2505 3261 Christianis,
2521 3206 2643 3252 ante
2665 3213 2766 3249 non
2792 3212 3008 3264 parvum
3033 3212 3188 3264 quam
3211 3197 3592 3265 adimpleretur
3610 3203 3743 3248 tem-

2175 3285 2300 3336 pus,
2333 3270 2415 3324 his
2444 3268 2775 3323 sermonibus
2805 3265 3114 3336 propalavit.
3143 3267 3300 3320 Eunti
3331 3265 3460 3319 mihi
3482 3304 3497 3328 ,
3529 3266 3735 3336 inquit,

2175 3335 2225 3393 in
2270 3353 2586 3409 synagogam
2611 3377 2626 3402 ,
2667 3337 2940 3409 duodecim
2971 3337 3065 3409 viri
3104 3351 3294 3409 manus
3321 3336 3505 3409 obvias
3533 3335 3735 3389 obtule-

2175 3406 2328 3473 runt',
2355 3406 2591 3463 dicentes
2619 3423 2633 3459 :
2663 3408 2778 3474 Quo
2813 3406 2999 3460 vadis?
3027 3406 3133 3460 Leo
3174 3407 3280 3461 illic
3313 3415 3412 3460 est.
3453 3406 3584 3460 Cum
3614 3419 3742 3472 ergo

2174 3481 2354 3533 audito
2384 3479 2550 3532 leonis
2576 3479 2790 3531 nomine
2821 3477 3082 3544 trepidare
3108 3479 3387 3546 ccepissem
3411 3517 3425 3540 ,
3458 3476 3631 3529 locum
3661 3484 3742 3546 ta-

2175 3564 2316 3612 men,
2349 3549 2473 3602 dum
2506 3549 2677 3617 fugam
2711 3546 3030 3617 paro,iunde
3057 3545 3514 3617 introspiscerem,
3545 3545 3739 3617 reperi,

2175 3630 2225 3673 et
2247 3619 2349 3673 vidi
2379 3613 2666 3674 monachos
2688 3613 2792 3671 illic
2820 3615 2949 3669 mira
2975 3613 3556 3685 suavitate'psallentes.
3577 3613 3742 3680 Major

2175 3690 2301 3744 inihi
2330 3705 2492 3758 pavor
2517 3688 2656 3741 illico
2678 3687 2913 3758 adjectus
2935 3694 3036 3750 est,
3063 3695 3117 3758 et
3147 3684 3321 3740 nisi’in
3347 3684 3616 3758 cujusdam
3640 3699 3740 3736 no-

2175 3763 2315 3813 mine
2330 3753 2519 3812 Ruben
2542 3753 2806 3826 ingressus
2831 3756 3041 3809 fuissem
3066 3755 3301 3820 domum,
3325 3765 3378 3808 et
3401 3755 3520 3808 inde
3543 3753 3608 3806 ad
3631 3768 3745 3805 ma-

2177 3841 2305 3882 trem
2326 3828 2668 3898 propinquam
2691 3842 2849 3898 cursu
2873 3827 3124 3898 prancipiti
3143 3826 3748 3898 convolassem,_i_icqua-

2173 3892 2341 3968 quam'
2371 3892 2553 3953 curam
2598 3892 3123 3968 mortiferilterroris
3171 3897 3473 3968 evasissent.
3521 3892 3610 3945 Illa
3645 3907 3747 3968 _me

2174 3962 2474 4022 exanimem
2505 3969 2622 4022 sinu
2653 3982 2749 4021 suo
2781 3965 3099 4028 confovens,
3127 3979 3158 4018 a
3202 3963 3506 4018 discrimine
3545 3962 3750 4030 pariter

2175 4053 2222 4090 et
2244 4054 2272 4091 a
2294 4049 2433 4092 metu
2455 4039 2662 4106 eripuit.
2693 4037 2802 4090 Hoc
2825 4035 2937 4106 ejus
2963 4035 3223 4106 somnium
3246 4032 3742 4106 valdeelarumes‘t,

2174 4119 2224 4162 et
2253 4102 2684 4177 interpretatione
2710 4122 2810 4177 non
2840 4102 3054 4177 indiget.
3083 4104 3211 4170 Quis
3229 4106 3375 4177 enim
3401 4105 3506 4167 leo,
3537 4103 3635 4155 nisi
3657 4102 3746 4177 ille

2175 4179 2236 4232 de
2260 4171 2554 4232 tribu'Juda
2582 4176 2732 4230 radix
2759 4174 2923 4228 David
2953 4171 3222 4245 (Apocav,
3257 4173 3360 4245 5)?
3384 4188 3502 4245 quae
3529 4171 3745 4239 propin-

2174 4264 2274 4317 qua
2292 4249 2398 4312 illa,
2419 4248 2516 4300 nisi
2537 4247 2603 4301 de
2618 4263 2717 4316 qua
2736 4243 2985 4317 scriptum
3003 4255 3105 4317 est,
3125 4244 3240 4317 Una
3255 4243 3323 4317 est
3340 4243 3623 4317 propinqua
3636 4256 3745 4293 mea

2176 4312 2407 4387 ('Cantic.
2432 4333 2504 4383 vi,
2522 4317 2556 4371 8
2575 4321 2592 4386 )
2608 4312 2781 4387 Y'lllud
2803 4312 2927 4387 ergo
2946 4316 3116 4387 solum
3141 4314 3414 4387 videbatur
3433 4312 3743 4378 obscurum,

2175 4384 2312 4457 quod
2341 4390 2390 4440 in
2426 4384 2639 4442 domum
2679 4384 3091 4457 Rubendudan,
3119 4400 3149 4438 a
3179 4384 3332 4457 leone
3360 4398 3479 4436 cum
3513 4391 3744 4457 terrere-

2177 4451 2282 4522 t'ur,
2306 4459 2572 4528 ingressus
2594 4467 2674 4512 est
2703 4472 2716 4508 :
2748 4454 2886 4528 quod
2905 4455 3116 4528 quidem
3143 4455 3292 4528 nobis
3317 4452 3652 4528 postmodum
3677 4451 3748 4505 ab

2178 4531 2293 4598 ipso
2314 4523 2464 4583 leone
2486 4530 2572 4597 qui
2599 4523 2803 4598 terruit,
2830 4533 2886 4576 ut
2909 4525 3161 4598 salvaret,
3177 4523 3569 4598 evidentissime
3584 4535 3746 4598 expo-

2177 4590 2332 4655 situm
2363 4608 2442 4652 est
2473 4590 2654 4666 {quod
2684 4595 2876 4666 dehinc
2902 4609 2998 4648 suo
3027 4593 3402 4662 explicabimus
3431 4592 3570 4646 loco.
3597 4590 3746 4646 Nunc

2176 4678 2350 4724 autem
2376 4665 2562 4735 emptte
2589 4666 2666 4720 rei
2691 4665 2930 4722 ordinem
2964 4679 3272 4735 prosequart

2246 4739 2300 4793 9.
2343 4739 2415 4791 Ex
2443 4729 2800 4791 .l'ammonensi
2826 4729 3037 4787 civitate
3061 4733 3124 4786 ad
3141 4729 3535 4802 profectionem
3567 4729 3740 4802 famu-

2178 4811 2348 4880 lorum
2376 4807 2571 4862 Christi
2601 4805 2878 4880 multitudo
2901 4799 3532 4880 convenii;_qu_:e_in_ipso
3551 4799 3749 4880 oppido

2178 4879 2457 4950 putabatur
2484 4878 2771 4950 consistere
2796 4891 2813 4950 ;_
2843 4885 3088 4950 tantaque
3109 4869 3640 4950 difﬁcilliiuiitineris
3668 4869 3748 4922 la-

2177 4941 2358 5004 borem
2391 4947 2661 5000 alacritate
2688 4946 2931 5010 confecit,
2963 4941 3018 4998 ut
3056 4943 3268 5011 triginta
3298 4941 3459 4994 millia
3495 4954 3748 5011 passuum

2173 5019 2452 5089 jucundius
2483 5014 2846 5089 transvolaret,
2890 5009 3609 5089 quamsi'adsuburbanum
3639 5009 3751 5089 Aali-

2177 5083 2316 5159 quod
2343 5087 2757 5159 amantissimum
2779 5084 2841 5136 ad
2864 5085 3105 5159 convivia
3127 5083 3381 5159 epulaturi
3403 5086 3740 5159 vocarentur.

2181 5149 2342 5227 igitur
2378 5157 2647 5226 Magonam
2679 5149 3262 5227 pervenimus._Statim
3294 5150 3469 5227 missis
3514 5149 3746 5227 clericis,

2178 5219 2886 5282 adventum'nieum'Judmis
2915 5224 3170 5284 nuntiavi,
3195 5231 3250 5276 et
3279 5232 3333 5273 ut
3372 5221 3436 5273 ad
3467 5219 3750 5272 ecclesiam

2179 5310 2413 5353 sanctam
2459 5295 2711 5349 accedere
2758 5296 3116 5363 dignarentur,
3161 5292 3396 5361 poposci.
3449 5289 3524 5363 Illi
3569 5301 3750 5342 autem

2179 5371 2502 5426 iuipinatutn
2532 5365 2682 5420 nobis
2712 5359 2948 5418 nuntium
2975 5359 3324 5426 remittentes,
3365 5359 3752 5413 mandaverunt

2179 5427 2456 5494 eceiesiam
2501 5437 2599 5490 sibi
2633 5437 2744 5503 (ne,
2789 5435 2971 5498 credo,
2999 5433 3380 5503 polluerentur)
3407 5428 3629 5503 ingredi
3657 5427 3749 5503 die

2179 5509 2362 5566 eadem
2393 5523 2493 5561 non
2521 5497 2765 5575 Oportere
2795 5522 2809 5560 :
2841 5497 2961 5557 esse
2998 5497 3137 5557 enim
3167 5502 3306 5575 diem
3346 5497 3567 5575 sabbati,
3597 5497 3752 5566 cujus

2181 5579 2511 5636 festivitatem
2536 5570 2644 5630 suis
2669 5576 2740 5628 illi
2767 5575 2970 5629 actibus
2993 5572 3370 5642 corrupissent.
3397 5570 3626 5626 Rursum
3648 5584 3748 5638 ego

2245 5719 2258 5748 ¹
2295 5722 2450 5780 Forte,
2469 5711 2734 5780 inscriptas.

2245 5781 2264 5809 '
2299 5778 2434 5834 Alias,
2460 5776 2758 5837 praemisisse.
