4078 6472
296 379 399 435 825

292 499 540 567 expetivi,
565 506 620 569 nt
648 512 732 553 me
757 497 824 569 ad
851 510 1190 569 synagogam,
1221 498 1265 552 si
1281 498 1854 569 Amallelll,0ppcrircn-

294 579 411 629 tur;
438 568 862 637 quandoquidem
882 567 1161 637 ingressus
1185 567 1426 637 ecclesia:
1457 568 1677 634 pollutio
1705 569 1853 623 vide-

294 635 475 691 retur:
503 654 604 690 non
637 635 816 706 utique
842 651 935 690 eos
960 635 993 706 a
1021 636 1170 690 nobis
1197 636 1249 690 in
1291 636 1378 692 die
1406 635 1523 690 festi
1563 639 1763 692 sabbati
1791 637 1857 692 ad

293 722 428 774 opus
452 708 641 760 servile
667 705 908 774 compelli
933 722 948 770 ;
972 705 1200 759 futurum
1231 719 1405 759 autem
1431 706 1857 762 honestissimum

293 776 360 828 de
383 776 494 843 lege
515 777 836 836 conﬂictum,
859 790 957 830 nec
981 775 1284 829 excitandas
1304 776 1423 830 lites
1443 785 1495 830 et
1519 774 1720 830 fabulas
1741 791 1859 831 esse.

297 845 627 908 miscendas;
675 853 765 898 aut
791 846 834 898 si
865 860 970 898 non
998 852 1168 897 astute
1211 856 1476 898 certamen
1519 845 1776 914 fugerent,
1807 853 1862 901 et

295 914 587 980 simplicem
629 913 878 967 aﬁ'errent
900 914 1331 982 excusationem,
1359 913 1698 969 ostenderent
1723 930 1860 982 prae-

295 991 530 1052 ceptum,
559 983 742 1052 quoin
785 997 851 1036 eo
879 981 964 1036 die
993 997 1290 1037 sermonem
1336 984 1578 1038 conferre
1622 981 1859 1052 prohibi~

295 1051 406 1105 tum
435 1053 520 1105 sit.
551 1051 629 1105 Ad
657 1051 770 1106 inec
793 1067 914 1106 cum
947 1051 1020 1104 illi
1052 1052 1102 1104 in
1127 1053 1370 1106 omnibus
1391 1051 1861 1109 contradictionem

297 1122 762 1175 obstinatissimam
792 1121 1117 1185 retulissent,
1145 1121 1356 1177 tandem
1383 1123 1523 1176 illius
1549 1123 1715 1178 leonis
1751 1134 1859 1179 ter-

299 1206 420 1244 rore
449 1191 728 1260 compulsi,
764 1191 829 1245 ad
855 1191 1070 1244 domum
1098 1192 1149 1244 in
1180 1207 1334 1258 quam
1368 1193 1595 1260 hospitio
1621 1207 1862 1248 accesse-

298 1276 436 1325 ram,
463 1260 848 1342 confluxerunt.
883 1261 973 1342 lbi_
992 1275 1126 1328 ego:
1158 1260 1368 1328 Quzeso,
1393 1262 1629 1342 inquam,
1651 1263 1861 1342 fratres,

299 1345 466 1411 quare
492 1332 642 1411 quasi
666 1330 1207 1411 .adversuslatrones,
1245 1330 1534 1400 prtesertim
1574 1332 1625 1386 in
1654 1333 1865 1411 civitate

300 1399 554 1454 Romanis
580 1399 781 1470 legibus
807 1400 1035 1464 subdita,
1065 1399 1283 1471 acervos
1307 1417 1554 1456 saxorum
1584 1403 1866 1471 omniaque

298 1483 564 1541 armorum
580 1484 776 1541 genera
791 1471 1171 1541 congregastis?
1186 1470 1292 1527 Nos
1311 1471 1584 1541 acquirere
1600 1470 1862 1540 cupimus,

303 1553 400 1592 vos
425 1537 645 1606 perdere
670 1537 1007 1595 desideratis.
1030 1540 1143 1594 Non
1182 1555 1282 1604 est,
1323 1537 1574 1610 quantum
1601 1537 1850 1605 arbitror,

301 1623 509 1678 :equum
535 1616 594 1663 ut
618 1618 722 1663 tam
761 1611 904 1664 varia
940 1611 1032 1664 lite
1067 1611 1379 1666 alterutrum
1407 1611 1742 1666 laboremus:
1774 1625 1866 1665 vos

299 1692 450 1743 vero,
495 1686 554 1732 ut
593 1679 762 1744 video,
797 1681 954 1749 sititis
992 1689 1228 1733 nostrum
1255 1681 1583 1749 sanguinem,
1617 1695 1714 1735 nos
1741 1695 1867 1735 vero

302 1756 530 1801 vestram
561 1750 805 1802 salutem.
838 1749 916 1803 Ad
947 1748 1060 1818 inec
1086 1749 1158 1802 illi
1189 1748 1458 1818 paululum
1488 1750 1676 1811 territi,
1705 1765 1866 1818 nega-

300 1831 428 1871 vere
448 1819 636 1872 factum
657 1834 671 1882 ;
696 1818 892 1872 nostris
910 1817 1295 1873 afﬁrmantibus
1320 1821 1388 1874 ita
1413 1835 1470 1874 se
1493 1819 1685 1874 habere
1709 1817 1864 1874 etiam

302 1902 421 1942 cum
444 1888 788 1959 jurejurando
828 1887 1210 1942 renitebantur.
1243 1889 1392 1943 Tunc
1415 1905 1535 1959 ego,
1584 1898 1640 1943 ut
1669 1890 1863 1944 nodum

303 1965 489 2025 coepta:
515 1958 865 2012 contentionis
902 1959 1265 2012 abscinderem
1294 1977 1307 2014 :
1340 1959 1435 2014 Ubi
1457 1958 1586 2024 res,
1632 1959 1864 2026 inquam,

301 2028 472 2099 oculis
502 2029 713 2099 probari
745 2039 935 2096 potest,
982 2027 1247 2096 juratione
1282 2029 1406 2099 quid
1442 2043 1573 2099 opus
1603 2027 1722 2082 est?
1767 2029 1868 2082 Ea-

306 2113 422 2150 mus
450 2098 606 2165 igitur
629 2097 692 2150 ad
721 2113 1061 2168 synagogam,
1090 2109 1143 2152 et
1164 2097 1337 2152 utrum
1367 2114 1460 2168 pro
1479 2097 1614 2152 'vitio
1640 2108 1704 2152 an
1726 2099 1868 2153 veri-

305 2175 414 2219 tate
443 2176 613 2238 vestra
645 2167 839 2222 nitatur
859 2169 1105 2236 assertio,
1136 2167 1524 2238 vobismetipsis
1554 2169 1870 2224 testantibus

303 2237 750 2304 comprobabitur.

379 2307 464 2361 10.
507 2307 732 2378 Pergere
784 2307 940 2377 igitur
989 2307 1054 2361 ad
1105 2322 1422 2378 synagogam
1475 2308 1769 2378 cmpimus,
1810 2316 1871 2378 et

311 2375 563 2447 hymnum
603 2375 825 2431 Christo
843 2393 934 2446 per
963 2375 1186 2446 plateam
1215 2375 1278 2432 e'x
1309 2375 1642 2433 multitudine
1677 2377 1872 2432 lzntitiae

307 2447 644 2517 canebamus.
689 2448 931 2501 Psalmus
959 2456 1154 2512 autem,
1202 2463 1359 2517 quem
1389 2449 1519 2502 mira
1544 2447 1873 2517 iucunditate

309 2518 468 2587 etiam
503 2533 532 2570 a
561 2516 859 2572 Judteorum
900 2517 1107 2587 populis
1148 2516 1568 2587 deoantabatur,
1597 2516 1682 2571 hic
1725 2517 1822 2570 fuit
1849 2529 1872 2572 8

310 2584 471 2640 Periit
515 2589 752 2640 memoria
798 2584 982 2640 eorum
1012 2603 1122 2640 cum
1167 2590 1411 2654 strepitu,
1455 2598 1502 2643 et
1544 2586 1790 2641 Dominus
1818 2587 1874 2641 in

311 2666 550 2710 teternum
579 2668 830 2725 permanet
867 2655 1032 2726 (Psal.
1057 2673 1129 2723 ιχ,
1158 2659 1210 2720 7,
1241 2658 1320 2725 8).
1353 2657 1456 2712 Sed
1486 2667 1767 2726 antequam
1805 2656 1872 2711 ad

310 2741 626 2796 synagogatn
672 2727 1085 2796 perveniremus,
1113 2727 1352 2796 quredam
1380 2727 1576 2782 Judzeze
1625 2727 1875 2781 mulieres

311 2797 664 2866 (ordinatione
705 2797 864 2852 credo
894 2796 1030 2865 Dei),
1070 2797 1338 2850 audaciam
1372 2808 1773 2866 prtesumentes,
1819 2805 1876 2850 ut

312 2866 517 2920 scilicet
545 2875 843 2920 nostrorum
888 2867 1074 2920 lenitas
1104 2865 1428 2931 incitaretur,
1459 2865 1661 2936 lapides
1685 2866 1736 2919 in
1778 2879 1875 2920 nos

313 2949 378 2989 ex
420 2937 693 3004 superiore
731 2937 848 2991 loco
879 2937 1288 2991 immanisslmos
1312 2940 1511 3006 jactare
1553 2945 1870 3006 ceperunt:

313 3006 426 3128 qui,
444 3007 633 3059 mirum
659 3006 820 3070 dictu,
841 3021 958 3060 cum
985 3022 1142 3074 super
1167 3005 1605 3062 confertissimam
1637 3005 1843 3059 multitu
1859 3037 1874 3048 ο

353 3075 490 3128 inem
534 3077 804 3128 grandinis
844 3078 1008 3128 instar
1045 3077 1446 3128 descenderent.
1485 3078 1746 3128 neminem
1776 3091 1871 3128 no-

353 3075 490 3129 inem
534 3077 804 3146 grandinis
844 3078 1008 3129 instar
1045 3077 1446 3141 descenderent,
1485 3078 1746 3131 neminem
1776 3091 1871 3129 no-

313 3155 564 3209 strorum,
585 3163 686 3199 non
717 3147 885 3200 Solum
909 3148 1034 3210 ict'u‘,
1059 3146 1149 3200 sed
1178 3162 1274 3202 nec
1305 3156 1444 3200 tactu
1475 3147 1685 3216 quidem
1714 3162 1874 3199 vexa-

311 3231 458 3272 vere.
487 3216 581 3270 Ilic
611 3219 759 3285 agnis
788 3217 895 3271 suis
924 3217 1006 3271 leo
1032 3216 1117 3272 ille
1144 3217 1392 3272 terribilis
1420 3216 1874 3271 mansuetudinem

313 3287 582 3355 paululum
623 3289 880 3341 abstulit:
930 3302 1113 3340 omnes
1154 3288 1434 3354 siquidem,
1466 3287 1877 3340 reclamantibus

315 3358 486 3425 nobis,
509 3371 630 3411 saxa
659 3357 968 3424 corripiunt,
991 3367 1042 3411 et
1066 3359 1286 3425 pastoris
1307 3357 1714 3412 commonitioue
1737 3367 1877 3425 post-

316 3424 514 3492 habita,
568 3443 686 3481 cum
735 3444 894 3480 unum
944 3424 1116 3496 potius
1165 3430 1441 3481 Consilium
1485 3428 1689 3482 cunctis
1733 3424 1878 3480 seltts

316 3498 491 3576 potius
521 3496 737 3576 Christi,
771 3513 925 3566 quam
961 3498 1034 3550 ira
1073 3509 1395 3576 suggereret,
1442 3499 1592 3576 inpos
1629 3498 1879 3576 cornibus

315 3568 646 3636 impetendos
675 3577 991 3624 censuerunt
1016 3584 1029 3620 :
1058 3568 1296 3636 quamvis
1324 3569 1422 3622 hoc
1447 3569 1583 3621 illius
1618 3569 1705 3636 qui
1733 3569 1878 3622 solus

315 3633 484 3691 bonus
507 3647 685 3705 pastor
706 3647 807 3703 est,
845 3648 972 3691 nutu
1005 3633 1195 3690 factum
1226 3653 1345 3692 esse
1385 3638 1514 3691 nulli
1547 3633 1760 3692 dubiqu
1788 3638 1874 3690 sit.

320 3705 558 3773 Denique
579 3723 644 3760 ne
673 3717 943 3761 cruentam
978 3708 1121 3776 gregi
1151 3722 1248 3763 suo
1277 3708 1543 3762 videretur
1573 3708 1879 3776 prmstitisse

314 3777 589 3830 victoriam
623 3818 637 3840 ,
684 3793 839 3832 nemo
889 3777 1190 3832 Judaeurum
1241 3793 1299 3832 se
1347 3789 1648 3832 contactum
1691 3779 1877 3831 saltem

315 3843 497 3911 fuisse,
531 3863 595 3899 ne
619 3862 714 3916 pro
736 3848 926 3902 invidia
965 3847 1200 3915 quidem,
1229 3858 1285 3901 ut
1314 3863 1427 3901 mos
1456 3856 1556 3911 est,
1586 3847 1874 3900 simulavit.

315 3917 454 3971 Sane
500 3920 742 3985 quoniam
791 3919 1105 3972 omnimodis
1150 3918 1402 3971 debemus
1452 3917 1616 3971 vitare
1661 3916 1876 3970 menda-

313 3987 476 4049 cium,
510 4002 646 4039 unus
679 4003 741 4040 ex
771 3989 912 4040 animi
937 3989 1356 4043 Christianorum
1387 4002 1608 4041 numero
1635 3987 1879 4040 inventus

313 4064 418 4126 est,
450 4056 536 4126 qui
582 4072 700 4126 cum
732 4057 930 4110 Acham
961 4059 1030 4112 illi
1075 4059 1260 4112 similis
1287 4073 1405 4111 esse
1446 4059 1626 4116 Vellet.
1656 4057 1744 4126 qui
1780 4056 1878 4110 sub

314 4125 440 4198 .iesu
459 4124 598 4178 Nave
624 4125 688 4178 de
713 4129 1046 4198 anathemate
1072 4129 1235 4194 spolia
1257 4127 1554 4197 concupivit
1572 4124 1749 4198 (Iosue
1763 4125 1874 4198 vn).

315 4196 445 4249 Nam
469 4209 652 4247 servus
681 4195 951 4262 cujusdam
982 4197 1260 4249 Christiani
1285 4195 1449 4258 solus,
1475 4195 1596 4250 dum
1628 4195 1874 4264 aliquid'a

317 4280 579 4335 synagoga
605 4264 836 4335 diripere
870 4267 1212 4334 concupiscit,
1243 4268 1292 4319 in
1327 4267 1552 4335 lapidem
1575 4267 1879 4319 offensionis

318 4334 556 4388 incurrit.
607 4334 832 4400 Quidam
881 4351 1007 4388 vero
1054 4334 1390 4400 nostrorum,
1438 4337 1584 4404 quasi
1628 4335 1879 4389 adversus

316 4404 579 4467 Judteum,
621 4404 843 4472 lapidem
874 4405 1082 4471 injecit;
1126 4407 1212 4472 qui
1253 4406 1409 4472 capiti
1434 4406 1549 4474 ejus
1591 4404 1780 4469 illisus,
1824 4412 1880 4458 ut

317 4475 505 4542 capitis
531 4475 632 4538 sui,
686 4475 734 4528 id
777 4484 858 4528 cst
897 4475 1113 4541 Christi,
1159 4476 1507 4540 meminisset,
1557 4475 1873 4528 admonuit:

317 4545 457 4612 quod
488 4545 677 4598 vulnus
708 4545 826 4598 licet
848 4545 1201 4612 periculosum
1229 4545 1403 4608 fuerit,
1435 4553 1612 4598 tamen
1651 4554 1703 4597 et
1735 4546 1877 4598 illum

319 4615 516 4683 rapinae
559 4630 667 4668 suze
697 4615 936 4669 conﬁteri
973 4616 1449 4684 concupiscentiam
1498 4614 1772 4683 compulit,
1825 4624 1879 4669 et

317 4694 536 4739 cunctos
580 4700 645 4738 ne
671 4685 912 4738 similiter
937 4685 1258 4748 laberentur,
1291 4687 1540 4754 przesmti
1585 4685 1770 4737 terruit
1798 4684 1879 4736 ul-

319 4756 479 4808 tione.
531 4755 690 4824 Igitur
733 4769 1006 4824 p05tquam
1051 4755 1245 4809 Judzeis
1274 4754 1581 4809 cedentibus
1620 4769 1880 4824 synagoga

318 4826 468 4894 potiti
496 4840 700 4889 sumus,
739 4826 914 4878 nullus
941 4840 1004 4878 ex
1048 4841 1110 4880 ea
1140 4826 1444 4894 quidquam,
1481 4840 1582 4878 non
1609 4824 1727 4877 dico
1755 4825 1878 4877 abs-

320 4897 456 4957 tulit,
488 4896 580 4949 sed
610 4911 708 4949 nec
755 4896 1003 4964 cogitavit
1046 4896 1294 4964 diripere.
1337 4894 1525 4948 Omnia
1569 4895 1683 4960 ejus
1719 4909 1878 4964 orna-

318 4974 518 5025 menta,
547 4966 779 5033 exceptis
800 4963 944 5019 libris
965 4975 1120 5035 atque
1141 4963 1360 5034 argento
1379 4980 1505 5035 cum
1522 4967 1643 5035 ipso
1659 4963 1876 5035 pariete,

318 5035 453 5104 ignis
476 5035 786 5102 absumpsit.
816 5035 1004 5088 Libros
1023 5033 1256 5101 sanctos,
1285 5051 1351 5088 ne
1373 5033 1508 5103 apud
1549 5033 1760 5087 Judzeos
1802 5033 1883 5086 in.

312 5104 510 5174 juriam
561 5113 882 5172 paterentur,
923 5106 1264 5169 sustulimus;
1310 5113 1582 5174 argentum
1613 5118 1760 5167 vero,
1813 5118 1879 5157 ne

317 5175 401 5228 vel
428 5175 496 5228 de
521 5177 691 5240 praeda
727 5185 923 5236 nostra,
967 5176 1050 5228 vel
1077 5175 1142 5228 de
1164 5190 1261 5228 suo
1290 5175 1566 5243 dispendio
1595 5187 1877 5243 quereren-

320 5253 421 5305 tur,
467 5244 593 5312 ipsis
639 5244 978 5298 reddidimus.
1009 5244 1205 5297 Evcrsa
1233 5242 1406 5312 itaque
1433 5243 1639 5298 cunctis
1681 5242 1877 5296 Judwis

316 5315 648 5381 stupentibus
670 5328 951 5384 synagoga,
981 5314 1044 5366 ad
1073 5314 1348 5367 ecclesiam
1375 5329 1493 5368 cum
1527 5313 1735 5384 hymnis
1759 5328 1878 5379 per-

318 5379 573 5446 reximus,
599 5393 652 5437 et
671 5379 890 5437 auctori
905 5385 1135 5436 victoria:
1180 5393 1373 5436 nostra:
1397 5379 1590 5451 gratias
1637 5379 1874 5435 referen-

318 5462 420 5516 tes,
471 5453 650 5514 effusis
698 5455 940 5522 precibus
983 5453 1350 5523 poscebamus,
1400 5463 1458 5504 ut
1483 5468 1602 5505 vera
1646 5452 1876 5519 perﬁdia:

317 5535 469 5576 antra
520 5524 770 5576 Dominus
797 5533 1142 5590 expugnaret,
1190 5531 1243 5576 et
1272 5523 1670 5576 tenebrosorum
1700 5530 1877 5590 pecto-

317 5608 434 5648 rum
460 5592 740 5648 inﬁdelitas
768 5602 1139 5661 coargueretur
1165 5607 1194 5644 a
1225 5592 1440 5646 lumine.
1465 5598 1474 5605 '

389 5665 476 5716 Η.
517 5663 699 5717 Ruben
726 5659 935 5730 quidam
961 5661 1172 5715 Judaeus
1197 5677 1226 5714 a
1251 5661 1493 5724 Domino,
1522 5669 1579 5713 ut
1618 5659 1878 5725 primoge-

317 5734 458 5786 nitus
487 5734 722 5786 omnium
751 5733 1174 5797 constitueretur,
1217 5740 1299 5784 est
1325 5731 1543 5784 electus.
1594 5730 1722 5782 Nam
1764 5730 1872 5780 cla-

321 5819 468 5858 tuorc
491 5803 824 5859 sanctissimo
849 5804 1118 5858 lwtilicans
1143 5801 1302 5856 corda
1339 5801 1643 5864 multorum,
1674 5799 1872 5853 absolvi

1628 384 1952 441 EPISTOLA
1991 386 2255 444 SEVERI.

3423 385 3526 438 8‘26

1965 515 2023 554 se
2064 516 2093 554 a
2124 501 2340 556 vinculis
2386 501 2617 556 Judaicae
2665 498 3052 567 superstitionis
3097 495 3514 566 deprecabatur:

1964 571 2246 638 Statimque
2277 573 2572 640 primitivus
2608 570 2772 624 Jacob
2813 569 3005 640 factus,
3047 567 3251 636 signum
3294 567 3526 640 saiutare

1963 634 2216 706 suscepit,
2248 634 2302 694 et
2347 642 2467 694 inde
2507 642 2702 694 nostris
2729 639 2979 693 lateribus
3003 634 3427 706 atquerconsiliis
3448 635 3528 706 in-

1965 704 2195 772 h.erelis,
2225 710 2692 764 obstinatissimam
2719 717 3028 762 cunctorum
3067 705 3312 760 duritiem
3345 704 3523 758 nobis-

1963 793 2082 832 eum
2124 778 2381 847 increpat.
2421 779 2692 844 Triduum,
2721 779 2770 832 ni
2797 778 2968 842 fallor,
3007 791 3278 847 emensum
3311 783 3413 838 est,
3458 789 3521 847 es

1963 863 2070 916 quo
2100 844 2344 902 nostri—iu
2395 849 2654 913 oratione,
2701 857 2755 902 et
2781 847 2948 902 Judati
2997 848 3046 900 in
3076 845 3291 916 perﬁdia
3333 844 3526 916 persti-

1965 914 2100 972 tere.
2148 918 2273 972 Post
2321 917 2432 972 haec
2460 917 2604 971 venit
2644 917 2975 980 Theodorus,
3027 914 3374 970 multitudinis
3411 928 3524 968 sure

1966 989 2176 1054 agmine
2202 991 2602 1055 circumseptus,
2631 987 2694 1040 ad
2724 988 2892 1041 locum
2923 985 2974 1039 in
2999 1000 3102 1055 quo
3121 985 3220 1038 soli
3245 997 3523 1055 synagoga:

1965 1056 2215 1126 parietes,
2247 1058 2333 1125 qui
2361 1054 2478 1125 post
2509 1056 2621 1110 haec
2656 1055 2991 1126 credentibus
3013 1054 3210 1126 Iudaeis
3236 1061 3362 1107 sunt
3378 1054 3525 1126 sub-

1967 1121 2127 1192 versi,
2170 1121 2448 1194 superesse
2489 1126 2800 1180 videbantur
2830 1144 2844 1180 :
2885 1125 2951 1178 ad
2979 1139 3135 1194 quem
3165 1123 3338 1194 locum
3366 1121 3526 1194 Chri-

1966 1192 2258 1250 stianorum
2287 1197 2481 1264 pariter
2509 1196 2788 1250 multitudo
2826 1192 3090 1264 convenit.
3115 1193 3190 1247 lbi
3215 1192 3528 1264 Theodorus

1967 1280 2088 1335 cum
2111 1262 2362 1320 audacter
2385 1266 2451 1320 de
2481 1267 2595 1335 lege
2621 1264 2908 1326 disserens,
2940 1262 3114 1316 omnia
3157 1277 3274 1335 qua:
3307 1263 3527 1335 objicie-

1967 1333 2162 1390 bantur
2188 1335 2432 1390 irrideret
2459 1331 2618 1404 atque
2646 1341 3003 1404 perverteret;
3041 1331 3529 1404 populusichristia-

1970 1419 2069 1458 nus
2098 1405 2284 1474 videns
2310 1405 2448 1474 quod
2471 1400 3240 1474 verbis'superarinonposset
3261 1400 3528 1474 humanis,

1968 1473 2220 1528 auxilium
2259 1470 2490 1530 de'ctelo
2532 1470 2852 1543 imploravit.
2891 1471 3089 1543 Omnes
3117 1471 3308 1543 itaque
3328 1470 3528 1538 pariter

1968 1543 2276 1608 clamantes,
2305 1559 2422 1598 cum
2445 1539 2652 1598 summo
2679 1543 2838 1597 unita:
2863 1541 3009 1596 vocis
3033 1539 3244 1608 fragore
3259 1539 3526 1608 dixerunt:

1971 1607 2271 1674 Theodore,
2316 1614 2473 1668 crede
2511 1631 2561 1668 In
2588 1613 2879 1668 Christum.
2913 1611 3042 1665 Mira
3093 1607 3532 1678 indulgentissimi

1973 1680 2184 1750 Domini
2213 1683 2574 1738 misericordia
2601 1682 2772 1737 adhuc
2799 1695 2959 1750 parva
2982 1680 3312 1750 petebantur,
3340 1687 3394 1731 et
3414 1691 3530 1750 ma-

1965 1749 2082 1820 jora
2112 1762 2488 1808 concesserat.
2521 1753 2627 1807 imo
2653 1768 2758 1806 non
2800 1747 2996 1805 mirum
3040 1749 3228 1820 estde
3275 1747 3531 1820 Omnipo-

1973 1815 2118 1892 tente
2138 1823 2468 1877 miraculum.
2489 1822 2604 1892 Ipse
2623 1821 2818 1877 etenim
2843 1821 3086 1892 virtutem
3107 1817 3351 1892 clamoris
3375 1815 3534 1892 hujus

1972 1891 2026 1944 in
2065 1892 2278 1947 auribus
2323 1885 2624 1947 Judzeoi-um
2652 1891 3012 1951 commutavit,
3053 1889 3143 1958 qui
3183 1889 3308 1958 olim
3337 1885 3530 1958 ell‘ecit,

1971 1971 2029 2032 ut
2057 1972 2282 2030 quatuor
2319 1963 2512 2031 leprosi
2556 1963 2692 2032 regis
2717 1961 2904 2032 Syriae,
2932 1960 3023 2030 qui
3051 1956 3355 2032 Samariam
3367 1956 3531 2032 _ob_s_e-

1972 2026 2142 2107 derat,
2172 2026 2712 2107 castris'potirentur;
2758 2026 2814 2107 et
2837 2026 3055 2107 qur—per
3081 2027 3295 2083 Gedeon
3330 2026 3536 2107 gladia-

1972 2101 2198 2172 nitarum
2225 2100 2430 2172 agmina
2475 2102 2828 2166 conturbavit,
2858 2100 3107 2172 deditque
3142 2100 3392 2172 trecentis
3419 2100 3536 2164 ejus

1974 2171 2101 2224 viris
2145 2166 2410 2240 ingentem
2454 2173 2568 2247 sine
2608 2172 2787 2247 labore
2820 2166 3536 2247 victoria_nt,.efﬁcieus.per

1974 2236 2253 2308 terrorem,
2301 2253 2359 2296 ut
2399 2245 2594 2296 mutuis
2639 2242 2867 2295 hostium
2896 2238 3180 2294 multitudo
3223 2236 3536 2308 vulneribus

1976 2306 2416 2384 prosterneretur.
2451 2312 2522 2384 Ita
2550 2321 2627 2384 et
2658 2327 2796 2366 nunc
2841 2311 2938 2365 ista
2976 2324 3075 2363 vox
3122 2308 3278 2376 longe
3309 2306 3462 2361 aliter
3490 2319 3531 2384 Oa

1973 2380 2435 2437 circumstantibus
2463 2382 2661 2438 Judaeis
2685 2388 2926 2449 suscepta
2955 2387 3056 2442 est,
3087 2391 3241 2449 quam
3271 2390 3301 2429 a
3337 2380 3534 2449 nostris

1975 2450 2372 2521 immittebatur.
2401 2451 2597 2521 Omnes
2616 2451 2756 2506 enim
2779 2444 3334 2521 putaverunt—dictum,
3359 2444 3536 2521 Theo-

1975 2519 2138 2594 dorus
2156 2521 2409 2594 credidii.
2454 2513 3021 2594 itaqtie_exisi_it_nantes
3047 2517 3336 2585 principem
3379 2513 3538 2594 perii:

1975 2588 2077 2644 dize
2105 2605 2213 2644 sua:
2239 2590 2306 2645 ad
2351 2588 2562 2645 Christi
2578 2590 2735 2644 ﬁdem
2775 2589 2937 2643 fuisse
2978 2601 3314 2648 conversum,
3361 2588 3534 2639 cuncti

1975 2661 2173 2731 pariter
2217 2660 2441 2730 trepidi,
2490 2661 2577 2715 ubi
2625 2659 2928 2731 timornon
2974 2665 3109 2721 erat,
3159 2654 3532 2731 terrebantur:

1976 2721 2226 2784 iuulieres
2253 2721 2436 2785 eorum
2465 2731 2660 2799 sparsis
2685 2728 2916 2784 crinibus
2940 2733 3276 2799 occurrentes
3309 2738 3429 2778 eum
3456 2721 3535 2777 fe-

1977 2799 2076 2852 rali
2117 2800 2315 2854 ululatu
2345 2794 2536 2854 nomen
2565 2799 2827 2853 Theodori
2857 2796 3109 2866 repetitis,
3125 2794 3341 2866 vocibus
3381 2806 3539 2866 aceti;

1977 2867 2184 2933 sabant,
2225 2869 2499 2922 dicentes:
2551 2867 2596 2922 Ο
2643 2860 2939 2932 Theodore,
2990 2865 3116 2935 quid
3165 2863 3372 2918 fecisti?
3428 2860 3539 2917 Vir“.

1977 2946 2173 3002 autem,
2202 2938 2288 2992 alii
2317 2938 2383 2993 ad
2408 2938 2591 2993 devios
2619 2938 2784 2991 saltus
2809 2947 2862 2992 et
2887 2935 3104 2990 lixuras‘
3128 2935 3381 2988 montium
3410 2946 3540 2986 con-

1980 3007 2180 3078 fugere,
2199 3008 2284 3062 alii
2309 3025 2400 3078 per
2426 3008 2590 3076 ipsius
2613 3007 2792 3076 oppidi
2822 3007 3128 3078 angiportus
3145 3003 3535 3078 discurrebant,

1978 3077 2152 3153 locinu
2182 3081 2231 3153 i_n
2258 3077 2770 3153 quo_delitescerent,
2799 3077 3035 3130 invenire
3068 3077 3359 3153 cupientes.
3395 3142 3406 3153 .

2051 3149 2137 3202 12.
2193 3142 2661 3223 ipseTheo‘dorus
2713 3159 2928 3223 stupore
2980 3142 3534 3223 percitlsusndivinam

1978 3212 2293 3274 sententiam
2323 3220 2373 3273 in
2409 3219 2558 3288 plebe
2585 3232 2675 3270 sua
2705 3212 2955 3288 cernebat
2982 3212 3224 3288 impleri,
3256 3212 3409 3288 Fugit
3437 3212 3534 3264 im-

1979 3291 2094 3358 pius
2123 3291 2318 3362 nemine
2342 3282 2872 3362 persequentetProv.
2899 3282 3088 3362 xitvttt,
3115 3284 3205 3362 l)__:
3239 3282 3331 3362 sed
3360 3291 3534 3362 tamen

1981 3354 2084 3412 neu
2117 3354 2357 3423 nemine';
2409 3354 2820 3428 persequebatur
2862 3356 3002 3428 enim
3033 3369 3125 3428 eos
3151 3354 3240 3428 ille
3268 3355 3352 3407 leo
3373 3354 3535 3428 _terri-

1982 3430 2122 3495 bilis,
2176 3431 2264 3499 qui
2307 3419 2373 3484 de
2397 3419 2677 3501 synagoga:
2718 3429 2870 3501 loco,_
2899 3427 3035 3479 sicut
3057 3422 3339 3501 Theodoro
3368 3419 3540 3477 fuerat

1981 3497 2299 3565 revelatum,
2324 3497 2731 3568 per'mouachos
2759 3497 2988 3568 rugitum
3023 3497 3422 3568 em_iserat,_q_uo
3445 3505 3536 3568 re-

1981 3571 2228 3644 sistentes
2258 3561 2549 3624 tremefecit
2580 3561 2850 3644 inimicos:
2874 3566 3058 3644 Stabat
3082 3565 3259 3644 igitur
3298 3561 3541 3616 Theodo-

1980 3654 2072 3694 rus
2101 3641 2153 3694 in
2183 3641 2298 3693 loco
2328 3654 2543 3708 prorsus
2569 3637 2777 3704 eodem,
2810 3652 2914 3705 quo
2938 3635 2986 3690 ei
3019 3635 3218 3702 pridem
3260 3648 3354 3700 per
3398 3646 3541 3684 som-

1982 3711 2127 3762 nium
2160 3718 2330 3764 tcrror
2373 3709 2544 3764 fuerat
2571 3708 2739 3761 leonis
2783 3708 3043 3775 injectus:
3093 3712 3147 3756 et
3181 3719 3299 3775 cum
3326 3715 3540 3775 causam

1981 3788 2140 3833 tantm
2165 3779 2526 3847 trepidationis
2558 3771 2867 3847 inquireret,
2895 3785 2948 3847 et
2980 3789 3171 3847 nomen
3210 3771 3542 3847 solummodo

1981 3851 2147 3922 nostri
2180 3841 2348 3922 leonis
2372 3850 2598 3911 audiret,
2631 3841 2853 3922 'nullant
2896 3845 3022 3910 illic,
3072 3845 3207 3898 sicut
3229 3841 3540 3922 ferebatur,

1980 3919 2238 3992 feritatem
2267 3919 2472 3982 videns,
2496 3927 2696 3992 tantum
2724 3918 3022 3992 psallentes
3039 3913 3324 3992 monachos
3340 3913 3541 3992 Jiintue-

1983 3989 2156 4053 batur,
2199 3998 2254 4044 et
2299 3992 2366 4042 ab
2414 3989 2558 4043 omni
2611 3983 2826 4041 suorum
2875 3983 3210 4038 multitudine
3239 3983 3541 4053 destitutus,

1981 4051 2296 4127 atque-elabi
2332 4073 2546 4127 parans,
2576 4059 2735 4111 etiam
2781 4058 2894 4124 ipse
2920 4055 3112 4127 pedum
3157 4053 3305 4127 viam_
3339 4051 3546 4119 prospi-

1982 4121 2156 4184 ciebat
2184 4146 2196 4201 ς
2223 4121 2518 4201 quemcum
2549 4121 3098 4201 horribili—formidine
3126 4121 3542 4201 apprehensum,

1982 4214 2086 4252 non
2119 4190 2288 4252 solum
2319 4199 2498 4252 colore
2535 4198 2734 4262 vultus,
2774 4211 2959 4250 verum
2990 4193 3147 4248 etiam
3176 4190 3320 4245 vocis
3367 4190 3542 4245 ofﬁcis

1981 4269 2287 4323 destitutum
2332 4269 2518 4321 Ruben
2551 4268 2641 4322 ille
2688 4266 3051 4321 sanctissimus
3080 4262 3393 4331 aspexisset,
3423 4274 3547 4331 pro~

1983 4353 2108 4408 pere
2136 4338 2358 4402 accedit,
2401 4349 2454 4392 et
2483 4345 2792 4408 trementem
2822 4334 3015 4408 blando
3040 4330 3284 4386 sermone
3304 4330 3546 4408 compel-

1985 4401 2124 4474 laus,
2155 4410 2220 4463 ad
2249 4401 2445 4462 Christi
2487 4408 2645 4462 ﬁdem
2675 4405 3086 4467 cohortabatur;
3119 4411 3276 4474 atque
3303 4401 3545 4474 ingerens

1983 4481 2053 4539 ei,
2089 4470 2182 4548 pro
2203 4478 2452 4546 sulfragio
2496 4487 2690 4548 metus,
2724 4492 2833 4530 sua:
2871 4473 3194 4548 credulitatis
3216 4470 3542 4548 exemplum,

1983 4541 2172 4602 donius
2216 4541 2415 4617 ﬁguris,
2467 4541 2733 4617 adquam
2775 4559 2969 4617 pavore
2999 4543 3166 4617 leonis
3215 4541 3544 4609 confugeret=

1983 4613 2376 4702 ειιεοςξθτηηῖοςιο
2403 4613 2706 4702 elisisse
2731 4613 3547 4702 Y‘FePP‘HE‘:V35"'P:P‘.?Eﬂft¥

1985 4679 2210 4742 ﬁdeliter
2238 4689 2479 4760 universa
2517 4698 2821 4760 narremus,
2853 4692 2904 4760 ei
2931 4681 3322 4760 _vos__qui.non
3351 4679 3546 4760 eioquil

1984 4768 2250 4829 ornatum,
2283 4757 2373 4812 sed
2420 4755 2694 4829 veritatem
2739 4749 2994 4829 qumritis,
3013 4749 3271 4829 libentius
3299 4749 3548 4829 audiatis,

1985 4829 2148 4899 ipsius
2179 4819 2362 4899 Ruben
2411 4827 2573 4899 verba
2596 4819 2883 4899 inserens,
2917 4823 3160 4899 nihil_ex
3211 4819 3546 4899 simplicitate

2024 4900 2242 4952 ictorum
2265 4897 2380 4965 ejus
2410 4894 2739 4950 subtraham.
2768 4894 2956 4948 Aiebat
2994 4891 3134 4945 enim
3160 4907 3172 4942 :
3205 4889 3338 4965 Quid
3371 4889 3546 4953 times,

1984 4969 2200 5022 domine
2229 4957 2546 5021 Theodore?
2575 4965 2629 5020 Si
2662 4967 2741 5019 vis
2768 4972 2913 5018 certe
2936 4975 3152 5014 securus
3177 4971 3230 5012 et
3258 4957 3547 5013 honoratus

1983 5047 2033 5092 et
2059 5039 2205 5109 dives
2232 5052 2370 5109 esse,
2403 5038 2456 5091 in
2502 5036 2770 5090 Christum
2811 5031 2990 5095 crede,
3021 5030 3158 5108 sicut
3183 5037 3258 5109 .et
3286 5043 3384 5109 ego
3430 5042 3553 5108 ere:

1985 5109 2115 5162 didi.
2143 5107 2298 5161 Modo
2344 5097 2395 5160 tu
2444 5116 2573 5171 stas,
2613 5114 2665 5159 et
2690 5118 2788 5171 ego
2818 5116 2937 5156 cum
2963 5099 3226 5168 episcopis
3272 5097 3481 5171 sedeo_:_
3504 5097 3550 5150 si

1985 5190 2040 5233 tu
2068 5178 2380 5240 credideris,
2408 5187 2461 5230 et
2486 5186 2540 5228 tu
2561 5165 2799 5233 'sedeb'is,
2825 5182 2878 5224 et
2901 5165 3221 5240 ego'antete
3249 5167 3418 5240 stabo.
3441 5165 3548 5218 Hos

1983 5264 2256 5304 sermones
2303 5235 2633 5316 Theodorus
2662 5243 2768 5316 alta
2798 5235 2974 5294 mente
3001 5237 3317 5316 suscipiens.
3345 5235 3409 5315 ad
3452 5249 3550 5316 nos

1982 5321 2056 5372 ait
2085 5337 2098 5373 :
2128 5318 2338 5371 Faciam
2382 5313 2521 5383 quod
2553 5312 2744 5374 vultis;
2776 5319 2970 5383 tenete,
2999 5308 3192 5383 inquit,
3237 5308 3547 5383 promissio-

1984 5405 2105 5442 nem
2151 5389 2317 5448 hanc;
2367 5375 2460 5438 sed
2494 5383 2779 5455 permittite
2823 5381 2972 5442 milii,
3015 5375 3084 5455 ut;
3116 5377 3262 5455 prius
3311 5375 3547 5455 alloquar

1985 5461 2189 5528 plebem
2219 5469 2411 5528 meam,
2443 5448 2504 5528 ut
2541 5452 2794 5528 majorem
2833 5448 3199 5528 conversionis
3227 5460 3360 5526 meae
3389 5448 3546 5498 etiam

1984 5515 2047 5584 ex
2081 5527 2296 5595 reliquis
2317 5515 2513 5593 possim
2541 5515 2737 5575 habere
2760 5518 3078 5573 mercedem.
3102 5516 3226 5570 llaec
3249 5515 3364 5582 ejus
3389 5529 3549 5583 spon-

2049 5624 2065 5654 ι
2102 5626 2334 5676 Fortasse,
2369 5614 2452 5665 alii
2474 5615 2538 5664 ad
2561 5610 2720 5676 devios
2743 5608 2889 5676 saltus
2911 5606 3169 5676 etﬁssuras
3184 5604 3414 5676 montium
3434 5616 3552 5676 con:

1983 5685 2165 5746 Γαθθνεο
2193 5670 2331 5746 "ira;
2353 5691 2402 5726 η.
2429 5676 2502 5734 12,
2528 5675 2594 5746 qd
2616 5673 2759 5724 silvas
2780 5670 2876 5746 sies
2899 5670 3125 5746 adorati-tr
3143 5670 3556 5746 ςρηίὲᾳρέαἶιέἐει

1985 5731 2146 5804 δίη,
2174 5742 2236 5791 ad
2277 5731 2420 5789 unum
2451 5731 2742 5800 speluncam,
2768 5732 2838 5783 vel
2859 5731 3012 5794 potius
3038 5743 3206 5796 rupem
3223 5732 3554 5837 conveniunt.
