4078 6470
519 389 616 448 831

517 509 684 561 mota.
711 513 831 554 cum
863 514 963 554 una
991 499 1156 555 ferme
1175 501 1344 555 amica
1380 508 1435 556 et
1473 499 1679 555 nutrice
1707 507 1762 556 et
1791 501 1969 570 paucis
1998 517 2094 556 an-

519 570 657 626 cillis
685 571 900 624 domum
924 571 1020 623 viri
1050 571 1129 623 sui
1155 570 1443 633 deserens,
1473 570 1538 624 ad
1564 571 1845 639 quamdam
1877 571 2093 640 spelun-

521 657 662 706 cam,
693 640 816 693 Iicet
855 641 907 692 in
934 641 1107 706 vinea,
1132 647 1310 694 tamen
1351 641 1636 695 remotiore
1674 641 1943 706 paululum
1978 641 2096 696 loco

525 711 646 771 sita,
670 709 829 763 oblita
852 710 1093 763 feminea:
1115 710 1434 763 infirmitatis
1453 711 1638 764 evasit.
1669 709 1793 764 Erat
1815 711 1864 764 in
1889 726 1950 764 ea
1976 725 2098 778 par-

524 794 648 833 vum
676 794 974 849 novumque
996 780 1226 849 torcular
1247 820 1263 842 ,
1301 779 1550 849 lacusque
1577 794 1743 833 novus
1772 780 1940 833 factus
1964 783 2096 848 ligu-

525 865 640 903 ram
663 847 1054 917 quodammodo
1089 863 1276 918 gerere
1299 847 1564 903 credentis
1596 849 1771 918 populi
1803 847 2097 904 videbatur.

524 920 644 974 Non
669 919 809 972 enim
840 918 968 972 istos
1010 918 1142 972 sicut
1184 928 1329 973 utres
1353 928 1580 983 veteres,
1622 919 1715 972 sed
1759 920 1895 973 sicut
1935 933 2100 975 novos

531 989 933 1058 Iacusmustum
962 989 1083 1041 novi
1109 988 1431 1042 Testamenti
1453 988 2102 1058 recepisse.ietcredimus

529 1067 584 1113 et
607 1057 868 1112 videmus.
913 1055 968 1110 In
1008 1072 1073 1127 eo
1112 1057 1268 1127 igitur
1307 1058 1423 1111 loco
1451 1055 1705 1126 cum—per
1737 1057 1954 1111 biduum
1993 1073 2104 1112 ma-

533 1137 688 1182 trona
708 1140 736 1179 a
759 1127 873 1180 viro
893 1141 990 1179 suo
1009 1126 1211 1181 offensa
1236 1127 1573 1180 inexorabilis
1601 1128 2017 1194 permansisset;
2045 1137 2105 1184 ut

533 1201 764 1268 primum
786 1196 937 1250 tertia
959 1195 1072 1250 dies
1092 1196 1285 1268 illuxit,
1316 1197 1524 1249 famula:
1547 1193 1980 1268 aquatnhauglre
2007 1193 2105 1268 ini—

534 1265 740 1338 peravit
767 1281 786 1338 ξ
804 1281 960 1334 quam
1003 1281 1122 1338 cum
1152 1267 1331 1338 odorer
1349 1275 1402 1320 et
1438 1280 1626 1338 sapore
1656 1266 1828 1338 mellis
1865 1265 2104 1322 dulcedi-

535 1333 658 1392 iiem
702 1333 904 1390 referre
941 1336 1216 1400 sensisset,
1255 1336 1426 1404 primo
1449 1334 1661 1404 quidem
1697 1336 1952 1390 ministra:
1982 1351 2106 1391 suc-

536 1419 758 1462 censere
790 1405 972 1474 ctepit,
1000 1413 1054 1475 et
1086 1420 1182 1459 cur
1206 1407 1258 1460 in
1283 1405 1472 1460 eodem
1499 1419 1660 1459 urceo
1688 1407 1790 1459 mel
1818 1405 2106 1475 injecisset,

538 1476 823 1545 indignans
880 1473 1200 1546 inquirebat.
1265 1475 1547 1546 Postquam
1585 1482 1802 1546 autem,
1856 1473 1914 1529 ut
1959 1478 2109 1546 quasi

541 1543 823 1615 negantem
843 1545 1200 1616 convinceret,
1233 1543 1298 1598 ad
1313 1543 1495 1616 lacum
1523 1545 1720 1616 pergit;
1746 1545 1814 1600 de
1841 1560 1948 1615 quo
1976 1543 2110 1614 pau-

539 1613 706 1674 lulum
744 1614 988 1686 concavis
1027 1614 1268 1686 manibus
1311 1613 2108 1686 hauriens_,_'reperitaquam,

546 1700 650 1759 qua
677 1699 784 1759 per
808 1683 1022 1759 biduum
1057 1684 1368 1759 us_a_fucrat,
1393 1685 1443 1759 in
1473 1683 1644 1739 mellis
1665 1683 1962 1740 suavissimi
1988 1701 2112 1759 ver-

543 1752 658 1814 s'am
682 1752 1053 1808 dulcedinem.
1096 1752 1382 1808 Advocans
1423 1755 1598 1825 itaque
1630 1762 1845 1825 cunctas
1870 1771 1988 1825 quae
2015 1755 2113 1809 ad-

545 1832 718 1896 erant,
761 1832 818 1876 ut
854 1831 1136 1896 gustarent
1162 1833 1332 1892 rogat,
1364 1840 1445 1896 _ne
1488 1824 1623 1878 forte
1663 1823 1822 1896 fallax
1859 1823 2019 1896 sapor
2061 1827 2115 1879 in

544 1893 784 1952 faucibus
812 1900 1013 1947 tantum
1039 1892 1204 1961 ipsius
1229 1894 1539 1948 suavitatem
1563 1895 1890 1950 mentiretur.
1919 1892 2116 1950 Omnes

544 1971 818 2038 gustantes
865 1963 996 2038 mira
1042 1964 1396 2038 oblectatione
1441 1965 1642 2038 affecta;
1689 1976 1809 2038 sunt
1832 2005 1862 2038 ,Α
1906 1974 1963 2020 ut
1999 1981 2116 2038 non

545 2033 736 2107 aquam
778 2033 950 2107 mellis
984 2047 1180 2107 sapore
1210 2034 1518 2107 delibutam,
1551 2033 1644 2088 sed
1686 2035 1786 2089 mel
1821 2035 2118 2107 sincerissi-

547 2102 693 2162 m'um
715 2144 730 2168 ,
759 2102 929 2156 solum
963 2117 1112 2174 aqum
1142 2105 1537 2158 similitudinem
1567 2114 1863 2159 censerent.
1893 2106 2121 2174 Stupore

549 2178 708 2248 igitur
745 2174 959 2241 percitae
979 2212 993 2236 ,
1024 2172 1150 2248 dum
1177 2173 1245 2227 ad
1271 2174 1536 2248 civitatem
1572 2172 2119 2248 reverti_parant,icu-

547 2243 742 2302 riosius
767 2251 1004 2311 agentes,
1034 2245 1203 2314 etiam
1234 2258 1409 2298 rorem
1451 2245 1540 2314 qui
1579 2243 1630 2296 in
1670 2245 1846 2298 herbis
1885 2247 2120 2314 plurimis

549 2329 685 2378 erat,
715 2314 1042 2382 degustatum
1068 2313 1294 2367 similem
1322 2313 1652 2382 repererunt.
1693 2313 1923 2384 Pergens
1948 2317 2123 2384 itaque

547 2386 618 2440 ad
647 2387 910 2440 civitatem
936 2392 1175 2438 matrona
1207 2391 1527 2450 memorata,
1559 2386 1672 2438 hazc
1700 2387 1888 2438 marito
1915 2385 2120 2451 detulit,

548 2465 608 2511 et
635 2471 730 2526 per
753 2468 873 2526 eum
903 2455 1146 2526 omnibus
1186 2453 1472 2518 indicavit,
1511 2454 1796 2526 statimque
1836 2455 1901 2508 ad
1920 2453 2123 2526 Christi

551 2523 712 2581 fidem
755 2523 871 2576 sine
908 2523 1252 2578 reluctatione
1294 2525 1580 2579 consensit.
1608 2523 1802 2579 Verum
1833 2525 2017 2579 eadem
2039 2526 2127 2581 die

551 2610 657 2666 qua
683 2593 873 2650 Meletii
896 2593 1459 2666 uxor_amaritudinem
1487 2593 1870 2666 incredulitatis
1895 2595 2126 2664 abjicere

552 2663 621 2721 ex
651 2667 809 2721 melle
830 2663 1104 2734 compulsa
1128 2675 1230 2727 est,
1258 2664 1466 2734 eadem,
1497 2664 1731 2732 inquam,
1757 2664 1845 2719 die
1873 2663 1976 2734 qua
2009 2680 2126 2720 me-

553 2746 758 2791 morata
789 2732 893 2785 lilia
925 2733 1084 2787 Israel
1109 2734 1256 2802 quasi
1289 2732 1343 2787 in
1373 2733 1583 2788 deserto
1613 2733 1780 2802 posita
1815 2732 1959 2788 illum
1985 2737 2126 2790 anti-

555 2821 717 2876 quum
760 2805 928 2876 Mara‘
951 2804 1121 2876 lacum
1163 2803 1354 2876 injecto
1381 2806 1554 2876 crucis
1577 2804 1720 2873 Iigno
1747 2803 2127 2860 obdulcescere

556 2871 822 2946 persensit
861 2871 1054 2946 (Erod.
1078 2871 1241 2946 _xv),i
1270 2873 1341 2926 ita
1384 2871 1882 2946 mirifico'vereqne
1923 2876 2127 2946 caelesti

557 2941 733 3001 omnis
771 2941 992 3000 ecclesia
1025 2941 1189 2999 odore
1218 2943 1484 3011 fragravit,
1514 2952 1572 2997 ut
1600 2941 1931 3012 praesentiam
1959 2945 2128 3014 Spiri-

557 3023 645 3072 tus
672 3015 1027 3082 sancti,quam
1051 3022 1105 3068 et
1123 3024 1244 3069 ante
1259 3014 1369 3081 jam
1387 3014 1688 3083 aliquoties,
1703 3015 1796 3069 sed
1827 3016 2128 3083 paucissimi

559 3079 931 3145 senseramus,
979 3079 1278 3139 fraternitas
1321 3099 1454 3152 pene
1474 3079 1741 3138 ‘universa
1783 3079 2043 3140 sentiret:
2075 3097 2130 3142 et

557 3157 752 3210 mirum
781 3152 987 3209 cunctis
1012 3153 1141 3210 illud
1171 3156 1299 3219 fuit,
1331 3153 1472 3223 quod
1500 3169 1594 3223 per
1619 3155 1832 3209 eosdem
1863 3155 1978 3210 dies
1997 3198 2011 3220 ,
2040 3172 2128 3212 se-

558 3240 686 3281 rena
731 3223 1112 3295 propemodum
1158 3226 1356 3295 jugiter
1396 3233 1769 3293 permanente,
1821 3227 2128 3281 creberrimi

560 3293 760 3350 imbres
786 3293 1298 3360 demittebanturfet
1325 3295 1571 3362 paulatim
1594 3295 1864 3350 venientes
1884 3296 1949 3349 ad
1972 3297 2128 3351 fidem

557 3363 756 3436 Christi
793 3365 1005 3421 Judaeos
1024 3365 1214 3436 pluvia
1255 3364 1621 3436 prsecedebat:
1651 3365 1718 3436 ita
1748 3374 1804 3418 ut
1829 3365 1930 3419 hoc
1957 3367 2129 3420 anim-

561 3435 919 3500 advertentes,
945 3435 1104 3504 vulgo
1126 3437 1262 3490 inter
1287 3449 1384 3489 nos
1412 3443 1466 3489 et
1490 3435 1963 3504 quasijoculariter
1986 3435 2131 3492 dice-

560 3520 742 3576 remus
768 3524 780 3561 :
809 3507 948 3561 Ecce
967 3506 1074 3576 jam
1107 3507 1267 3574 pluit,
1300 3505 1486 3576 scitote
1523 3520 1882 3575 quoscumque
1919 3505 2131 3562 Iudaeos

566 3575 633 3630 ad
659 3574 856 3631 Christi
883 3574 1039 3631 Iidem
1069 3589 1397 3631 accessuros.
1429 3575 1616 3629 Mirum
1650 3574 2132 3640 dictu,frequetttcr

562 3644 688 3716 dum
714 3647 886 3701 adhuc
917 3647 1033 3700 talia
1062 3645 1426 3716 loqueremur,
1453 3660 1482 3698 a
1508 3646 1823 3715 quibusdam
1847 3644 2044 3700 Judaeis
2070 3649 2132 3700 li-

562 3715 647 3769 dei
671 3716 830 3785 janua
863 3715 1168 3785 pulsabatur
1196 3735 1208 3770 :
1241 3732 1339 3770 nec
1369 3716 1665 3782 immerito,
1703 3716 1839 3770 sicut
1877 3717 2130 3785 scriptum

558 3794 661 3848 est,
692 3785 924 3856 Pluviam
944 3787 1274 3840 voluntariam
1299 3785 1575 3856 segregabil
1599 3786 1880 3856 ltwreditati
1900 3803 2006 3840 sua:
2027 3786 2132 3841 Do-

560 3855 728 3927 minus
751 3855 920 3925 (Ρωι.
949 3873 1107 3921 utvn,
1142 3856 1250 3926 IO).
1297 3855 1536 3927 Desuper
1563 3865 1714 3910 erant
1739 3855 1982 3924 feminae,
2013 3873 2132 3927 qua:

561 3925 614 3978 in
656 3926 872 3981 odorem
915 3935 1298 3996 unguentorum
1329 3926 1525 3981 Christi
1553 3941 1768 3981 currere
1794 3925 2126 3982 recusabant.

634 3995 720 4050 I8.
764 3995 1048 4051 Innocentii
1092 3997 1230 4051 illius
1249 4037 1263 4061 ,
1291 3999 1442 4067 cujus
1469 4011 1626 4065 supra
1657 3996 1876 4051 fecimus
1902 3999 2131 4052 mentio-

561 4080 703 4128 nem,
727 4075 966 4122 matrona
991 4083 1109 4121 cum
1140 4069 1285 4136 prole
1311 4084 1428 4133 sua,
1462 4067 1797 4129 venerabilis,
1830 4068 1965 4121 sicut
1993 4069 2130 4121 fama

560 4144 641 4188 est
659 4176 674 4200 ,
706 4136 861 4191 vidua
880 4179 894 4201 ,
922 4138 1064 4192 illico
1089 4147 1145 4190 ut
1186 4138 1572 4200 Innocentium,
1605 4138 1803 4190 sororis
1828 4138 2126 4206 conjugem,

560 4219 873 4275 conversum
897 4222 1013 4261 esse
1033 4209 1326 4275 conspexit,
1356 4207 1530 4262 navim
1555 4207 1882 4271 conscendit,
1914 4221 2017 4261 noti
2040 4223 2130 4261 so-

561 4274 668 4326 lum
721 4274 1176 4343 permittentibus,
1213 4277 1307 4332 sed
1353 4280 1510 4332 etiam
1556 4277 1896 4332 suadentibus
1948 4277 2129 4344 nobis;

559 4345 681 4412 quia
711 4345 776 4399 ad
803 4347 960 4401 fidem
985 4345 1177 4401 Christi
1201 4361 1300 4400 nec
1318 4349 1511 4410 verbis,
1535 4363 1631 4401 nec
1661 4348 1926 4400 miraculis
1955 4348 2132 4402 fleete-

558 4424 762 4488 rentur.
801 4413 957 4488 Uxor
977 4426 1152 4470 autem
1187 4417 1469 4488 Innocentii
1501 4434 1595 4488 per
1618 4427 1855 4488 quatuor
1871 4417 1980 4472 fere
2018 4418 2132 4474 dies

559 4485 777 4558 verbum
805 4487 1010 4553 salutis,
1039 4489 1177 4556 quod
1201 4485 1589 4558 ingerebam'us,
1617 4487 1888 4542 obduratis
1916 4489 2132 4543 auribus

559 4555 866 4628 recipiebat.
899 4558 1020 4612 Ilzec
1041 4555 1160 4611 eum
1183 4555 1393 4612 om'nem
1423 4573 1678 4628 respuens
1700 4558 2035 4626 medicinam,
2060 4560 2132 4612 in-

560 4625 783 4698 sanabili
822 4626 1202 4682 incredulitatis
1229 4625 1528 4684 valetudine
1557 4628 1976 4698 opprimeretur,
2011 4630 2130 4682 nul-

559 4694 730 4768 lisque
761 4696 1048 4768 Innocentii
1073 4700 1310 4768 conjugis
1333 4701 1416 4754 vel
1441 4694 1726 4766 minis,'vel
1759 4700 2023 4767 precibus,
2049 4699 2131 4753 vel

559 4763 824 4837 Iacrymis
858 4769 1058 4822 moveri
1102 4763 1311 4837 posset;
1365 4763 1644 4836 universa,
1692 4763 1994 4823 Innocentio
2041 4784 2131 4824 ro-

559 4835 739 4908 gante,
763 4835 827 4890 ad
855 4837 1067 4908 domum
1099 4835 1150 4892 in
1178 4855 1280 4908 qua
1311 4839 1600 4906 habitabat,
1627 4835 1968 4894 fraternitatis
1996 4841 2131 4894 mul-

560 4903 730 4958 titudo
745 4903 1238 4980 convenit,‘habetis
1263 4924 1506 4978 magnum
1529 4903 1762 4964 dolorem
1785 4910 1966 4976 animi,
1990 4909 2131 4980 quod

558 4981 717 5052 tantae
757 4977 952 5052 lzetitige
987 4977 1294 5052 plenitudini
1321 4977 1424 5033 una
1456 4980 1648 5052 mulier
1678 4980 1976 5052 obsisteret,
2008 4977 2130 5050 quia

557 5047 662 5114 jam
693 5059 846 5120 soror
869 5047 1002 5116 ejus
1023 5050 1300 5104 manifeste
1328 5050 1626 5119 putabatur.
1674 5051 1805 5120 cum
1847 5051 2004 5120 igitur
2026 5047 2131 5106 diu

555 5128 704 5168 cassa
732 5117 888 5171 verba
909 5119 1082 5172 surdis
1101 5121 1315 5176 auribus
1330 5117 1637 5192 ingerentes
1659 5119 1785 5174 nihil
1813 5117 2127 5189 profecisse-

1087 5235 1423 5250 ’.ἠ-υ

1979 391 2333 449 APPENDIX.

3663 395 3771 452 832

2200 515 2339 568 mus,
2361 499 2432 555 ad
2450 498 2718 572 cognitum
2746 497 3000 554 orationis
3019 498 3320 572 prtesidium
3342 501 3768 572 convolavimus,

2202 586 2491 641 precesque
2512 569 2642 639 quas
2665 569 2892 641 humana
2915 570 3206 641 repellebat
3229 569 3491 639 impietas,
3513 573 3579 626 ad
3607 569 3770 630 caele-

2201 639 2334 696 stem
2383 639 2812 710 misericordiam
2834 639 3088 694 vertimus
3118 657 3132 694 :
3159 640 3334 708 itaque
3373 655 3540 710 usque
3580 643 3632 697 in
3670 646 3772 697 Ito-

2201 726 2312 766 ram
2353 711 2560 764 tertiam
2599 709 2765 780 ferme
2799 708 3118 780 hymnorum
3156 716 3213 780 et
3247 708 3546 780 orationum
3576 713 3775 780 praaliis

2203 781 2456 834 adversus
2482 779 2720 849 Amalec,
2751 777 2958 849 hostem
2983 778 3133 849 Iesu,
3160 777 3312 833 ducis
3337 781 3526 849 nostri,
3557 777 3777 837 sudavit

2202 850 2474 920 exercitus
2505 848 2697 920 (Exod.
2728 846 2882 918 xvn).
2911 847 3178 920 Indercum
3199 851 3308 920 jam
3338 863 3492 918 pene,
3511 846 3664 920 quod
3691 851 3774 905 fa-

2204 919 2420 974 tendum
2468 918 2570 985 est,
2621 918 2962 988 desperantes
3005 918 3396 988 abscessionem
3442 918 3775 988 moliremur,

2205 988 2490 1056 resumptis
2528 987 2734 1042 rursum
2762 987 2962 1042 viribus
3003 987 3296 1042 orationem
3335 990 3540 1044 cunctis
3579 987 3777 1045 indixi;

2206 1073 2344 1124 mus,
2375 1055 2592 1126 Soloque
2619 1057 2766 1111 strati
2797 1057 2885 1110 diu
2903 1055 3189 1122 .Ilevimus;
3218 1065 3272 1112 et
3293 1072 3413 1111 cum
3438 1060 3490 1112 in
3519 1074 3778 1115 consum-

2206 1128 2439 1182 matione
2477 1127 2732 1196 orationis
2767 1127 2934 1181 Amen
2974 1127 3196 1196 populus
3220 1127 3585 1193 acclamasset,
3608 1139 3663 1184 et
3686 1129 3779 1182 illa

2207 1211 2425 1252 creuere
2453 1210 2525 1267 se
2565 1195 3011 1267 etChristianam
3037 1195 3150 1250 fieri
3178 1196 3312 1251 velle
3339 1196 3626 1267 subjunxit.
3669 1197 3782 1254 Nos

2209 1267 2384 1335 itaque
2405 1305 2420 1330 ,
2452 1265 2552 1320 hac
2574 1266 2734 1320 etiam
2764 1280 2795 1321 a
2822 1265 3018 1320 diaboli
3049 1267 3248 1336 laqueis
3271 1265 3569 1332 eruta,‘l:eti
3589 1267 3656 1323 ad
3684 1267 3784 1322 ha-

2209 1336 2434 1391 bitacula
2463 1343 2642 1390 nostra
2671 1337 3020 1405 perreximus.

2283 1405 2370 1461 I9.
2401 1403 2684 1476 sequenti,
2706 1405 2757 1460 id
2792 1414 2874 1460 est
2897 1415 3078 1461 octava
3108 1403 3321 1476 demum
3355 1403 3461 1470 die,
3489 1421 3590 1475 qua
3617 1421 3784 1464 vene.

2210 1489 2391 1548 ramus
2431 1475 2739 1548 Jammona,
2778 1489 3018 1548 remeare
3054 1475 3603 1548 statuimu§,__0ptima
3643 1492 3783 1548 pra:-

2212 1545 2370 1616 clara:
2396 1545 2631 1616 victorias
2670 1543 2858 1616 gaudia
2894 1552 3248 1616 reportantes.
3292 1543 3409 1616 Sed
3433 1543 3552 1599 cum
3588 1543 3697 1616 jain
3727 1548 3782 1603 in

2253 1615 2487 1669 rocinctu
2531 1615 2736 1668 itineris
2779 1615 3072 1679 constituti,
3113 1615 3326 1669 civitate
3361 1615 3779 1684 digrederemur,

2263 1685 2468 1766 ominus
2492 1684 2684 1764 popqu
2703 1699 2832 1766 suo,
2853 1685 3356 1766 quasi_pro_viatieo,
3373 1685 3618 1766 gaudium
3640 1687 3786 1766 quod

2216 1755 2388 1809 solum
2418 1752 2604 1808 deesse
2624 1752 2925 1824 videbatur,
2952 1752 3162 1823 adjecit.
3184 1752 3390 1824 Afﬁnis
3413 1752 3671 1824 siquidem
3696 1755 3786 1810 In-

2218 1825 2445 1878 nocentii
2474 1823 2750 1894 illaividua
2779 1823 2846 1878 de
2890 1825 3076 1894 pelago
3104 1823 3321 1894 reducta
3346 1831 3445 1887 est,
3472 1823 3590 1892 qua:
3613 1827 3788 1881 subito

2219 1909 2276 1947 se
2297 1894 2428 1948 meis
2447 1893 2667 1963 genibus
2689 1893 2997 1955 advolvens,
3020 1893 3153 1948 ’Ildei
3180 1902 3375 1963 nostrae
3395 1894 3645 1947 auxilium
3667 1911 3789 1950 cum

2219 1962 2468 2034 Iacrymis
2503 1963 2908 2031 deprecabatur.
2945 1963 3046 2034 Cui
3081 1977 3179 2033 ego
3210 1980 3222 2017 :
3248 1962 3377 2034 cur,
3401 1964 3635 2032 inquam,
3666 1980 3787 2019 mu-

2221 2033 2318 2087 lier
2333 2032 2485 2088 tanta
2516 2034 2676 2086 animi
2703 2034 2913 2088 levitate
2935 2032 3134 2088 fratres
3148 2043 3262 2086 tuos
3281 2032 3528 2088 deserere
3547 2035 3790 2087 voluisti?

2221 2103 2300 2157 Ad
2328 2103 2440 2158 haec
2468 2104 2556 2158 illa
2585 2121 2598 2157 :
2624 2102 2691 2156 Et
2713 2103 2865 2168 Jona,
2901 2104 3102 2172 inquit,
3148 2101 3398 2172 propheta
3437 2118 3467 2156 a
3510 2102 3644 2158 facie
3682 2104 3789 2158 Do-

2223 2174 2349 2244 mini
2379 2173 2556 2244 fugere
2577 2174 2761 2244 voluit,
2793 2184 2844 2227 et
2873 2183 3045 2244 tamen
3079 2173 3397 2228 voluntatem
3424 2173 3693 2244 Dei,_licet
3714 2175 3795 2226 in-

2223 2243 2381 2310 vitns,
2424 2243 2662 2313 implevit
2697 2243 2867 2314 (lanae
2888 2243 2950 2314 i).
2996 2243 3371 2314 Suscipeergo
3399 2251 3453 2296 tu
3486 2257 3587 2296 non
3619 2243 3792 2297 solum

2223 2327 2328 2376 me,
2372 2314 2466 2368 sed
2501 2312 2570 2368 et
2613 2312 2740 2368 istas
2783 2313 3065 2383 orphanas,
3100 2323 3153 2367 et
3179 2312 3390 2383 Christo
3418 2327 3507 2366 eas
3537 2314 3696 2366 nutri.
3729 2314 3798 2368 Et

2227 2384 2326 2436 hoc
2347 2385 2715 2438 miserabiliter
2742 2381 3060 2448 acclamans,
3091 2383 3222 2438 duas
3241 2381 3379 2435 ﬁlias
3405 2397 3526 2437 suas
3547 2383 3798 2451 parvulas

2226 2453 2358 2533 mihi
2386 2468 2518 2533 _cum_
2543 2453 2754 2508 fletibus
2791 2454 3080 2533 ingerebat.
3127 2452 3256 2533 Quis
3298 2467 3405 2533 non
3451 2468 3556 2522 pra:
3600 2453 3800 2533 gaudio

2227 2521 2409 2596 flevit?
2432 2525 2654 2596 cuinon
2689 2521 2911 2578 extorsit
2940 2525 3196 2596 Iacrymas
3226 2522 3419 2596 laetitia:
3449 2521 3815 2596 magnitudo?

2226 2593 2445 2663 Suscepi
2485 2593 2642 2664 plane
2677 2609 2852 2661 ovem,
2883 2593 3150 2662 quam'ex
3187 2594 3328 2647 omni
3370 2607 3597 2664 numero
3631 2593 3797 2664 solam

2227 2661 2436 2735 errasse
2486 2661 2855 2735 putabamus;
2887 2661 3110 2735 eamque
3153 2677 3272 2718 cum
3314 2663 3526 2732 gemino
3570 2661 3681 2718 fetu
3729 2662 3814 2716 ad'

2227 2729 2420 2787 Christi
2441 2729 2594 2787 ovilia
2618 2734 2880 2788 revocavi.

2298 2803 2389 2858 20.
2411 2804 2550 2859 Sane
2573 2819 2668 2873 per
2688 2805 2784 2857 hos
2805 2812 2945 2867 octo,
2975 2803 3164 2873 quibus
3191 2802 3306 2873 haec
3324 2811 3470 2871 gesta
3490 2809 3633 2865 sunt,
3660 2803 3796 2869 dies,

2230 2881 2354 2944 ante
2383 2871 2588 2929 initium
2617 2871 3076 2944 Quadragesimie,
3124 2871 3356 2944 Paschte
3381 2886 3411 2925 a
3456 2873 3608 2926 nobis
3653 2874 3806 2944 cele-

2229 2943 2379 2998 hrata
2403 2954 2486 2998 est
2514 2944 2773 3000 festivitas
2806 2941 3162 3014 {quingentas
3187 2941 3447 3014 siquidem
3484 2951 3538 2995 et
3574 2942 3800 3014 quadra-

2229 3015 2373 3084 ginta
2417 3015 2620 3069 animas
2660 3014 2726 3068 ad
2770 3011 3056 3068 Ecclesium
3097 3011 3304 3068 constat
3340 3011 3603 3080 adjectas.’
3642 3012 3802 3084 Inane

2231 3093 2408 3138 autem
2449 3094 2503 3140 et
2541 3098 2985 3154 supervacaneum
3017 3099 3122 3139 non
3167 3097 3306 3154 reor,
3352 3090 3435 3154 ut.
3474 3097 3593 3154 cum
3637 3083 3800 3136 multa

2232 3164 2447 3223 propter
2471 3151 2725 3209 inﬁnitam
2754 3156 2958 3224 copiam
2985 3153 3394 3224 praetermisero,
3424 3152 3477 3205 in
3515 3151 3620 3224 fine
3657 3167 3801 3224 εοηιτ

2232 3239 2558 3292 memorem,
2599 3227 2863 3280 neminem
2902 3223 3151 3279 extanta
3192 3223 3581 3278 Jammonensis
3623 3223 3799 3290 populi

2233 3295 2598 3366 multitudine,
2629 3297 2715 3366 qui
2747 3310 2841 3364 per
2873 3294 3084 3366 triginta
3113 3295 3273 3348 millia
3301 3306 3548 3363 passuum
3578 3302 3701 3366 ante
3729 3301 3803 3345 tot

2232 3364 2348 3419 dies
2370 3375 2607 3431 venerat,
2631 3362 2722 3420 aut
2747 3362 2926 3420 curam
2951 3362 3144 3418 domus
3164 3362 3416 3427 sute,’aut
3443 3362 3798 3431 provisionem

2232 3435 2560 3499 substantiae,
2585 3444 2676 3490 aut
2699 3436 2946 3490 desiderii
2983 3435 3230 3490 allectum
3272 3435 3391 3487 huic
3420 3433 3569 3497 Operi
3610 3441 3803 3500 praetu-

2233 3505 2378 3560 lisZse.
2426 3505 2556 3560 Illud
2597 3507 2766 3575 magis
2805 3506 2996 3559 mirum
3037 3505 3306 3575 magisque
3341 3502 3674 3575 gaudendum
3699 3511 3798 3565 est,

2235 3576 2374 3643 quod
2402 3576 2570 3643 ipsam
2598 3573 2830 3630 Iudaicae
2863 3575 3030 3642 plebis
3057 3573 3248 3630 terram
3277 3574 3364 3628 diu
3387 3573 3609 3626 inertem
3625 3589 3802 3643 ,ittitic

2233 3641 2406 3700 autem
2427 3641 2619 3701 recisis
2648 3641 3030 3701 incredulitatis
3050 3645 3297 3714 vepribus
3323 3653 3376 3699 et
3405 3652 3620 3714 recepto
3641 3641 3802 3695 Verbi

2234 3718 2437 3770 semine
2469 3717 2813 3785 multiplicem
2847 3717 3070 3770 fructum
3095 3713 3312 3784 iustitia:
3351 3713 3647 3785 germinare
3677 3726 3806 3765 con-

2235 3786 2517 3852 Spicimus;
2546 3783 2701 3841 ita—ut
2729 3787 2880 3842 nobis
2910 3789 2960 3841 in
2991 3783 3370 3854 spe’tantorum
3394 3783 3652 3854 novalium
3675 3797 3806 3854 gan-

2235 3851 2475 3927 d’eamus,
2500 3851 2638 3912 unde
2667 3859 2921 3927 insignem
2947 3851 3180 3925 perﬁdiae
3209 3856 3442 3927 eruimus
3467 3851 3670 3927 silvam,
3691 3852 3808 3927 illic

2235 3926 2555 3982 fertilissima
2592 3927 2714 3982 ﬁdei
2742 3921 2902 3999 opera
2940 3921 3222 3999 pullulare.
3252 3925 3482 3999 Primum
3509 3921 3651 3974 enim
3691 3923 3811 3999 ipsa

2235 4010 2514 4067 synagoga}
2544 3993 2884 4052 fundamenta
2905 3993 3164 4062 ei'ertere,
3191 3995 3384 4048 deinde
3405 3993 3470 4067 ad
3498 4005 3686 4067 novatn
3717 3993 3808 4042 ba-

2235 4060 2872 4122 silica'm'construendam
2897 4083 3000 4120 non
3022 4060 3192 4120 solum
3215 4063 3477 4134 impendia
3498 4060 3799 4123 conferunt,

2236 4137 2328 4190 sed
2359 4139 2515 4193 etiam
2544 4138 2776 4192 humeris
2806 4152 2930 4191 saxa
2959 4145 3311 4204 comportant.

2306 4207 2392 4260 2i.
2433 4208 2556 4262 Hasc
2576 4209 2857 4263 Beatitndo
2883 4217 3057 4262 vestra
3083 4199 3178 4260 'die
3218 4213 3406 4274 quarto
3435 4215 3696 4274 nonarum
3725 4199 3804 4252 fe-

2237 4277 2494 4332 brualium
2526 4275 2716 4332 virtute
2742 4279 2947 4332 Domini
2977 4279 3141 4330 nostri
3180 4273 3308 4330 Jesu
3345 4273 3538 4328 Christi
3568 4280 3802 4338 arrepta,

2235 4357 2357 4402 octo
2384 4349 2570 4403 diebus
2613 4351 2680 4403 ab
2718 4349 2907 4403 eodem
2935 4355 3297 4401 consummata
3337 4359 3456 4398 esse
3494 4351 3802 4408 cognoscat,

2239 4427 2356 4485 post
2377 4416 3176 4492 consulatumdomini‘llonorii
3201 4416 3649 4492 undecimutn,’et_
3669 4409 3807 4463 Con-

2235 4483 2431 4543 Sutntio
2459 4489 2648 4543 iterum
2679 4491 2897 4542 victore.
2924 4487 3276 4554 Quamobrem
3304 4486 3346 4537 si
3377 4483 3574 4554 indigni
3603 4490 3806 4554 etpecf

2229 4561 2429 4614 tatoris
2450 4561 2669 4614 verbum
2685 4549 2968 4627 dignanter
2982 4557 3276 4620 admittitis,
3296 4555 3466 4627 zelum
3487 4553 3681 4605 Christi
3711 4549 3777 4602 ad

2237 4644 2447 4684 versum
2464 4630 2696 4696 Iudaeos,
2720 4623 2810 4684 scd
2833 4637 3046 4698 propter
3068 4627 3230 4699 D_eum
3249 4623 3666 4699 eorutndem‘lue
3685 4631 3783 4699 ΡΨ

2235 4709 2446 4768 petitam
2487 4690 2733 4764 salutem,
2767 4690 3034 4764 suscipite.
3068 4697 3322 4770 Forsitan
3357 4695 3496 4748 enim
3521 4693 3640 4770 jam
3685 4690 3809 4770 illud

2240 4760 2547 4836 prmdictum
2577 4772 2646 4826 ab
2674 4760 2930 4840 Apostolo
2958 4769 3103 4824 venit
3126 4777 3337 4840 tempus
3356 4805 3372 4830 ,
3391 4773 3457 4840 ut
3485 4760 3813 4840 plenitudine

2236 4832 2474 4911 gentium
2501 4832 2737 4911 ingressa
2764 4842 2938 4895 omnis
2979 4839 3137 4895 Israel
3177 4832 3355 4890 salvus
3385 4834 3479 4911 fiat
3515 4832 3706 4911 (fiant.
3737 4845 3810 4890 si,

2235 4903 2348 4984 25).
2373 4913 2437 4984 Ijlt
2457 4903 2683 4968 fortasse
2709 4913 2845 4984 hanc
2872 4911 2938 4984 ab
2966 4919 3206 4984 extremo
3229 4916 3386 4960 terra:
3408 4903 3689 4984 scintillant
3713 4915 3820 4950 VII--

2237 4973 2334 5035 lui't
2379 4983 2636 5037 Dominus
2673 4983 2910 5047 excitari,
2943 4991 3000 5035 ut
3045 4979 3324 5034 universus
3363 4973 3509 5029 orbis
3548 4981 3812 5026 terrarum

2237 5051 2509 5108 charitatis
2535 5053 2724 5123 ﬂagret
2750 5053 3015 5108 incendio.

1435 5212 3812 5245 ____________________________________._._

1426 5306 1874 5369 ADMONITIO
1903 5307 1983 5366 IN
2019 5305 2619 5381 SUBSEQUENTES
2645 5303 2948 5364 LIBROS.

624 5570 816 5626 Incerti
845 5575 1081 5631 auctoris
1106 5584 1230 5630 sunt
1254 5575 1321 5632 de
1348 5575 1610 5633 Miraculis
1635 5580 1802 5634 sancti
1827 5580 2077 5651 Stephani
2105 5579 2351 5651 martyris
2379 5579 2494 5633 libri
2526 5578 2630 5632 duo
2655 5620 2668 5641 ,
2698 5591 2868 5647 neque
2908 5574 3088 5630 Evodii
3124 5571 3354 5643 episcOpi
3388 5566 3668 5624 Uzal‘cnsis
3718 5580 3818 5616 no-

557 5677 701 5730 men,
731 5664 815 5718 cui
842 5665 1077 5735 inscripti
1103 5682 1134 5721 a
1158 5667 1580 5724 Lovaniensibus
1606 5669 1814 5724 fuerunt
1837 5712 1852 5734 ,
1885 5671 2233 5740 praeferebant
2259 5671 2308 5724 in
2339 5679 2459 5724 ante
2488 5670 2629 5724 edito
2657 5667 2875 5722 Joannis
2905 5663 3197 5720 Ulimmerii
3223 5659 3426 5726 codice,
3452 5670 3624 5726 neque
3647 5653 3697 5705 in
3718 5666 3812 5704 re-

556 5765 668 5812 terc
694 5755 828 5813 libro
849 5755 1186 5817 Floriacensi.
1230 5758 1412 5816 Evodii
1440 5759 1590 5830 jussu
1621 5763 1942 5833 compositos
1969 5769 2188 5819 testatur
2225 5769 2410 5818 auctor
2439 5761 2490 5816 in
2534 5761 2770 5830 prologo,
2799 5772 2960 5828 seque
2983 5755 3138 5811 etiam
3158 5753 3268 5822 ipse
3289 5753 3354 5809 ab
3377 5748 3566 5808 eodem
3609 5745 3818 5800 Evodio
