4078 6462
237 342 344 399 833
1038 340 1124 398 DE
1163 338 1530 399 Mll‘uACULIS
1568 343 1810 398 SANCTl
1849 344 2188 401 STEPHANI
2229 345 2432 402 LIBER
2472 346 2742 406 PRIMUS.
3398 360 3504 416 854

234 457 488 525 episcopo
508 454 777 510 diversum
808 456 1006 512 indicat
1031 457 1083 510 in
1105 466 1256 511 sexto
1279 472 1342 511 ac
1361 456 1570 512 decimo
1593 459 1748 514 tertio
1781 459 1953 527 capite
1983 458 2100 512 libri
2131 462 2282 528 primi
2305 472 2357 515 et
2383 463 2433 515 in
2468 464 2569 517 ﬁne
2596 465 2712 518 libri
2740 467 2976 521 secundi.
3007 468 3234 527 Proinde
3265 473 3314 527 in
3341 491 3500 549 argu.

234 555 416 638 mento
436 547 577 618 quod
601 547 737 638 libro
759 548 930 638 primo
958 562 987 600 a
1009 551 1269 616 scriptore
1286 549 1594 618 prmﬁgitur,
1637 552 1848 620 quando
1883 551 2135 604 miracula
2161 552 2275 607 hmo
2301 554 2549 610 dicuntur
2573 558 2814 612 mandata
2852 577 3046 632 quoque
3065 565 3255 622 notitia:
3276 547 3504 638 [ide/ium

229 637 292 689 ab
326 637 519 691 Evodio
548 639 599 691 in
629 635 860 692 Ecclesia
885 637 1070 702 Uzali;
1099 639 1180 692 bis
1215 641 1389 694 verbis
1419 656 1522 693 non
1553 653 1739 694 auctor
1759 643 2090 712 scriptorque
2117 644 2312 710 operis,
2338 646 2431 700 sed
2451 662 2640 703 suasor
2667 661 2720 704 ct
2744 653 3064 720 approbator
3086 661 3176 727 qui
3195 635 3353 715 scribi
3379 665 3510 734 legi-

228 745 334 800 que
360 730 600 800 jusserit,
631 730 858 785 Evodius
889 732 1232 801 signiﬁcatur.
1259 731 1532 786 Nescimus
1568 743 1742 788 autem
1770 749 1836 787 au
1877 749 2009 804 opus
2040 734 2177 789 istud
2216 734 2456 790 habuerit
2481 756 2588 807 prae
2617 743 2785 798 oculis
2807 746 3150 817 Augustinus,
3176 755 3386 821 quando
3411 730 3506 814 de-

229 825 486 892 srriptum
535 823 620 877 hic
655 824 705 876 in
737 823 851 877 libri
868 824 1042 916 primi
1074 822 1180 878 line
1208 823 1521 877 miraculum
1550 833 1855 916 narraturus
1894 826 1948 881 in
1990 825 2248 881 Sermone
2275 826 2398 893 523,
2423 844 2478 882 n.
2501 831 2555 894 3,
2579 831 2787 889 dicebat
2810 853 2823 888 :
2847 837 3000 908 Apud
3031 839 3234 898 Uzalim
3258 887 3275 916 ,
3307 847 3390 902 ubi
3432 859 3508 904 est

229 916 494 983 episcopus
515 919 672 984 frater
700 931 839 968 meus
860 913 1104 979 Evodius,
1124 926 1310 985 quanta
1340 913 1589 968 miracula
1617 916 1687 968 ibi
1712 917 1838 984 βαίη
1861 919 2085 986 qua’rile,
2110 927 2155 971 et
2178 919 2456 973 invenietis.
2501 919 2862 981 Prwtermissis
2881 940 3046 986 autent
3073 935 3206 1002 aliis,

230 1009 306 1060 bis
336 1024 494 1060 unum
521 1007 656 1076 quod
674 1001 744 1059 ibi
772 1011 960 1076 factum
984 1017 1075 1069 est,
1099 1018 1150 1059 ut
1177 1008 1387 1060 videatis
1409 1019 1596 1076 quanta
1622 1011 1685 1059 sit
1715 1010 1780 1059 ibi
1804 1009 2071 1077 prtesentin
2097 1009 2398 1079 majestatis.

1141 1210 1411 1349 DE
1488 1209 2606 1362 MIRACULIS

229 1443 896 1560 εΔΝατι
921 1444 1856 1561 STEPHANI
1891 1451 3497 1590 PROTOMARTYBIS

1617 1656 1889 1751 sum
1959 1657 2144 1755 bno.

1535 1829 2214 1871 “0006——

1287 1928 1754 2038 LIBER
1795 1932 2432 2043 PRIMUS.

229 2109 692 2199 “sensimus
709 2113 2617 2199 28332213135fliieﬂi‘}.5‘29.292.2229.259.?Eiﬁi'iiﬁflfliii‘ﬂi.‘ieﬂeta‘I‘le
2640 2125 2882 2199 ξηονὶιυῐην
2907 2129 3128 2199 mandata
3152 2146 3346 2199 noque
3371 2142 3498 2190 ποιε-

293 2175 376 2245 tia:
388 2172 608 2265 Pdeliom
633 2173 693 2265 at:
715 2171 887 2265 Bittioch
910 2174 956 2220 in
974 2171 1180 2265 Ecclcoia
1200 2174 1340 2246 ozali,
1361 2171 1500 2265 cujus
1521 2177 1655 2265 urnis
1675 2171 1995 2265 pontificatum
2009 2171 2370 2265 administrabat
2387 2182 2614 2232 sacerdos
2633 2171 3502 2265 dignissiﬁdsg‘i‘ﬁiéiié'ihﬁieiiiﬂél

293 2247 355 2265 Ine
415 2248 538 2265 nunc
563 2246 643 2265 ann
697 2247 757 2265 mn
855 2247 1078 2265 Inmnnm
1097 2249 1112 2265 ι
1129 2248 1348 2265 Ληιιηιηιο
1370 2249 1420 2265 an
1448 2249 1566 2265 ann-.3
1585 2253 1597 2265 ι
1618 2251 1809 2265 ιοηηηοη
1834 2252 1920 2265 nun
1943 2252 2057 2265 Mno
2080 2242 2094 2265 ἃ
2120 2247 2201 2265 ..ιη

290 2237 358 2284 ris
382 2236 643 2297 Augustino
664 2234 790 2296 apud
815 2236 1079 2296 Hipponem
1097 2235 1348 2285 dominicae
1369 2234 1570 2287 sationis
1585 2234 1921 2300 dispensatore
1943 2242 2218 2290 constituto.

1676 2372 2042 2428 «σωθῇ

3232 939 3398 994 indico
3419 960 3506 994 υμ-

231 1116 3503 1161 w

868 2485 1162 2546 PROLOGUS.

303 2581 564 2648 Quoniam
592 2589 808 2636 sanctus
863 2582 1098 2651 Raphael
1138 2581 1360 2652 angelus
1407 2596 1503 2636 nos
1545 2583 1818 2640 adhortari

229 2652 498 2723 dignatur,
533 2659 590 2704 ut
615 2667 777 2720 opera
807 2652 896 2706 Dei
926 2669 1028 2708 non
1059 2664 1163 2705 tam
1196 2653 1248 2706 in
1287 2652 1602 2707 abscondito
1646 2657 1818 2711 collo-

229 2737 612 2791 cemus,quam
641 2723 815 2795 potius
838 2738 932 2792 pro
959 2724 1049 2795 Dei
1078 2724 1242 2791 gloria
1287 2724 1340 2776 in
1387 2733 1572 2795 aperto
1612 2727 1816 2795 panda-

231 2810 375 2858 tuus,
405 2808 627 2864 monens
653 2802 707 2847 et
731 2792 932 2858 dicens,
969 2794 1351 2864 Sacramentum
1376 2792 1507 2864 regis
1533 2792 1718 2849 bonum
1746 2806 1818 2851 est

227 2863 560 2928 abscondere,
587 2880 740 2933 opera
764 2874 931 2916 autent
961 2863 1056 2918 Dei
1077 2865 1298 2918 revelare
1325 2873 1372 2918 et
1395 2863 1624 2931 conﬁteri
1658 2867 1818 2920 hono-

232 2938 435 3002 riﬁcum
464 2945 532 3006 est
551 2933 697 3006 (_Tob.
719 2951 810 2994 xu,
837 2935 927 3006 7);
957 2937 1087 3006 quia
1103 2935 1241 3006 sicut
1266 2935 1681 3006 cognitislidem
1711 2952 1816 2992 non

229 3005 490 3060 adhibere
507 3004 828 3059 inﬁdelitatis
849 3004 931 3060 est
949 3046 963 3069 ,
991 3006 1061 3059 ita
1079 3005 1381 3060 invidentia:
1396 3016 1479 3060 est
1503 3005 1553 3060 in
1583 3007 1817 3062 mdiﬁca-

229 3079 431 3131 tionem
456 3075 682 3130 aliorum
712 3075 854 3146 nolle
894 3077 1104 3146 cognita
1142 3075 1432 3144 przedicare
1463 3091 1477 3128 :
1513 3087 1814 3146 pr0pterea,

229 3146 539 3202 beatissime
569 3160 700 3214 papa
723 3145 911 3207 Evodi,
930 3145 1094 3215 jussis
1111 3146 1561 3201 Paternitatistua:
1581 3145 1820 3204 studiose

229 3220 603 3288 obtemperare
623 3216 824 3288 curavi,
848 3225 1080 3271 nontam
1109 3216 1237 3272 ﬁsus
1258 3217 1456 3288 viribus
1478 3222 1630 3288 meis,
1657 3234 1817 3288 quam

229 3285 450 3357 adjutus
470 3285 636 3356 gratia
688 3287 778 3341 Dei
811 3297 864 3342 et
898 3287 1096 3342 sanctis
1124 3287 1454 3342 orationibus
1495 3287 1627 3354 tuis;
1653 3285 1710 3344 ut
1753 3305 1818 3346 ea

228 3374 352 3429 qua:
383 3373 476 3428 per
507 3366 786 3426 patronum
818 3368 1056 3412 nostrum
1081 3358 1404 3429 Stephanum
1421 3360 1648 3427 primum
1672 3376 1817 3415 mar-

230 3439 406 3500 tyrem
430 3442 588 3500 suum
617 3437 866 3497 operatus
881 3437 960 3500 est
990 3429 1129 3500 apud
1158 3443 1253 3500 nos
1281 3428 1542 3495 Christus,
1571 3440 1625 3485 et
1645 3430 1818 3486 adhuc

228 3498 440 3569 operari
455 3498 827 3571 dignatur,non
843 3499 1084 3553 malivola
1099 3499 1452 3571 taciturnitate
1463 3501 1816 3571 supprimere,

233 3586 343 3641 quo
373 3570 553 3624 caeteri
599 3569 1014 3641 ,fraudﬁarentur;
1046 3571 1140 3624 sed
1169 3570 1355 3641 magis
1409 3571 1492 3639 pia
1533 3569 1818 3627 devotione

234 3639 475 3705 narrare,
503 3654 608 3709 quo
645 3640 812 3694 Amici
846 3640 939 3695 Dei
970 3640 1134 3710 gloria
1160 3639 1409 3694 iraternis
1441 3641 1656 3696 auribus
1695 3643 1818 3696 inti-

234 3721 410 3766 metur
437 3726 450 3763 :
486 3724 584 3763 nec
617 3710 825 3779 ingenio
854 3721 906 3765 et
933 3711 1107 3779 lingua
1130 3711 1301 3779 aliqua
1320 3712 1469 3780 quasi
1488 3727 1813 3781 exaggerare

272 3781 626 3851 rzevalentes;
674 3781 767 3835 sed
804 3782 1036 3850 ipsarum
1089 3796 1264 3835 rermn
1313 3782 1610 3846 veritatem,
1664 3792 1820 3851 prout

272 3799 626 3844 rtevatentes;
674 3799 767 3835 580
804 3799 1036 3850 ipsarum
1089 3799 1264 3835 rerum
1313 3799 1610 3846 veritatem,
1664 3799 1815 3851 prout

235 3799 378 3907 Piens
411 3850 703 3915 donaverit,
736 3851 963 3906 ﬁdeliter
988 3851 1254 3921 explicare
1283 3853 1558 3921 cupientes
1577 3894 1591 3919 ,
1618 3862 1676 3906 ut
1704 3854 1815 3921 ipsa

237 3931 420 3978 nostra
447 3922 680 3975 narratio
708 3936 812 3975 non
855 3933 959 3975 tam
1004 3923 1285 3977 verborum
1331 3923 1818 3991 pompam-audeat

236 4007 475 4060 quazrere
509 4032 522 4051 ,
564 3992 658 4045 sed
713 3993 890 4060 potius
931 3993 1327 4047 mendaciorum
1378 3991 1552 4047 lucum
1606 3994 1818 4048 studeat

237 4061 508 4133 declinare
531 4060 632 4133 ;ita
664 4070 722 4113 ut
753 4063 1067 4133 ubicumque
1093 4079 1178 4117 res
1199 4064 1561 4133 postulaverit,
1584 4065 1816 4133 ipsorum

235 4147 449 4204 quoque
475 4129 746 4184 hominum
771 4131 953 4204 verba,
984 4124 1216 4188 sicutab
1241 4124 1319 4188 eis
1343 4133 1484 4188 dicta
1511 4124 1662 4201 sun't,
1685 4136 1817 4190 sim-

236 4199 448 4274 pliciter
471 4215 670 4326 gonere
694 4215 798 4254 non
825 4199 1114 4256 debeamus
1142 4203 1478 4258 erubescere.
1499 4199 1660 4273 Magis
1675 4204 1817 4259 enim

237 4275 454 4326 placent
507 4273 626 4325 onis
648 4285 710 4325 ac
736 4270 996 4326 religiosis
1025 4287 1375 4326 uumcumoue
1399 4275 1648 4326 dicuntur
1667 4291 1813 4326 vera.

237 4270 454 4343 placent
467 4270 626 4343 bonis
648 4285 710 4325 ac
736 4270 996 4343 religiosis
1025 4287 1375 4343 qumeumque
1399 4270 1648 4328 dicuntur
1667 4291 1813 4339 vera,

238 4340 400 4398 etiam
429 4341 633 4405 vitiosis
657 4340 865 4406 verbis,
893 4340 1054 4411 quani
1110 4342 1235 4396 falsa
1283 4340 1457 4410 politis
1505 4351 1561 4398 et
1613 4347 1816 4399 ornatis

239 4413 440 4469 verbis.
474 4413 617 4466 Sane
643 4427 746 4465 non
767 4411 836 4466 ob
862 4413 962 4466 hoc
988 4426 1084 4466 nos
1108 4412 1371 4483 quispiam
1397 4413 1684 4468 arbitretur
1720 4430 1816 4468 vo-

237 4484 404 4539 luisse
441 4484 542 4537 ista
561 4497 807 4553 narrare,
853 4483 1001 4552 quasi
1049 4482 1244 4553 aliquid
1291 4497 1388 4536 nos
1433 4484 1615 4553 gloriae
1662 4484 1820 4539 beato

238 4554 455 4625 Martyri
488 4552 762 4625 videamur
805 4563 1060 4623 praestare
1092 4571 1112 4625 τί
1135 4552 1558 4625 quandoquidem
1595 4555 1668 4608 illi
1721 4570 1821 4610 nec

241 4623 463 4680 tacendo
483 4623 719 4693 demere,
753 4638 850 4677 nec
890 4624 1156 4692 loquendo
1202 4624 1488 4693 quidquam
1534 4639 1818 4693 possunms

238 4695 506 4750 conferre.
537 4692 651 4764 Ipsa
679 4694 874 4764 quippe
893 4695 1142 4748 virtutqu
1170 4692 1427 4764 miracula
1457 4692 1601 4750 nullo
1632 4698 1818 4749 huma-

238 4781 323 4821 na:
353 4766 544 4834 lingua:
562 4763 840 4833 praeconio
869 4764 1137 4834 indigent;
1159 4763 1270 4833 jam
1300 4765 1493 4834 ubique
1522 4781 1815 4834 personan-

239 4845 344 4891 tcm
403 4843 654 4889 exserunt
698 4835 874 4889 Iubam
918 4852 932 4888 :
981 4834 1074 4888 scd
1124 4845 1327 4889 tantum
1384 4847 1615 4890 nostram
1660 4837 1821 4891 devo-

239 4909 438 4959 tionem
493 4905 560 4959 ad
628 4903 849 4976 fratrum
907 4905 1310 4976 aediﬁcationem
1370 4921 1464 4974 pro
1515 4906 1819 4976 recipienda

237 4976 558 5030 obedientia:
585 4975 830 5030 mercede
857 4989 976 5029 cum
1009 4975 1304 5029 humilitate
1325 4977 1568 5031 volumus
1593 4975 1820 5030 demon-

239 5056 432 5111 strare,
465 5053 763 5116 metuentes
787 5061 997 5114 quoque
1023 5046 1162 5115 quod
1195 5045 1260 5100 ab
1287 5046 1402 5115 ipso
1431 5047 1650 5100 Domino
1686 5047 1818 5116 legi-

241 5133 359 5170 mus
390 5115 695 5188 terribiliter
716 5115 1098 5188 dictumAesse,
1130 5116 1191 5171 Si
1230 5132 1315 5168 vos
1342 5116 1562 5171 tacebitis
1583 5158 1596 5178 .
1627 5115 1820 5188 lapides

239 5185 528 5240 clamabunt
575 5183 721 5258 (Luc.
750 5200 865 5251 χιι,
886 5181 998 5309 40?.
1059 5187 1250 5252 Quaeso
1279 5197 1452 5240 autem
1480 5203 1573 5241 vos
1593 5181 1778 5242 omnes
1801 5229 1817 5254 ,

241 5267 504 5309 uuotnuot
530 5255 647 5309 hmc
682 5255 864 5309 audire
887 5271 952 5309 ve
1001 5255 1181 5309 legere
1211 5257 1296 5309 uie
1337 5271 1399 5309 ac
1439 5258 1685 5309 religiose
1724 5273 1817 5309 vo-

241 5267 504 5326 quolquot
530 5255 661 5326 huic
682 5255 864 5310 audire
887 5255 972 5309 vel
1001 5255 1181 5326 legere
1211 5257 1296 5324 pie
1337 5271 1399 5312 ac
1439 5258 1685 5326 religiose
1724 5273 1819 5312 vo—

243 5325 466 5391 lueritis,
495 5335 554 5381 ut
577 5325 734 5394 hujus
761 5325 1051 5394 peccatoris
1079 5325 1270 5389 ultimi,
1296 5328 1385 5394 qui
1408 5327 1509 5381 hoc
1532 5325 1584 5382 in
1605 5328 1819 5384 nomine

245 5397 452 5451 Domini
487 5396 697 5466 scripsi,
726 5410 938 5466 semper
971 5395 1023 5449 in
1047 5396 1596 5466 sanctisorationibus
1632 5399 1822 5452 vestris

243 5468 550 5522 meminisse
598 5464 885 5536 dignemini
920 5483 934 5519 :
966 5473 1020 5518 et
1057 5466 1100 5520 si
1143 5464 1269 5536 quid
1301 5480 1328 5517 a
1362 5467 1514 5522 nobis
1554 5469 1823 5523 rusticiter

245 5538 531 5606 profertur,
565 5535 673 5590 non
697 5535 1039 5604 indignemini
1068 5551 1083 5601 ;
1111 5535 1206 5590 sed
1228 5543 1452 5602 tantum,
1476 5538 1597 5606 quia
1629 5539 1822 5593 veraci-

246 5617 325 5661 ter
348 5607 563 5671 dicitur,
597 5606 953 5661 delectemini.

244 5677 471 5734 CAPUT
510 5675 793 5732 PRIMUM.
831 5704 905 5716 —
940 5674 1016 5729 De
1043 5674 1272 5747 ampulla
1319 5676 1579 5747 sanguinis
1617 5677 1823 5746 famula:

677 5747 770 5799 Dei
797 5763 882 5816 per
902 5746 1148 5799 somnium
1184 5756 1400 5800 ostensa.

317 5819 446 5874 Cum
481 5818 638 5888 igitur
665 5817 839 5872 adhuc
863 5816 1036 5872 nullus
1062 5817 1247 5873 saltem
1273 5833 1456 5874 rumor
1479 5826 1596 5874 esse
1617 5817 1820 5888 potuis-

1930 2502 2031 2562 set,
2047 2510 2161 2582 quo
2185 2494 2252 2551 ad
2279 2510 2376 2578 nos
2408 2495 2651 2582 indignos
2675 2497 2888 2582 Domini
2932 2509 3097 2582 sancti
3139 2509 3414 2582 Stephani,
3447 2518 3497 2572 in

1923 2570 2180 2649 martyrio
2212 2569 2716 2649 pritniconl'essoris
2751 2571 2968 2640 Christi,
3002 2569 3500 2649 reliqui:e'ventur;n

1924 2649 2104 2722 essent
2147 2639 2274 2708 (non
2303 2639 2444 2722 enim
2478 2639 2578 2721 hoc
2606 2640 2716 2722 ﬁeri
2761 2657 2916 2722 posse
2941 2639 3033 2722 aut
3077 2639 3131 2702 ni
3185 2639 3503 2722 cogitationi;

1924 2708 2271 2786 habebamus.
2296 2719 2387 2762 ant
2411 2711 2670 2786 suspicari
2701 2708 3027 2786 poteramus)
3057 2733 3071 2769 :
3100 2735 3225 2775 ecce
3249 2708 3316 2778 ‘éx’
3343 2708 3499 2781 ante:

1921 2779 2049 2865 riori
2076 2788 2314 2865 tempore
2341 2781 2503 2862 ccepit
2543 2780 2682 2862 idem
2704 2779 2972 2865 gloriosus
3002 2779 3315 2865 utribusdam
3361 2779 3501 2865 apud

1923 2864 2021 2934 nos
2043 2853 2240 2934 sanctis
2268 2851 2460 2934 animis
2484 2865 2542 2904 se
2563 2851 2734 2919 ipsum
2759 2851 3030 2934 revelare;
3057 2857 3188 2934 Nam
3217 2878 3337 2934 cum
3367 2851 3500 2934 quo?

1921 2919 2042 3000 dum
2068 2921 2185 3000 loco
2210 2919 2290 3000 v_e|
2306 2920 2396 3000 die
2420 2935 2597 2974 sermo
2627 2923 3048 3000 supradictarum
3070 2919 3502 3000 reliquiarumiab

1923 2989 2006 3044 his
2029 2992 2197 3046 servis
2227 2991 2320 3044 Dei
2352 2991 2544 3062 ﬁeret,
2571 2993 2659 3060 qui
2686 2989 2900 3048 easdem
2929 2996 3141 3052 sibimet
3170 2989 3236 3056 de
3264 2989 3502 3062 Orientis

1923 3063 2159 3130 partibus
2183 3062 2372 3135 missas
2395 3061 2548 3135 nobis
2574 3062 2932 3135 nescientibus
2955 3065 3234 3135 habebant,
3256 3073 3422 3130 adluit
3448 3079 3502 3132 in

1922 3146 2170 3187 sermone
2210 3131 2451 3257 quadam
2482 3131 2638 3185 etiam
2681 3133 2891 3198 mulier,
2923 3150 3074 3191 sacra
3119 3131 3314 3196 famula
3371 3146 3498 3208 Dei;

1922 3219 2040 3257 auat
2087 3203 2174 3257 ubi
2245 3217 2326 3256 IOC
2373 3201 2592 3257 audivit.
2626 3210 2684 3256 ut
2709 3204 2926 3257 evenire
2962 3205 3181 3257 assolet-
3215 3227 3318 3257 non
3347 3213 3498 3257 faniln

1921 3219 2040 3272 qua:
2087 3203 2174 3258 ubi
2225 3201 2326 3257 hoc
2373 3201 2592 3272 audivit,
2626 3210 2684 3256 ut
2709 3204 2926 3259 evenire
2962 3205 3181 3272 assolet,
3214 3227 3318 3266 non
3345 3201 3506 3270 facile

1921 3271 2166 3352 Credidit,
2195 3282 2251 3352 et
2276 3271 2415 3342 apud
2445 3273 2784 3342 semetipsam
2812 3276 2980 3352 tacite
2998 3271 3176 3352 dicere
3198 3285 3364 3352 erepit
3397 3303 3409 3338 :
3436 3286 3505 3341 Et

1921 3344 2037 3413 quis
2062 3346 2162 3400 scit
2185 3345 2229 3398 si
2260 3359 2384 3416 vere
2410 3354 2701 3415 martyrum
2735 3353 2858 3416 sunt
2886 3347 3164 3416 reliquiae?
3189 3344 3374 3408 Statim
3395 3370 3494 3409 au-

1922 3425 2029 3492 tom
2082 3414 2322 3492 sequenti
2355 3414 2644 3492 uocte_per
2681 3415 2944 3492 somnium
2987 3414 3216 3486 ampulla
3258 3425 3500 3492 quaadam

1921 3485 2094 3562 eidem
2115 3485 2509 3562 demonstratur
2531 3485 2666 3562 intra
2695 3500 2752 3539 se
2784 3484 2985 3562 habens
3008 3484 3491 3562 sanguinis'quam-

1921 3555 2044 3633 dam
2066 3558 2427 3627 aspersionem
2455 3556 2810 3633 et_aristarutn
2838 3559 2985 3626 quasi
3015 3555 3212 3615 ossium
3234 3555 3503 3633 signiﬁca-

1923 3625 2167 3703 tionem—5
2197 3642 2356 3697 quam
2386 3625 2662 3703 presbyter
2687 3625 2900 3695 quidam
2943 3644 3103 3703 manu
3153 3625 3340 3688 tenens
3377 3651 3500 3703 ger-

1921 3713 2080 3753 mano
2106 3697 2220 3767 ejus
2242 3697 2501 3752 monacho
2529 3697 2615 3750 illa
2643 3707 2903 3766 prmsente
2943 3697 3150 3756 locutus
3171 3712 3252 3757 est
3271 3697 3454 3760 dice'ns
3481 3722 3496 3759 :

1923 3767 2015 3844 Yis
2053 3768 2192 3844 scire
2225 3767 2492 3844 quomodo
2531 3777 2829 3844 martyrum
2877 3769 3170 3844 probentur
3219 3773 3497 3844 reliquis}?

1921 3837 2038 3911 Quo
2065 3838 2208 3911 dicto
2246 3837 2530 3911 ampullam
2555 3837 2670 3906 ejus
2695 3837 2775 3890 ori
2817 3839 3014 3911 injecit,
3046 3850 3099 3894 et
3123 3855 3245 3896 mox
3288 3837 3501 3911 ﬂamma

1924 3909 2058 3978 ignis
2088 3909 2104 3940 ⁸
2138 3924 2233 3982 per
2259 3924 2418 3982 aures
2443 3908 2558 3976 ejus
2585 3915 2743 3982 atque
2769 3909 3153 3982 oculosevomi
3176 3915 3354 3982 erepit.
3387 3908 3499 3973 Hoc

1923 3977 2187 4054 quomodo
2215 3994 2303 4054 res
2329 3980 2438 4048 ipsa
2471 3977 2898 4054 Inanil'esmta__sit
2938 3980 3216 4054 dignanter
3255 3977 3498 4054 accipite.

1922 4048 2223 4118 Ampullam
2250 4051 2386 4105 sicut
2409 4048 2575 4103 oculis
2594 4049 2703 4103 suis
2728 4049 2856 4102 vidit
2882 4049 3070 4104 ancilla
3100 4051 3194 4108 Dei
3221 4055 3273 4108 in
3301 4048 3497 4113 somnii

1923 4119 2277 4193 r_evel_ati_ope,_
2297 4121 2374 4193 sic
2389 4121 2528 4174 inter
2552 4133 2885 4193 mauusﬂsuas
2910 4122 3310 4193 accepitpostea
3329 4140 3502 4182 sacer-

1925 4190 2022 4246 dos
2053 4191 2146 4266 Dei
2177 4191 2229 4244 in
2260 4190 2554 4266 ipsiusrei
2600 4188 3056 4266 manifestatione}
3090 4188 3173 4266 _ét
3213 4196 3354 4266 quod
3411 4199 3501 4254 illa

1926 4262 2210 4331 quamdam
2242 4261 2624 4315 dubitationem
2671 4260 2814 4328 prius
2842 4261 2893 4314 in
2922 4276 2981 4316 se
3017 4260 3500 4330 habuitfeamdem

1924 4347 2065 4387 nunc
2091 4333 2143 4386 in
2173 4331 2484 4402 quibusdam
2513 4346 2600 4386 res
2647 4331 2756 4399 ipsa
2793 4331 3098 4387 declaravit.
3135 4335 3284 4402 Quod
3309 4337 3504 4394 deinde

1925 4402 2060 4473 ignis
2078 4417 2171 4473 per
2198 4401 2483 4473 ampullam
2511 4415 2666 4473 aures
2685 4409 2862 4473 atque
2876 4402 3057 4473 oculos
3073 4401 3498 4473 comprehendit,

1923 4472 2050 4542 quid
2078 4472 2219 4526 aliud
2247 4480 2370 4543 tunc
2387 4472 2742 4540 pratsignavit,
2768 4471 2867 4524 nisi
2884 4471 3025 4543 quod
3050 4471 3354 4543 prtedicatio
3372 4471 3498 4532 san;

1923 4541 2129 4597 clarum
2161 4542 2855 4614 reliquiarumperveniens
2882 4541 2948 4596 ad
2985 4541 3067 4596 os_
3096 4546 3500 4614 monachorum,

1924 4629 2084 4667 unum
2114 4627 2308 4680 corpus
2328 4611 2579 4666 Ecclesiae
2616 4627 2708 4679 per
2733 4611 2971 4666 auditum
2996 4622 3157 4682 atque
3183 4617 3353 4671 visum
3375 4611 3491 4670 cla;

1924 4685 2100 4738 ritatis
2131 4683 2221 4737 Dei
2250 4683 2371 4752 igne
2395 4683 2686 4745 succendit,
2719 4692 2774 4735 ut
2799 4697 2984 4752 omnes
3014 4686 3205 4740 merito
3231 4686 3493 4750 dicerent,

1925 4754 2070 4828 Sicut
2090 4751 2392 4828 audivimus,
2424 4752 2495 4805 ita
2514 4763 2559 4806 et
2588 4754 2799 4828 vidimus
2842 4751 3009 4828 (Ptol.
3057 4771 3222 4822 xevn,
3256 4756 3352 4828 9)?
3387 4757 3501 4814 Nec

1924 4824 2064 4893 quod
2092 4825 2177 4877 ille
2208 4823 2488 4894 presbyter
2507 4825 2768 4892 apparuit,
2800 4824 2889 4894 qui
2912 4825 2976 4878 ad
3012 4840 3074 4880 os
3106 4823 3348 4880 monachi
3379 4844 3496 4882 am-

1927 4894 2120 4962 pullam
2149 4893 2422 4962 applicuit,
2451 4909 2568 4962 qua:
2612 4895 2787 4964 ignem
2828 4895 3021 4958 emisit,
3079 4895 3235 4950 inane
3283 4897 3401 4952 fuit.
3455 4899 3503 4953 Is

1924 4965 2065 5018 enim
2093 4972 2206 5018 erat
2238 4964 2326 5032 qui
2355 4979 2521 5033 nuper
2541 4979 2607 5020 ex
2635 4966 2852 5019 Oriente
2879 4965 3112 5030 rediens,
3147 4966 3285 5021 etde
3307 4971 3506 5024 sanctis

1924 5035 2160 5104 reliquiis
2189 5049 2319 5105 quas
2347 5035 2457 5091 illic
2483 5034 2707 5099 viderat,
2742 5038 2792 5089 in
2819 5049 2912 5089 ore
2941 5049 3214 5090 servorum
3248 5037 3339 5092 Dei
3375 5054 3496 5094 ver-

1925 5106 2049 5160 bum
2081 5121 2301 5175 ponens,
2329 5105 2477 5176 quasi
2503 5105 2785 5172 ampullam
2807 5105 3062 5176 admovit,
3096 5117 3148 5160 et
3169 5117 3354 5162 sancto
3387 5111 3506 5176 igne

1926 5174 2219 5231 succendit.
2255 5174 2358 5230 Sed
2388 5176 2496 5244 jam
2523 5175 2713 5228 vellem
2753 5174 2818 5228 ad
2846 5174 3168 5229 evidentiora
3201 5186 3255 5232 et
3284 5174 3507 5233 manife-

1924 5249 2089 5302 stiora
2138 5245 2342 5316 patroni
2398 5244 2651 5312 Stephani
2702 5245 2926 5316 transire
2971 5247 3244 5316 miracula,
3293 5251 3394 5302 nisi
3433 5249 3498 5303 ad

1926 5332 2037 5371 rem
2066 5318 2330 5386 pertinere
2349 5315 2972 5386 existimarem,alteram
3012 5315 3185 5371 adhuc
3226 5318 3504 5373 Sanctitati

1925 5385 2116 5441 vestra:
2143 5387 2379 5455 proferre
2407 5385 2686 5439 visionem.
2709 5385 2876 5452 Quam
2903 5397 3024 5454 peto
3053 5395 3106 5438 ut
3136 5387 3420 5455 patienter,
3453 5399 3508 5443 et

1926 5459 2062 5512 sicut
2089 5458 2337 5518 arbitror,
2361 5469 2464 5524 non
2494 5455 2843 5520 infructuose,
2871 5457 3054 5510 audire
3081 5456 3389 5524 dignemini.

1925 5526 2151 5582 CAPUT
2191 5526 2252 5579 ll.
2292 5555 2364 5566 -—-
2405 5521 2505 5582 Ubi
2538 5525 2737 5599 virgini!
2766 5536 2968 5580 sanctus
3011 5521 3300 5598 Stephanus
3345 5546 3508 5599 appa-

2656 5597 2778 5650 ruit.

1996 5667 2112 5722 Alia
2139 5675 2314 5721 autem
2341 5666 2487 5737 virgo
2510 5681 2660 5722 sacra
2681 5666 2748 5721 ad
2778 5667 2951 5721 locum
2984 5667 3318 5738 antiquorum
3362 5684 3506 5722 mar-

1989 5826 2007 5858 ι
2042 5824 2115 5873 Sic
2136 5821 2453 5877 Floriacensis
2473 5831 2554 5875 Ms.
2585 5830 2641 5876 At
2667 5823 2802 5887 editi,
2827 5826 2874 5874 et
2895 5836 3006 5875 mox
3026 5821 3222 5888 ﬂamma
3243 5824 3502 5892 sanguinis.
