4078 6476
269 347 366 402 857

267 460 428 515 duum
459 457 738 528 quemdam
765 463 820 528 et
846 464 1125 528 angustum
1145 451 1418 528 cujusdam
1440 451 1636 528 montis
1657 467 1845 528 ascen-

266 545 408 596 sum,
431 523 568 584 unde
599 529 740 582 nulla
769 527 866 582 sibi
897 523 1041 582 esset
1081 523 1311 596 facultas
1339 523 1633 596 remeandi,
1670 524 1848 596 nullus

267 593 438 654 exitus
456 598 732 654 evadendi.
771 599 842 650 Ex
869 612 975 666 quo
1011 596 1133 664 quid
1175 595 1316 650 aliud
1360 593 1843 660 demonstrabatur,

263 686 422 740 quam
455 681 508 724 ut
535 670 692 724 sciret
719 679 878 740 atque
907 668 1220 735 intelligeret
1249 668 1300 740 i_n
1339 666 1843 740 angustiis_pr_essu-_

263 735 444 794 rarum
477 755 690 793 suarum
720 735 823 792 non
849 738 1156 799 lunnanum,
1184 737 1276 792 sed
1325 735 1490 790 solius
1535 737 1622 789 Dei
1661 735 1844 790 deberi

264 827 504 878 qttzcrere
528 809 820 864 auxilium?
845 807 1082 875 Namque
1105 806 1535 878 apparuissesibi
1563 807 1842 878 aitquam-

265 875 385 934 dant
414 879 690 934 reverendi
719 880 860 932 visus
883 875 1288 948 fentinant,qum
1325 876 1426 948 sibi
1462 877 1538 948 sic
1567 875 1763 948 afflicto
1792 884 1846 932 ct

262 950 510 1006 dolorum
544 948 897 1004 amaritudine
922 949 1148 1016 repleto,
1189 945 1422 1016 speciem
1461 946 1542 1000 fici
1584 945 1838 1012 traderet,

263 1036 358 1090 per
385 1021 536 1089 cujus
555 1019 852 1074 dulcedinis
877 1018 1312 1090 significationem
1341 1017 1630 1090 spiritualis
1657 1018 1841 1090 gratia:

265 1086 562 1160 perciperet
605 1086 946 1144 suavitatem:
987 1087 1138 1160 Unde
1176 1089 1336 1160 etiam
1383 1086 1626 1160 fiduciam
1671 1088 1842 1160 impe-

264 1158 436 1216 trandi
467 1161 1004 1232 accipiensprecihus
1041 1158 1336 1222 insistebat,
1371 1159 1728 1232 et_sanitatetn
1751 1159 1842 1232 _ab

261 1246 324 1286 ea
353 1227 681 1302 petebatQAt
707 1227 817 1302 illa,
846 1247 962 1300 qua:
993 1237 1175 1302 typum
1205 1227 1384 1302 procul
1412 1227 1573 1282 dubio
1600 1227 1842 1302 gestabat

261 1298 535 1365 Ecclesia,
559 1301 733 1366 Modo,
769 1298 958 1370 inquit,
983 1298 1176 1354 accede
1220 1298 1287 1370 ad
1327 1307 1568 1370 sanetum
1610 1300 1842 1370 Stepha-

258 1388 409 1440 num,
437 1381 488 1428 et
516 1373 674 1426 faciet
701 1383 751 1426 te
775 1367 982 1426 sanum.
1011 1371 1162 1436 Quod
1198 1369 1399 1424 dictum
1440 1367 1568 1440 facti
1599 1367 1729 1424 fides
1757 1377 1842 1424 est

257 1439 559 1498 subsecuta.
587 1442 719 1496 Nam
748 1457 868 1497 cum
896 1442 982 1496 illa
1008 1441 1324 1504 discederet,
1347 1447 1404 1494 et
1436 1439 1550 1508 ipse
1577 1448 1694 1508 post
1721 1455 1839 1496 eam

257 1514 488 1582 relinqui
511 1528 570 1568 se
595 1512 782 1566 dolens
806 1513 1026 1572 diceret.
1061 1511 1290 1566 Ditnittis
1328 1525 1436 1576 me,
1466 1518 1520 1564 et
1541 1511 1708 1582 _ducis
1751 1511 1840 1566 te?

257 1599 388 1638 ecce
413 1579 554 1640 videt
595 1583 760 1649 illam,
805 1583 942 1637 sicut
984 1583 1058 1638 illi
1103 1582 1438 1652 promiserat,
1489 1579 1556 1634 ad
1597 1591 1840 1652 sanctum

255 1653 585 1724 Stephanum
600 1653 954 1724 accedentem
982 1661 1035 1707 et
1062 1667 1159 1722 pro
1187 1667 1245 1706 se
1275 1659 1550 1724 rogantem
1577 1665 1640 1705 ac
1655 1651 1840 1707 dicen-

255 1723 369 1780 tem
393 1725 475 1780 his
501 1723 678 1780 verbis
707 1741 720 1776 :
745 1723 895 1792 llogo
921 1733 972 1778 te
1003 1738 1097 1792 per
1129 1723 1463 1792 sanctitatem
1500 1730 1666 1792 tuam,
1711 1737 1838 1780 cura

255 1795 404 1850 illum
429 1812 444 1858 ;
473 1795 728 1850 miserere
773 1791 850 1849 illi
875 1795 912 1859 ¹,
955 1791 1210 1848 miserere
1251 1791 1478 1847 filiorum
1506 1791 1642 1860 ejus.
1671 1792 1836 1850 libera

257 1866 527 1920 hominem
559 1867 894 1919 innocentem
921 1863 988 1918 de
1013 1863 1372 1934 tribulatione.
1402 1861 1538 1934 Tum
1578 1863 1722 1934 illum
1748 1865 1839 1934 qui

253 1936 537 2006 rogabatur
565 1934 695 2006 vidit
721 1934 786 1988 ad
808 1949 866 1990 se
891 1943 1050 2006 atque
1069 1935 1134 1988 ad
1155 1933 1455 2006 cubiculum
1483 1931 1536 1986 in
1565 1948 1671 2006 quo
1689 1931 1836 2006 jace-

252 2001 364 2072 liai,
398 2005 780 2076 ingredientem
806 2001 1229 2076 antictitmveste
1253 2001 1500 2068 candida,
1529 2001 1708 2076 specie
1737 2004 1838 2061 de-

249 2091 400 2132 cora.
423 2073 590 2144 Quem
613 2091 736 2132 mox
781 2083 840 2130 ut
883 2074 1122 2144 agnovit,
1167 2081 1225 2127 ut
1273 2081 1506 2142 aegrotus
1545 2073 1834 2141 medicum,

251 2161 453 2216 egenus
481 2145 1043 2216 c0piosum,’supplexf
1061 2152 1362 2216 patrontim,
1402 2144 1484 2216 liis
1507 2144 1682 2216 verbis
1710 2159 1832 2200 cum

253 2213 505 2287 lacryniis
529 2213 952 2287 rogabatdicens
985 2215 1196 2270 :Chare
1239 2213 1432 2287 Christi
1476 2213 1668 2287 amice,
1708 2231 1834 2287 cura

249 2283 544 2352 tut-{libera
571 2283 656 2342 me
678 2286 745 2341 de
769 2285 1128 2350 tribulatione,
1179 2286 1434 2340 miserere
1473 2283 1623 2352 mihi,
1670 2285 1834 2342 misc-

251 2372 370 2411 rere
398 2357 518 2411 filiis
545 2357 694 2412 meis.
746 2355 842 2410 Vix
881 2365 1125 2426 precator
1165 2355 1324 2410 verba
1365 2355 1608 2426 finierat,
1624 2363 1690 2426 et
1724 2356 1834 2426 jam

249 2442 466 2494 precum
515 2427 794 2482 exanditor
850 2425 1096 2496 precibus
1151 2425 1527 2495 respondebat,
1579 2425 1766 2480 dicens
1817 2444 1830 2480 :

247 2497 438 2566 Surge,
470 2499 650 2552 salvus
679 2498 846 2552 factus
871 2513 950 2551 es.
983 2499 1053 2551 At
1079 2496 1170 2550 ille
1201 2497 1380 2550 statim
1407 2497 1458 2550 in
1483 2509 1731 2552 sermone
1751 2496 1836 2566 ju-

249 2567 444 2633 benlis,
479 2577 724 2638 tanquam
751 2568 840 2636 qui
883 2566 1224 2638 obdormiens
1267 2581 1516 2636 corpore,
1561 2566 1832 2638 sedvigi-

250 2638 367 2692 laus
392 2637 867 2708 spiritu’audisset,
897 2638 1148 2708 continuo
1173 2637 1242 2692 de
1293 2638 1439 2708 lecto,
1477 2637 1729 2703 exsilivit,
1780 2646 1836 2692 et

247 2720 373 2762 ante
397 2707 590 2763 lectum
619 2724 770 2762 suum
799 2707 965 2762 firmis
993 2709 1266 2777 gressibus
1293 2707 1540 2777 incedere
1569 2709 1751 2776 cmpit,
1771 2723 1836 2764 ac

247 2779 325 2859 sic
351 2782 570 2834 verbum
595 2780 726 2859 illud
753 2776 1045 2859 prophetia:
1076 2778 1337 2859 implevit,
1357 2776 1426 2832 Et
1451 2777 1834 2859 claudaesaliet

246 2849 377 2902 sicut
399 2865 570 2903 cervus
594 2849 744 2918 (Isai.
779 2849 1046 2920 xxxvgﬁ).
1075 2849 1274 2920 Deinde
1314 2863 1471 2920 mane
1514 2849 1703 2918 surgit,
1741 2865 1832 2902 vo-

251 2928 412 2988 taque
440 2920 890 2992 suaMartyribus,
917 2918 1010 2992 ubi
1042 2919 1246 2992 caulem
1288 2919 1526 2992 reliquite
1570 2929 1834 2992 suscepta:

245 3000 393 3055 sunt,
425 2991 652 3045 reddere
679 2989 996 3058 properavit.
1027 2989 1144 3058 Quo
1181 2999 1400 3058 propter
1428 2990 1632 3044 itineris
1661 2989 1826 3058 longi-

247 3060 485 3115 tudinem
525 3061 709 3114 baculo
739 3061 910 3114 adhuc
940 3061 1268 3114 innitendum
1310 3073 1430 3114 esse
1466 3060 1687 3130 putavit.
1728 3059 1832 3116 Ubi

319 3137 528 3202 stquam
557 3131 648 3186 diu
675 3132 866 3202 oravit,
886 3146 1082 3202 cereos
1107 3130 1368 3202 accendit,
1405 3131 1649 3184 baculum
1672 3130 1830 3202 dere-

271 3201 420 3272 iquit,
449 3211 606 3271 atque
627 3201 816 3256 exinde
842 3201 1007 3256 lilium
1059 3201 1335 3269 parvulum
1375 3203 1516 3272 collo
1548 3201 1830 3272 sustinens

247 3271 528 3341 repedavit
556 3290 568 3326 :
613 3273 664 3326 in
687 3273 966 3326 ecclesiam
996 3273 1160 3338 venit,
1193 3283 1246 3327 et
1292 3271 1512 3340 gloriam
1547 3271 1638 3342 Dei
1675 3279 1834 3342 atque

247 3342 422 3398 Amici
453 3343 544 3396 Dei
571 3343 816 3396 sanitatis
845 3341 1182 3398 attestatione
1209 3343 1534 3410 pra-dicavit.
1563 3341 1690 3396 Post
1719 3341 1834 3398 hate

248 3413 486 3482 reliquiis
514 3413 566 3466 in
591 3415 812 3467 ecclesia
835 3429 954 3466 cum
979 3413 1176 3482 iungenti
1200 3413 1508 3468 celebritate
1529 3412 1826 3479 collocatis,

251 3493 501 3554 tanquam
526 3484 791 3552 proposita
822 3487 1057 3554 statione
1096 3485 1372 3554 medicina:
1405 3483 1567 3552 (unde
1592 3484 1830 3538 cantavi-

251 3569 391 3616 Inus,
434 3553 777 3619 Susccpimus,
810 3553 966 3614 Deus,
1001 3553 1394 3608 miscricordiam
1425 3565 1562 3606 tuam
1594 3554 1645 3606 in
1669 3556 1832 3608 medio

249 3625 422 3696 templi
448 3625 519 3678 tui
545 3623 710 3696 [PsaL
742 3641 904 3690 XLVII,
937 3623 1071 3696 10])Ξ
1101 3624 1282 3696 quanti
1309 3639 1375 3678 ex
1415 3625 1508 3677 illo
1533 3625 1617 3678 die
1647 3625 1830 3696 niulti-

249 3693 449 3764 tudinis
473 3693 706 3764 undique
728 3693 1021 3749 concursus
1049 3695 1159 3749 fieri
1192 3710 1420 3763 cmpere,
1454 3703 1645 3764 quanta
1671 3695 1832 3750 bene-

249 3765 369 3820 ficia
399 3763 592 3818 fuerint
620 3763 830 3829 collata,
863 3775 916 3820 et
957 3765 1190 3834 quotidie
1227 3763 1588 3832 conferantur,
1625 3777 1822 3832 quanta

249 3835 910 3906 miraculademonstrata,
942 3845 1070 3904 quot
1107 3835 1232 3888 caeci
1281 3835 1556 3890 illtnninati
1616 3837 1827 3906 paraly-

250 3905 341 3976 tici
365 3905 556 3972 sanati,
586 3907 766 3974 quanti
787 3907 944 3960 variis
962 3905 1159 3960 morbis
1177 3907 1616 3976 passionibusque
1637 3905 1827 3973 curati,

249 3975 344 4028 sed
373 3977 648 4046 etenim-tui
674 3977 934 4041 suscitati,
955 3975 1272 4044 longum’est
1307 3977 1458 4030 nobis
1487 3986 1540 4030 et
1563 3991 1699 4046 pene
1727 3976 1828 4028 im-

253 4043 508 4114 possibile
531 4045 776 4114 uuiversa
805 4047 885 4098 vel
919 4043 1173 4102 memoria
1204 4048 1452 4111 retinere,
1473 4043 1832 4101 vel—sermone

249 4113 516 4186 digerere,
543 4114 628 4186 vel
672 4113 794 4167 stilo
821 4115 1099 4186 mandare;
1128 4131 1246 4186 cum
1279 4116 1690 4186 unumquodque
1729 4117 1832 4170 tui-

249 4184 499 4254 raculum
533 4185 612 4238 sui
657 4186 868 4250 generis
895 4185 1176 4254 quamdam
1205 4184 1479 4242 historiam
1509 4184 1708 4242 habere
1734 4203 1828 4239 no-

249 4264 446 4308 scatur.
483 4253 554 4310 De
580 4255 771 4324 quibus
793 4253 968 4308 tamen
993 4255 1270 4322 omnibus,
1301 4273 1418 4324 quae
1457 4272 1626 4326 neque
1661 4256 1833 4326 expli-

249 4340 374 4380 care
423 4340 734 4393 possumus,
792 4339 962 4394 neque
1013 4326 1222 4393 penitus
1281 4328 1502 4382 reticere
1550 4326 1828 4394 debemus,

251 4397 500 4466 pauciora
529 4411 752 4466 qumque
776 4403 830 4448 ct
854 4395 1058 4449 notiora
1084 4395 1346 4464 eligimus,
1372 4405 1429 4450 ut
1472 4412 1641 4466 neque
1685 4397 1834 4450 fasti-

247 4465 503 4538 clientium
528 4465 684 4521 aures
713 4466 1048 4533 inuudemus,
1073 4481 1246 4537 neque
1283 4465 1612 4538 diligentiuin
1657 4469 1828 4522 studia

248 4535 343 4590 def
342 4535 646 4592 raudemus.

247 4627 470 4686 CAPUT
513 4629 574 4684 V.
598 4629 763 4684 -—-De
789 4629 998 4684 muliere
1015 4645 1128 4698 qua:
1157 4645 1250 4698 pro
1279 4629 1460 4684 marito
1481 4646 1574 4684 suo
1601 4641 1832 4685 sanctum

490 4699 806 4772 Stephanum
832 4702 1095 4764 invocavit,
1126 4710 1173 4755 et
1201 4701 1436 4754 exaudita
1456 4711 1546 4754 est.

317 4789 482 4861 Igitur
527 4790 926 4860 Memplonitani
982 4791 1136 4846 loci'
1189 4792 1380 4846 mulier
1437 4793 1680 4862 qumdam
1738 4794 1830 4850 diu

247 4863 635 4932 peregrinantis
661 4864 833 4916 mariti
865 4877 962 4917 nec
987 4863 1054 4918 de
1081 4872 1253 4918 morte
1275 4874 1438 4922 certa.
1471 4879 1571 4918 nec
1609 4865 1676 4917 de
1719 4866 1828 4920 vita

247 4949 455 4998 secura,
495 4949 613 4986 cutn
647 4933 856 4986 triennii
893 4932 1062 4988 ferme
1099 4941 1308 5002 tempus
1347 4949 1620 4989 emensmu
1663 4945 1828 5002 esset,

247 5019 354 5074 quo
383 5005 464 5056 illa
495 5003 717 5074 diversis
745 5003 1085 5073 opinionibus
1113 5005 1181 5058 de
1215 5004 1440 5074 conjuge
1473 5006 1732 5074 exagitata
1776 5006 1830 5061 in

247 5074 463 5144 ancipiti
511 5081 565 5128 et
602 5073 762 5128 dubio
809 5074 931 5127 vita:
978 5089 1088 5129 sure
1126 5083 1265 5128 statu
1317 5073 1499 5129 fuisset
1549 5073 1824 5140 c0!locata,

247 5144 539 5199 lluctuabat
562 5159 626 5198 ex
657 5145 859 5198 incerto
887 5145 1126 5214 pendens
1155 5146 1430 5201 muliebris
1449 5145 1677 5210 animus,
1703 5157 1754 5200 et
1779 5149 1828 5201 in

245 5215 386 5285 quod
415 5228 472 5268 se
509 5215 644 5285 latus
688 5229 828 5284 aegra
869 5214 1154 5283 projiceret
1197 5216 1490 5284 ignorabat,
1531 5217 1654 5270 dum
1708 5217 1831 5272 hinc

251 5284 450 5354 nuptiae
473 5284 843 5356 suaderentur,
869 5295 1150 5356 paupertas
1185 5298 1590 5356 prepoueretur,
1634 5288 1830 5342 solliei-

247 5357 376 5410 tudo
406 5356 756 5425 ingererelur,
783 5355 1035 5425 fragilitas
1069 5357 1246 5412 carnis
1288 5355 1664 5424 insidiaretur;
1708 5375 1829 5412 rur-

245 5441 365 5480 sum
411 5441 476 5479 ex
508 5426 626 5499 _alia
669 5435 818 5494 parte
861 5427 1100 5490 castitas,
1133 5427 1388 5499 inaritus,
1436 5427 1595 5499 fama,
1644 5429 1830 5499 religio

247 5505 372 5568 ante
400 5495 592 5550 oculos
621 5503 948 5568 ponerentur
981 5515 994 5549 :
1024 5496 1238 5568 hindem
1285 5499 1424 5552 inter
1463 5495 1828 5568 hujuscemodi

251 5567 465 5622 sibimet
507 5567 912 5637 repugnantium
939 5565 1320 5635 cogitationum
1349 5565 1547 5637 aestus,
1567 5572 1830 5640 potentis-

309 5681 326 5713 ι
362 5679 512 5730 editio
533 5685 644 5730 Lov.
677 5679 872 5738 omittit,
896 5677 1124 5730 miserere
1147 5677 1238 5730 illi.
1314 5686 1372 5730 Μ.

307 5743 330 5772 ’³
362 5749 430 5806 tta
461 5739 772 5806 l“iUt'_i30_8|tSls
795 5741 1164 5806 manuscriptus.
1191 5749 1263 5806 ιιι⁸
1280 5743 1414 5800 editi,
1456 5740 1616 5806 igitur
1638 5741 1689 5794 in
1726 5757 1827 5794 rm-

244 5803 516 5856 blom'mrnn
553 5801 662 5864 lori,
688 5809 780 5855 etc.
815 5803 930 5854 Vide
956 5801 1094 5864 infra,
1117 5803 1203 5855 lib.
1237 5803 1285 5868 9,
1309 5816 1414 5869 cap.
1442 5801 1562 5866 4,"n.
1590 5805 1633 5853 2.

1629 338 1836 394 LIBER
1873 336 2144 396 PRIMUS.
3431 343 3536 400 858

1950 451 2070 506 simi
2097 451 2336 526 advocati
2364 452 2620 526 Stephani
2657 453 2942 526 implorare
2982 452 3178 526 debere
3219 458 3530 526 patrocinia,

1949 537 2053 576 non
2085 523 2402 598 sine_divina
2427 523 2759 598 providentia
2781 535 2908 598 esta
2935 523 3252 598 quibusdam
3288 523 3534 598 instigata

1949 601 2110 716 atque
2137 593 2439 648 cobortata.
2461 595 2592 650 Nam
2620 595 2685 649 ad
2714 597 2832 664 ejus
2855 593 3159 650 Memoriam
3189 593 3534 666 supplex'ad-

1950 678 2014 716 vo
2039 665 2166 716 avit.
2201 664 2376 716 ibiuue
2399 681 2456 716 se
2484 680 2603 716 cum
2634 666 2886 716 lacrvmis
2918 667 3127 716 stravit.
3150 667 3214 716 Et
3238 667 3364 716 dum
3392 679 3530 716 orat-

1950 664 2166 736 volavit,
2201 664 2376 736 ibique
2399 681 2456 736 se
2484 680 2603 719 cum
2634 666 2886 736 Iacrymis
2918 667 3127 721 stravit.
3149 667 3214 720 Et
3238 664 3364 721 dum
3392 679 3530 736 orat,

1947 733 2133 788 audire
2165 733 2380 806 meruit,
2433 735 2650 790 Maritus
2683 733 2802 790 tuus
2823 736 2988 790 venit.
3027 737 3261 806 Propere
3307 738 3393 792 illa
3437 733 3534 792 do;

1948 819 2092 858 tuum
2119 804 2292 868 rediit,
2320 813 2374 858 et
2422 807 2672 859 maritum
2721 807 3041 861 incolumem
3089 804 3308 862 invenit.
3361 809 3432 862 ita
3477 820 3533 865 et

1947 875 2159 949 conjugi
2208 875 2424 949 castitas
2461 877 2782 949 custodita,
2843 887 2897 932 et
2938 878 3125 932 Amico
3177 879 3267 949 Ι)φὶ
3333 891 3531 949 quanta

1947 943 2707 1018 fuei'iti'animgepericlitantis
2731 961 2878 1014 cura,
2911 949 3182 1018 cognitum
3221 943 3418 1004 factum
3448 961 3531 1006 est

1947 1013 2000 1068 in
2033 1015 2128 1069 Dei
2157 1016 2382 1072 mirabili
2410 1017 2600 1086 gratia.

1943 1107 2167 1164 CAPUT
2211 1107 2368 1184 Vi.—
2391 1109 2473 1184 De
2493 1111 2694 1164 homine
2710 1125 2854 1180 quem
2877 1111 3102 1184 collapea
3121 1111 3301 1166 domus
3321 1131 3531 1184 oppres-

2013 1181 2338 1304 cerat,tcujus‘
2361 1183 2575 1253 conjuge
2597 1191 2773 1236 orante
2791 1191 3016 1236 sanctum
3043 1181 3528 1254 Stepltanum,rivur

2013 1265 2156 1304 muen
2183 1267 2242 1306 us
2261 1267 2313 1305 es
2339 1289 2354 1304 .

2013 1339 2118 1416 _Per
2141 1340 2280 1416 idem
2311 1349 2540 1416 tempus,
2559 1343 2612 1397 in
2632 1351 2811 1398 nostra
2829 1343 3044 1398 civitate
3063 1345 3302 1416 quaedam
3334 1346 3526 1404 domus

1945 1411 2101 1484 ruina
2127 1413 2359 1484 collapsa
2387 1411 2658 1468 hominem
2686 1423 3047 1484 oppresserat,
3079 1411 3160 1470 cui
3201 1431 3394 1472 nomen
3425 1419 3529 1472 Da-

1883 1487 1904 1518 "
1943 1483 2081 1554 tivus
2107 1491 2210 1538 est.
2237 1482 2402 1554 Cujus
2418 1485 2614 1554 exinde
2631 1482 2839 1539 erutum
2861 1499 3056 1554 corpus
3095 1495 3149 1540 et
3187 1487 3253 1540 ad
3294 1489 3523 1544 vicinam

1940 1551 2157 1627 domum
2197 1551 2558 1627 translatum,
2593 1553 2798 1610 funeris
2823 1551 3104 1627 _obséquio
3157 1557 3522 1627 plangebatur.

1939 1619 2382 1699 Proindejttgalis
2411 1624 2875 1699 ejusdemhmariti
2905 1619 3172 1699 sui'tanto'
3205 1619 3350 1682 luciu
3396 1645 3521 1699 per-

1939 1693 2108 1766 enisa,
2136 1693 2202 1750 ad
2229 1693 2536 1766 Memoriam
2566 1695 2783 1764 gloriosi
2815 1695 3068 1765 Stephani
3117 1713 3216 1766 pro
3259 1699 3362 1752 vita
3396 1693 3525 1755 'ma-

1939 1764 2026 1837 riti
2089 1779 2211 1837 cum
2238 1765 2500 1837 _l_acrymis
2543 1781 2602 1837 se
2649 1764 2975 1834 prostratum

1939 1833 2178 1908 dum__i|la
2202 1833 2509 1908 aliquandiu
2537 1835 2604 1890 ad
2627 1833 2784 1890 aures
2809 1837 2978 1893 Amici
3013 1833 3104 1892 Dei
3137 1838 3242 1894 fide
3265 1841 3521 1908 pulsaret,

1939 1905 2186 1980 precibus
2208 1906 2518 1980 insisteret,
2545 1921 2673 1961 ecce
2714 1917 2936 1980 repente
2979 1909 3032 1962 in
3060 1905 3348 1980 conspectu
3374 1905 3525 1980 plan;

1975 1976 2172 2029 entium
2201 1974 2372 2031 funeri
2404 1974 2856 2032 circumstantium
2901 1987 2956 2034 et
2997 1974 3208 2034 nomen'
3233 1974 3522 2036 venerandi

1992 2047 2183 2126 artyris
2205 2049 2585 2126 invocantium,
2610 2049 2691 2100 vir
2720 2048 2835 2116 ejus
2873 2049 2925 2104 in
2969 2063 3076 2126 q_u_o
3117 2048 3329 2126 jacebat
3375 2051 3518 2126 loco,

1937 2117 2146 2188 aperire
2166 2117 2369 2180 oculos,
2393 2127 2446 2172 et
2465 2133 2660 2188 corpus
2701 2133 2936 2182 movere,
2969 2117 3269 2174 videntibus
3316 2131 3371 2176 et
3415 2124 3518 2176 mi-

1937 2187 2178 2261 rantibus
2205 2189 2455 2261 omnibus
2485 2187 2580 2261 qui
2593 2188 2845 2261 aderant,
2875 2189 3068 2260 etrapit:
3095 2204 3156 2244 ac
3180 2191 3370 2246 deinde
3399 2201 3521 2261 post

1938 2257 2262 2328 aliquantum
2285 2257 2524 2328 ejusdem
2551 2259 2654 2313 diei
2681 2261 2908 2328 spatium
2937 2257 3212 2315 emensum
3257 2262 3320 2316 ad
3365 2257 3520 2319 vivos

1937 2327 2171 2400 rediens:
2205 2337 2260 2382 et
2285 2327 2336 2382 in
2356 2344 2413 2384 se
2439 2327 2797 2400 residens,’ad
2821 2331 2966 2386 illum
2988 2332 3142 2398 cujus
3165 2331 3356 2387 domus
3380 2343 3516 2400 erat,

1935 2397 2070 2472 dixit
2101 2417 2112 2452 :
2145 2398 2336 2454 Beatus
2361 2415 2442 2472 cs,
2466 2399 2927 2472 fra_ter,4quoniam
2961 2397 3119 2472 hodie
3156 2404 3375 2472 angelus
3419 2397 3515 2459 Dei

1935 2467 2151 2522 domum
2186 2467 2928 2541 tuam_intravit.iEt_narrare
2965 2467 3128 2540 coepit
3169 2467 3288 2541 qua:
3325 2474 3519 2529 anima:

1937 2553 2046 2592 sun:
2079 2541 2312 2594 revelata
2336 2539 2575 2594 fuissent.
2601 2540 2740 2594 Dixit
2758 2541 2898 2594 enim
2923 2539 3258 2596 multitudine
3282 2553 3520 2598 mortuo-

1935 2624 2052 2682 rum
2075 2627 2132 2682 se
2159 2609 2320 2664 fuisse
2349 2609 2756 2682 circumdatum,
2776 2627 2998 2682 quorum
3028 2613 3161 2666 alios
3188 2615 3514 2682 agnovisset,

1933 2681 2085 2752 alios
2116 2681 2432 2752 ignorasset.
2479 2681 2682 2752 Deinde
2713 2681 2959 2752 quodam
3013 2681 3254 2752 ingresso
3295 2684 3514 2752 juvene,

1935 2751 2158 2804 candida
2183 2761 2329 2805 veste
2358 2751 2578 2812 nitente,
2599 2751 2838 2805 habitum
2865 2751 3434 2821 diaconi’przeferente,
3463 2765 3520 2810 et

1933 2821 2143 2891 pietatis
2165 2823 2388 2889 imperio
2417 2822 2634 2886 iubente
2661 2837 2724 2875 ac
2751 2821 2962 2878 dicente
2992 2825 3098 2877 illis
3132 2825 3376 2891 mortuis,
3409 2825 3514 2880 Re-

1934 2890 2139 2965 cedite;
2159 2892 2506 2965 _s_tatin_i_illas
2551 2901 2898 2965 mortuorum
2931 2893 3112 2947 turbas
3159 2910 3264 2948 non
3311 2890 3520 2965 coinpa-

1935 2961 2126 3032 ruisse.
2158 2962 2292 3016 Tum
2319 2963 2464 3016 illum
2504 2963 2568 3015 ad
2601 2977 2659 3014 se
2697 2963 3012 3026 accessisse,
3041 2979 3105 3018 ac
3147 2965 3245 3018 sibi
3293 2961 3513 3032 dixisse,

1935 3031 2119 3120 llic-dde
2145 3033 2286 3120 quod
2317 3033 2588 3120 accepisti.
2617 3032 2685 3086 Et
2725 3048 2784 3120 sc
2809 3049 2914 3087 non
2947 3031 3516 3120 iiitcllilgente,‘iterum

1937 3103 2080 3156 illum
2111 3105 2388 3171 repetisse,
2421 3102 2604 3156 Redde
2625 3105 2764 3171 quod
2805 3104 3075 3172 accepisti.
3110 3102 3213 3158 Sed
3261 3113 3316 3158 et
3359 3107 3517 3160 tertio

1935 3183 1992 3226 ut
2031 3174 2279 3228 redderet
2315 3173 2561 3226 similiter
2583 3175 2894 3242 imperatum
2923 3174 3024 3228 sibi
3045 3175 3112 3228 ab
3131 3190 3196 3229 eo
3225 3175 3404 3239 fuisse,
3429 3191 3519 3231 se—

1933 3259 2036 3316 que
2056 3245 2423 3316 respondisse,
2445 3243 2579 3316 Nunt
2611 3243 2924 3316 Symbolum
2947 3245 3103 3316 jubes
3147 3253 3204 3298 ut
3252 3245 3519 3316 reddam?

1935 3313 2001 3368 Et
2033 3315 2126 3368 illo
2146 3316 2378 3377 dicente,
2411 3315 2619 3386 liedde;
2649 3313 2708 3369 se
2737 3331 2804 3370 ex
2832 3316 3018 3386 ordine
3043 3315 3360 3386 Symbolum
3401 3317 3518 3372 red-

1933 3385 2153 3450 didisse,
2180 3395 2234 3438 et
2257 3387 2535 3455 adjecisse,
2569 3385 2621 3440 Si
2660 3387 2834 3455 jubes,
2875 3395 2930 3440 et
2951 3385 3256 3440 Orationem
3287 3386 3520 3443 domini-

1933 3471 2047 3510 cam
2079 3456 2244 3510 reddo
2275 3471 2288 3508 :
2319 3465 2477 3526 atque
2506 3456 2598 3510 illo
2626 3465 2893 3510 annuente
2930 3457 3180 3511 reddidit.
3227 3456 3379 3511 Tunc
3423 3459 3516 3514 ille

1933 3528 2086 3596 signo
2112 3528 2328 3580 salutari
2356 3542 2450 3580 cor
2474 3527 2702 3594 jacentis
2719 3527 3138 3597 signavit,eique
3157 3527 3290 3598 dixit
3313 3529 3518 3598 :Surge

1927 3599 2036 3666 jam
2065 3599 2260 3652 salvus.
2285 3598 2352 3652 Et
2381 3613 2624 3668 surgens,
2658 3599 2794 3653 sicut
2819 3598 3018 3652 dictum
3045 3607 3157 3664 est,
3186 3597 3366 3653 salvus
3387 3597 3520 3655 επε-

1932 3679 2045 3721 ctus
2070 3678 2170 3722 est.

1931 3739 2155 3794 CAPUT
2194 3739 2306 3794 Vll.
2341 3769 2415 3781 —-
2455 3737 2552 3795 Ubi
2579 3739 2830 3808 prohibuit
2859 3741 3072 3792 'sanclus
3107 3739 3432 3810 episcopum,
3453 3756 3518 3796 ne

2215 3811 2454 3881 reliquias
2478 3826 2598 3863 snas
2624 3813 2896 3880 transferre
2912 3819 3248 3879 prmsumeret.

2004 3881 2204 3935 Eodem
2251 3893 2489 3950 tempore
2529 3881 2844 3934 venerabilis
2893 3883 3174 3950 episcopus
3230 3889 3413 3937 noster
3449 3881 3518 3938 de

1933 3951 2170 4019 ejusdem
2213 3955 2380 4005 saneti
2413 3951 2648 4019 reliquiis
2691 3952 2918 4018 aliquam
2949 3961 3151 4019 partem
3181 3951 3519 4019 disposuerat

1933 4022 1984 4094 in
2015 4021 2464 4076 Promontnricnsi
2491 4021 2717 4094 ecclesia
2748 4021 3055 4094 collocare”:
3083 4020 3198 4094 dies
3221 4023 3381 4077 etiam
3411 4039 3518 4094 quo

1934 4092 1984 4145 id
2035 4095 2180 4146 tieret
2221 4103 2448 4146 statutus
2486 4101 2622 4146 erat.
2658 4092 2793 4146 Ecce
2829 4099 2954 4146 ante
2989 4089 3130 4146 diem
3159 4091 3270 4146 fere
3303 4089 3516 4148 tertium

1933 4164 2144 4231 quidam
2165 4163 2419 4217 Ecclesize
2441 4173 2636 4232 nostra:
2665 4160 2965 4232 presbyteri
2989 4161 3115 4227 duo,
3136 4177 3359 4232 quorum
3379 4179 3521 4220 unus

1934 4235 2236 4288 maturioris
2284 4235 2486 4295 aetatis,
2520 4231 2786 4288 Zumurus
2816 4231 3114 4298 1inomine,
3156 4231 3474 4290 admonetur
3497 4275 3515 4301 ,

1933 4305 2072 4374 qttod
2101 4307 2212 4374 ipse
2245 4304 2578 4373 postmodum
2607 4303 2825 4370 retulit,
2851 4312 2908 4358 ut
2933 4303 2998 4357 ad
3028 4304 3333 4374 episcopum
3361 4321 3519 4360 mane

1937 4387 2209 4444 pergeret,
2238 4375 2392 4444 eique
2418 4375 2653 4446 diceret,
2679 4389 2746 4446 ne
2775 4375 3054 4446 perliceret
3089 4375 3231 4446 quod
3257 4375 3325 4429 de
3367 4383 3518 4444 parte

1935 4447 2275 4514 reliquiarum
2296 4447 2469 4499 facere
2493 4445 2860 4514 disposuisset.
2879 4444 3031 4512 Quod
3047 4444 3166 4500 cuin
3192 4455 3518 4502 memoratus

1933 4517 2211 4586 presbyter
2257 4517 2584 4586 negligenter
2623 4515 2930 4580 habuisset,
2963 4529 3062 4570 nec
3096 4516 3162 4570 ad
3207 4515 3518 4584 episcopum

1935 4585 2258 4656 pertulisset,
2280 4585 2512 4640 secunda
2536 4586 2650 4639 vice
2678 4591 2732 4640 et
2754 4586 2986 4656 graviter
3009 4587 3267 4656 arguitur,
3285 4595 3339 4642 et
3366 4587 3519 4656 alapa

1935 4655 2067 4711 illisa
2097 4659 2147 4711 in
2181 4657 2364 4729 faciem
2389 4657 2718 4729 verberatur.
2739 4655 2912 4729 Alium
2931 4655 3106 4729 autem
3126 4655 3512 4729 presbyterum,

1935 4729 2194 4782 Donatum
2225 4727 2469 4794 nomine,
2501 4727 2750 4782 retulisse
2775 4725 2914 4796 quod
2946 4727 2996 4781 in
3026 4725 3142 4796 ipso
3169 4725 3517 4782 loco'Memo-

1935 4799 2027 4852 ria:
2056 4799 2300 4854 eumdem
2329 4799 2635 4868 episcopum
2663 4809 2901 4852 nostrum
2929 4798 3122 4852 viderit
3140 4800 3350 4852 sibimet
3377 4813 3408 4853 e
3433 4799 3518 4853 di-

1933 4886 2088 4923 verso
2115 4877 2397 4932 astantem,
2426 4878 2480 4923 et
2499 4879 2830 4924 sacramenta
2861 4868 2999 4923 nivei
3028 4869 3274 4923 candoris
3299 4868 3350 4922 in
3379 4870 3518 4938 palla

1935 4940 2179 4994 manibus
2201 4948 2256 4994 et
2276 4940 2412 4994 collo
2432 4948 2749 5010 gestantem.
2770 4939 2937 5010 Quem
2961 4940 3202 5008 protinus
3221 4939 3518 5008 appellans,

1933 5017 2240 5064 constanter
2265 5011 2398 5064 dixit
2427 5009 2452 5064 τί
2473 5009 2616 5065 Pone
2648 5011 2733 5064 hic
2770 5009 2910 5081 quod
2957 5019 3158 5081 portas.
3183 5011 3424 5081 cumque
3452 5011 3522 5064 ab

1931 5082 2039 5136 alio
2067 5083 2116 5134 in
2147 5081 2360 5136 sinistra
2389 5081 2624 5152 episcopi
2655 5080 2828 5152 stante
2855 5080 3167 5152 presbytero
3190 5080 3406 5152 sibimet
3432 5081 3518 5152 dif

1933 5162 2144 5207 ceretur
2163 5191 2177 5218 ,
2202 5153 2266 5206 Et
2301 5151 2430 5222 quis
2455 5153 2590 5207 alius
2619 5151 2884 5222 portabit?
2910 5151 3022 5220 ipse
3049 5151 3353 5222 respondit,
3382 5151 3520 5218 Quid

1934 5223 1998 5277 ad
2029 5233 2098 5286 te,
2131 5223 2291 5278 modo
2317 5221 2404 5276 hic
2431 5222 2572 5292 quod
2602 5221 2670 5275 ab
2697 5221 2950 5290 episcripo
2983 5231 3242 5290 portatur,
3273 5221 3392 5275 loco
3422 5237 3521 5274 suo

1934 5295 2259 5364 reponatur!
2283 5292 2434 5361 Quod
2465 5293 2601 5346 sicut
2635 5292 2932 5364 revelatum
2963 5301 3082 5364 est,
3115 5293 3186 5346 ita
3219 5299 3337 5360 post
3373 5293 3517 5364 diem

1935 5361 2148 5419 tertium
2181 5365 2452 5432 impletum
2491 5371 2593 5416 est.
2632 5361 2872 5432 Namque
2897 5377 3014 5416 cum
3040 5363 3146 5431 jam
3185 5363 3520 5430 prazcedentc

1933 5437 2019 5490 die
2059 5435 2357 5488 vehiculum
2399 5441 2709 5502 pararetur,
2738 5443 2795 5486 ut
2823 5447 2943 5487 cum
2985 5443 3136 5502 parte
3177 5434 3517 5503 reliquiarum

1934 5507 2217 5576 episc0pus
2258 5503 2716 5576 proficisceretur,
2749 5512 2969 5573 repente
3011 5503 3346 5576 hujuscerei
3379 5503 3519 5558 fama

1933 5574 2030 5647 per
2051 5577 2320 5647 civitatem
2345 5574 2610 5647 divglgata
2634 5613 2649 5638 ,
2683 5575 2941 5647 immensa
2971 5574 3036 5629 ad
3065 5574 3344 5629 ecclesiam
3375 5576 3514 5628 mul-

1933 5645 2101 5702 iitudo
2126 5645 2401 5700 conﬂuxit.
2421 5645 2704 5702 Tumultus
2722 5653 2778 5701 et
2797 5645 2999 5702 clamor
3024 5660 3247 5716 magnus
3273 5647 3384 5700 lieri
3410 5659 3516 5702 cm-

2003 5805 2019 5837 ι
2051 5801 2211 5853 Codex
2235 5803 2566 5870 Floriaccusis,
2599 5807 2790 5854 Zurius.

3055 1769 3274 1822 errexit.
3319 1769 3525 1826 Ibidem
3587 1799 3594 1804 -
