4078 6482
554 361 658 416 813

561 501 625 544 re
651 481 869 555 singulis
893 493 1102 555 quoque
1127 475 1441 555 conscriptis
1468 475 1628 555 etiam
1656 474 1783 555 ipszc
1809 487 1896 555 res
1920 471 2133 525 mirabi-

558 557 687 611 liter
710 544 958 608 concordi
1010 544 1209 604 unitate
1236 544 1472 608 coirent;
1505 544 1741 615 profecto
1789 552 2002 615 putares
2028 557 2134 615 non

566 632 674 680 tam
722 621 986 693 praterita
1025 616 1268 693 narrari,
1311 631 1467 693 quant
1509 613 1686 683 potius
1725 613 2012 693 pnesentia
2038 613 2137 693 de-

490 716 496 725 ·
565 682 869 749 monsirari.
892 691 964 743 Ita
999 689 1164 748 enim.
1189 682 1599 755 quod‘scrmone
1625 682 2006 755 proferebatur,
2037 689 2141 755 sta.

569 767 662 818 tim
702 763 863 816 etiam
913 759 1028 828 ipso
1077 751 1324 828 praesenti
1363 751 1910 828 opereucernebatur,
1940 759 1999 828 ιιι
2031 751 2138 828 alio

566 830 795 902 quodam
821 821 1008 902 majori
1043 821 1305 902 miraculo
1348 821 1671 902 mirabiliora
1719 823 1832 891 ipsa
1881 821 2135 902 miracula

565 890 931 957 redderentur:
958 896 1087 964 Quis
1104 905 1207 949 tam
1235 893 1399 949 durus
1427 909 1500 964 ac,
1511 893 1712 964 ferreus
1738 890 1843 946 non
1879 892 1933 945 in
1966 890 2138 964 laci-y—

565 968 917 1037 maserupit?
959 959 1064 1021 mm
1101 966 1167 1037 ad
1209 966 1452 1034 pietatem
1490 962 1948 1037 butnilitatemque
1963 959 2136 1037 deiid-

492 1069 507 1095 .~
567 1041 688 1114 xit?
713 1028 842 1114 Quis
862 1052 1091 1114 unquam
1117 1028 1276 1114 digno
1294 1033 1561 1114 praeconio
1607 1032 1745 1114 loqui
1773 1028 1939 1114 possit
1962 1030 1985 1083 ἲ
2011 1028 2133 1085 Fie-

504 1115 506 1118 ’
566 1110 658 1165 bat
682 1102 1267 1182 clamor‘gratulatio'nis
1293 1104 1345 1158 in
1389 1102 1567 1182 auditu
1621 1102 2136 1182 lectionistrursum

564 1192 774 1250 quoque
801 1172 968 1250 major
1007 1176 1290 1250 exsultatio
1313 1173 1639 1250 excitabatur
1666 1172 1718 1225 in
1738 1179 1958 1250 aspectu
1979 1172 2139 1225 visio-

567 1238 653 1302 nis
682 1238 704 1314 ξ
736 1263 799 1301 ac
813 1238 900 1301 sie
915 1261 1007 1315 per
1030 1244 1267 1298 auditum
1298 1251 1351 1298 et
1386 1243 1556 1315 visum
1596 1238 1905 1315 penetrabat
1925 1238 2133 1294 ﬂamma

564 1308 728 1373 divini
767 1308 963 1370 amoris
1009 1315 1182 1368 onmis
1232 1323 1354 1366 tunc
1402 1326 1496 1366 cor
1538 1308 1934 1365 hominilea-c
1956 1316 2136 1365 autem

565 1388 688 1457 quia
714 1387 833 1441 sine
858 1384 1068 1439 silentio
1094 1382 1362 1457 prmterire
1387 1396 1489 1435 non
1515 1381 1679 1457 potui,
1707 1387 1923 1450 pr0pter
1947 1393 2132 1457 eorum

568 1450 658 1526 qui
681 1457 771 1510 illo
795 1466 1028 1523 tempore
1069 1450 1358 1526 adfuerant
1393 1450 1702 1504 memoriam
1754 1450 2132 1526 renovandam,

566 1519 679 1581 sive
719 1519 917 1581 eorum’
932 1537 1064 1593 quos
1103 1523 1198 1575 ista
1240 1520 1471 1593 latebant
1509 1534 1836 1593 nequaquam
1861 1519 2134 1574 scientiam

565 1590 976 1651 defraudandatn
998 1610 1011 1655 ;
1035 1602 1083 1645 et
1105 1593 1223 1660 quia
1248 1591 1332 1643 illa
1374 1591 1484 1658 ipsa
1510 1590 1760 1660 continuo
1781 1605 1899 1658 qua:
1919 1593 2135 1660 recitata

566 1674 710 1729 sunt,
732 1665 909 1719 statim
946 1663 1103 1716 etiam
1126 1659 1157 1714 a
1196 1660 1454 1729 religiosis
1479 1659 1716 1729 plurimis
1744 1674 1862 1729 cum
1902 1659 2134 1714 clausula

565 1750 660 1790 sua
685 1728 836 1804 capta
868 1735 884 1765 ί
912 1741 1037 1787 sunt
1062 1743 1220 1800 atque
1235 1728 1497 1804 descripta
1529 1747 1542 1782 :
1571 1728 1767 1804 idcirco
1803 1728 1867 1783 ad
1886 1729 1989 1804 alia
2019 1745 2136 1804 qua:

564 1799 845 1859 consecuta
887 1810 1009 1857 sunt
1058 1799 1339 1863 narranda,
1397 1799 1517 1853 hinc
1549 1799 1831 1868 adjuvante
1886 1799 2128 1862 Domino,

565 1875 712 1943 quasi
743 1873 901 1927 libelli
919 1872 1150 1943 secundi
1179 1869 1450 1943 exordium
1502 1870 1840 1943 sumpsimus.
1889 1868 2133 1943 Referam

566 1938 724 2009 igitur
740 1943 906 2006 vobis,
935 1940 1248 2005 charissitni,
1298 1940 1558 2009 adiutorio
1586 1938 1791 1993 Domini
1818 1940 1981 1994 nostri
2008 1939 2135 1994 Jesu

611 2014 759 2070 bristi
778 2054 794 2075 ,
816 2012 988 2066 adhuc
1009 2010 1259 2079 Stephani
1316 2010 1520 2079 patroni
1549 2010 1848 2064 communis
1875 2010 2132 2063 mirabilia

565 2093 727 2151 gestae
754 2082 831 2137 rei
879 2078 1158 2149 multisque
1206 2081 1360 2151 bene
1388 2079 1725 2151 notissimam
1767 2079 1819 2133 in
1841 2078 2051 2134 laudem
2080 2087 2136 2133 et

563 2148 784 2223 gloriam
816 2153 905 2207 Dei
932 2148 1322 2206 memorabilem
1347 2148 1638 2204 historiam.

565 2264 786 2322 CAPUT
814 2261 1057 2319 IL—De
1074 2260 1285 2332 Megetia
1310 2275 1421 2330 qua:
1443 2257 1668 2332 paralysi
1692 2258 1853 2327 fuerat
1876 2274 2130 2328 percussa,

631 2277 785 2320 ll’U'l'
814 2277 1057 2319 ll.-—ue
1074 2277 1285 2332 ategeua
1310 2277 1421 2330 qum
1443 2277 1593 2330 parat
1624 2277 1667 2312 st
1692 2277 1853 2327 (uerat
1876 2277 2130 2328 percussa,

631 2351 746 2405 qua:
785 2335 913 2388 inter
954 2332 1260 2405 medicorum
1301 2347 1483 2405 manus
1516 2277 1763 2405 defigunt
1787 2369 1802 2392 ,
1844 2339 1889 2382 et
1929 2344 2133 2383 currens

632 2397 701 2458 ὰιι
724 2413 949 2458 sanctum
973 2402 1281 2474 Stephanum
1297 2417 1326 2453 a
1342 2397 1533 2471 duplici
1554 2399 1846 2466 inﬁrmitate
1862 2408 2135 2457 curatacst.

632 2499 686 2552 1.
731 2494 1164 2563 Carthaginiensis
1204 2491 1432 2550 civitatis
1473 2491 1714 2563 quaedam
1755 2490 1913 2563 fuit,
1940 2490 2134 2563 nobilis

562 2582 758 2638 genere
779 2608 794 2631 ,
837 2561 1295 2638 nobiliorHChristi
1326 2563 1445 2638 _iide
1469 2561 1749 2638 ,Megetia_
1776 2561 1989 2638 nomine
2012 2602 2025 2623 .
2052 2562 2133 2614 di-

563 2630 657 2692 ves
685 2638 737 2690 in
776 2630 974 2689 Smculo
996 2675 1011 2699 ,
1041 2634 1201 2687 ditior
1243 2632 1293 2685 in
1325 2632 1431 2686 Deo
1464 2648 1477 2684 :
1508 2632 1594 2685 cui
1639 2630 1922 2684 christiana
1965 2640 2134 2686 mater

560 2715 676 2762 erat
701 2707 912 2760 nomine
943 2703 1109 2757 Vitnla
1145 2719 1158 2756 :
1188 2701 1376 2771 pagani
1404 2708 1578 2754 autent
1611 2709 1765 2755 erant
1792 2701 2007 2754 maritus
2032 2743 2047 2764 ,
2075 2712 2129 2756 et

560 2792 715 2831 socer
737 2816 751 2840 ,
781 2783 835 2830 et
876 2786 1044 2844 pater.
1077 2772 1199 2844 Haec
1242 2787 1361 2825 cum
1386 2772 1456 2844 in
1488 2783 1637 2844 utero
1665 2771 1917 2844 haberet,
1944 2782 2132 2844 quarto

562 2839 746 2902 mense
785 2839 1072 2912 conceptus
1102 2843 1181 2895 sui
1209 2882 1224 2899 .
1255 2842 1431 2896 nescio
1452 2840 1595 2912 unde
1638 2839 1943 2893 nanseando
1987 2843 2130 2912 prius

560 2931 624 2971 ac
667 2910 992 2985 rejiciendoi,
1034 2913 1157 2966 dum
1204 2910 1527 2985 frequentius
1565 2920 1832 2978 pateretur
1869 2911 2130 2985 stomachi

559 2981 962 3042 concussionem
1005 2985 1220 3051 orisque
1246 2981 1627 3036 distensionem
1669 2988 1723 3035 et
1747 2981 1974 3051 vomitus
2004 2996 2128 3049 pro-

559 3056 890 3112 vocationem
916 3095 929 3119 ,
967 3056 1015 3106 in
1043 3049 1356 3123 pravitatem
1383 3058 1695 3123 pestemque
1723 3049 1977 3123 paralysis
2005 3066 2131 3105 cau-

559 3143 614 3181 sa
646 3125 894 3195 perducta
918 3118 1000 3179 est
1025 3118 1137 3186 {ita
1166 3134 1224 3176 ut
1245 3120 1474 3195 exclusis
1502 3134 1531 3173 a
1561 3120 1690 3175 locis
1712 3121 1824 3174 suis
1855 3118 1980 3187 ipsis
2007 3135 2129 3175 car-

559 3192 768 3251 dinibus
804 3194 1044 3249 dentium
1086 3201 1140 3247 et
1181 3192 1534 3254 arteriarum,
1577 3205 1908 3259 nequaquam
1952 3200 2132 3259 posset

559 3268 759 3336 dilapsa
780 3280 882 3336 ora
927 3263 1291 3336 constringere
1312 3301 1327 3323 ,
1357 3274 1528 3336 neque
1549 3261 1766 3336 pervios
1790 3270 1948 3336 atque
1990 3260 2128 3336 inte-

557 3329 864 3404 gros_palati
891 3344 1065 3388 motus
1105 3329 1385 3404 aelingute
1422 3330 1487 3404 ad
1513 3329 1708 3404 aliquid
1738 3330 1817 3384 vel
1840 3345 1934 3404 ore
1971 3332 2127 3386 emit-

560 3396 813 3469 tend'um,
863 3405 951 3459 vel
1004 3403 1055 3457 in
1103 3416 1166 3456 os
1215 3396 1840 3470 recipiendum-habere.
1897 3401 2127 3455 Reman-

558 3484 702 3529 serat
746 3476 799 3529 in
848 3474 1038 3528 lcmina
1088 3474 1172 3542 pia
1218 3479 1273 3526 et
1317 3469 1577 3542 pudorata
1611 3469 1871 3542 deformis
1915 3470 2126 3539 quidam

560 3556 615 3600 et
642 3540 1251 3613 aversandusiaspectus
1274 3582 1288 3606 ,
1320 3540 1394 3596 iet
1436 3540 1502 3594 ibi
1530 3541 1641 3594 vitii
1669 3540 1874 3594 macula
1916 3541 2128 3611 corpori

559 3624 673 3668 erat
715 3615 872 3668 inﬁxa
897 3654 912 3680 ,
945 3612 1029 3667 ubi
1077 3613 1256 3681 otique
1304 3628 1367 3665 ne
1409 3626 1631 3679 uaqnam
1674 3620 1851 3679 posset
1876 3624 1996 3665 esse
2041 3627 2130 3667 ce-

560 3685 663 3734 lata
699 3700 713 3734 :
748 3684 905 3734 facies
953 3683 1145 3734 nitinoe
1187 3689 1341 3734 erat.
1371 3629 1439 3734 de
1479 3696 1579 3734 nua
1622 3680 1836 3734 quidam
1880 3680 2124 3734 dixerat.

560 3685 663 3739 lata
699 3700 713 3738 :
748 3684 905 3738 facies
953 3683 1145 3752 quippe
1172 3680 1302 3736 erat
1326 3721 1341 3748 ,
1373 3680 1439 3735 de
1479 3696 1579 3750 qua
1622 3680 1836 3752 quidam
1880 3680 2124 3752 dixerat,

558 3754 729 3809 Frons
777 3749 1059 3807 hominem
1084 3749 1343 3822 pra-fert,
1392 3749 1511 3821 quae
1559 3752 1661 3820 tegi
1709 3751 1823 3822 sine
1866 3749 2129 3806 dedecore

559 3840 663 3878 non
714 3832 905 3893 potest.
950 3822 1279 3893 Caeterorum
1330 3836 1557 3893 namque
1601 3821 2127 3893 tnembrorutncum

559 3890 738 3964 aliquo
787 3894 915 3964 vitio
964 3892 1148 3964 ofﬁcia
1189 3890 1620 3960 przepediuntur,
1673 3890 1922 3964 nonnulla
1974 3890 2127 3964 indu-

558 3961 685 4018 Strta
728 3962 909 4018 rubori
950 3961 1350 4018 subtrahuntur.
1394 3963 1462 4015 At
1489 3976 1614 4014 vero
1641 3975 1761 4015 cum
1812 3961 1923 4029 ipsc
1951 3961 2126 4016 vultus

558 4035 731 4103 aliqua
780 4032 937 4103 fuerit
993 4032 1232 4103 foeditate
1284 4039 1558 4103 turpatus,
1606 4030 1862 4103 quidquid
1910 4042 2128 4103 propter

564 4100 933 4158 verecundiam
987 4102 1229 4172 tegminis
1279 4101 1597 4165 adhibetur,
1649 4100 2126 4172 ipsaiverecundia

561 4173 727 4242 magis
769 4181 1006 4242 augetur.
1038 4170 1171 4242 Quid
1217 4185 1344 4240 ergo
1389 4172 1587 4242 faceret
1629 4170 1819 4242 nobilis
1845 4180 2081 4242 matrona
2107 4210 2123 4234 ,

560 4238 864 4296 velamento
907 4241 1235 4295 abscondens
1284 4238 1380 4294 ora
1426 4238 1643 4304 vitiata,
1693 4239 1815 4292 dum
1864 4241 2126 4295 venienti-

560 4311 658 4366 bus
702 4310 985 4365 salutatum
1034 4311 1100 4364 ad
1130 4326 1187 4364 se
1229 4325 1378 4379 aeque
1423 4309 1540 4362 aliis
1584 4308 1844 4379 nobilibus
1875 4309 2121 4377 feminis,

560 4390 652 4434 aut
691 4381 930 4434 osculum
976 4379 1100 4434 dare
1123 4420 1138 4447 ,
1170 4388 1260 4432 aut
1298 4377 1602 4433 Sermonem
1644 4377 1889 4433 conferre
1913 4420 1928 4445 ,
1962 4380 2125 4448 ipsius

559 4452 679 4504 vitae
708 4450 936 4506 Societas
982 4458 1141 4519 atque
1188 4450 1485 4519 humanitas
1529 4449 1910 4516 compulisset,
1946 4460 2001 4503 nt
2049 4461 2126 4504 ta-

560 4536 707 4575 ceant
735 4520 803 4575 de
845 4520 966 4589 cibo
990 4518 1067 4574 et’
1087 4531 1249 4589 poltli,
1275 4518 1415 4588 quod
1458 4519 1542 4589 vix
1568 4533 1707 4588 a-gre
1748 4527 1953 4589 poterat
1979 4535 2127 4574 man-

559 4592 755 4645 ducare
782 4588 863 4645 vel
911 4588 1163 4659 haurire?
1192 4588 1426 4658 Namque
1455 4588 1719 4658 ingenium
1765 4588 2126 4659 industriaque

561 4659 886 4715 medicorum
930 4658 1019 4714 diu
1068 4660 1393 4727 multumque
1438 4660 1574 4712 circa
1616 4674 1732 4713 eam
1776 4658 2122 4713 laborantium

559 4729 793 4795 frustra,
826 4744 931 4784 non
978 4729 1147 4783 solum
1202 4728 1329 4781 nihil
1376 4728 1559 4782 salutis
1605 4729 1653 4782 ei
1684 4728 1923 4783 conferre
1972 4739 2124 4798 pote-

559 4808 679 4866 rat,
712 4814 895 4854 verum
938 4798 1096 4853 etiam
1143 4799 1194 4851 in
1242 4799 1673 4869 deterius_cansa
1716 4798 1987 4869 pergebat.
2018 4799 2125 4854 Nec

561 4869 826 4923 immerito
875 4885 889 4922 :
940 4869 1005 4923 ab
1034 4869 1140 4939 illo
1186 4869 1327 4939 enim
1374 4867 1648 4939 conditore
1692 4867 2127 4939 e't_redentptore

560 4940 736 4994 omnis
780 4947 982 4993 naturae
1032 4938 1140 4992 Deo
1188 4937 1418 4991 nondum
1468 4939 1518 4990 in
1567 4937 1653 4991 illa
1698 4936 2125 5005 rcformabatur,

560 5008 701 5079 quod
751 5009 960 5079 nonnisi
1004 5008 1118 5078 ejus
1146 5007 1339 5061 virtute
1385 5006 1675 5079 formantr,
1707 5013 1856 5073 cuius
1894 5022 2125 5079 censura

560 5076 721 5134 otnne
768 5078 998 5132 hominis
1036 5076 1235 5145 corpus
1283 5087 1336 5130 et
1387 5076 1662 5144 disciplina
1709 5078 2123 5144 constringitur,

559 5158 617 5203 et
662 5148 924 5204 medicina
970 5147 1198 5201 laxatur.
1248 5147 1359 5200 Tali
1411 5146 1566 5215 igitur
1610 5145 1846 5200 confecta
1896 5162 2127 5202 maerore

560 5232 624 5272 ac
675 5218 859 5273 dolore
890 5257 906 5282 ,
971 5232 1068 5272 nec
1121 5230 1574 5287 quorumcumque
1631 5216 1983 5287 remediorum
2028 5226 2129 5287 aut

563 5289 1067 5342 medicamentorum
1121 5285 1229 5339 ullo
1276 5286 1451 5355 adiuta
1503 5285 1803 5350 lcvamine,
1861 5286 1969 5340 fere
2014 5286 2123 5355 jam

562 5366 718 5410 sexto
770 5371 953 5411 mense
985 5396 999 5420 ,
1058 5355 1375 5426 labefactum
1429 5356 1595 5409 fuerat
1643 5355 1882 5426 delicata:
1935 5370 2129 5426 corpus

561 5427 877 5495 animusque
921 5426 1127 5495 puellm.
1154 5425 1234 5479 Ob
1274 5441 1430 5494 quam
1478 5440 1587 5480 rem
1631 5425 1791 5479 etiam
1835 5425 1960 5480 illud
1986 5426 2126 5495 quod

562 5497 801 5563 gestabat
826 5512 855 5550 a
886 5497 1028 5550 vitali
1068 5495 1254 5564 spiritu
1292 5495 1398 5563 jam
1440 5495 1745 5549 destitutum
1770 5535 1787 5562 ,
1819 5499 1952 5549 intra
1979 5506 2127 5565 septa

567 5568 830 5620 viscerum
880 5566 1138 5619 retinebat
1182 5572 1501 5620 emortuum.
1554 5564 1625 5634 Ita
1670 5580 1789 5619 enm
1841 5568 1984 5634 prius
2031 5564 2130 5620 sub

566 5649 672 5689 uno
716 5634 973 5705 paralysis
999 5636 1125 5689 vitio
1160 5634 1269 5704 jam
1314 5637 1424 5704 ipsa
1450 5635 1556 5689 vita
1596 5632 1874 5703 horreret,
1907 5636 2131 5691 accessit

542 5762 548 5767 ’
627 5772 644 5799 ι
680 5771 815 5817 Forte
839 5764 1118 5830 legendum,
1142 5773 1382 5830 concepta.
1445 5773 1501 5817 at.

1334 358 1693 417 APPENDIX.
1727 383 1798 400 --
1833 356 1920 412 DE
1954 352 2314 412 MIDACULIS
2348 354 2587 412 SANCTI
2624 352 2957 413 STEPHANI

3698 360 3802 420 8H

2239 468 2382 541 aliud
2412 470 2630 541 gravius
2654 479 2725 541 et
2752 468 3094 539 periculosam
3117 510 3133 534 ,
3166 472 3303 541 unde
3328 487 3431 526 nec
3455 471 3565 541 ipsa
3591 475 3803 541 quidem

2239 538 2446 611 vivendi
2496 538 2814 611 possibilitas
2845 548 3177 611 remaneret.
3230 540 3359 594 Nam
3410 538 3674 611 si'puella
3719 547 3803 605 sic

2238 607 2507 664 defecerat
2545 611 2645 663 sub
2687 609 2859 663 vitiosi
2902 608 3010 662 oris
3053 610 3270 675 labore,
3316 607 3584 678 quomodo

2239 679 2415 733 vivere
2457 693 2578 733 cum
2622 689 2952 733 mortuorum
2996 679 3254 732 viScerutn
3295 679 3663 748 collapsione'?
3709 684 3807 739 Se-

2241 748 2433 823 ptimus
2457 748 2654 823 mensis
2680 749 3005 823 incesserat_,
3051 763 3154 800 non
3180 748 3353 803 vultus
3378 750 3592 817 pestifer
3619 767 3648 804 a
3680 769 3805 823 pra-

2240 817 2399 872 vitate
2440 818 2730 873 exuebatur
2751 858 2767 882 ,
2797 832 2901 872 non
2940 817 3091 871 alvus
3131 832 3295 873 onere
3322 829 3534 873 mortuo
3568 817 3804 876 exocha-

2240 894 2341 941 tur.
2371 886 2614 957 Pontius
2666 902 2796 941 vero
2826 926 2843 952 ,
2894 885 3129 957 Megetite
3182 898 3330 956 pater
3361 929 3375 952 ,
3427 903 3580 945 socer
3626 904 3805 947 autem

2238 955 2520 1011 Avitianus
2549 997 2566 1023 ,
2625 965 2681 1011 et
2731 955 3296 1025 maritusr'Adven’tius
3326 997 3342 1021 ,
3401 967 3582 1025 utpote
3632 960 3809 1017 adhuc

2273 1026 2546 1099 eotilitatis
2596 1026 2868 1099 erroribus
2919 1024 3199 1099 adstricti,
3251 1024 3501 1099 quidquid
3556 1044 3660 1083 non
3714 1046 3807 1085 so-

2261 1110 2346 1148 um
2389 1111 2484 1171 per
2527 1095 2838 1171 industriam
2883 1094 3474 1171 niedicorutn_,_'vernm
3511 1100 3670 1171 etiam
3712 1116 3810 1171 per

2237 1164 2403 1219 artes
2439 1164 2820 1220 ἀιιιηιοιιίυιιιιιιι
2881 1179 2943 1218 ac
3001 1166 3488 1234 superstitiosarnm
3554 1164 3807 1234 ﬁgmenta

2239 1235 2565 1300 vanitatum,
2611 1235 2763 1305 quasi
2810 1249 2904 1309 pro
2956 1235 3060 1287 vita
3107 1235 3523 1309 intermorientis
3570 1235 3809 1309 Megetize

2238 1314 2483 1377 poterant
2524 1303 2824 1377 attcjnare,
2875 1303 3331 1377 frustraomnino
3375 1319 3535 1377 atque
3582 1303 3811 1363 inaniter

2238 1373 2586 1445 desudabant.
2614 1374 2717 1430 Sed
2758 1389 2908 1429 error
2931 1373 3132 1445 Ainfclix
3155 1417 3172 1440 ,
3197 1375 3322 1445 quid
3363 1373 3519 1431 stluti
3563 1376 3810 1433 humana:

2243 1453 2295 1498 te
2313 1444 2583 1525 _(-rederes
2622 1458 2780 1525 posse
2803 1441 3061 1525 conferre
3085 1483 3099 1507 ,
3127 1441 3283 1525 quam
3311 1446 3553 1525 studuisti
3596 1463 3810 1525 semper

2239 1513 2490 1568 auferre?
2540 1513 2750 1568 Refellit
2800 1522 2850 1567 te
2903 1528 3001 1567 vox
3053 1513 3290 1570 veritatis
3337 1516 3387 1568 in
3436 1513 3808 1572 sacratissit’nis

2239 1582 2500 1656 Psalmis,
2545 1593 2849 1656 contestans
2889 1583 3209 1656 generaliter
3251 1594 3304 1639 et
3342 1586 3611 1656 breviter,
3642 1602 3671 1639 a
3700 1603 3806 1656 quo

2237 1668 2363 1723 vere
2405 1654 2473 1707 sit
2513 1655 2687 1707 omnis
2728 1654 2874 1723 salus
2913 1653 3104 1707 anima:
3145 1654 3528 1723 corporisque,
3575 1653 3757 1712 dicens
3791 1676 3805 1713 :

2239 1721 2537 1794 Domini__eu
2561 1725 2698 1778 salus
2714 1722 2879 1794 (Psal.
2904 1738 2979 1785 ιιι,
2996 1723 3084 1794 9).
3096 1723 3205 1777 Soli
3230 1721 3368 1778 extim
3395 1721 3505 1780 Deo
3529 1734 3673 1780 recte
3691 1743 3811 1781 can-

2239 1800 2396 1855 tatur,
2421 1791 2673 1865 ﬂamines
2686 1791 2738 1865 et
2753 1794 2984 1865 jumenta
3008 1791 3172 1847 salvos
3198 1796 3369 1865 fat-ica,
3397 1794 3609 1849 Domine
3634 1795 3804 1865 (Psal.

2238 1877 2394 1927 xxxv,
2420 1864 2494 1931 7).
2518 1863 2616 1931 Qui
2645 1863 2891 1934 dignatus
2914 1872 2995 1919 est
3020 1877 3223 1931 creare,
3249 1864 3359 1934 ipse
3383 1879 3604 1935 prorsus
3627 1863 3809 1938 digna-

2240 1939 2323 1986 tus
2341 1942 2421 1986 est
2440 1941 2494 1987 et
2513 1949 2721 1987 sanare.

2306 2001 2360 2055 2.
2393 2002 2622 2059 Proinde
2663 2003 2766 2057 illis
2808 2003 3112 2058 memoratis
3135 2004 3379 2072 personis
3419 2003 3509 2059 diu
3538 2004 3588 2058 in
3618 2005 3809 2061 talibus

2239 2069 2432 2143 frustra
2485 2074 2888 2139 laborantibus,
2939 2084 2994 2127 et
3040 2069 3151 2127 non
3193 2088 3456 2143 corpore,
3504 2074 3599 2129 sed
3647 2078 3809 2131 corde

2237 2141 2681 2214 dormitantibus,
2736 2158 2863 2197 ecce
2921 2144 3059 2214 Deus
3112 2141 3645 2214 illenniagistcrqni
3702 2160 3806 2200 non

2236 2211 2432 2284 dormit
2459 2227 2627 2284 neque
2651 2212 2921 2284 dormitat,
2941 2213 3029 2282 qui
3055 2212 3286 2266 custodit
3311 2211 3467 2267 Israel
3486 2211 3654 2284 (Ρέαι.
3681 2229 3805 2277 cxx,

2236 2282 2312 2351 4);
2335 2282 2446 2353 ipse
2470 2282 2631 2348 Deus,
2651 2283 2883 2353 inquam,
2904 2285 2986 2336 cui
3013 2293 3247 2353 curaest
3272 2296 3368 2351 pro
3390 2282 3635 2338 omnibus
3652 2284 3805 2353 (δίῳ.

2237 2366 2288 2404 vt
2312 2392 2327 2417 ,
2354 2351 2427 2421 8)
2451 2392 2466 2415 ,
2492 2351 2790 2421 religiosam
2822 2353 3045 2405 Vitulam
3071 2393 3084 2414 ,
3113 2351 3351 2421 Megetia:
3378 2362 3596 2409 matrem
3620 2394 3637 2420 ,
3662 2351 3805 2409 tideli

2236 2422 2414 2491 calore
2466 2422 2777 2485 succendit,
2826 2432 2987 2491 atque
3037 2430 3095 2475 ut
3141 2423 3207 2476 ad
3255 2422 3453 2477 domini
3505 2424 3670 2479 Amici
3722 2427 3805 2479 sni

2237 2489 2489 2562 Stephani
2513 2492 2820 2561 suﬂ'ragium
2846 2489 3165 2556 accurreret,
3189 2492 3479 2562 inspiravit.
3503 2494 3689 2562 Quam,
3716 2497 3806 2549 ubi

2234 2559 2510 2630 benedicta
2536 2559 2729 2616 femina
2758 2563 2810 2615 in
2853 2570 3177 2615 sacratarutn
3216 2559 3556 2630 reliquiarum
3598 2565 3716 2619 loco
3740 2566 3809 2619 de

2235 2627 2632 2701 Carthaginiensi
2680 2632 2808 2686 urbe
2837 2631 2901 2685 ad
2934 2630 3249 2686 Uzalensem
3294 2627 3527 2701 profecta
3556 2644 3637 2688 est
3661 2675 3675 2697 ,
3707 2636 3808 2688 mi-

2234 2700 2684 2772 sericordissimus
2712 2701 2965 2772 Dominus
2991 2700 3349 2772 etimiseratOr
3372 2704 3616 2772 excepit,
3645 2704 3807 2758 exan-

2235 2769 2406 2852 divit,
2445 2771 2684 2852 adiuvit,
2728 2781 2889 2852 atque
2930 2771 2999 2825 de
3045 2770 3151 2824 ﬁlia
3183 2769 3703 2852 compotemfecit,
3743 2789 3806 2828 ac

2234 2838 2302 2893 de
2356 2839 2568 2895 diabolo
2620 2838 2929 2895 adversario
2982 2849 3232 2909 superato
3289 2838 3556 2896 victricem
3614 2838 3804 2897 trium-

2233 2910 2398 2981 pbare
2444 2911 2697 2977 permisit.
2730 2911 2837 2964 Dici
2876 2926 2989 2981 non
3039 2919 3211 2979 potest
3237 2911 3426 2981 quibus
3466 2912 3553 2965 illa
3596 2913 3677 2981 pia
3726 2912 3806 2968 fe-

2233 2979 2374 3033 mina
2404 2981 2644 3035 Anticum
2675 2982 2765 3035 Dei
2800 2980 3064 3034 ﬂebilibus
3090 2979 3306 3035 vocibus
3332 2980 3491 3035 fuerit
3514 2979 3762 3051 aggressa
3785 3023 3802 3047 ,

2233 3057 2289 3121 et
2346 3059 2538 3121 quanta
2593 3067 2712 3105 cum
2770 3052 3112 3121 miseratione
3166 3061 3288 3104 ante
3347 3051 3523 3104 limina
3580 3053 3799 3121 gloriosi

2232 3118 2476 3189 Martyris
2503 3130 2761 3191 prostrata
2790 3120 2998 3191 ieﬁ'usos
3023 3120 3107 3175 sui
3132 3121 3310 3175 cordis
3333 3121 3543 3176 dolores
3579 3118 3803 3191 expres-

2233 3192 2362 3244 serit
2387 3191 2488 3261 .Ain
2536 3190 2650 3245 hate
2691 3190 2852 3245 verba
2885 3205 3278 3259 prorumpens:
3314 3191 3533 3246 Domine
3574 3190 3803 3261 Stepha-

2234 3274 2339 3324 ne,
2386 3258 2582 3313 Christi
2629 3262 2836 3325 amice,
2881 3258 3113 3314 Subveni
3150 3263 3302 3314 matri
3346 3261 3590 3325 miserae,
3638 3258 3706 3315 ad
3751 3271 3803 3318 te

2231 3328 2553 3398 confugienti
2614 3345 2708 3398 pro
2772 3331 2942 3384 salute
2996 3330 3341 3399 periclitantis
3398 3329 3537 3383 ﬁlim.
3598 3329 3697 3386 llic
3751 3342 3804 3387 te

2231 3413 2359 3468 ergo
2400 3400 2697 3468 planctibus
2739 3414 2878 3465 oro,
2903 3400 3009 3454 illic
3047 3409 3100 3454 te
3138 3401 3324 3453 ancilla
3372 3410 3457 3452 tua
3486 3410 3801 3468 praesentem

2233 3469 2493 3540 medicum
2539 3472 2733 3525 sentiat
2776 3471 3020 3540 imploro.
3049 3470 3166 3524 Scis
3210 3470 3321 3539 ipse
3343 3469 3584 3539 qualibus
3627 3472 3804 3525 causis

2232 3538 2434 3592 laboret
2460 3540 2677 3610 Megetia
2704 3582 2718 3605 ,
2750 3550 2801 3594 et
2845 3538 2895 3594 in
2938 3554 3042 3610 quo
3067 3541 3189 3594 vita:
3217 3538 3521 3610 discrimine
3560 3540 3631 3594 sit
3670 3555 3802 3595 con-

2231 3610 2435 3662 stituta.
2482 3609 2621 3666 Ecce
2663 3611 2803 3665 enim
2847 3626 2915 3664 ex
2956 3609 3154 3679 quanto
3198 3619 3434 3678 tempore
3466 3609 3647 3679 jacet,
3700 3613 3802 3664 mi-

2231 3692 2350 3749 sera
2399 3687 2523 3749 toto,
2546 3694 2774 3749 corpore
2798 3722 2812 3745 ,
2841 3689 2897 3734 et
2931 3679 3157 3749 paralysi
3184 3679 3438 3734 dissoluta
3463 3720 3477 3743 ,
3506 3691 3559 3734 et
3586 3681 3805 3735 visceri-

2232 3747 2332 3803 bus
2382 3747 2662 3804 labefacta.
2718 3747 3024 3820 Proximum
3070 3747 3152 3820 est
3199 3760 3415 3816 autem,
3467 3759 3523 3803 ut
3572 3752 3804 3820 septimo

2231 3833 2414 3890 mense
2453 3821 2715 3888 completo
2740 3861 2755 3883 ,
2796 3819 3275 3890 comprehendatur
3313 3821 3381 3873 ab
3420 3819 3643 3874 octavo.
3668 3819 3800 3874 0m-

2232 3903 2328 3959 nes
2380 3889 2663 3958 desperant
2714 3890 2780 3944 de
2832 3889 3002 3945 salute
3053 3889 3291 3959 Megetia:
3346 3906 3360 3943 :
3412 3905 3507 3959 ego
3553 3904 3674 3958 qua:
3729 3890 3797 3944 ad

2230 3958 2498 4029 Christum
2540 3972 2593 4013 et
2634 3970 2685 4015 te
2708 4002 2721 4023 ,
2752 3961 2992 4014 Amicum
3030 3958 3183 4027 ejus,
3212 3959 3424 4029 confugi
3447 3958 3462 4022 ζ
3488 3962 3649 4014 credo
3674 3962 3799 4029 quia

2232 4028 2350 4083 talis
2379 4029 2549 4083 luctus
2574 4030 2639 4083 dc
2684 4031 2788 4083 li'.ia
2816 4044 2922 4084 non
2952 4031 3253 4097 imponetur
3290 4028 3449 4099 capiti
3489 4044 3629 4083 meo.
3673 4028 3801 4085 Peto

2228 4107 2408 4153 autem
2452 4110 2505 4153 et
2546 4115 2711 4168 rogo,
2742 4110 2835 4166 ut,
2876 4114 2995 4153 cum
3041 4100 3163 4153 hinc
3188 4115 3218 4153 a
3247 4114 3442 4168 corona
3487 4109 3572 4152 tua
3614 4115 3800 4155 rever-

2231 4176 2346 4223 tens
2387 4167 2696 4223 festinanter
2737 4169 2801 4223 ad
2845 4171 3089 4225 ancillam
3134 4180 3274 4223 tuam
3320 4167 3578 4238 proﬁcisci
3616 4185 3801 4239 cape-

2231 4253 2294 4292 ro
2316 4279 2331 4303 ,
2377 4252 2650 4294 recreetur
2674 4240 2848 4293 anima
2875 4255 2990 4295 mea
3033 4240 3100 4295 de
3127 4240 3229 4293 lilia
3272 4240 3676 4309 aliquohnuntio
3704 4246 3798 4291 bn-

2232 4324 2319 4360 no.
2376 4308 2468 4364 llis
2524 4319 2579 4364 et
2626 4308 2813 4364 horum
2874 4310 3135 4364 similibus
3188 4307 3375 4363 multis
3416 4307 3662 4363 affatibus
3714 4309 3799 4362 ubi

2229 4381 2359 4432 satis
2404 4382 2512 4434 visa
2560 4389 2641 4434 est
2683 4380 2782 4433 sibi
2835 4380 3083 4433 idoneum
3132 4379 3443 4433 instruxisse
3485 4379 3797 4433 advocatum

2228 4458 2467 4534 sanctum
2508 4449 2834 4534 Stephattpm
2878 4450 3015 4534 apud
3057 4448 3287 4518 judicem
3327 4446 3633 4534 Christian,
3680 4464 3800 4516 pro-

2231 4533 2356 4587 pere
2402 4519 2470 4572 ad
2518 4520 2847 4574 revisendam
2896 4518 3096 4582 tiliam,
3147 4535 3301 4572 unam
3343 4529 3397 4572 et
3437 4518 3607 4571 solam
3651 4534 3798 4572 suam

2230 4590 2512 4658 maximam
2563 4605 2783 4655 curam,
2835 4597 3005 4643 mater
3062 4588 3438 4658 parturibunda
3488 4589 3794 4658 revertitur.

2229 4656 2416 4712 Oleum
2463 4670 2635 4713 tamen
2677 4656 3103 4724 sanmiﬁca’tum',
3148 4666 3201 4712 et
3243 4660 3474 4712 orarium
3517 4657 3603 4712 vel
3643 4658 3799 4711 suda-

2230 4729 2366 4797 rium
2412 4730 2707 4783 orationum
2758 4729 2773 4760 ¹
2824 4744 3037 4783 suarum
3082 4727 3439 4797 sudorumque
3486 4743 3583 4797 pro
3627 4728 3798 4782 salute

2229 4795 2357 4869 ﬁlia:
2395 4798 2680 4852 laborantis
2730 4800 3091 4869 testimoaium
3112 4837 3128 4864 ,
3159 4811 3188 4849 a
3219 4795 3365 4869 beati
3398 4795 3646 4869 Martyris
3688 4798 3798 4853 Me-

2230 4868 2395 4921 moria
2422 4884 2602 4922 secum
2646 4869 2845 4936 pariter
2868 4868 3190 4937 reportabat.
3219 4868 3367 4937 Ecce
3394 4867 3555 4937 igitur
3594 4867 3649 4920 in
3676 4869 3756 4921 via
3779 4907 3796 4931 ,

2228 4951 2346 4991 cmn
2394 4937 2821 4992 declinandorntn
2864 4936 3085 4993 a'stnum
3133 4938 3299 5008 gratia
3349 4936 3509 5009 (nam
3556 4937 3800 5009 testivum

2232 5014 2438 5075 tempus
2478 5018 2630 5071 erat,
2658 5024 2761 5077 quo
2803 5009 2987 5077 igneus
3030 5009 3106 5062 sol
3145 5007 3319 5061 terras
3361 5007 3584 5077 urebat)
3618 5020 3801 5062 seces-

2230 5077 2424 5140 siSset,
2468 5077 2643 5132 subito
2691 5078 3005 5133 adveniente
3054 5078 3237 5131 nuntio
3277 5077 3480 5145 accepit
3522 5078 3727 5131 litteras
3764 5090 3802 5129 a

2232 5147 2345 5199 viro
2389 5162 2485 5200 suo
2512 5148 2581 5201 de
2608 5147 2924 5216 Carthagine
2950 5148 3178 5203 directas
3201 5188 3216 5213 ,
3259 5147 3394 5200 sicut
3423 5147 3667 5213 precibus
3693 5146 3805 5200 suis

2233 5216 2625 5287 postulaverat,
2684 5218 2735 5271 in
2787 5217 2979 5287 quibus
3033 5217 3271 5287 proxime
3323 5216 3495 5270 futura
3541 5216 3805 5287 liberatio

2232 5286 2352 5340 tilize
2397 5285 2685 5356 signiﬁcata
2719 5285 3293 5356 erat.7Nam‘mensem
3343 5295 3589 5340 octavum
3636 5286 3807 5341 altera

2233 5356 2321 5411 die
2364 5356 2663 5426 ingressum
2709 5356 2813 5409 ﬁlia
2852 5355 3161 5423 dicebatur,
3202 5356 3581 5424 aliquantulum
3625 5364 3809 5410 tamen

2232 5426 2468 5497 vegetior
2512 5440 2631 5497 esse
2652 5465 2669 5491 ,
2694 5436 2749 5497 et
2790 5426 2871 5480 sui
2908 5427 3025 5497 jam
3061 5436 3243 5497 partus
3284 5430 3431 5497 signa
3462 5426 3761 5497 praecedere
3789 5466 3811 5492 ,

2234 5505 2288 5550 ct
2308 5494 2470 5550 'bono
2498 5496 2675 5549 animo
2720 5496 2859 5548 illam
2891 5494 2959 5551 de
2998 5494 3102 5550 ﬁlia
3131 5511 3251 5551 esse
3275 5494 3488 5551 debere.
3519 5495 3672 5563 Quod
3717 5504 3808 5548 to-

2237 5574 2347 5618 tum
2390 5566 2649 5636 religiosa:
2678 5566 2867 5621 Vitulte
2906 5566 3100 5633 matri,
3130 5582 3234 5620 non
3277 5580 3371 5636 ore
3411 5569 3645 5620 lnnnano
3669 5605 3684 5627 ,
3709 5564 3815 5624 sed

2233 5636 2415 5691 divino
2460 5637 2676 5691 oraculo
2718 5636 3078 5692 nuntiabatur.
3109 5636 3201 5692 His
3243 5635 3400 5706 igitur
3439 5637 3623 5706 primis
3649 5643 3814 5689 voto~

2304 5770 2317 5801 ³
2356 5765 2556 5829 llimm.,
2583 5766 2868 5831 gratiomun.
