4078 6500
560 388 661 444 857

558 508 767 570 arrepta
791 498 844 554 in
872 505 1110 566 tempore
1134 495 1344 570 sibimet
1368 494 1512 548 velut
1538 492 1688 570 virga_
1708 491 1906 570 oblata,
1934 502 2117 570 contra

559 562 705 625 illnn'i
731 562 1017 641 draconem
1044 568 1369 641 teterrimum
1390 574 1443 641 et
1471 562 1912 641 tortuosissim-no
1938 564 2119 615 decer-

559 641 714 693 tavit.‘
737 640 901 707 Quem
924 679 939 701 ,
967 632 1193 691 etsi'diu
1232 636 1457 707 exercita
1486 632 1681 701 diuque
1717 633 1784 684 ab
1831 633 2121 707 rciuriante

558 702 861 764 adversario
885 708 1165 771 delassata,
1188 706 1254 759 ad
1306 715 1599 757 extremum
1632 711 1828 763 tamen,
1859 702 2119 755 ubi‘illum

561 780 613 834 in
651 779 820 847 capite
851 777 1127 847 percussit,
1154 770 1417 830 Continuo
1446 772 1746 847 prostravit.
1773 772 1890 847 Quo
1919 770 2121 847 trepido

560 841 750 915 gaudio
772 841 1158 916 expergefacta,
1189 856 1354 916 strato
1383 842 1629 916 exsdiens
1653 841 1935 916 evigilavit.
1964 844 2122 895 Cum-

559 909 664 987 quc.
683 909 871 972 somnii
898 909 977 970 sui
1006 909 1151 985 quid
1171 915 1304 987 ratio
1346 912 1683 987 portenderet
1710 909 1993 987 cogitaret,
2025 925 2124 987 nec

562 980 762 1057 liquido
796 980 1086 1055 intelligere
1124 980 1411 1057 valuisset,
1448 980 1646 1057 .esin‘de
1685 981 1859 1057 oravit
1891 981 2118 1057 yisitari,

558 1050 1298 1125 co'nlirmariqne'pOposcitA‘,
1340 1067 1403 1125 ac
1429 1050 1622 1105 deinde
1650 1050 1903 1125 _se_quie_ti
1931 1051 2123 1118 permi-

558 1129 645 1181 sit.
682 1128 816 1181 Ecce
841 1118 1015 1181 denuo
1039 1118 1180 1178 videt
1206 1118 1351 1177 illum
1374 1120 1623 1175 decorum
1649 1118 1825 1173 habitu
1852 1119 2120 1187 juvenem,

562 1197 712 1251 nivea
736 1206 879 1251 veste
910 1191 1502 1265 fulgentem.acsiatim
1526 1189 1723 1265 jacenti
1752 1188 2123 1265 sibimetyelut

560 1283 720 1321 manu
767 1258 1026 1335 porrecta,
1066 1263 1264 1335 audivit
1298 1258 1567 1335 jubenteni
1608 1258 1906 1335 pariterque
1943 1258 2123 1313 dicen-

561 1346 665 1391 tem
695 1354 708 1389 :
738 1327 926 1405 Surge,
969 1335 1051 1405 sic
1085 1327 1314 1388 curaris:
1350 1330 1421 1385 At
1459 1343 1583 1382 vero
1623 1327 1865 1405 Megetia,
1908 1337 1963 1381 ut
1999 1338 2121 1405 ante

561 1406 767 1461 medico
804 1399 1002 1458 homini
1031 1403 1203 1457 facere
1236 1404 1611 1463 consueverat,
1647 1399 1817 1467 capite
1846 1400 2117 1466 opposito,

557 1476 709 1545 quasi
742 1474 961 1529 fovenda
994 1488 1096 1545 ora
1124 1486 1216 1545 sua
1254 1471 1303 1525 ei
1345 1467 1766 1545 oll'erebat.__Sed_
1795 1467 1900 1533 ille,
1928 1476 2122 1545 utpote

559 1536 848 1615 ignorantis
868 1544 1138 1612 corrigens
1155 1541 1370 1615 factum,
1398 1537 1671 1615 respondit
1684 1537 1867 1615 eidem
1889 1558 1901 1590 ;
1928 1536 2120 1615 UtQuid

561 1606 662 1670 inre
701 1613 865 1668 facis?
902 1606 1053 1667 Prius
1079 1621 1202 1666 sunt
1231 1610 1321 1665 tibi
1360 1606 1499 1662 oculi
1538 1607 1774 1661 curandi.
1815 1606 1901 1659 llla
1945 1607 2123 1662 retulit

557 1682 743 1739 dicens
767 1701 781 1738 :
814 1684 1030 1738 Domine
1060 1695 1209 1735 meus
1227 1722 1243 1746 ,
1269 1679 1450 1733 oculos
1471 1691 1628 1732 sanos
1656 1676 1844 1741 habeo,
1867 1675 1960 1730 sed
1983 1686 2038 1729 ut
2059 1692 2121 1732 os

558 1770 735 1808 meum
777 1769 929 1808 cures
969 1767 1115 1821 rogo.
1166 1751 1231 1805 Et
1268 1750 1407 1821 ille;
1444 1746 1582 1821 .l_am,
1624 1747 1811 1821 inquit,
1857 1746 1947 1821 tibi
1974 1746 2117 1821 dixi,

559 1826 704 1894 prius
728 1834 853 1879 sunt
878 1827 928 1877 in
953 1834 1004 1878 te
1027 1815 1162 1877 oculi
1187 1819 1424 1894 curandi.
1452 1817 1600 1894 Tunc
1624 1817 1765 1894 velut
1784 1815 2016 1894 caelestis
2035 1832 2121 1894 ar:

557 1885 812 1958 'chiatrus,
850 1894 1035 1960 Spiritu
1078 1890 1252 1946 cordis
1288 1896 1489 1960 secreta
1531 1886 1922 1960 introspiciens,
1970 1885 2119 1954 quasi

556 1972 732 2018 cutem
755 1956 1119 2018 medicinalem
1145 1959 1430 2030 codyriunl
1447 1957 1712 2025 imposuit,
1731 1956 1915 2010 oculos
1934 1970 2117 2030 super-

559 2033 748 2099 linivit,
775 2044 932 2103 atque
974 2031 1217 2103 discessit
1251 2025 1355 2103 (τι).
1388 2027 1582 2103 Verum
1621 2041 1739 2080 cum
1782 2039 1937 2103 mane
1981 2025 2120 2103 facto

561 2103 661 2156 hoc
687 2094 862 2170 ipsum
871 2103 1109 2173 religio.~_a
1122 2094 1339 2173 Mcgo'tia
1351 2098 1613 2173 somnium
1626 2110 1778 2173 suum
1794 2094 2119 2150 cliarissimis

556 2179 668 2227 suis
695 2165 747 2227 et
774 2165 1119 2227 sanctissimis
1142 2165 1641 2229 feminisindicaret,
1675 2165 1855 2230 inipso
1872 2181 2119 2220 sermone

558 2242 872 2297 narrationis
910 2258 1019 2296 sine
1059 2242 1196 2294 ultro
1235 2238 1397 2293 corde
1437 2244 1719 2303 compunta
1750 2244 1804 2289 et
1845 2235 2116 2300 cujusdam

555 2312 754 2389 peccati
794 2311 881 2389 sui
905 2309 1268 2389 recordatione
1292 2307 1488 2389 subito
1517 2305 1819 2389 stimulata,’
1845 2314 2117 2389 peceatum

554 2374 710 2438 suum
747 2382 989 2438 conﬁteri
1017 2396 1120 2435 non
1150 2378 1370 2442 distulit,
1397 2375 1512 2441 sed,
1552 2376 1687 2430 sicut
1717 2374 1969 2443 scriptum
2012 2384 2114 2442 est,

555 2453 803 2508 delictum
829 2468 978 2506 suum
1005 2450 1235 2515 agnovit,
1259 2457 1314 2503 et
1349 2444 1655 2515 injustitiam
1691 2460 1841 2499 suam
1868 2459 1971 2498 non
1990 2459 2116 2514 ope-

552 2525 663 2577 ruit
683 2522 850 2592 (Ρωι.
879 2537 1021 2585 xxxi,
1039 2514 1117 2591 Β).
1143 2519 1276 2574 Ecce
1295 2514 1423 2592 ergo
1441 2516 1528 2584 qui
1551 2514 1626 2592 iiIi
1646 2524 1797 2592 eraiit
1815 2516 1948 2568 oculi
1973 2518 2116 2592 prius

554 2584 796 2658 curandi,
841 2606 945 2645 non
991 2584 1458 2660 utii'piecorporis1
1496 2584 1589 2660 se_d
1626 2584 1822 2649 cordis,
1869 2584 2030 2660 quod,
2060 2594 2117 2660 ut

553 2654 840 2729 spiritualis
866 2654 1117 2718 medicus,
1141 2654 1403 2729 gloriosus
1426 2654 2117 2729 Stephanuspronuntiavit

556 2722 629 2785 illi
654 2731 874 2786 dicens:
908 2730 1059 2784 l’rius
1096 2722 1220 2781 sunt
1245 2728 1334 2779 tibi
1372 2726 1507 2778 oculi
1545 2724 1781 2777 curandi.
1811 2722 2113 2779 Sauandmn

554 2803 749 2872 quippe
790 2810 907 2856 erat
950 2798 1088 2869 quod
1134 2799 1378 2872 vitiosum
1418 2795 1610 2853 latebat
1640 2793 1691 2847 in
1722 2804 1920 2872 mente,
1951 2804 2002 2847 nt
2036 2796 2115 2872 sic

556 2819 749 2872 ruippe
790 2819 907 2856 erat
950 2819 1088 2869 ιιιιυιι
1134 2819 1378 2851 νιιιυδιιιιι
1419 2819 1610 2853 lutcus“
1640 2819 1691 2847 Ill
1723 2819 1920 2856 ιιιιςιιιυ,
1951 2819 2002 2847 ιιι
2036 2819 2112 2849 ait:

556 2819 769 2926 demum
811 2881 1088 2925 sanaretnr
1133 2866 1273 2939 quod
1317 2866 1657 2939 depravatum
1702 2864 2016 2939 cernebatur
2061 2865 2112 2936 in

554 2954 797 3011 corpore.
828 2940 959 3013 llinc
983 2940 1066 3013 ille
1087 2934 1295 3013 quoque
1320 2934 1620 3013 teterrimos
1639 2947 1874 3013 serpens,
1905 2934 1993 3013 qui
2020 2934 2111 3013 su-

555 3003 831 3082 pcr'caput
866 3003 1132 3082 volitabat,
1173 3003 1295 3077 quia
1328 3004 1671 3082 principalem
1702 3003 1971 3082 rationalis
1996 3005 2113 3059 ani-

555 3072 657 3135 inze
682 3072 911 3136 mentem
938 3072 1227 3144 obtinebat,
1250 3072 1603 3129 conterendus
1631 3072 1874 3144 fueratet
1899 3074 2112 3128 vincen-

554 3151 674 3205 dus.
725 3150 855 3204 Dum
899 3150 1037 3203 enim
1090 3142 1265 3202 reatus
1323 3146 1578 3214 cujusque
1619 3142 1796 3197 delicti
1849 3144 2115 3199 humiliter

553 3222 873 3291 agnoscitur,
895 3230 1051 3291 caput
1075 3217 1275 3272 colubri
1294 3213 1599 3291 pmiiiiendo
1613 3221 1910 3291 quassatur,
1936 3215 2112 3291 cordis

549 3283 739 3344 oculus
782 3283 1082 3345 confitendo
1129 3283 1757 3357 piirgaturunodecimo
1801 3283 1959 3353 igitur
2003 3285 2131 3357 die,-

552 3376 617 3414 ex
639 3375 889 3430 quocum
911 3375 1004 3414 sua
1026 3358 1090 3413 ad
1126 3355 1364 3430 Amicum
1406 3355 1496 3430 Dei
1520 3361 1740 3430 venerat
1759 3365 1949 3430 _i_u_at_re_,
1985 3355 2111 3409 dum

552 3424 670 3485 orat
696 3429 759 3484 ad
787 3430 958 3484 locmn
985 3437 1203 3482 sacrata:
1225 3426 1488 3479 Memoria!
1515 3425 1727 3493 pulsans
1754 3424 1873 3478 lidei
1895 3425 2108 3493 pietate,

553 3514 659 3555 non
687 3500 858 3555 solum
878 3500 1068 3553 allecto
1087 3496 1283 3561 cordis,
1306 3510 1488 3550 verum
1509 3495 1666 3548 etiam
1690 3503 1831 3547 motu
1853 3496 2109 3562 corporis,

553 3571 666 3640 ipsa
689 3570 877 3624 ostiola
900 3567 1162 3623 Memoria:
1183 3566 1404 3640 impulsa
1430 3564 1695 3640 patefecit,
1713 3578 1775 3640 ac
1788 3564 1892 3618 vim
1914 3563 2112 3621 faciens

552 3632 719 3708 regno
754 3640 865 3707 Dei,
894 3646 1051 3710 caput
1069 3650 1221 3710 suum
1260 3632 1546 3710 intromisit
1582 3632 1822 3710 interius,
1853 3646 1907 3689 et
1952 3648 2113 3710 super

550 3704 724 3766 cubile
752 3704 1052 3765 sanctarum
1098 3707 1439 3776 reliquiarum
1483 3704 1721 3776 conlisit,
1760 3704 2112 3776 lacrymisque

550 3781 662 3836 suis
688 3780 862 3835 omnia
890 3778 999 3833 illic
1028 3777 1170 3842 lavit,
1202 3774 1359 3848 atque
1386 3776 1597 3848 rigavit.
1628 3774 1986 3848 Verumecce
2020 3775 2111 3848 illo

550 3851 778 3920 desuper
802 3849 1084 3920 miserante
1128 3846 1243 3920 ιιιιῑ⁸
1263 3845 1647 3920 appropinquat
1665 3845 1919 3920 contritis
1951 3847 2111 3920 corde

552 3914 721 3990 (Paul.
744 3923 953 3990 exui).
971 3914 1189 3987 Megetia
1216 3914 1409 3970 famula
1433 3914 1524 3970 Dei
1541 3914 1769 3990 quadam
1798 3915 1896 3969 sibi
1922 3916 2109 3990 visiliili

550 3986 604 4046 et
645 3988 958 4044 attrectabili
987 3986 1143 4041 manu
1186 4001 1248 4040 os
1291 4001 1443 4041 suum
1487 3986 1679 4055 corrigi
1709 3992 1764 4039 et
1786 3986 2109 4054 compalpari

550 4060 848 4131 persensit.
863 4060 1003 4131 Qum
1019 4067 1358 4131 posteaquam
1379 4055 1446 4108 ab
1465 4056 1704 4109 oratione
1729 4060 1978 4131 surrexit,
2004 4055 2110 4110 cir-

550 4124 936 4185 cumstantibus
960 4124 1137 4182 choris
1162 4124 1419 4196 virginum
1446 4136 1768 4196 sanctamm,
1811 4124 2111 4196 ibidemque

554 4215 650 4270 pro
672 4199 764 4270 illa
786 4206 983 4253 etcum
1014 4198 1098 4250 illa
1131 4194 1442 4270 Deolaudes
1460 4194 1767 4270 dicentium,
1801 4194 2037 4249 tremens
2057 4204 2113 4250 et

549 4263 784 4341 gaudens
818 4270 918 4341 huc
960 4269 1129 4336 ipsum
1171 4265 1439 4341 indicavit.
1483 4263 1649 4341 Quaie
1685 4274 1809 4317 tunc
1826 4275 2114 4341 .qufli-llmll'

549 4333 653 4411 que
672 4339 728 4393 in
746 4333 1003 4411 omnibus
1025 4337 1284 4411 mentibus
1296 4333 1453 4411 [inerit
1466 4333 1731 4411 gaudium,
1752 4343 1806 4411 et
1822 4333 1975 4411 llemii
1991 4344 2112 4411 ante

552 4403 721 4480 ipsum
742 4409 903 4481 Deum
925 4406 1230 4461 excitaverit
1257 4403 1524 4481 affecium,
1539 4405 2107 4481 vixpOterit'eiiplicai-i.

621 4482 673 4535 7.
706 4478 811 4534 Sed
840 4485 1122 4546 antequam
1146 4484 1313 4546 gestu;
1341 4474 1415 4528 rei
1443 4473 1511 4527 ad
1542 4473 1698 4546 finem
1726 4473 2109 4543 optatissimum

550 4551 843 4610 venimnus,
867 4548 953 4601 ubi
976 4543 1181 4615 plenam
1197 4543 1585 4613 perfectamque
1605 4544 1825 4616 salutem
1853 4546 2111 4616 religiosa:

551 4621 613 4675 Μ.
634 4620 808 4689 getire,
832 4614 1022 4689 Amico
1048 4616 1137 4669 Dei
1163 4624 1383 4689 curante
1411 4623 1570 4683 atque
1605 4614 1894 4689 auxiliante
1929 4614 1979 4669 in
2011 4633 2110 4689 no-

552 4684 694 4743 mine
718 4686 937 4751 Christi,
962 4686 1369 4740 demonstraturi
1409 4697 1612 4748 sumus,
1653 4684 1796 4752 quod
1842 4686 1893 4737 in
1934 4686 2111 4741 medio

552 4756 880 4828 linjusaliud
903 4755 1212 4828 mirabiliter
1235 4753 1531 4828 enntigerit,
1562 4766 1890 4828 nequaquam
1921 4765 2110 4828 pnete-

549 4821 657 4883 ιιι-ἱ)
695 4827 969 4883 debemus.
1007 4824 1138 4878 Cum
1173 4821 1341 4877 ferme
1380 4821 1721 4892 quadraginta
1765 4821 1947 4878 diebus
1972 4826 2110 4881 circa

549 4897 716 4955 minet:
748 4897 987 4967 Martyris
1015 4895 1184 4948 locum
1212 4892 1412 4967 orando
1438 4903 1606 4967 mater
1634 4892 1843 4967 liliaque
1863 4898 2112 4967 persiste-

552 4975 690 5031 rent,
721 4982 847 5022 ecce
880 4962 1102 5034 repente
1138 4962 1471 5017 venientibus
1498 4963 1706 5034 litteris,
1736 4964 1944 5034 sibimet
1976 4964 2110 5034 Car-

551 5038 765 5107 tliagine
791 5031 1026 5097 directis,
1066 5048 1171 5103 quo
1204 5043 1352 5101 pater
1385 5033 1572 5107 puella:
1607 5031 1927 5107 honorabilis
1969 5033 2111 5107 Pon-

550 5101 931 5161 tius'diceretur
947 5101 1171 5173 corpore
1189 5111 1466 5171 (egrotare,
1486 5101 1552 5154 ad
1572 5101 1816 5173 eumdem
1836 5102 2111 5158 visendum

550 5177 619 5231 de
648 5175 887 5230 Uzalensi
922 5171 1133 5228 civitate
1180 5172 1426 5241 profecta:
1469 5180 1609 5241 sunt.
1637 5171 1847 5241 iVernm
1891 5187 2011 5226 cum
2060 5174 2111 5228 in

552 5245 731 5301 medio
758 5246 979 5307 itineris,
1005 5252 1227 5296 aestuum
1254 5256 1434 5312 causa,
1463 5240 1668 5312 fovendi
1688 5242 1925 5312 corporis
1945 5245 2113 5311 gratia

551 5314 777 5369 lavacris
816 5314 888 5367 uti
935 5313 1253 5373 voluissent;
1286 5309 1452 5380 adfuit
1495 5311 1547 5364 in
1590 5309 1835 5379 praesenti
1870 5309 2111 5380 quaedam

550 5385 837 5438 domestica
852 5384 919 5436 ab
937 5383 1131 5437 inlideli
1153 5380 1360 5450 cognita
1380 5379 1598 5449 Megetia
1616 5389 1670 5435 et
1690 5381 1740 5433 in
1761 5379 1969 5442 obviam
1988 5384 2114 5436 mis-

551 5455 666 5520 sa‘,
694 5468 801 5508 non
828 5462 933 5507 tam
957 5451 1022 5506 ad
1060 5450 1416 5516 salutandum,
1450 5464 1604 5519 quam
1631 5454 1808 5518 potius
1835 5452 1903 5506 ad
1928 5456 2113 5522 explo-

614 5604 630 5636 I
665 5609 804 5670 Juxta
827 5599 986 5670 Morel,
1010 5599 1287 5670 stemma-it.
1304 5613 1449 5670 pagg.
1468 5600 1578 5658 559,
1594 5601 1700 5670 360,
1728 5603 1989 5670 legendum
2013 5616 2112 5661 est:

546 5664 727 5730 ainde
747 5677 833 5715 ora
849 5663 1034 5715 risitart
1052 5662 1421 5730 conﬁnimrique
1431 5663 1654 5730 poposcit.
1688 5662 1693 5663 ⁷
1719 5675 1774 5716 ιι.

617 5728 637 5789 ε
667 5732 825 5785 Forte,
844 5734 1041 5789 cognata
1063 5723 1274 5787 Megetiw
1297 5723 1346 5774 in
1367 5723 1548 5774 obvium
1572 5728 1731 5778 nassa.

606 5788 686 5846 (of.
718 5795 865 5837 Locus
886 5791 1149 5847 corruptas.

1389 377 1748 436 APPENDIX.
1777 410 1848 420 —
1885 378 1973 435 DE
2009 378 2370 441 MIRACL'LIS
2405 385 2640 441 SANCTl
2675 382 3006 441 STEPHANI

3690 386 3793 445 888

2230 496 2472 570 randum.
2498 498 2625 567 ριιειι
2645 513 2763 570 cum
2786 496 3045 551 curinisius
3063 503 3279 570 cuperet
3302 495 3595 570 lienedictze
3614 497 3789 570 Mege-

2231 566 2315 618 tim
2346 570 2478 622 mula
2510 566 2601 623 ora
2644 568 2924 635 vultusque
2948 567 3272 634 conspicere,
3318 568 3529 622 intravit
3579 566 3788 625 cnm'ea

2230 637 2279 688 in
2311 638 2615 707 obsequium
2649 641 2688 702 ί,
2713 648 2767 691 et
2795 637 2880 691 ubi
2909 645 3160 705 quantum
3192 638 3356 690 voluit
3399 638 3452 691 in
3489 639 3677 694 faciem
3709 641 3789 693 fa-

2229 706 2383 778 mulus
2407 706 2496 762 Dei
2520 708 2761 772 intendit,
2786 720 3001 776 prorsus
3023 708 3284 778 integrum
3306 706 3789 778 sibimetapparens

2228 792 2288 847 os
2314 776 2550 847 Mcgetiae
2576 791 2885 847 sanumque
2909 778 3201 847 conSpexit.
3231 777 3347 845 Quo
3372 778 3507 841 viso,
3533 776 3790 847 obstupe-

2228 843 2360 899 facta
2400 843 2561 917 atque
2604 843 2799 901 mirata
2836 846 2922 900 illa
2953 843 3272 917 domestica,
3288 862 3407 917 qua:
3446 848 3586 902 aliud
3632 843 3790 917 quam

2227 915 2713 983 sperabat—invenit,
2730 918 2980 971 continuo
3003 915 3071 971 ad
3092 915 3370 986 quamdam
3389 916 3537 985 juxta
3560 915 3789 972 stantem

2227 1000 2429 1039 Sacram
2471 988 2725 1057 virginem
2768 987 3037 1057 convertit
3062 1001 3201 1057 sese,
3229 994 3283 1041 et
3312 989 3626 1041 nominatim
3672 1004 3790 1043 eam

2226 1055 2651 1126 cornpellansfait
2678 1074 2691 1109 :
2726 1056 2901 1111 Infans
2930 1055 3276 1126 lielpidiana,
3303 1072 3431 1111 sana
3460 1067 3544 1111 est
3572 1072 3793 1126 prorsus

2226 1124 2439 1180 domina
2467 1127 2716 1198 Megetia.
2739 1127 2827 1181 Sic
2856 1125 2998 1198 enim
3040 1126 3130 1180 Dei
3160 1127 3326 1198 gratia
3350 1124 3639 1195 vigebat‘in
3681 1128 3795 1182 Mc-

2223 1198 2382 1267 getia,
2416 1206 2488 1259 ut,
2514 1196 2647 1267 licet
2672 1197 2788 1267 ejus
2825 1196 3030 1265 plenior
3054 1210 3181 1250 cura
3221 1196 3273 1250 in
3302 1210 3525 1264 corpore
3551 1214 3615 1251 ex
3646 1208 3794 1265 parte

2224 1265 2399 1335 aliqua
2425 1265 2741 1331 differretur,
2766 1266 2995 1335 perfecta
3018 1276 3192 1320 tamen
3214 1267 3454 1321 sanitatis
3473 1268 3680 1336 species
3710 1284 3795 1320 re-

2229 1336 2570 1391 verlierandis
2595 1336 2986 1391 incredulorum
3002 1335 3168 1389 oculis
3183 1335 3519 1405 objiceretnr.
3534 1337 3689 1404 Quod
3707 1337 3795 1392 illa

2226 1407 2413 1475 ancilla
2431 1407 2519 1461 Dei
2538 1407 2838 1475 intelligens
2852 1420 3098 1475 magnum
3117 1407 3424 1475 mysterium
3446 1407 3558 1467 Dei,
3579 1408 3651 1460 illi
3677 1423 3794 1460 mu-

2225 1473 2455 1546 liercul;e
2478 1473 2980 1546 responditdicens‘;
3004 1473 3283 1539 Increduli,
3297 1476 3380 1530 vel
3394 1476 3552 1531 modo
3564 1476 3789 1530 credite.

2294 1544 2726 1616 8._Rursus‘apud
2740 1544 3111 1613 Carthaginem
3132 1560 3251 1600 cum
3275 1546 3545 1600 benedicta
3570 1546 3793 1616 Megetia

2224 1614 2448 1683 quadam
2472 1617 2559 1670 die
2577 1630 2697 1670 cum
2718 1615 2833 1668 viro
2845 1628 2941 1669 suo
2962 1629 3166 1684 pagano
3181 1630 3481 1670 sermonem
3496 1614 3788 1679 conferret.

2224 1694 2278 1738 et
2303 1685 2440 1741 inter
2465 1685 2670 1741 fabulas
2716 1684 2841 1739 dum
2887 1685 3002 1754 viro
3038 1700 3136 1739 suo
3184 1699 3279 1739 ore
3308 1686 3515 1754 integro
3538 1687 3794 1754 vultuque

2222 1766 2519 1822 appareret,
2568 1765 2866 1826 commotus
2889 1753 3017 1826 _tali_
3031 1754 3246 1826 visione
3275 1755 3355 1808 vir
3377 1753 3495 1824 ejus
3535 1753 3791 1826 gratulari

2222 1826 2383 1895 cmpit
2412 1842 2473 1880 ac
2499 1826 2678 1880 dicere
2707 1822 2975 1895 {Domina
3000 1823 3241 1895 blegetia,
3280 1822 3462 1878 sanam
3495 1822 3791 1895 te'prorsus

2222 1892 2443 1967 aspicio.
2476 1896 2666 1967 Verum
2696 1894 2783 1949 illa
2812 1892 3195 1967 dissimulando
3216 1894 3425 1948 interim
3447 1892 3631 1967 tegens
3649 1895 3787 1967 quod

2223 1962 2396 2018 divina
2427 1967 2590 2020 virtus
2618 1965 2668 2016 in
2694 1978 2768 2018 se
2795 1962 3212 2028 demonstrabat,
3255 1962 3522 2018 sermonis
3550 1965 3632 2019 sui
3666 1962 3789 2019 cur-

2220 2048 2337 2088 sum
2365 2038 2596 2091 tenebat.
2626 2033 2915 2101 Itidemque
2957 2033 3045 2103 ille
3079 2033 3220 2103 quod
3245 2032 3453 2103 videbat
3482 2044 3659 2089 tacere
3684 2050 3787 2089 non

2222 2115 2446 2172 poterat,
2478 2115 2532 2160 et
2555 2105 2693 2159 sicut
2721 2101 3070 2173 priuseidem
3099 2101 3457 2173 respondebat
3509 2120 3526 2160 :
3565 2103 3789 2160 Sanaes

2219 2189 2458 2244 prorsus,
2487 2176 2592 2229 Deo
2619 2172 2833 2244 gratias.
2863 2172 2939 2244 A_t_
2955 2172 3043 2244 illa
3078 2172 3294 2244 impleta
3326 2173 3539 2244 gaudio,
3572 2175 3786 2229 tandem

2219 2241 2518 2310 subridens,
2545 2241 2866 2299 ait'inarito:
2897 2241 2990 2296 Vel
3018 2242 3177 2296 modo
3198 2242 3305 2312 jam
3325 2241 3511 2298 credes
3536 2244 3790 2299 Christo?

2220 2312 2288 2367 Et
2313 2315 2401 2369 ille
2431 2333 2445 2370 :
2475 2315 2610 2382 Quid
2641 2314 2719 2368 vis
2738 2355 2753 2379 ,
2784 2313 2983 2383 inquit,
3022 2312 3209 2367 faciam
3234 2316 3370 2383 patri
3400 2314 3559 2369 meo?
3587 2328 3710 2368 nam
3735 2324 3789 2370 et

2218 2398 2317 2455 ego
2339 2385 2658 2441 christianus
2683 2383 2795 2455 lieri
2822 2382 2965 2437 volo.

2288 2455 2341 2511 9.
2368 2457 2473 2511 Sed
2504 2467 2560 2510 ut
2580 2455 2692 2524 jam
2722 2454 2788 2524 ad
2830 2451 3112 2524 terminum
3138 2466 3293 2521 quem
3329 2453 3671 2522 promisimus
3692 2470 3787 2511 ve-

2219 2524 2445 2593 niamus,
2472 2523 2594 2580 dies
2613 2523 2830 2579 Pascha:
2844 2523 3211 2593 sanctissimus
3229 2524 3635 2593 prapinquabat,
3665 2538 3787 2580 ecce

2217 2593 2488 2665 benedicta
2509 2596 2730 2665 Megetia
2750 2609 2778 2646 a
2798 2592 3022 2664 quadam
3042 2593 3211 2647 amica
3228 2592 3391 2665 atque
3411 2592 3574 2665 nobili
3596 2594 3787 2649 femina

2219 2664 2430 2720 Rustica
2457 2662 2765 2736 rogabatur,
2792 2662 2848 2717 ut
2874 2675 2997 2736 voto
3025 2677 3122 2718 suo
3164 2662 3418 2718 solvendo
3458 2664 3616 2718 beato
3645 2679 3788 2736 mar-

2218 2736 2319 2808 tyri
2347 2734 2692 2808 Cyprianoiin
2723 2734 2986 2808 Mappalia
3004 2747 3183 2808 secum
3214 2741 3478 2808 pergeret,
3506 2741 3562 2787 et
3586 2734 3787 2788 solem-

2217 2801 2367 2859 n'itati
2391 2801 2593 2874 pariter
2622 2801 2918 2859 interesset.
2954 2801 3107 2874 Quod
3137 2801 3354 2874 Megetia
3385 2803 3561 2858 facere
3597 2818 3658 2858 se
3683 2819 3785 2859 non

2216 2888 2372 2943 posse
2398 2873 2733 2937 causabatur,
2765 2874 2939 2944 sciens
2958 2873 3100 2944 quid
3120 2874 3259 2944 inse
3286 2873 3376 2927 Dei
3404 2874 3638 2942 potentia
3666 2874 3785 2929 inll-

2215 2941 2412 2999 delium
2443 2946 2611 3000 oculis
2630 2943 2951 3006 ostenderet,
2977 2941 3106 3013 quid
3137 2943 3290 3012 plene
3311 2944 3495 2998 salutis
3513 2945 3537 2975 ²
3555 2944 3786 2999 cmlestis

2214 3015 2382 3083 gratia
2413 3024 2723 3071 reservaret.
2745 3013 2944 3067 Tamen
2971 3015 3197 3068 amicam
3230 3015 3548 3083 contristare
3575 3014 3779 3077 nolens,

2216 3082 2319 3155 non
2353 3087 2558 3155 penitus
2596 3084 2824 3153 negavit,
2860 3083 2954 3139 sed
2994 3083 3149 3153 plane
3180 3082 3248 3136 ad
3283 3083 3431 3155 illum
3467 3084 3782 3155 diemiquod

2216 3152 2366 3209 Deus'
2388 3156 2634 3211 voluisset
2670 3152 2934 3208 facturam
2964 3152 3023 3208 se
3066 3167 3186 3207 esse
3216 3152 3475 3222 promisit.
3498 3154 3567 3206 At
3585 3153 3673 3207 ubi
3702 3155 3781 3208 illa

2214 3227 2383 3279 amica
2404 3226 2666 3287 discessit,
2694 3239 2798 3278 non
2833 3224 3033 3279 destitit
3051 3222 3138 3277 die
3160 3230 3424 3287 noctuque
3448 3223 3677 3276 orationi
3701 3223 3780 3277 in-

2217 3303 2358 3350 stare
2387 3296 2625 3365 Mi-getia.
2659 3295 2952 3350 Buccellam
2973 3307 3120 3365 sane
3144 3293 3287 3346 omni
3317 3292 3407 3365 die
3433 3292 3485 3345 in
3510 3293 3633 3347 oleo
3658 3308 3779 3365 san-

2212 3365 2440 3420 ctiﬁcata
2470 3362 2683 3419 tinctam
2712 3365 2855 3433 prius
2875 3363 3198 3431 accipiebat;
3221 3371 3274 3416 et
3294 3362 3780 3433 isicfcaeterosicibos

2213 3439 2475 3490 sumebat.
2500 3436 2738 3504 Quadam
2766 3448 2891 3487 vero
2921 3442 3075 3487 nocte
3101 3432 3329 3504 visitavit
3373 3432 3685 3497 insomnis,
3710 3432 3777 3486 ita

2213 3515 2344 3562 utsc
2360 3506 2505 3576 juxta
2528 3502 2835 3576 Memoriam
2863 3504 2998 3557 beati
3020 3502 3273 3576 Stephani
3298 3510 3528 3560 stantem
3558 3509 3776 3576 putaret,

2214 3571 2389 3647 ibique
2430 3577 2677 3645 juvenem
2725 3574 2868 3647 illum
2903 3574 3206 3647 speciosum
3250 3581 3516 3647 cernerei,
3559 3571 3777 3647 candida

2213 3641 2330 3702 luce
2358 3641 2624 3716 perfusum
2648 3643 2916 3716 etinsigni
2940 3641 3082 3713 equo
3109 3643 3442 3716 subvectum,
3480 3641 3778 3716 lampades-

2212 3733 2316 3789 que
2342 3710 2680 3786 quamplnres
2703 3710 2959 3789 liiceiiies,
2984 3710 3046 3768 ac
3068 3712 3372 3789 p_ra:cedens
3393 3713 3441 3789 ei
3467 3710 3780 3789 splendidis-

2212 3780 2404 3843 simum
2443 3780 2751 3856 apparatum
2768 3825 2783 3851 ,
2827 3784 3032 3856 sibique
3059 3780 3139 3856 ab_
3152 3782 3344 3856 eodem
3370 3780 3514 3856 clara
3541 3795 3673 3856 voce
3697 3780 3778 3834 di-

2211 3868 2357 3914 ctum
2385 3874 2399 3910 :
2431 3850 2527 3911 Ad
2540 3865 2590 3910 te
2613 3856 2838 3925 pertinet
2861 3850 2958 3907 ista
2987 3853 3094 3925 lux,
3121 3851 3584 3925 Megetia,suseipe
3606 3850 3776 3925 iliam.

2213 3930 2341 3985 Post
2359 3942 2515 3998 quam
2545 3920 2799 3979 visionem
2825 3922 3193 3998 expergefacta
3210 3920 3515 3998 'gaudioque
3547 3920 3776 3987 repleta,

2213 3988 2393 4054 statim
2420 3997 2507 4050 ubi
2537 4011 2594 4049 se
2620 4009 2800 4047 sanam
2830 3988 3033 4054 sensit‘,
3070 3988 3257 4046 manus
3295 4004 3418 4045 snas
3436 3988 3505 4044 ad
3532 4004 3595 4044 os
3620 4003 3779 4043 sumn

2214 4069 2505 4136 faciemque
2526 4063 2902 4136 inspiciendam
2923 4063 3302 4136 applicavitLet
3320 4060 3467 4130 quasi
3489 4074 3597 4128 pne
3615 4059 3780 4136 nimio

2246 4128 2529 4193 audio'soli
2556 4128 2653 4188 sibi
2685 4148 2787 4187 non
2823 4128 3065 4194 credens,
3093 4132 3312 4188 ancillas
3339 4128 3466 4184 suas
3494 4143 3615 4197 qum
3637 4128 3776 4183 circa

2246 4176 2258 4192 ι
2279 4155 2404 4193 “(llo
2430 4155 2529 4189 SOI!
2556 4155 2653 4188 Sim
2686 4155 2787 4187 Ιιυιι
2823 4155 3065 4194 creuetts,
3093 4155 3312 4188 ωιυιιιᾰιδ
3343 4155 3466 4184 suam
3494 4155 3615 4197 qua:
3637 4155 3776 4183 cura

2211 4155 2407 4265 gelum
2434 4220 2586 4258 suum
2616 4202 2979 4272 quiescebant,
3005 4202 3143 4256 clara
3172 4216 3305 4272 voce
3325 4199 3611 4262 excitavit,
3645 4209 3700 4251 et
3723 4205 3778 4252 ut

2213 4279 2277 4334 ad
2299 4293 2356 4333 se
2375 4270 2751 4345 inspiciendam
2766 4282 2922 4341 atque
2940 4270 3395 4345 contemplandum
3416 4276 3772 4345 accurrereiu,

2213 4337 2502 4403 advocavit.
2543 4345 2676 4399 Tum
2702 4337 2919 4403 ill:e,'ut
2946 4337 3186 4396 viderunt
3223 4341 3274 4394 in
3318 4339 3530 4393 domina
3559 4350 3655 4391 sua
3679 4337 3774 4391 do-

2214 4433 2338 4473 num
2385 4417 2476 4471 Dei
2516 4415 2677 4468 fuisse
2716 4412 2986 4481 impletum
3010 4452 3026 4476 ,
3061 4418 3346 4477 votumque
3385 4408 3622 4481 omnium
3662 4420 3778 4462 esse

2214 4487 2528 4559 perfectum,
2555 4498 2740 4559 omnes
2771 4478 2964 4551 pariter
2993 4482 3044 4534 in
3071 4478 3775 4559 laziiiiaineXclamavei-unt,

2213 4546 2267 4614 ct
2293 4560 2346 4611 in
2393 4546 2599 4611 laudem
2652 4552 2741 4607 Dei
2772 4546 3093 4619 eruperunt.
3121 4549 3346 4603 Advenit
3389 4547 3551 4619 etiam
3591 4546 3681 4600 ille
3711 4547 3778 4619 ab

2213 4630 2380 4681 amica
2407 4625 2737 4695 priestiiutus
2763 4614 2974 4675 sibimet
3000 4621 3135 4695 dies,
3175 4619 3381 4695 venitur
3402 4632 3433 4669 a
3463 4617 3687 4695 diversis
3712 4614 3778 4695 ad

2215 4685 2510 4766 religiosam
2555 4692 2849 4766 Megetiam,
2875 4699 2951 4752 ut,
2982 4690 3117 4743 sicut
3151 4688 3489 4766 promiserat,
3518 4686 3585 4739 ad
3614 4685 3779 4766 desii-

2214 4755 2393 4821 natiim
2421 4766 2594 4819 locum
2632 4755 2822 4816 charas
2850 4774 2973 4813 suas
3003 4774 3105 4812 non
3134 4756 3427 4811 deserendo
3455 4770 3678 4825 pergere
3696 4755 3781 4807 di-

2212 4832 2612 4907 gnaretur._Sed
2657 4832 2875 4899 Megetia
2907 4829 2997 4882 Dei
3038 4827 3230 4907 famula
3259 4827 3557 4907 velamento
3583 4824 3779 4907 adhuc2

2216 4893 2350 4961 sicut
2378 4904 2579 4960 solebat
2608 4943 2623 4968 ,
2666 4893 2767 4956 ore
2799 4908 3063 4965 contecto,
3094 4898 3159 4968 ab
3201 4894 3672 4968 intimocubiculo
3715 4893 3782 4946 ad

2213 4977 2411 5030 amicas
2430 4987 2552 5028 suas
2579 4966 2719 5026 foras
2741 4984 2954 5039 egressa
2974 4980 3074 5039 est.
3100 4967 3242 5039 Quas
3269 4967 3355 5039 ubi
3383 4966 3449 5039 de
3476 4979 3533 5018 se
3546 4966 3786 5039 aliquan-

2215 5046 2305 5099 diu
2335 5046 2512 5099 tristes
2534 5056 2653 5098 esse
2679 5035 2938 5110 permisit,
2961 5038 3134 5092 subito
3160 5037 3253 5110 illo
3270 5035 3455 5110 ajacie
3479 5035 3785 5110 velamento

2215 5116 2412 5180 ablato,
2457 5122 2512 5168 et
2548 5103 2700 5165 vultu
2739 5110 3120 5180 demonstrato,
3156 5107 3264 5180 ait:
3299 5106 3437 5160 Ecce
3475 5119 3570 5158 vos
3610 5103 3789 5156 videte

2215 5185 2338 5254 quid
2364 5178 2416 5238 in
2448 5197 2534 5254 me
2572 5181 2710 5235 Deus
2738 5179 2980 5254 dignatus
3001 5186 3088 5254 est
3115 5178 3388 5245 perlicere,
3437 5183 3637 5254 et‘una
3673 5187 3792 5254 me-

2215 5243 2334 5309 cum
2362 5252 2608 5325 gaudete,
2646 5258 2702 5303 et
2741 5243 2839 5317 ipsi
2868 5248 3088 5301 Domino
3116 5243 3239 5325 'pro_
3265 5259 3350 5325 me
3388 5244 3582 5325 gratias
3623 5243 3787 5322 agite.

2217 5314 2392 5391 ρωιηῖ
2413 5322 2499 5376 ubi
2527 5314 2712 5374 omnes
2730 5314 3075 5391 conspexere,
3105 5314 3398 5386 gaudentes
3423 5314 3788 5391 et_Dom_imnn

2217 5382 2608 5455 benedicentes,
2630 5388 2826 5443 osculis
2845 5382 3174 5449 lamberefet
3193 5399 3310 5439 eam
3326 5382 3650 5452 complexari
3670 5395 3791 5435 ere-

2216 5471 2427 5535 perunt.
2468 5460 2617 5514 Tunc
2655 5472 2842 5512 omnes
2880 5471 2984 5535 tina
3021 5455 3087 5535 ad
3129 5454 3405 5535 ecclesiam
3436 5460 3797 5535 perrexerunt

2217 5521 2337 5589 cum
2377 5546 2461 5598 ea,
2506 5539 2561 5585 et
2604 5537 2725 5582 vota
2749 5542 2869 5598 sua,
2886 5526 3109 5598 Domino
3146 5521 3532 5598 persolverunt.
3565 5521 3797 5598 Peracto

2217 5612 2394 5658 autem
2415 5589 2598 5656 sancto
2619 5596 2817 5653 Pascha
2845 5595 3070 5662 Domini,
3095 5589 3253 5649 etiam
3278 5592 3345 5648 ad
3371 5590 3683 5649 Uzalenscm
3704 5589 3794 5644 ci-

2284 5736 2303 5767 ι
2336 5728 2613 5793 tegendum
2634 5725 2777 5793 forte,
2799 5723 2850 5793 in
2870 5721 3141 5789 Impulerit.

2284 5797 2306 5828 ί
2335 5785 2493 5850 Fui-te,
2515 5789 2667 5854 plenw
2687 5785 2847 5840 cultui.
