4078 6468
293 368 398 422 διε)

295 481 514 533 vitalem
541 481 779 550 religiosa
811 481 983 536 Vitula
1011 497 1112 536 una
1135 496 1254 535 eum
1283 477 1498 550 Megetia
1521 493 1626 550 sua
1646 477 1868 550 aliisque

300 550 560 618 religiosis
591 549 799 606 feininis
829 554 989 617 venit,
1039 563 1266 620 votaque
1313 565 1406 620 sua
1447 549 1724 620 deisalute
1751 549 1871 620 tilia:

299 621 450 687 plena
482 630 534 672 et
565 623 791 688 perfecta
833 624 1044 676 Christo
1081 618 1300 676 Domino
1343 619 1644 687 Christique
1687 618 1872 688 Amico

301 691 350 740 in
403 687 690 757 conspectu
740 693 912 745 omnis
959 704 1152 747 nosmc
1201 689 1452 744 Ecclesia:
1490 687 1872 756 cougattdcutis

297 767 455 826 atque
483 763 903 828 congratulantis
935 763 1171 816 hilariter
1196 759 1444 823 reddidit,
1483 757 1749 812 ferventer
1773 771 1870 810 ex-

301 829 492 894 ltibuit,
523 829 896 900 fructuoseque
917 833 1185 901 persolvit.

299 919 525 974 CAPUT
551 922 634 975 Ill.
653 922 958 977 --Donatus
985 924 1189 992 quidam
1220 921 1511 992 apothecam
1537 918 1742 992 Itabeus,
1767 919 1874 992 [ere

373 991 590 1064 ducenta
621 1009 736 1046 rasa
762 995 862 1046 riui
885 987 1120 1064 corrupta
1146 987 1344 1058 reperit,
1366 991 1524 1064 cujus
1549 989 1694 1064 jussu
1724 987 1872 1039 mini-

369 1071 468 1114 διει-
497 1061 725 1132 [egenam
755 1079 818 1116 ex
842 1059 1068 1116 omnibus
1093 1067 1222 1116 vasis
1248 1061 1506 1132 impletum
1533 1059 1790 1122 attulerat,
1818 1065 1874 1132 et

369 1133 438 1182 ad
463 1127 689 1185 smictum
716 1132 1030 1202 Stephanum
1051 1149 1274 1194 currens,
1295 1127 1467 1202 ibique
1483 1145 1669 1196 ponens
1687 1127 1870 1202 orarit,

369 1212 416 1253 et
442 1219 662 1255 reversus
685 1197 1020 1272 cinn'lagena,
1044 1203 1094 1256 in
1117 1203 1343 1255 omnibus
1367 1197 1494 1253 uasis
1521 1215 1582 1252 ea:
1603 1199 1776 1252 eadem
1796 1197 1873 1249 iu-

373 1273 526 1340 [udit,
559 1282 604 1324 et
631 1283 914 1340 reparatum
950 1285 1022 1328 est
1053 1275 1238 1326 vinum.

373 1362 606 1415 Donatus
647 1363 858 1431 quidam
898 1365 1092 1418 dicitur
1128 1363 1288 1416 homo
1309 1402 1323 1426 ,
1355 1374 1484 1414 sane
1512 1357 1870 1431 honestissimi

301 1447 512 1499 qumpie
543 1428 906 1496 lilii,'nomine
933 1435 1153 1494 Rustici,
1183 1433 1552 1502 pnefectoruiu
1585 1428 1870 1502 munerarii

301 1497 512 1574 cunctis
543 1503 676 1557 bene
696 1505 994 1574 notissimi,
1025 1497 1199 1574 pater:
1224 1503 1318 1574 llie
1347 1503 1395 1554 in
1429 1499 1589 1574 fundo
1609 1513 1712 1574 suo
1743 1497 1871 1574 sub-

303 1572 508 1626 urbano
534 1589 654 1626 cum
691 1573 810 1628 loco
851 1587 904 1629 et
944 1569 1156 1628 nomine
1195 1573 1426 1626 vocitato
1473 1570 1622 1638 probi
1659 1569 1872 1637 generis

305 1641 426 1694 vina
468 1643 750 1710 quotannis
793 1643 1024 1698 condere
1061 1653 1116 1698 et
1159 1655 1476 1698 conservare
1501 1647 1867 1710 consueverat.

307 1709 548 1777 Interea,
591 1721 648 1766 ut
701 1715 1097 1781 possessoribus
1145 1727 1261 1766 mos
1311 1721 1428 1776 est,
1471 1709 1871 1781 commodorum

303 1791 600 1854 quaestuum
647 1779 807 1838 causa
828 1824 844 1848 ,
873 1785 1132 1854 quoslibet
1185 1780 1642 1854 terricﬁrepositos
1673 1779 1871 1854 fructus

308 1849 434 1905 tunc
460 1853 616 1906 malle
643 1855 858 1909 venales
883 1849 1210 1922 munitoribus
1238 1852 1532 1921 publicare,
1567 1865 1688 1904 cum
1735 1849 1870 1922 votis

305 1931 672 1988 exaptatorum
727 1919 991 1980 lucrornni
1043 1919 1280 1977 avariora
1336 1929 1659 1976 concurrunt
1707 1919 1870 1986 pretia

307 2001 624 2060 temporum,
654 1993 826 2048 visum
855 2003 936 2049 est
965 2003 1256 2048 memorato
1281 1991 1496 2046 domino
1525 1989 1726 2058 przedii,
1751 2005 1870 2060 cum

304 2057 533 2130 quodam
563 2062 775 2118 homine
805 2081 920 2130 suo,
951 2065 1056 2118 vini
1083 2064 1283 2118 scilicet
1313 2057 1581 2131 gustatore
1613 2057 1871 2131 peritissi-

307 2146 414 2196 mo,
442 2132 922 2206 apothecamsuam
953 2135 1194 2206 primitus
1223 2130 1438 2206 intrare,
1461 2145 1520 2206 ac
1549 2147 1640 2196 per
1667 2130 1870 2198 singula

305 2216 431 2274 vasa
458 2199 808 2274 exmninando
836 2199 1291 2274 vina—approbare.
1324 2203 1437 2274 Quo
1467 2199 1603 2274 farto
1623 2209 1873 2274 ,__m_ox_ut

305 2271 612 2340 degustator
639 2273 882 2328 haustum
905 2270 1272 2328 vasisuierum
1299 2272 1548 2339 applicuit
1571 2270 1771 2338 judicio
1799 2271 1872 2322 la-

307 2341 532 2414 biorum,
562 2343 812 2414 condono
838 2345 1128 2414 stupefacta
1160 2345 1210 2397 in
1239 2343 1452 2414 homine
1478 2357 1568 2394 ora
1599 2341 1872 2414 vultusque

305 2412 559 2482 polluere.
575 2413 704 2466 Nam
730 2411 1077 2482 prieter'quod
1108 2414 1214 2468 vini
1243 2411 1705 2482 teterrimnscnlor
1725 2425 1874 2482 aver-

305 2480 526 2536 sandum
553 2480 801 2538 oculis—cx
824 2501 883 2540 se
903 2480 1157 2539 offerebat
1175 2492 1466 2551 aspectum,
1492 2481 1648 2535 etiam
1678 2481 1872 2551 tristis-

303 2551 472 2606 simus
499 2569 656 2620 sapor
683 2554 832 2608 labiis
863 2556 1192 2610 iuret-endem
1221 2549 1493 2622 ingerebat
1515 2559 1746 2622 gustum.
1771 2549 1872 2604 Ve-

308 2637 425 2676 rum
449 2637 568 2676 cum
601 2623 702 2680 hoc
725 2627 918 2679 malum
952 2627 1002 2680 in
1034 2641 1140 2678 uno
1181 2621 1378 2676 tantum
1421 2637 1542 2676 vase
1583 2621 1876 2676 consistere

305 2701 614 2762 putaretur,
658 2709 762 2748 non
812 2703 918 2748 tam
967 2696 1282 2748 molestante
1323 2693 1620 2762 damnumI
1670 2691 1872 2758 jactura

307 2761 698 2829 patrisfamilias
724 2765 1030 2820 habebatur.
1057 2767 1126 2818 At
1154 2765 1239 2818 ubi
1271 2779 1362 2831 per
1383 2761 1584 2829 singula
1612 2777 1732 2831 vasa
1759 2775 1868 2816 cae-

309 2841 452 2903 ptum
480 2843 562 2886 est
588 2835 820 2896 circuiri.
849 2837 1190 2903 omniumque
1217 2830 1569 2903 vasoruin,id
1601 2841 1681 2903 est
1710 2830 1874 2885 ferme

305 2901 684 2968 ducentorum,
713 2919 964 2960 numerus
996 2901 1328 2960 esui—ninalus
1363 2902 1605 2956 similiter
1641 2901 1872 2968 degene-

307 2987 452 3044 rasse
491 2987 556 3028 ac
595 2973 868 3042 deperisse
915 2985 1154 3044 repertus
1197 2985 1308 3036 est;
1341 2972 1458 3042 quis
1506 2981 1632 3044 tunc
1680 2971 1871 3044 ibidem

307 3041 464 3096 fuerit
492 3041 812 3111 possessoris
839 3041 1078 3108 animus,
1109 3045 1227 3112 quis
1255 3041 1418 3113 ipsius
1442 3041 1763 3110 apothecarii
1794 3043 1872 3096 lu-

305 3123 440 3186 ctus,
461 3122 588 3186 puto
607 3116 744 3184 ipiod
775 3117 1017 3186 ignorare
1037 3131 1140 3168 non
1166 3115 1332 3183 possit
1351 3115 1524 3186 omnis
1546 3113 1874 3180 con‘lpatiens

303 3183 514 3237 aniums
543 3182 820 3239 luunanus'.
851 3185 966 3240 Non
994 3186 1134 3240 enim
1164 3182 1344 3238 revera
1373 3182 1647 3237 minimum
1673 3191 1726 3236 et
1747 3197 1876 3236 eon-

305 3253 646 3322 temuendum
677 3255 1050 3310 detrimentum
1077 3256 1394 3310 damnumve
1421 3253 1716 3322 contigerat
1735 3295 1750 3318 ,
1779 3253 1871 3308 sed

303 3321 554 3402 ducenta,
585 3334 640 3402 ut
668 3325 796 3402 dixi,
829 3325 940 3382 fere
965 3343 1080 3402 quae
1107 3325 1422 3402 putabantur
1448 3321 1583 3376 vasa
1603 3323 1725 3402 vino
1754 3339 1875 3378 sua-

305 3393 523 3448 vissimo
551 3395 874 3462 plenissima,
903 3398 1086 3450 eadem
1111 3393 1146 3450 'e
1172 3395 1438 3448 contrario
1474 3393 1874 3461 reperiebantur

303 3467 564 3535 necaceti
585 3507 599 3530 ,
628 3467 722 3520 sed
751 3467 1022 3535 cujusdam
1050 3465 1516 3535 corruptissimiet
1547 3463 1871 3535 f;ecnlentis-

243 3593 254 3600 ,
303 3533 678 3605 similiquoris
703 3533 948 3605 squalore
977 3537 1282 3605 adimpleta.
1327 3533 1672 3605 Quidageret
1698 3534 1768 3588 ita
1795 3535 1870 3588 rei

302 3602 574 3658 labefacta:
601 3619 710 3659 sua:
735 3602 1002 3673 dominus,
1027 3602 1305 3660 vindemia:
1331 3619 1440 3658 stuc
1469 3602 1737 3658 interitum
1765 3619 1870 3660 non

301 3673 478 3728 adhuc
508 3675 559 3728 in
585 3675 812 3746 vitibus,
839 3677 932 3731 sed
953 3719 968 3736 .
999 3676 1138 3746 quod
1159 3684 1238 3730 est
1265 3675 1496 3746 gravius,
1526 3673 1718 3746 inipsa
1745 3690 1870 3743 per-

303 3757 492 3811 pessus
511 3745 801 3816 apotheca?
822 3747 968 3816 quid,
989 3743 1222 3816 inquam,
1241 3743 1454 3816 ageret?
1478 3743 1604 3816 quid
1633 3753 1738 3816 tam
1763 3759 1876 3799 cor-

303 3822 460 3883 rupto
505 3829 604 3868 nec
641 3815 748 3882 jam
791 3814 1018 3872 dicendo
1060 3814 1186 3870 vino
1233 3815 1407 3870 facere
1449 3814 1744 3883 potuisset?
1787 3816 1868 3868 An

303 3881 522 3957 forsitan
545 3881 916 3957 qualicumque
939 3887 1300 3956 abjectissimo
1323 3881 1493 3957 pretio
1514 3883 1872 3957 vendidisset?

303 3951 415 4026 Sed
438 3951 686 4026 quis—tam
721 3951 892 4011 fatuus
921 3951 1132 4026 emptor
1155 3957 1221 4011 ad
1251 3951 1362 4010 rem
1394 3956 1588 4026 fatuam
1615 3955 1873 4026 accessis-

301 4023 418 4102 set?
442 4023 530 4102 nu
554 4025 738 4102 saltem
763 4023 1058 4081 eli‘cnnleret
1081 4036 1240 4096 atque
1265 4025 1580 4102 projiceret‘t
1621 4024 1726 4078 Sed
1754 4027 1871 4094 quis

303 4093 374 4145 ita
405 4091 602 4164 oblitus
641 4094 878 4148 laborum
919 4113 1132 4150 suorum
1155 4091 1436 4160 _esset,'ut
1461 4091 1872 4164 qualescumque

299 4163 428 4214 anui
451 4159 1054 4235 fruetusproculcandos
1085 4167 1384 4220 hominibus
1405 4159 1696 4235 belluisque
1721 4159 1872 4221 facile

299 4231 628 4298 exponeret?
658 4233 890 4286 'l‘andem
921 4235 1290 4289 linctuahunda
1321 4235 1372 4288 in
1406 4235 1597 4288 talibus
1615 4231 1870 4290 nimrori-

305 4301 402 4381 [ius
422 4302 597 4381 anima
619 4302 808 4381 divin:_e
831 4304 1308 4381 aSpirationis_au_ra
1342 4301 1634 4381 perﬂatain
1663 4316 1869 4381 portum

303 4371 622 4444 fidissimum
665 4371 1049 4444 stationemquc
1093 4371 1403 4427 tutissimam
1445 4371 1734 4428 Veliticaute
1777 4375 1872 4430 de-

300 4441 460 4495 ducta
483 4451 564 4514 est
586 4444 770 4514 gratia.
789 4443 920 4497 Nam
944 4441 1103 4498 multa
1125 4459 1302 4498 secum
1323 4446 1536 4513 agitanti
1567 4444 1678 4514 ha-c
1701 4445 1871 4514 potior

301 4512 564 4584 sententia
612 4513 790 4584 animo
833 4514 1026 4568 insedit
1073 4512 1416 4583 pi‘issessoris,
1459 4512 1868 4584 confugiendum

301 4595 422 4634 esse
447 4581 512 4634 ad
556 4583 798 4654 Amicum
830 4585 924 4638 Dei
959 4581 1281 4653 Stephanum
1330 4593 1568 4638 sanctum
1589 4626 1604 4650 ,
1625 4581 1870 4654 'primnm

303 4659 590 4732 martyrem
612 4653 831 4732 Christi.
851 4655 1078 4732 Proinde
1097 4655 1343 4732 jubet__i_|li
1373 4653 1734 4723 praegustatori
1761 4657 1868 4711 vini

301 4724 406 4800 sui,
435 4729 666 4800 utunam
693 4724 1106 4800 lagunculamex
1135 4725 1367 4800 quolibet
1385 4739 1630 4800 vasorum
1651 4741 1867 4800 suorum

301 4791 634 4864 adimpleret.
663 4791 886 4864 eamque
915 4797 978 4849 ad
1011 4791 1165 4849 Beati
1183 4795 1484 4848 Memoriam
1506 4835 1520 4859 ,
1555 4795 1870 4850 benedicen-

301 4861 685 4934 danrdiluculo
713 4861 1050 4933 deportaret,
1090 4875 1246 4934 atque
1271 4865 1461 4919 exinde
1489 4867 1866 4921 sanetilicatam

299 4930 818 5004 contiuuoreferret,
845 4945 1072 5004 tuncque
1102 4930 1174 4990 ex'
1199 4936 1283 4989 illa
1312 4951 1403 5003 per
1428 4939 1600 4987 (munia
1633 4952 1753 4988 vasa
1787 4953 1868 5004 pa-

301 5015 418 5080 rum
443 5001 570 5080 quid
595 5001 1002 5080 superfunderet
1029 5017 1184 5080 atque
1207 5001 1525 5080 discederet.
1547 5006 1598 5080 _0
1627 5001 1864 5080 Donni—ie,

302 5070 546 5149 Domine,
573 5073 656 5125 cui
684 5089 808 5149 cura
840 5085 922 5149 est
953 5093 1046 5141 pro
1077 5070 1311 5137 homine,
1339 5079 1514 5129 omnia
1547 5075 1768 5144 benigne
1795 5079 1870 5128 fa-

299 5144 449 5194 ciens
494 5153 708 5210 propter
751 5144 1047 5206 hominem,
1091 5149 1178 5214 qui
1224 5161 1318 5214 per
1353 5155 1566 5198 sanctos
1598 5155 1712 5198 tuos
1739 5147 1865 5198 olim

297 5223 465 5280 aquas
503 5225 713 5280 amaras
756 5225 809 5272 et
849 5215 1154 5268 infecundas
1175 5257 1189 5278 ,
1231 5217 1371 5280 ligno
1400 5217 1636 5269 immisso
1660 5226 1712 5268 et
1743 5231 1868 5270 vase

297 5279 426 5367 salis
441 5279 650 5367 injecto
673 5285 872 5367 sanasti
902 5285 1094 5367 (Exod.
1119 5301 1210 5351 xv,
1231 5279 1328 5365 25;
1361 5285 1424 5364 Ιγ
1441 5284 1566 5354 Reg.
1591 5303 1648 5351 ιι,
1671 5285 1870 5367 21),.ae

299 5363 397 5423 per
441 5359 491 5402 te
537 5354 706 5419 ipsum
728 5395 744 5423 ,_
775 5354 993 5409 Domine
1013 5395 1028 5418 ,
1059 5369 1246 5423 aquam
1281 5357 1332 5408 iu
1357 5355 1534 5408 vinum
1561 5354 1866 5410 convertisti

299 5416 482 5493 (loca.
507 5416 576 5486 It,
601 5421 778 5493 1-H),
809 5424 920 5493 ipse
949 5416 1088 5478 till-Ite
1110 5416 1164 5478 ei.
1191 5439 1284 5493 per
1311 5425 1538 5478 amicum
1569 5437 1714 5480 tuum
1744 5427 1867 5480 Ste-

299 5488 533 5564 phanum
561 5488 1112 5564 sanctuin,'reparasti
1142 5488 1205 5546 iu'
1224 5503 1415 5564 statum
1448 5496 1726 5562 pristinum
1749 5497 1867 5552 vina

299 5559 540 5638 perdita,
565 5577 712 5614 versa
743 5559 1096 5638 amaritudine
1123 5559 1554 5638 in_snavitateit't_.
1595 5567 1868 5638 nigredine

299 5629 352 5681 in
381 5629 685 5704 candorem.
706 5649 946 5704 maerore
973 5635 1022 5686 in
1047 5634 1485 5704 exsultationem!
1517 5629 1746 5702 Propere
1769 5637 1866 5704 igi-

301 5707 388 5752 tur
411 5699 608 5753 domini
638 5703 716 5754 sui
754 5702 900 5771 jussa
941 5705 1184 5757 minister
1213 5705 1300 5758 ile
1327 5703 1494 5758 fidelis
1519 5699 1826 5773 exsequitur
1851 5723 1864 5759 ε

363 5810 382 5840 ⁸
397 5815 554 5872 Forte,
568 5811 757 5863 (lanato.
776 5821 822 5863 In
835 5821 880 5862 Β.
897 5815 957 5865 ad
973 5817 1257 5880 marginem,
1284 5834 1304 5861 ι
1319 5815 1451 5866 locus
1473 5826 1743 5881 corruptus,
1760 5837 1780 5862 ιο
1807 5827 1862 5868 Μ.

1623 365 1824 420 LIBER
1863 363 2237 420 SECUNDUS.

3435 351 3541 410 8230

1976 477 2238 546 lagenam,
2269 485 2322 528 ut
2355 474 2522 528 fuerat
2550 483 2866 546 prrcceptum
2890 515 2904 539 ,
2935 473 3128 546 hausit,
3163 471 3414 546 perrexit,
3447 483 3541 546 ap:

1977 542 2172 616 posuit,
2199 547 2502 614 reportavit,
2527 542 2768 615 vasisque
2787 545 3008 616 singulis
3035 542 3392 616 permodicum
3421 542 3546 616 quid

1977 611 2282 680 contribuit,
2311 625 2364 670 et
2389 617 2536 670 abiit.
2568 611 2742 668 Altera
2770 611 3114 677 die,’memor
3140 613 3258 666 fidei
3289 611 3550 663 mandati-

1977 703 2082 756 que
2129 687 2240 750 sui,
2275 686 2440 754 surgit
2485 685 2862 753 paterfamilias
2909 685 3196 756 matutinus
3222 724 3236 744 ,
3272 681 3548 756 ministerii

1976 751 2245 810 conscium
2275 751 2674 822 ministrumque
2701 754 2966 815 convenit,
2997 769 3100 806 una
3127 767 3304 806 secum
3331 751 3394 804 ad
3422 765 3550 816 apo-

1980 827 2188 880 thecam
2236 826 2482 880 comitem
2529 824 2714 878 ducit:
2747 824 3096 890 inspiciuntur
3142 823 3316 874 denuo
3361 832 3547 874 cuneta

1977 913 2072 966 per
2101 896 2340 949 ordinem
2373 909 2492 948 vasa
2520 913 2533 950 :
2561 895 2738 966 vinum
2789 894 3046 966 Ιιιιιιι·ἰιιιι·2
3092 892 3229 946 nitor
3277 893 3327 966 in
3368 891 3550 966 colore

1977 960 2300 1034 conspicitur
2321 1005 2336 1028 ,
2368 979 2524 1032 sapor
2567 964 2619 1018 in
2665 973 2816 1034 gustu
2861 963 3221 1032 approbatur,
3253 961 3464 1034 tristitia
3497 960 3548 1034 in

1977 1029 2222 1105 gaudium
2250 1029 2624 1105 commutatur,
2652 1029 2706 1088 ἐι
2747 1034 2871 1104 quid
2899 1029 3274 1105 quantumque
3318 1029 3449 1105 fides
3497 1031 3548 1083 in

1977 1101 2188 1160 Christo
2212 1104 2432 1174 ejusque
2459 1101 2843 1173 gloriosissimo
2863 1104 3046 1158 Amico
3067 1103 3238 1156 valeat
3263 1101 3546 1174 reperitur,

1976 1170 2288 1244 cunctisque
2317 1170 2651 1229 audientibus
2677 1174 3093 1244 mirantibusque
3114 1171 3414 1226 succeditur
3431 1188 3444 1223 :
3461 1170 3552 1244 de-

1979 1247 2139 1316 nique
2161 1242 2248 1299 illa
2277 1245 2644 1316 probatissima
2667 1246 2785 1298 vina
2813 1243 3271 1316 condignoprctio
3295 1242 3549 1316 emptori-

1977 1311 2076 1370 bus
2117 1311 2524 1370 distribuuntur.
2569 1315 2708 1369 Ecce
2745 1311 3172 1384 qualiter’divina
3216 1311 3547 1384 providentia

1977 1386 2290 1440 utilitatibus
2326 1385 2598 1438 hominum
2638 1381 2872 1440 deservit
2895 1403 2908 1439 :
2930 1393 2984 1438 et
3019 1383 3144 1452 quid
3179 1383 3390 1436 tandem
3439 1381 3550 1436 Deo

1979 1471 2074 1526 pro
2105 1457 2264 1512 tantis
2289 1457 2404 1526 ejus
2433 1454 2706 1512 beneficiis
2734 1454 3017 1510 exhibetur
3041 1465 3134 1508 aut
3158 1453 3429 1508 redditur?

1975 1567 2201 1626 CAPUT
2234 1568 2396 1623 IV.-—-
2425 1567 2522 1624 Ubi
2549 1567 2700 1620 draco
2727 1568 2788 1620 de
2819 1567 2941 1620 coelo
2965 1565 3266 1632 magnificus
3285 1564 3542 1632 apparuit,

2049 1657 2082 1692 a
2110 1642 2257 1708 cujus
2285 1649 2553 1708 conspectu
2581 1639 2809 1708 universa
2841 1637 2976 1706 plebs
3001 1633 3067 1688 ad
3096 1633 3346 1708 Stephani
3375 1633 3550 1708 liiitina

2045 1703 2302 1780 confugit,
2353 1703 2418 1762 ρι’
2445 1709 2566 1778 ipsis
2609 1703 2866 1762 orantibus
2912 1706 3156 1780 paulatim
3195 1705 3324 1758 inter
3365 1703 3550 1758 vellera

2047 1777 2254 1834 nubium
2281 1777 2566 1834 subtraaus
2593 1795 2693 1832 non
2720 1777 3019 1845 comparuit.

2049 1873 2100 1927 Ι.
2141 1871 2378 1938 Quadam
2409 1870 2496 1926 die
2523 1869 2816 1939 agebantur
2847 1868 3094 1939 nundinie
3125 1867 3174 1921 in
3208 1875 3395 1939 nostra,
3417 1865 3549 1920 civi-

1977 1949 2104 2008 tate,
2135 1952 2186 1996 et
2213 1941 2342 1996 hora
2363 1943 2472 2008 jam
2501 1938 2792 1994 meridiana
2827 1940 2944 1994 caeli
2979 1938 3142 1992 facies
3167 1953 3356 1992 Serena
3387 1938 3436 1990 in
3467 1945 3546 1989 te-

1977 2022 2110 2066 tram
2138 2020 2192 2066 et
2217 2011 2556 2081 caliginosam
2583 2012 2724 2066 acris
2755 2009 3072 2081 turbidinem
3099 2009 3274 2063 subito
3297 2017 3382 2081 est
3403 2023 3550 2060 com-

1975 2092 2136 2137 mota.
2163 2083 2300 2136 Ecce
2324 2077 2498 2136 autem
2521 2079 2750 2149 desuper
2773 2081 3025 2148 aspicitur
3051 2080 3234 2148 igneus
3261 2077 3474 2148 quidam
3495 2087 3550 2131 et

1977 2153 2248 2206 immensa:
2279 2150 3016 2222 magnitudinis,propendens
3047 2151 3097 2202 in
3127 2159 3283 2219 caput
3320 2166 3350 2202 e
3391 2149 3546 2222 nubi-

1977 2223 2074 2279 bus
2103 2223 2288 2277 draco.
2331 2217 2482 2289 Qiiod
2511 2237 2614 2275 non
2659 2217 2726 2275 ita
2759 2217 3026 2274 insolitum
3071 2229 3126 2274 et
3169 2217 3360 2274 novum
3389 2217 3550 2272 debet.

1975 2295 2178 2358 videri,
2210 2309 2314 2347 non
2357 2297 2528 2346 solum
2561 2300 2776 2360 prepter
2803 2291 3044 2345 notitiam
3077 2291 3384 2358 popularem
3408 2331 3422 2354 ,
3455 2305 3551 2360 ve-

1977 2381 2092 2418 rum
2133 2365 2292 2418 etiam
2333 2359 2618 2432 Scriptura:
2657 2359 2854 2416 Sancta:
2893 2361 3299 2432 auctoritatem,
3323 2375 3440 2432 qua?
3481 2359 3550 2412 de

1975 2435 2296 2488 draconibus
2337 2434 2414 2488 sic
2454 2429 2716 2486 memorat
2754 2433 2974 2486 dicens:
3007 2431 3233 2484 laudate
3272 2429 3548 2484 bomiimm

1977 2505 2050 2556 de.
2083 2515 2242 2558 terrea
2263 2545 2278 2568 ,
2329 2505 2570 2556 dracones
2607 2513 2654 2556 et
2691 2519 2860 2556 attines
2883 2503 3082 2572 abyssi,
3115 2503 3244 2572 ignis
3263 2543 3277 2564 ,
3309 2501 3504 2572 grauth
3531 2541 3544 2563 ,

1977 2577 2064 2628 nia;
2082 2615 2096 2640 ,
2137 2576 2323 2643 glacies
2342 2617 2356 2640 ,
2381 2575 2588 2643 spiritus
2616 2575 2918 2644 tempestatis
2937 2571 2959 2637 ,ί
2981 2588 3093 2642 qua!
3125 2571 3314 2641 faciunt
3343 2571 3546 2644 verbum

1977 2647 2086 2715 ejus
2127 2641 2296 2714 ('Psal.
2319 2641 2557 2706 cantu,
2589 2644 2640 2706 7,
2671 2641 2754 2710 8).
2803 2641 3038 2715 Abyssus
3077 2641 3544 2715 namquedicitur,

1977 2712 2082 2770 non
2113 2712 2312 2770 tantum
2344 2717 2426 2768 hic
2453 2715 2699 2768 deorsum
2727 2712 2980 2783 aquarum
3011 2712 3393 2783 inmstipnabilis
3423 2727 3544 2780 pro-

1977 2786 2236 2849 funditas,
2271 2784 2364 2839 sed
2409 2785 2568 2838 etiam
2611 2780 2822 2838 sursum
2868 2785 3018 2839 ialiu‘i
3054 2780 3326 2852 caliginosi
3365 2783 3544 2850 aeris,

1975 2871 2134 2924 quem
2177 2856 2531 2922 suspicimus,
2565 2855 3028 2924 immensitastqui
3077 2854 3240 2908 maris
3280 2867 3357 2924 ac,
3391 2861 3546 2924 terra:

1977 2923 2200 2982 humore
2239 2925 2447 2979 videtur
2489 2925 2868 2993 pinguescere:
2899 2923 3052 2992 enjns
3085 2924 3313 2994 impulsu
3343 2923 3546 2978 flabiles

1975 3011 2120 3051 aura:
2147 2996 2466 3060 excitantur,
2492 2995 2635 3048 velut
2676 2995 2810 3048 lana:
2837 2994 3030 3048 vellera
3063 2997 3232 3048 nubes
3255 2994 3542 3062 agitantur,

1977 3068 2178 3136 fulgura
2207 3066 2366 3138 ignita
2393 3066 2721 3120 emittuntur.
2762 3065 2892 3132 Qua:
2919 3064 3093 3138 omnia
3115 3079 3188 3138 ne
3208 3063 3386 3138 ,_sieut
3417 3063 3546 3138 insi-

1973 3133 2182 3208 pienter
2205 3133 2471 3208 sapientes
2500 3145 2702 3208 putant,
2733 3149 2858 3208 casu
2885 3143 2941 3189 et
2970 3133 3327 3208 fortuitulieri
3351 3135 3542 3188 crede-

1976 3203 2180 3274 rentur,
2209 3203 2390 3262 sancta
2421 3203 2692 3276 Scriptura
2719 3206 2998 3277 vigilanter
3024 3203 3373 3277 pr_ovidit_:_et
3402 3215 3546 3272 post-

1975 3293 2196 3348 eaquam
2222 3278 2374 3344 dixit,
2403 3277 2563 3348 Ignis,
2588 3275 2935 3348 gratisimum,
2960 3275 3164 3348 glacies,
3189 3275 3547 3348 spirantem-

1977 3345 2181 3417 pestatis
2207 3365 2228 3415 ;
2277 3345 2528 3402 continuo
2577 3345 2848 3416 subiunxit
2898 3345 2973 3401 de
3017 3346 3132 3415 ipso
3187 3345 3546 3417 universitatis

1975 3415 2228 3474 Creatore
2269 3429 2427 3488 atque
2472 3415 2716 3488 Hectore,
2743 3427 2796 3470 et
2828 3417 2929 3488 ait,
2959 3432 3081 3488 quas
3113 3415 3304 3488 faciunt
3345 3415 3546 3488 uerbum

1975 3491 2104 3560 ejus.
2133 3485 2360 3560 Proinde
2386 3487 2704 3560 pendentem
2728 3503 2794 3560 ex
2825 3487 2945 3560 hac,
2975 3496 3032 3540 ut
3051 3485 3181 3548 disi,
3213 3485 3544 3560 providentia

1975 3556 2386 3630 dispensationis
2413 3559 2526 3630 Dei,
2543 3565 2596 3611 et
2617 3557 2842 3630 nubibus
2869 3557 3227 3630 autumnalem
3255 3556 3542 3630 draconem

1977 3627 2222 3700 tanquam
2245 3629 2312 3683 de
2333 3629 2608 3700 superiore
2629 3627 2822 3700 abysso
2845 3627 3216 3700 procedentem
3238 3635 3394 3695 atque
3415 3627 3547 3679 emi-

1975 3697 2184 3755 cantem
2210 3741 2224 3763 ,
2251 3714 2371 3752 cum
2399 3697 2708 3769 aliquandiu
2734 3699 2836 3769 huc
2873 3707 3033 3769 atque
3077 3697 3201 3751 illuc
3239 3706 3414 3769 motus
3437 3711 3546 3769 Aacr

1977 3771 2137 3826 ferret
2163 3779 2322 3839 atque
2349 3767 2615 3832 deferret,
2653 3783 2716 3822 ac
2751 3767 3079 3838 jamjamque
3110 3767 3544 3836 prrecipitandum

1975 3857 2135 3910 super
2161 3842 2388 3895 mediam
2416 3839 2683 3894 civitatem
2716 3847 2916 3910 tremor
2945 3839 3180 3892 omnium
3207 3839 3295 3910 qui
3325 3839 3548 3891 aderant

1975 3907 2392 3980 exspectantium
2437 3919 2492 3964 et
2535 3909 2862 3978 stupentium
2905 3918 3178 3980 cerneret,
3215 3907 3394 3980 fugere
3415 3924 3544 3962 eon-

1975 3979 2134 4036 ventu
2165 3981 2373 4050 publico
2399 3980 2667 4050 popularis
2694 3980 2845 4033 turba
2869 3979 3034 4047 ('(Bpil.
3053 4021 3066 4045 ,
3096 3987 3150 4032 et
3191 3979 3385 4050 passim
3412 3993 3547 4046 qua-

1975 4048 2202 4121 cumque
2234 4053 2392 4105 timor
2416 4048 2628 4118 egerat,
2659 4051 2804 4121 sicut
2823 4050 3045 4118 quisque
3071 4058 3312 4121 poterat,
3337 4048 3545 4102 discur-

1977 4119 2146 4178 rcbal.
2181 4122 2347 4176 Totus
2375 4121 2601 4190 denique
2637 4121 2750 4188 ipse
2775 4119 3064 4173 dissolutos
3108 4119 3549 4187 perturbatusquo

1977 4203 2260 4248 mercatus.
2285 4192 2486 4246 Relicta
2510 4207 2737 4260 namque
2761 4191 2905 4244 omni
2929 4190 3284 4258 negotiatione
3311 4199 3542 4252 terrena,

1977 4279 2075 4334 pro
2101 4265 2212 4318 sola
2245 4273 2456 4334 tantum
2488 4262 2727 4315 homines
2759 4261 3066 4334 ineluebaut
3091 4261 3218 4314 vita.
3250 4260 3546 4334 Quisenim

1978 4329 2104 4389 tunc
2141 4343 2403 4402 qmereret
2445 4333 2588 4386 lucra
2635 4333 2906 4400 pecuniae,
2954 4331 3004 4402 in
3055 4338 3201 4402 tanto
3243 4329 3547 4402 discrimine

1975 4400 2170 4458 damna
2199 4405 2484 4472 deplorans
2513 4402 2736 4456 animm?
2765 4411 2857 4455 aut
2884 4401 3001 4469 quis
3027 4401 3284 4472 cogitaret
3311 4400 3390 4452 vel
3417 4415 3542 4472 cor:

1979 4475 2121 4544 poris
2151 4471 2366 4539 victum,
2397 4472 2684 4526 formidans
2711 4472 2830 4524 vita:
2853 4487 2964 4524 suae
2991 4471 3230 4544 ultimum
3263 4471 3548 4544 occasum?

1975 4539 2094 4614 quis
2141 4551 2561 4614 porroicuperct
2604 4550 2840 4614 vestem,
2878 4549 3024 4594 metu
3068 4540 3256 4614 mortis
3300 4539 3550 4614 amittens

1977 4609 2244 4668 mentem?
2289 4609 2506 4682 Magnus
2547 4611 2702 4682 etiam
2744 4625 3037 4682 concursus
3083 4609 3439 4682 multitudinis
3482 4610 3548 4662 ad

1976 4684 2233 4754 gremium
2266 4679 2515 4754 Ecclesia:
2542 4679 2832 4754 matris,_ad
2863 4680 3278 4754 misericordiam
3310 4681 3550 4748 protinus

1975 4751 2276 4808 coiivolavit
2297 4753 2394 4806 Dei
2423 4752 2611 4804 Patris.
2641 4751 2720 4804 Ad
2751 4751 2916 4818 ipsam
2945 4751 3114 4804 Amici
3159 4751 3248 4804 Dei
3287 4760 3546 4804 sacratam

1975 4825 2283 4878 Memoriam
2309 4823 2359 4876 in
2388 4822 2520 4876 facie
2551 4831 2807 4889 prostrata
2831 4821 3040 4890 jacebat
3064 4821 3269 4876 diversa
3297 4829 3448 4890 tetas,
3467 4820 3550 4873 di-

1977 4909 2101 4962 Spar
2126 4909 2336 4963 quo-lue
2365 4907 2544 4946 sexus.
2578 4891 2812 4946 'l‘andem
2834 4889 2952 4963 pro
2982 4901 3293 4963 cunctorum
3340 4889 3550 4946 fletibus

1974 4959 2274 5031 opportune
2303 4964 2368 5016 ad
2399 4965 2667 5017 Christum
2693 4959 2894 5016 domini
2924 4961 3178 5031 Stephani
3211 4959 3322 5014 fusa
3353 4977 3510 5029 prece
3533 5001 3548 5020 ,

1973 5030 2258 5088 clementia
2287 5035 2379 5088 Dei
2409 5042 2696 5094 minuente,
2735 5030 3031 5086 horrendus
3059 5032 3146 5084 ille
3175 5031 3338 5084 draco
3368 5031 3550 5099 paula-

1977 5106 2067 5158 tim
2095 5106 2254 5174 cnipit
2283 5121 2311 5156 a
2340 5116 2625 5172 conspectu
2655 5103 2924 5174 hominum
2967 5101 3360 5174 internubium
3401 5109 3550 5168 septa

1975 5171 2214 5228 subtrahi
2257 5183 2416 5242 atque
2459 5171 2747 5235 abscondi,
2787 5181 2838 5226 et
2867 5187 2965 5240 qua
2994 5172 3132 5226 venti
3163 5171 3546 5242 iucubucﬁrant,

1979 5247 2232 5300 redeunte
2255 5241 2373 5299 cudi
2405 5259 2592 5298 serena
2627 5243 2782 5305 facie,
2815 5242 3004 5296 discuti
3031 5253 3188 5310 atque
3217 5241 3458 5310 propelli,
3487 5257 3552 5294 ac

1978 5317 2056 5371 sic
2081 5315 2340 5372 revocatis
2364 5315 2576 5375 animis,
2600 5323 2758 5380 atque
2781 5329 2809 5364 a
2834 5321 2974 5364 tanta
3005 5313 3211 5365 tristitia
3235 5313 3284 5364 in
3315 5311 3550 5364 laetitiam

1979 5387 2230 5448 reductis,
2261 5384 2618 5438 reddebantur
2647 5383 2758 5436 Deo
2787 5391 2842 5436 et
2867 5383 3050 5434 Amico
3076 5382 3192 5450 ejus
3219 5381 3408 5436 uberes
3433 5397 3555 5449 gra-

1980 5459 2066 5512 tia:
2085 5471 2204 5510 cum
2231 5455 2528 5524 ingentibus
2547 5453 2795 5523 lacrymis
2816 5453 2883 5507 de
2905 5453 3174 5522 inopinata
3193 5452 3548 5521 gratulatione

2015 5528 2222 5581 refusis.

1977 5543 2222 5650 pugili:
2245 5595 2357 5649 lure
2380 5593 2584 5648 accedit
2603 5594 2762 5648 etiam
2783 5591 2924 5646 aliud
2945 5591 3194 5660 quiddam
3219 5608 3281 5648 ex
3313 5591 3416 5646 hoc
3437 5591 3551 5660 ipso

1980 5667 2232 5722 miraculo
2262 5665 2550 5718 mirabilius
2579 5683 2592 5718 :
2625 5679 2691 5718 ne
2729 5664 2906 5732 ignara
2937 5663 2990 5716 in
3021 5662 3272 5732 otnnihus
3299 5661 3552 5732 fragilitas

1979 5739 2229 5800 lnuuana,
2259 5735 2388 5788 nihil
2419 5735 2485 5789 de
2516 5733 2706 5788 divinis
2729 5731 2942 5802 iudiciis
2960 5743 3014 5787 et
3039 5731 3312 5786 beneficiis
3335 5731 3552 5786 eviden-

1981 5809 2082 5863 tius
2111 5807 2449 5876 apertiusque
2479 5804 2688 5871 cdocta,
2721 5805 2790 5859 ita
2819 5811 2876 5858 ut
2901 5803 3115 5873 dignum
3147 5802 3348 5868 fuerat,
3380 5803 3546 5857 οῖδιί-
