4078 6478
557 337 660 401 831

561 468 708 522 tisset
735 476 903 534 grata.
943 465 1079 522 Ecce
1109 480 1334 533 namque
1360 465 1529 521 altero
1552 462 1659 527 die.
1700 468 2016 528 procurante
2039 456 2123 512 di-

560 538 677 591 vina
705 537 1119 609 dispensatione,
1149 536 1365 609 quidam
1375 534 1687 609 negotiator
1721 545 2005 599 nunquam
2033 542 2125 609 uo-

558 616 679 659 stra‘
704 605 945 675 cognitus
974 607 1197 675 regioni.
1233 605 1615 660 subdiaconum
1639 610 1882 675 nostrum
1912 605 2126 675 nomine

558 670 866 731 Sennodinn
895 678 945 730 in
978 670 1096 735 loco
1123 672 1533 731 Memhlotutano
1558 676 1575 705 ³
1602 673 1741 726 ultro
1764 670 2044 728 convenit.
2073 676 2128 721 et

559 746 624 817 ad
664 761 723 817 se
761 747 995 817 vocavit,
1022 756 1074 817 et
1115 746 1355 817 quisnam
1384 745 1463 798 vel
1505 743 1648 817 unde
1676 749 1819 817 esset
1845 739 1915 817 ab
1938 738 2123 817 eodem

561 814 829 882 ﬂagitavit.
858 816 953 883 Qui
984 807 1069 869 ubi
1092 807 1149 868 se
1175 815 1554 869 subdiaconum
1582 811 1852 883 Uzalensis
1876 807 2127 883 Ecclesia:

561 879 899 938 memoratus
913 894 1025 949 est,
1056 883 1327 951 respondit
1353 884 1608 938 continuo
1633 882 1770 936 idem
1802 879 1888 934 ille
1919 879 2126 951 ignotus

562 952 720 1007 homo
765 956 843 1023 (si
891 948 1065 1008 tamen
1097 948 1267 1008 solum
1300 954 1495 1008 homo:
1524 951 1847 1023 credendum
1874 959 1956 1003 est
1976 948 2123 1023 enim

560 1024 680 1091 quia
713 1018 929 1091 angelus
955 1036 1008 1078 ct
1034 1024 1221 1084 homo;
1246 1039 1414 1092 neque
1433 1023 1571 1077 enim
1600 1021 1701 1076 hoc
1723 1020 1802 1092 vel
1836 1018 2124 1092 inauditum

562 1088 720 1161 atque
764 1088 1095 1162 inexpertum
1138 1103 1219 1148 est
1239 1134 1253 1158 ,
1282 1088 1394 1148 sive
1418 1093 1656 1162 religioni
1687 1090 1989 1162 christiautn
2013 1088 2127 1141 sive

566 1157 765 1217 notitia:
795 1157 1067 1226 humanm.
1089 1157 1303 1218 sanctus
1326 1157 1558 1232 Angelos
1596 1172 1812 1215 terreno
1850 1157 2127 1232 habituhet

564 1232 754 1287 visibili
783 1235 958 1304 specie
987 1234 1295 1304 plerumque
1331 1227 1634 1304 hominibus
1658 1227 2007 1304 apparuiSse).
2034 1227 2125 1282 De-

570 1304 647 1356 dit
681 1299 1169 1369 ergosubdiacono
1196 1299 1487 1359 memorato
1511 1302 1686 1356 velum
1724 1300 1884 1358 variis
1927 1299 2124 1369 pictum

567 1367 851 1437 coloribus,
882 1375 931 1427 in
962 1389 1067 1443 quo
1098 1374 1266 1428 inerat
1294 1372 1493 1443 pictura
1508 1370 1637 1443 hare
1662 1387 1676 1423 :
1705 1371 1756 1424 in
1782 1369 1995 1423 dextera
2022 1367 2123 1443 veli

571 1449 717 1511 parte
747 1443 860 1511 ipse
887 1438 1098 1497 sanctus
1124 1438 1421 1513 Stephanus
1440 1441 1713 1513 videbatur
1731 1446 1999 1513 as_tare,_c_t
2022 1438 2125 1505 glo-

567 1507 1001 1568 riosam't-rucem
1030 1507 1250 1581 propriis
1281 1513 1566 1581 repositam
1597 1510 1831 1581 humeris
1855 1507 2086 1581 hajulare
2106 1547 2121 1568 .

562 1594 663 1645 qua
686 1583 856 1637 crucis
880 1598 989 1658 eos;
1009 1578 1093 1637 ide
1120 1578 1319 1658 portam
1346 1578 1572 1658 civitatis
1596 1580 1873 1658 videbatur
1893 1578 2122 1658 pulsare,

562 1664 627 1705 ex
651 1668 749 1720 qua
782 1653 1083 1717 profugiens
1110 1654 1268 1707 draco
1291 1651 1593 1707 teterrimos
1616 1650 1931 1720 cernebatur
1955 1650 2121 1711 exire.

564 1719 749 1777 Amico
778 1722 869 1777 Dei
901 1723 1141 1778 videlicet
1178 1722 1514 1777 adventante.
1541 1721 1730 1775 Verum
1777 1719 1865 1773 ille
1903 1731 2125 1785 serpens

564 1792 876 1860 noxiusnec
919 1792 969 1846 in
1011 1796 1118 1860 ipsa
1164 1792 1279 1860 luga
1327 1791 1641 1855 tutissimus,
1680 1789 1780 1860 sub
1824 1787 2123 1854 triumphali

564 1858 973 1944 pede_M_artvris
999 1858 1192 1944 Christi
1220 1858 1477 1944 contuitus
1503 1859 1855 1944 aspiciebatur:
1870 1867 1936 1944 tet
1972 1872 2123 1944 pres—

560 1946 670 1984 sus.
698 1931 840 1987 Talis
866 1928 1042 2001 itaque
1068 1933 1270 2001 pictura
1293 1932 1394 1985 veli
1424 1948 1525 1984 non
1554 1928 1993 2001 omninoﬂabsque
2011 1942 2124 2001 my-

561 2002 725 2055 sterio
766 2002 857 2057 Dei
888 1998 974 2057 ubi
1001 2017 1028 2056 a
1059 1998 1347 2073 memorato
1376 2001 1696 2073 subdiacono
1733 1998 1885 2053 allata
1912 1998 2127 2073 pariter

561 2081 717 2140 atque
741 2086 995 2138 suspensa
1022 2082 1103 2126 est
1129 2081 1249 2125 ante
1277 2071 1442 2141 ipsam
1474 2070 1772 2141 Memoriam
1798 2066 1924 2141 lauti
1952 2068 2125 2141 patro-

564 2141 613 2193 ni
635 2137 650 2203 ζ
676 2137 849 2196 υιιιιιὶε
874 2152 1002 2197 artas
1025 2137 1310 2210 omnisque
1325 2156 1484 2196 sexus
1509 2140 1699 2194 intueri
1726 2148 1783 2210 et
1797 2137 1985 2210 mirari
2009 2151 2124 2192 cte-

563 2210 654 2276 pit,
689 2221 934 2278 tanquam
958 2209 1314 2280 spectaculum
1334 2211 1550 2276 grande.
1569 2224 1675 2278 uno
1693 2209 1897 2280 scilicet
1912 2218 2126 2280 auctore

559 2293 732 2337 utiove
775 2277 1057 2336 liberatore
1096 2282 1258 2337 draco
1306 2280 1394 2337 ille
1419 2277 1709 2334 exstinctus
1738 2286 1814 2332 est
1857 2277 2127 2337 hostisque

564 2296 732 2336 iuove
775 2296 1057 2336 liberatore
1096 2296 1258 2337 uraco
1306 2296 1394 2337 nte
1419 2296 1709 2334 exsnuctns
1738 2296 1814 2332 est
1857 2296 2020 2331 nosus
2061 2296 2125 2332 ue

564 2296 1042 2423 tiéViCIllS._-Gr38lm
1080 2353 1274 2423 qpippe
1315 2352 1391 2406 rei
1428 2350 1590 2423 fidem
1634 2347 1979 2423 przrcedeutis
2020 2296 2125 2423 diei

561 2440 575 2468 ‹
593 2421 965 2476 ommendabat
994 2422 1045 2475 in
1076 2417 1269 2478 animis
1295 2421 1531 2476 omnium
1560 2419 1828 2473 attestatio
1855 2417 2127 2485 sequentis

559 2490 684 2562 diei.
706 2491 939 2561 Namque
956 2491 1078 2545 illud
1101 2491 1239 2562 quod
1262 2492 1548 2562 studiosius
1573 2489 1890 2562 cernebatur
1913 2488 1963 2541 in
1986 2487 2123 2562 velo.

563 2556 664 2615 hoc
702 2562 809 2628 jam
853 2556 1155 2618 credibilius
1196 2562 1474 2616 tenebatur
1502 2560 1553 2614 in
1586 2574 1735 2613 vero.
1762 2557 2127 2628 Concurrcbat

563 2626 716 2686 enim
738 2632 934 2699 pictura
960 2646 1080 2687 cum
1105 2632 1270 2700 gratia
1292 2672 1306 2693 ,
1334 2641 1388 2685 et
1417 2641 1518 2683 tam
1546 2629 1796 2683 divinitus
1827 2626 1994 2695 pridie
2030 2643 2125 2700 ge-

560 2710 699 2755 sttttn
728 2697 914 2756 Salutis
947 2697 1257 2755 beneficium
1289 2700 1639 2762 recolebatur,
1672 2712 1827 2766 quam
1864 2704 2043 2765 postea
2073 2697 2125 2752 in

563 2772 665 2826 veli
693 2773 918 2841 imagine
944 2768 1334 2826 advertebatur.
1358 2770 1593 2841 Denique
1611 2784 1675 2823 ex
1700 2768 1808 2841 ipsa
1830 2782 2128 2841 congruen-

563 2842 631 2895 tia
660 2842 764 2896 diei
793 2838 1137 2911 prmcedcntis
1157 2852 1316 2907 atque
1339 2840 1608 2911 sequentis
1638 2838 1894 2911 veritatis,
1916 2846 1970 2891 et
1994 2838 2126 2911 ima-

558 2912 681 2982 gine
710 2908 885 2968 rerum
915 2922 969 2966 et
991 2912 1336 2982 quorumdam
1367 2909 1833 2982 exemplariorum,
1867 2916 2041 2982 tantus
2072 2908 2123 2982 in

564 2978 741 3036 multis
762 2991 946 3051 stupor
966 2978 1264 3050 pariterque
1285 2995 1454 3051 amor.
1472 2978 1751 3051 admiratio
1769 2987 1828 3051 et
1846 2978 2127 3051 gratulatio

560 3048 976 3117 accendebatur,
996 3064 1049 3106 ut
1075 3067 1103 3105 a
1126 3048 1330 3105 cunctis
1355 3049 1483 3104 nihil
1511 3048 1650 3103 aliud
1687 3050 1906 3102 omnino
1931 3048 2012 3103 vel
2041 3048 2125 3102 di-

558 3130 768 3177 ceretur
787 3122 867 3177 vcl
893 3121 1245 3176 alfirmarctur
1272 3119 1370 3176 nisi
1400 3120 1500 3174 hoc
1523 3135 1705 3183 unum,
1728 3118 1862 3173 Vere
1885 3119 2005 3187 quia
2033 3133 2128 3188 per

559 3192 800 3246 Amicum
839 3207 994 3247 suum
1034 3191 1173 3246 Deus
1202 3191 1354 3245 istam
1396 3190 1695 3245 liberaverit
1723 3189 1988 3243 civitatem
2022 3228 2036 3251 ,
2073 3197 2128 3243 et

559 3262 814 3330 grandem
840 3278 869 3315 a
898 3262 1049 3315 nobis
1076 3260 1285 3330 depulit
1307 3269 1526 3328 pestem.
1578 3260 1643 3314 Et
1672 3275 1852 3314 revera
1900 3258 1994 3330 Dei
2030 3257 2128 3330 fuit

558 3328 623 3386 ad
668 3333 909 3402 homines
936 3328 1176 3402 quadam
1207 3330 1467 3402 allocutio
1494 3330 1545 3384 in
1576 3331 1700 3402 velo
1733 3329 1888 3402 tacite
1918 3328 2121 3402 signiti-

559 3401 727 3457 cautis
756 3399 1153 3472 quodammodo
1185 3412 1239 3455 et
1278 3401 1503 3455 dicentis
1528 3399 1607 3455 :0
1632 3400 1809 3472 miseri
1838 3399 2122 3472 mortales,

559 3474 712 3531 uttalc
741 3468 986 3527 hesterna
1014 3472 1099 3526 die
1125 3471 1371 3527 draconis
1396 3470 1672 3525 evaseritis
1699 3468 2019 3528 incendium.
2043 3471 2125 3523 vel

559 3544 710 3610 cuius
736 3558 832 3610 pro
858 3542 1008 3597 vobis
1032 3541 1271 3596 advocati
1301 3541 1456 3596 fuerit
1480 3550 1752 3609 acceptum
1780 3538 2090 3610 sull‘ragium
2108 3579 2123 3604 ,

562 3609 662 3666 isto
686 3609 927 3683 sequenti
952 3612 1039 3683 die
1068 3612 1216 3666 istius
1244 3612 1344 3666 veli
1379 3611 1690 3683 figuratione
1716 3609 2009 3676 intelligite,
2040 3617 2123 3683 at-

560 3698 663 3752 que
687 3678 927 3752 gaudete.
973 3682 1106 3736 Hinc
1131 3688 1360 3752 vestram
1389 3678 1441 3735 et
1466 3679 1851 3752 pra-cedentem
1882 3678 2129 3752 tentatio-

562 3750 681 3808 nem
694 3750 759 3808 et
778 3754 1188 3818 subsequentem
1219 3751 1581 3805 liberationem
1607 3750 1744 3818 apud
1775 3751 2125 3817 vosmetipsos

560 3825 814 3889 conferte,
837 3822 1028 3878 exinde
1055 3836 1158 3875 non
1186 3819 1352 3884 dubii,
1375 3820 1466 3876 sed
1493 3821 1654 3881 certi.
1686 3819 1800 3874 Deo
1828 3829 2005 3889 vestro
2033 3833 2127 3887 per

559 3888 805 3948 Amicum
829 3909 1001 3953 meum
1031 3892 1226 3961 gratias
1247 3891 1405 3961 agite.
1452 3890 1590 3945 Ecce
1633 3890 1917 3961 draconem
1942 3888 2010 3944 de
2036 3904 2124 3944 ve-

561 3974 666 4017 stra
694 3964 905 4017 civitate
934 3960 1151 4042 cernitis
1176 3960 1407 4042 fugatum
1434 3968 1489 4042 et
1511 3960 1821 4042 eapulsnm.
1849 3974 1976 4014 ecce
1999 3974 2128 4017 con-

564 4042 818 4088 terentcm
847 4044 1001 4100 caput
1029 4034 1144 4097 ejus
1179 4030 1404 4098 primum
1444 4030 1725 4100 Martyretn
1752 4044 1927 4084 meum
1960 4046 1972 4081 :
2001 4042 2126 4100 ecce

559 4103 742 4157 (Irucis
788 4097 1076 4170 tropaeum.
1112 4116 1206 4170 per
1250 4101 1390 4171 quod
1441 4097 1643 4171 vicistis
1680 4099 1967 4171 inimicum.
2016 4097 2127 4171 Hoc

559 4188 685 4241 ergo
711 4167 1095 4226 niodo'ciiitate
1113 4167 1298 4226 nostra
1318 4186 1347 4223 a
1367 4179 1512 4225 tanto
1539 4168 2039 4241 periculoprimitus
2060 4167 2126 4241 li:

561 4237 761 4305 herata,
782 4257 842 4294 ac
876 4250 1051 4308 postea
1083 4241 1172 4293 tali
1204 4254 1297 4307 per
1319 4247 1696 4306 congruentem
1739 4238 1993 4305 picturam
2019 4237 2122 4308 veli

534 4311 922 4367 admonitione
968 4310 1219 4369 instructa
1267 4319 1321 4363 et
1366 4309 1674 4368 illuminata.
1705 4309 1917 4377 gemino
1961 4307 2124 4361 mira-

558 4382 679 4436 (‘UIO
719 4391 801 4437 est
828 4382 1001 4436 omnis
1029 4380 1112 4450 pia
1141 4379 1313 4434 anima
1343 4376 1394 4432 in
1425 4377 1516 4433 Dei
1545 4376 2048 4447 gloriaexhilarata.

555 4533 778 4595 CAPUT
806 4537 839 4545 ”
855 4567 942 4591 .-
967 4538 1037 4590 De
1060 4536 1404 4605 dispensatore
1426 4534 1650 4605 pecunia
1676 4533 1889 4605 pnblira
1908 4533 2120 4590 Cartha-

1149 4606 1282 4678 ginis
1310 4606 1534 4660 liberato.

627 4768 674 4819 l.
718 4764 771 4818 ln
802 4774 956 4830 supra
984 4760 1135 4813 dictis
1181 4758 1450 4830 miraculis
1490 4756 1688 4810 domini
1727 4754 1984 4830 Stephani
2020 4770 2116 4825 pa-

555 4835 690 4889 troni
715 4825 1037 4892 communis.
1066 4830 1286 4882 virtutes
1328 4827 1611 4881 sanitatum
1660 4834 1715 4879 et
1755 4825 1983 4881 visiones
2021 4842 2114 4881 so-

552 4906 812 4958 mniorum
843 4902 1164 4967 ell'ectusque
1192 4913 1374 4951 eorum
1402 4892 1765 4967 mediocritate
1795 4905 1974 4949 nostra
2018 4912 2115 4952 nos

550 4966 1228 5043 digessissememinimust:
1256 4982 1392 5021 tlllllc
1418 4981 1546 5021 vero
1563 4966 1844 5043 evidenter
1862 4974 1913 5043 et
1934 4967 2115 5021 occul-

552 5036 658 5099 ta't'a
696 5043 798 5097 tlde
839 5040 1053 5096 humani
1094 5037 1306 5091 habitus
1332 5036 1637 5103 corporales
1665 5036 2023 5103 apparitiones
2059 5045 2113 5091 et

549 5112 1028 5169 demonstrationes
1059 5110 1111 5162 in
1140 5107 1274 5171 foro,
1308 5108 1358 5159 in
1381 5105 1595 5175 judiciis
1614 5144 1631 5175 .
1659 5104 1708 5156 in
1743 5104 1861 5159 luce
1889 5106 1993 5160 diei
2015 5147 2030 5167 .
2059 5114 2113 5160 ct

547 5191 807 5239 r-mventu
849 5181 1157 5249 populorum
1177 5219 1191 5234 .
1223 5177 1466 5249 ordinum
1493 5174 1778 5249 dignitates
1808 5176 2111 5249 horninibus

548 5244 884 5309 vigilantibus
903 5244 955 5304 et
975 5248 1273 5302 videntibus
1288 5246 1547 5300 exhibitas
1564 5259 1658 5314 per
1678 5244 1846 5313 ipsum
1869 5245 2107 5298 Amicum

548 5325 659 5386 ltei,
687 5321 968 5388 adjuvante
997 5318 1237 5377 Domino.
1262 5317 1502 5388 cupimus
1526 5329 1795 5388 enarrare.
1817 5314 1977 5388 Igitur
1997 5315 2108 5388 dis-

547 5385 793 5454 pensato]-
830 5390 1066 5462 pecunia:
1105 5389 1327 5462 publica!
1362 5385 1790 5462 Gartltaginensis
1822 5385 2104 5462 “civitatis.

546 5455 845 5518 l-‘lorcutius
866 5455 1258 5519 nominepsicut
1288 5457 1338 5510 in
1370 5455 1559 5513 talibus
1581 5455 1937 5509 fnuctionibns
1959 5456 2108 5509 fisca-

544 5533 667 5585 liant
711 5533 973 5586 actionum
1020 5529 1231 5581 evenire
1262 5526 1456 5579 assolet
1493 5525 1760 5578 actoribus
1806 5540 2022 5588 earum,
2052 5534 2107 5579 ut

542 5614 715 5657 tnotus
744 5617 885 5670 smpe
912 5608 1226 5670 potestatum
1249 5596 1347 5649 sub
1365 5595 1556 5670 quibus
1576 5595 1790 5663 degunt,
1809 5605 2103 5670 etquorum

542 5673 725 5725 ditioni
767 5664 1090 5731 inserviunt,
1121 5669 1418 5729 incurrant;
1449 5664 1585 5719 idem
1613 5680 1776 5732 usque
1802 5665 1866 5718 ad
1898 5664 2101 5734 pericu-

601 5784 613 5813 ¹
652 5790 808 5833 Forte.
843 5776 1213 5836 Mcmblonitmto,
1245 5785 1294 5826 ut
1318 5787 1476 5838 Slll‘l'a,
1503 5773 1586 5824 lib.
1615 5775 1658 5835 l,
1683 5788 1783 5838 cap.
1805 5775 1851 5826 5.

1060 340 1423 400 APPENDIX.
1448 371 1518 384 -—
1556 339 1646 397 DE
1682 335 2046 396 MIBACULIS
2083 334 2323 392 SANGTl
2364 335 2695 392 STEPHANI
2736 336 2935 392 LlBEll
2974 338 3344 397 SECUNDUS.

3693 341 3799 403 859

2237 458 2344 537 lum
2365 460 2550 537 eapitis
2568 460 2820 516 oﬂ'ensam
2837 462 3129 532 iudiciaria:
3154 466 3535 537 indignationis
3562 470 3773 524 incurro

2235 536 2335 582 rat.
2359 527 2471 612 Qua
2498 529 2565 612 de
2592 546 2735 612 reOex
2766 527 3031 601 prxrctepto
3055 527 3406 612 nescioiinde
3432 541 3766 612 proconsulzs

2236 608 2625 674 p_r:v_cipitan_ter
2648 608 2828 674 jussus
2851 614 2933 657 est
2956 608 3066 671 rapi
3088 648 3102 668 .
3125 616 3178 659 et
3218 609 3334 674 ejus
3379 624 3498 661 mox
3526 610 3790 664 obtutibus

2232 667 2545 749 sisti._Quod
2575 686 2693 749 cum
2720 671 2918 739 abSquc
2948 667 3048 726 ulla
3073 692 3217 749 mora
3241 667 3470 731 olficium
3490 680 3631 746 quod
3662 691 3795 748 pale-

2234 739 2323 790 bat
2336 738 2350 767 ¹
2374 738 2661 819 intpiesset,
2687 738 3134 819 memoratumque
3149 738 3568 819 dispensatorem
3588 738 3787 816 raptor:

2234 820 2329 887 per
2362 809 2623 887 publicum
2672 811 2874 887 sedenti
2917 809 3215 887 proconsuli
3237 809 3297 870 in
3324 819 3609 871 secretario
3637 809 3793 874 obtu-

2235 877 2411 958 lisset;
2441 879 2703 958 cnntinuo_
2731 882 2897 958 pallor
2919 877 3135 958 ingens
3156 889 3316 958 eti-pit
3356 888 3657 942 discurrere
3700 906 3795 958 per

2231 947 2390 1027 corda
2412 962 2594 1027 eorum
2616 950 2703 1027 _qui
2730 947 2949 1027 aderant
2967 947 3063 1027 {et
3089 947 3333 1027 videbant
3349 999 3363 1020 ,
3387 970 3543 1027 atque
3567 947 3795 1015 humana

2231 1017 2878 1093 iniseratione_lmniinem
2918 1022 3196 1089 dolebant,
3233 1017 3474 1093 ejusqun'
3509 1029 3794 1087 perieulum

2231 1086 2553 1164 metuebant.
2580 1088 2779 1164 Interea
2804 1092 2915 1144 viso
2943 1086 3353 1164 ιτιιιίιιιιέψῖριη
3370 1086 3635 1151 furialiter
3653 1116 3794 1162 (ιιιεεο

2234 1155 2400 1230 rcbat,
2426 1159 2655 1230 exsurgit
2683 1160 2732 1212 in
2756 1176 2881 1214 voce
2911 1155 3130 1216 terribili
3162 1155 3393 1230 pritestas
3420 1167 3570 1227 irata,
3603 1155 3794 1225 minaci

2229 1225 2912 1305 eumdemdispensatorem
2939 1225 3347 1302 interrogatione
3368 1225 3703 1305 perturbans.
3730 1242 3794 1292 At

2231 1295 2486 1372 pavefacti
2521 1296 2745 1372 hominis
2771 1300 2940 1372 fugata
2972 1319 3117 1354 ntcns
3140 1295 3303 1365 metu,
3334 1295 3429 1358 ni-c
3449 1307 3570 1372 quid
3593 1309 3794 1363 diceret

2230 1363 2550 1447 inveniebat.
2596 1363 2850 1447 Seducere
2882 1371 3018 1447 Dens
3048 1371 3135 1426 ille
3170 1363 3359 1447 utagist
3379 1391 3419 1427 ϊ
3446 1363 3478 1426 ὁ
3500 1378 3641 1430 coelo
3670 1395 3792 1433 pro-

2230 1437 2458 1501 spiciens
2478 1451 2637 1502 super
2659 1437 2794 1491 filios
2816 1440 3108 1503 hominum,
3132 1437 3361 1497 miscens
3381 1447 3650 1500 st-veritati
3673 1449 3794 1501 leni-

2230 1510 2412 1564 tatem.
2437 1505 2607 1560 minas
2637 1510 2960 1586 transferens
2991 1512 3462 1586 inhenignitatetu.
3486 1517 3793 1586 castigando

2228 1588 2432 1655 amatis.
2460 1578 3015 1655 amandoconsolans.
3038 1578 3207 1649 judex‘
3226 1584 3275 1636 in
3303 1584 3538 1652 ﬂagellis.
3566 1578 3717 1655 pater
3741 1589 3790 1643 in

2231 1641 2625 1727 blandimentis,
2657 1641 3068 1727 utiiquetittelis'.
3100 1641 3648 1727 nusquatn'crudelis;

2227 1728 2353 1777 ergo
2380 1714 2517 1770 Deus
2547 1716 2797 1771 Dominus
2815 1720 2879 1773 ad
2912 1714 3236 1775 liberandum
3259 1740 3379 1777 eum
3403 1714 3672 1781 hominem
3701 1714 3795 1781 'an-

2227 1784 2396 1857 gelum
2415 1800 2566 1857 suum
2585 1788 2744 1846 misit.
2764 1788 2831 1844 de
2850 1805 2954 1857 quo
2972 1790 3167 1846 dictum
3192 1803 3272 1847 est
3298 1813 3308 1845 :
3333 1793 3571 1849 lmmittet
3589 1799 3794 1857 στοας-[κε

2229 1850 2776 1933 DominiAinncircuitu
2812 1850 3089 1933 timentium
3122 1878 3254 1921 eum,
3278 1875 3325 1916 et
3349 1873 3482 1917 eruet
3508 1880 3593 1919 ros
3621 1850 3789 1933 (Paul.

2230 1936 2419 1996 xxxut.
2434 1925 2510 1995 8).
2533 1926 2663 1981 Nam
2686 1944 2805 1983 cum
2827 1930 3161 1996 dispensator
3184 1933 3270 1986 ille
3292 1935 3411 1986 vitm
3432 1950 3540 1987 sure
3562 1925 3793 1990 incertus

2229 2005 2291 2045 ac
2335 1994 2527 2071 dubius
2551 2000 2668 2071 sub
2709 2009 2856 2053 tanto
2895 1994 3037 2054 metu
3076 2002 3331 2056 terribilis
3356 2006 3632 2071 potesmtis
3659 2006 3793 2060 inter

2218 2065 2629 2143 quarstionarios
2656 2077 2885 2143 astarct,
2927 2082 3146 2143 repente
3185 2065 3445 2141 pulsatum
3484 2089 3541 2124 se
3580 2090 3609 2127 a
3646 2084 3795 2143 tergo

2232 2136 2511 2209 persensit.
2540 2136 2834 2207 Statimque
2858 2136 3123 2209 paululum
3150 2136 3355 2196 cervice
3378 2144 3571 2203 delixa,
3593 2136 3790 2199 oeulis-

2228 2217 2330 2270 que
2362 2204 2542 2284 furtim
2585 2204 2874 2284 retrorsmn
2907 2210 3169 2274 reductis.
3199 2212 3343 2284 videt
3366 2214 3508 2266 velut
3538 2231 3699 2268 unum
3726 2216 3793 2271 de

2229 2274 2566 2353 carnificibus
2594 2278 2733 2333 circa
2764 2294 2824 2335 se
2847 2292 3103 2353 astantem
3125 2322 3139 2346 ,
3177 2282 3382 2348 sibique
3423 2294 3789 2353 suggerentem

2228 2342 2351 2410 quid
2374 2355 2571 2419 ageret,
2595 2363 2752 2415 quem
2776 2366 2962 2419 rr-gare
2985 2342 3221 2415 deberet,
3251 2342 3591 2407 dicentenivet
3611 2354 3793 2408 admo-

2234 2422 2487 2487 nentem_:
2512 2416 2697 2471 Invoca
2724 2416 2961 2473 sanctum
2989 2420 3328 2487 Stephanum.
3363 2422 3479 2487 Quo
3506 2425 3618 2476 viso
3641 2426 3790 2479 audi-

2233 2489 2390 2558 toque
2414 2483 2735 2558 Florentius
2754 2529 2768 2552 ,
2810 2504 2920 2543 suae
2948 2483 3107 2544 menti
3135 2508 3194 2544 ac
3218 2483 3401 2545 sensui
3430 2493 3667 2547 redditus
3685 2537 3700 2558 .
3738 2503 3793 2549 et

2230 2549 2372 2632 [nam
2395 2554 2610 2632 dudum
2640 2549 2878 2613 recreato
2918 2561 3094 2614 animo
3117 2563 3443 2615 confortatus
3462 2603 3476 2626 ,
3504 2549 3789 2632 gloriosum

2228 2619 2731 2704 Stephanum-intra
2769 2633 3108 2704 semetipsum
3149 2646 3303 2686 orare
3342 2619 3793 2704 atqn'evinvocare

2229 2693 2447 2772 tuinime
2472 2694 2779 2772 desistebat:
2810 2693 3009 2754 Deinde
3029 2702 3230 2772 elevata
3260 2693 3542 2770 parumper
3568 2701 3702 2759 facie
3726 2705 3791 2759 ad

2229 2768 2638 2840 intermgantem
2665 2768 2917 2836 judicem,
2945 2771 3127 2824 oculos
3157 2771 3379 2825 intendit
3405 2768 3461 2825 in
3479 2772 3675 2840 jud’icis
3702 2789 3790 2827 as-

2228 2846 2512 2908 sessorem2
2538 2836 2705 2902 Quem
2733 2852 2856 2892 cum
2882 2854 3014 2892 nova
3042 2840 3173 2895 facie
3192 2881 3207 2905 ,
3238 2836 3493 2908 novoque
3518 2844 3666 2897 vultu
3696 2846 3793 2899 mi-

2215 2913 2459 2983 cantem.
2491 2905 2881 2983 fulgentemque
2905 2910 3236 2983 conspiceret
3256 2954 3269 2975 .
3296 2905 3469 2980 neque
3503 2912 3652 2967 illum
3692 2916 3789 2969 sibi

2230 2976 2705 3055 notissimum,_sod
2750 2977 2907 3032 alium
2952 2976 3271 3055 incognitum
3313 2976 3471 3049 atque
3510 2983 3788 3039 miriﬁcum

2224 3041 2416 3125 judicis
2439 3047 2798 3125 consiliarium
2824 3041 3098 3125 cerneret:
3126 3052 3193 3104 ita
3223 3063 3272 3104 ut
3304 3041 3422 3125 eum
3450 3063 3593 3125 esset
3618 3068 3791 3109 asses-

2227 3119 2365 3183 soris
2395 3124 2516 3169 uota
2542 3126 2696 3172 antea
2721 3119 2770 3170 in
2799 3121 3063 3183 omnibus,
3086 3129 3141 3175 et
3160 3122 3388 3175 marcida
3417 3135 3539 3175 τεγο
3565 3124 3618 3176 iu
3645 3126 3788 3179 vultu

2229 3182 2616 3264 deformitaset
2636 3190 2818 3264 senilis
2845 3200 3001 3264 mtas;
3033 3182 3082 3261 iu
3111 3190 3202 3244 illo
3225 3208 3350 3264 vero
3379 3192 3467 3264 qui
3491 3191 3789 3264 eitappare-

2231 3252 2349 3335 hat,
2373 3254 2594 3323 juvenili
2631 3257 2825 3335 deco_r_e
2850 3261 3021 3335 vultus
3044 3256 3095 3314 et
3126 3262 3327 3335 candor
3346 3252 3655 3331 eft‘ulgeba't:
3683 3264 3788 3318 lloc

2228 3328 2344 3376 viso
2384 3336 2721 3401 memoratus
2746 3328 3045 3401 Florentius
3066 3372 3080 3394 .
3108 3330 3198 3384 ditt
3226 3328 3551 3401 multumque
3583 3347 3789 3400 permo-

2229 3401 2335 3485 tus.
2361 3410 2473 3485 lnon
2499 3396 2619 3485 iant
2633 3397 2843 3479 dubius,
2877 3400 2968 3453 sed
2998 3399 3185 3485 firmus
3205 3411 3258 3454 et
3281 3396 3479 3485 certus.
3501 3396 3785 3485 gloriosum

2228 3459 2550 3543 Stephanum
2576 3467 2645 3543 ibi
2663 3459 2989 3543 _przestfntem
3012 3470 3260 3543 credebat
3277 3459 3488 3543 adesse.
3502 3459 3787 3543 ipsumque

2228 3535 2485 3610 ocenlmta
2510 3537 2637 3610 sede
2662 3538 2932 3610 intendere
2974 3554 3031 3593 se
3050 3581 3065 3606 ,
3090 3549 3150 3610 et
3175 3542 3226 3593 in
3255 3555 3348 3593 sua
3374 3535 3546 3594 causa
3558 3535 3786 3610 indicem

2228 3604 2417 3684 sedere
2437 3646 2451 3669 ,
2482 3608 2561 3684 vel
2590 3604 3059 3684 judiciassistere.
3086 3609 3217 3663 Nam
3247 3626 3357 3684 quo
3378 3604 3589 3684 plenius
3615 3612 3788 3684 perte-7

2226 3676 2469 3747 etiusque
2505 3676 2571 3729 de
2614 3678 2701 3732 tali
2729 3679 2934 3734 visione
2962 3694 3024 3731 ac
3061 3676 3466 3747 przrsentatione
3494 3676 3663 3735 Amici
3698 3682 3783 3736 Dei

2232 3742 2474 3815 tiduciam
2517 3755 2765 3815 caperet,
2813 3748 2958 3809 videt
3000 3742 3301 3803 Florentius
3343 3751 3587 3805 eumdem
3633 3765 3783 3805 suum

2229 3813 2647 3894 sutl‘ragatorem.
2665 3820 2852 3888 suique
2870 3818 3640 3894 judieiismiserieordissimnm
3661 3836 3784 3874 con-

2227 3883 2537 3953 siliator-em,
2559 3888 2716 3941 etiam
2745 3883 2903 3942 manu
2932 3903 3027 3942 sua
3045 3888 3255 3944 sibimet
3278 3899 3611 3952 annuentein,
3637 3899 3784 3945 etne

2227 3953 2509 4028 quidquam
2557 3972 2773 4025 prorsus
2818 3959 3060 4028 timeret.
3098 3973 3195 4028 per
3243 3974 3453 4013 manum
3507 3958 3783 4016 dexteram

2227 4024 2629 4098 signiﬁcantem,
2649 4028 2898 4098 vultuque
2918 4027 3068 4082 hilari
3087 4024 3185 4083 sibi
3207 4029 3540 4090 arridentem,
3560 4037 3614 4081 et
3633 4044 3780 4096 spem

2227 4094 2410 4147 salutis
2436 4096 2793 4163 plenissimam
2813 4094 3176 4165 pollicentem.
3200 4098 3335 4165 Quid
3358 4100 3557 4152 multa?
3576 4094 3780 4154 Sensim

2227 4176 2440 4237 erepere
2468 4166 2538 4219 illi
2569 4167 2778 4221 furiales
2805 4168 3033 4235 impetus
3056 4168 3249 4237 judicis
3275 4177 3646 4237 tumentesque
3672 4171 3783 4223 aui-

2228 4234 2297 4307 tni
2337 4234 2402 4287 ad
2442 4250 2652 4289 omnem
2692 4234 3120 4307 tranquillitatem
3151 4239 3524 4307 lenitatemque
3547 4234 3777 4293 deduci:

2229 4302 2296 4355 ita
2321 4314 2494 4377 utnon
2519 4302 3085 4376 ftit'mitlaretitttlicem.
3100 4308 3191 4362 sed
3216 4302 3523 4377 agnosceret
3542 4319 3777 4377 patrem:

2227 4387 2325 4447 nec
2350 4373 2500 4444 cujus
2523 4378 2749 4431 securim
2773 4373 2928 4446 capiti
2956 4392 3053 4430 suo
3071 4373 3490 4447 pertimesceret,
3517 4373 3611 4431 sed
3635 4378 3781 4446 cujus

2226 4442 2459 4515 favorem
2488 4448 2712 4514 propria:
2731 4442 2916 4501 salutis
2937 4442 3191 4515 speraret.
3211 4446 3256 4501 Ο
3274 4447 3515 4511 Domine,
3542 4442 3778 4512 Domine,

2224 4513 2312 4581 qui
2338 4529 2489 4567 veras
2532 4513 2646 4569 luas
2685 4516 2869 4571 laudes
2895 4519 2945 4570 in
2967 4513 3132 4571 sacris
3158 4517 3246 4570 ιὶιιί
3275 4517 3489 4585 psalmis
3511 4517 3780 4571 dccantari

2224 4598 2326 4655 non
2354 4596 2675 4652 arroganter.
2699 4587 2790 4639 sed
2819 4586 3421 4655 misericorditerjubes;
3451 4602 3555 4640 non
3578 4602 3675 4655 pro
3697 4598 3779 4640 tua

2219 4651 2493 4720 jactantia,
2518 4657 2607 4709 sed
2656 4672 2748 4723 pro
2778 4666 2954 4709 nostra
2983 4657 3161 4721 tutela,
3191 4651 3310 4709 cum
3337 4656 3551 4718 dicitur,
3579 4651 3659 4709 Tn
3686 4658 3781 4710 do-

2224 4724 2431 4797 minaris
2451 4727 2680 4797 potestati
2708 4726 2877 4789 maris,
2902 4735 3088 4797 molunt
3117 4735 3279 4797 agitem
3306 4728 3550 4795 ﬂuctuum
3589 4728 3700 4797 ejus
3729 4737 3783 4781 tu

2222 4793 2422 4862 mitigas
2460 4792 2629 4860 (Psal.
2666 4811 2929 4859 Lxxxvm,
2968 4796 3098 4856 ill)!
3145 4792 3783 4851 Sicttt'consonat'etiam

2220 4864 2518 4933 evangelica
2556 4867 2855 4929 auctoritas,
2899 4866 2983 4917 ubi
3024 4866 3245 4932 imperio
3279 4865 3473 4919 Christi
3516 4866 3611 4929 tui.
3657 4865 3783 4920 dum

2223 4931 2572 5002 levigarentur
2595 4936 2879 4989 turbulenti
2914 4931 3109 4989 ﬂuctus
3125 4950 3188 4989 ac
3211 4938 3373 4995 venti.
3402 4936 3658 4988 mirantes
3698 4935 3783 4988 di-

2220 5017 2345 5075 xere
2369 5004 2649 5075 discipuli:
2687 5005 2977 5075 Qualis‘eﬂ
3018 5006 3119 5067 hic.
3160 5006 3245 5075 qui
3284 5004 3694 5075 intperottventis
3736 5013 3779 5058 et

2218 5074 2364 5144 mari.
2411 5082 2456 5125 rt
2488 5073 2721 5128 obediunt
2756 5077 2799 5127 ei
2837 5072 2987 5144 (an.
3021 5090 3133 5133 viu.
3171 5072 3304 5141 ‘25)?
3337 5072 3781 5140 Verissimumquc

2214 5142 2355 5265 quod
2376 5144 2533 5197 etiam
2567 5144 2690 5197 alibi
2717 5145 2767 5198 in
2797 5142 3043 5199 sermone
3062 5146 3343 5212 Scriptum
3379 5157 3549 5197 sacra:
3590 5144 3781 5199 dicitur

2254 5228 2282 5263 ιε
2313 5221 2364 5265 te
2386 5230 2399 5265 :
2425 5212 2522 5265 Cor
2540 5215 2670 5265 renis
2699 5215 2749 5265 in
2775 5231 2923 5265 mmm
2950 5214 3167 5265 Domini.
3186 5214 3313 5265 sicut
3336 5229 3467 5265 arma
3486 5212 3781 5265 decurrens:

2254 5228 2282 5263 ιε
2313 5221 2364 5267 te
2386 5230 2399 5265 :
2425 5212 2522 5266 Cor
2540 5215 2670 5282 regis
2699 5215 2749 5267 in
2775 5231 2923 5267 manu
2950 5214 3167 5275 Domini,
3186 5214 3313 5267 sicut
3336 5229 3467 5282 aqua
3486 5212 3782 5279 decurrens;

2213 5281 2767 5369 quocitntque‘uoluerit,
2791 5284 2921 5369 littus
2944 5284 3198 5369 detorquet
3222 5299 3337 5369 eunt
3363 5281 3551 5369 {Proin
3566 5298 3685 5369 xtx‘i,
3706 5284 3782 5369 1)Σ

2224 5350 2290 5403 Τιι
2312 5353 2471 5412 enim.
2503 5352 2741 5416 Domine,
2770 5353 2837 5406 de
2862 5350 3125 5407 consulari
3158 5350 3286 5406 irata
3317 5352 3561 5419 primitus
3584 5362 3638 5405 et
3667 5350 3782 5420 post

2213 5424 2545 5489 tranquillata
2590 5432 2845 5490 potestate
2872 5438 2994 5490 erga
3023 5422 3463 5489 dispensatorem,
3497 5421 3626 5475 illud
3659 5438 3779 5477 nos’

2214 5490 2307 5544 tris
2332 5492 2652 5559 temporibus
2672 5492 2973 5554 exhibuisti,
3000 5493 3136 5562 quod
3166 5492 3217 5545 in
3246 5492 3459 5559 antiqua
3493 5491 3784 5562 Scriptura

2211 5564 2519 5616 auctoritate
2551 5564 2694 5632 prius
2720 5562 3004 5617 ferociente
3023 5561 3085 5616 et
3108 5577 3316 5615 rursum
3355 5561 3659 5616 blandiente
3697 5576 3782 5615 rc-

2275 5709 2287 5739 ¹
2312 5715 2389 5757 l‘P.
2403 5707 2697 5770 Benedictlni
2707 5712 2873 5755 notant
2892 5705 3032 5756 bicin
3046 5706 3289 5770 margine:
3311 5722 3333 5752 ι
3351 5702 3617 5767 legendum
3633 5700 3783 5764 τοι·ιῆ

2212 5770 2428 5830 parebat,
2455 5769 2551 5829 vel,
2574 5767 2776 5831 petebat.
2802 5784 2825 5813 ι
2894 5774 2953 5816 It.
