4142 6186
1478 332 1813 397 SECULA
1864 332 2057 395 IV-V.
2117 332 2307 396 ANNI
2350 329 2638 395 387-430.

1592 596 2525 728 ELENCHUS

582 916 1103 994 AUCTOHUM
1164 915 1279 992 ΕΤ
1335 915 1730 990 OPEHUM
1780 916 1933 1002 QUI
1984 916 2077 991 IN
2126 915 2314 988 HOC
2356 914 2624 990 τοΜο
2674 916 2825 988 XLI
2876 913 3550 1029 CONTINENTUB

1236 1438 1297 1499 S.
1346 1437 1852 1516 AUGUSTINUS,
1901 1437 2402 1503 HIPPONENSIS
2444 1436 2875 1504 EPISCOPUS.

460 1577 751 1655 Prw/"aiio
799 1578 866 1637 in
917 1577 1142 1637 tomum
1195 1574 1317 1635 VII.
3346 1576 3458 1637 col.

462 1683 745 1764 Syllabas
774 1682 1047 1745 codicum
1076 1681 1155 1744 ad
1184 1697 1331 1761 quos
1359 1681 1435 1743 de
1463 1697 1617 1742 novo
1648 1681 2024 1762 recognitum
2053 1683 2139 1743 est
2170 1680 2495 1761 Augustini
2523 1698 2672 1763 opus
2700 1682 2776 1745 de
2804 1682 3051 1745 civitate
3080 1681 3211 1744 Dei.

456 1817 542 1878 De
573 1820 807 1878 civitate
836 1814 941 1877 Dei
970 1818 1107 1876 libri
1138 1813 1331 1876 XXII.

615 1950 915 2011 APPENDIX
956 1966 1090 2011 rom
1134 1947 1259 2011 νη.

466 2084 623 2145 Aviti
654 2087 729 2143 ad
760 2082 1151 2145 Palchonium
1184 2082 1469 2161 Epistola,
1508 2087 1580 2145 de
1616 2087 1886 2161 reliquiis
1914 2087 2101 2146 sancti
2132 2083 2436 2160 Stephani,
2471 2091 2530 2144 et
2567 2085 2641 2145 de
2668 2081 2917 2144 Luciani
2957 2080 3220 2160 Epistola

533 2209 572 2252 a
613 2208 678 2251 se
719 2209 751 2251 e
792 2189 996 2253 Graeco
1040 2193 1102 2250 in
1147 2189 1421 2251 Latinum
1466 2209 1657 2251 versa.

465 2298 717 2360 Luciani
750 2298 1014 2375 Epistola
1044 2301 1118 2357 ad
1147 2315 1381 2359 omnem
1412 2295 1739 2358 Ecclesium
1771 2300 2072 2373 totiusque
2101 2300 2264 2358 orbis
2293 2295 2693 2373 Christianos,
2740 2300 2812 2359 de
2859 2300 3217 2359 revelatione

540 2409 810 2481 corporis
852 2403 1137 2482 Stephani
1182 2407 1479 2483 martyris.

461 2512 763 2574 Anastasii
809 2516 881 2573 ad
928 2512 1294 2573 Landuleum
1340 2510 1629 2590 Epistole,
1678 2513 1753 2571 de
1797 2514 2092 2587 scriptura
2134 2512 2539 2612 translationis
2582 2509 2869 2587 Stephani
2913 2515 3215 2589 martyris.

465 2617 772 2698 Scriptura
815 2624 887 2682 de
928 2623 1045 2680 alia
1086 2623 1410 2681 detectione
1452 2638 1523 2679 ac
1550 2618 1943 2680 translatione
1971 2622 2160 2679 sancti
2191 2617 2474 2694 Stephani
2506 2622 2565 2677 in
2599 2621 2808 2679 urbem
2840 2618 3213 2695 Byzantium.

460 2725 660 2787 Severi
707 2726 975 2804 Epistola
1016 2730 1091 2788 ad
1136 2745 1371 2787 omnem
1415 2724 1768 2795 Ecclesiam,
1818 2728 1888 2786 de
1929 2728 2250 2787 virtutibus
2293 2729 2355 2786 in
2398 2723 2778 2787 Minoricensi
2816 2728 3013 2787 insula
3051 2728 3221 2786 factis

537 2852 640 2909 per
682 2834 965 2910 reliquias
1008 2836 1197 2894 sancti
1241 2832 1548 2907 Stephani.

456 2940 542 3003 De
586 2944 895 3005 miraculis
937 2945 1127 3005 sancti
1170 2938 1455 3019 Stephani
1499 2944 1950 3021 protomartyris
1990 2944 2127 3006 libri
2170 2944 2286 3005 duo
2326 2945 2403 3004 ad
2443 2941 2766 3004 Evodium.

451 3048 642 3111 Index
683 3065 911 3110 rerum.

3588 1813 3664 1875 13

3542 2188 3661 2253 805

3543 2402 3662 2465 807

3545 2509 3660 2572 817

3512 2617 3657 2681 ibid.

3546 2831 3658 2896 821

3546 2940 3665 3002 833

3545 3047 3664 3110 853
