4142 6186
423 267 435 273 ς
479 270 493 272 ,,
611 268 645 270 ...
693 269 700 271 ,
741 268 750 271 ,
814 269 818 272 ,
905 266 924 271 ι,
951 267 1044 271 γ....κ
1079 266 1122 271 ..-.
1213 265 1310 269 ..,γ,-
1341 266 1344 268 .
1373 266 1464 270 __._
1487 264 1614 270 .-
1647 263 3649 270 _____—_—_—_——_—._—___-.-——_______.

363 296 452 301 --πη
484 297 492 301 .
533 298 536 300 ν
565 297 570 300 ν
625 297 630 299 -
677 295 684 297 Α
715 294 742 297 ηλ
826 296 828 299 τ
863 293 871 297 ι
938 292 959 297 --
1099 294 1102 295 ν
1185 293 1228 296 -ν
1267 293 1328 296 πγς-
1351 293 1356 297 λ
1403 291 3644 299 _-.__.__.-..-_—.—__———-——_._-_..___——_——__——.__.‘_————_._—_..

1046 416 1224 527 ΙΝ
1322 415 1915 529 TOMUM
2010 415 2873 526 SEPTIMUM

1619 633 2338 738 ΡΒΕἙᾹἸΊΟ.

1393 835 2547 880 ψ

354 976 689 1050 Postquam
746 968 1106 1050 dogmatica
1148 985 1347 1050 opera.
1401 966 1710 1050 dedimus,
1763 966 1990 1050 quibus
2047 966 2388 1050 Ecclesiam
2437 967 2738 1029 informat
2784 968 3173 1050 Augustinus
3216 969 3549 1050 eruditque
3592 970 3669 1032 ad

279 1046 570 1132 pietatem
606 1071 639 1132 ;A
681 1046 918 1132 restant
967 1046 1531 1132 edendadeinceps
1578 1046 1995 1132 scripiaejus
2045 1047 2378 1125 polemica,
2411 1066 2551 1126 qure
2577 1066 2711 1132 pro
2773 1046 3477 1132 Ec_c_lesiaa_defensione
3527 1069 3680 1132 con-

278 1126 457 1196 verso
516 1130 580 1191 in
625 1129 825 1209 ipsius
870 1129 1081 1190 hostes
1128 1128 1274 1190 stilo
1326 1128 1702 1209 composuit.
1739 1126 2193 1209 Polemicorum
2247 1135 2453 1209 autem
2499 1127 2699 1206 primo
2758 1127 2979 1188 ordine
3019 1128 3201 1188 offert
3253 1146 3386 1189 sese
3445 1131 3683 1206 grande

282 1232 431 1292 opus
489 1206 707 1292 contra
760 1213 1076 1292 Paganos,
1108 1206 1499 1269 adversarios
1556 1207 1892 1292 Christiani
1946 1206 2221 1267 nominis
2280 1208 2517 1292 primos
2566 1215 2626 1292 et
2674 1210 3094 1292 praa_czeteris
3145 1209 3348 1286 magis
3376 1209 3679 1292 infensos,

282 1287 388 1374 qui
436 1291 617 1374 unius
645 1290 778 1374 veri
824 1289 934 1350 Dei
982 1289 1252 1351 cultores
1298 1295 1518 1374 aperto
1543 1288 1731 1374 _bell_o
1775 1305 2040 1365 semper,
2074 1294 2182 1374 aut
2232 1288 2514 1347 adhibita
2565 1287 2623 1348 vi
2680 1287 3069 1374 saevitiaque,
3104 1296 3211 1349 aut
3242 1296 3408 1350 certe
3453 1290 3687 1374 odiosis

282 1367 819 1433 criminationibus
889 1376 1038 1429 sunt
1112 1369 1442 1447 persecuti.
1494 1367 1978 1447 Idololatrarum
2035 1367 2199 1427 enim
2263 1375 2630 1447 perpetuum
2712 1368 2880 1427 hunc
2938 1370 3126 1427 fuisse
3187 1387 3449 1441 morem,
3513 1377 3579 1429 ut
3636 1370 3688 1429 si

284 1474 405 1532 qua
453 1451 590 1512 orbi
626 1449 959 1532 calamitas
1002 1446 1871 1532 accidissetLhancreligioni
1919 1447 2291 1532 Christianas
2336 1448 2739 1532 imputarent,
2777 1466 2961 1509 nemo
3018 1454 3113 1509 est
3170 1448 3275 1532 qui
3322 1469 3447 1509 non
3497 1450 3694 1511 intel-

286 1527 438 1611 ligat
491 1550 563 1591 ex
625 1530 888 1591 lectione
967 1536 1268 1611 veterum,
1319 1528 1712 1611 Tertulliani,
1765 1527 2050 1611 Arnobii,
2113 1527 2426 1611 Cypriani,
2488 1532 2595 1607 qui
2646 1528 2806 1611 olim
2884 1546 2999 1587 suo
3070 1531 3351 1611 quisque
3411 1536 3692 1609 tempore

287 1607 618 1691 impiorum
676 1610 1166 1691 obtrectationes
1221 1609 1465 1687 scriptis
1527 1607 1935 1691 apologeticis
1994 1610 2361 1691 propulsare
2416 1628 2529 1687 pro
2599 1608 2765 1691 virili
2822 1609 3297 1691 contenderunt.
3334 1607 3694 1687 imperante

289 1687 500 1771 postea
559 1690 858 1767 Honorio,
892 1708 1052 1771 cum
1111 1692 1325 1771 Bome
1382 1707 1692 1771 summam
1749 1688 1988 1771 cladem
2052 1688 2399 1771 Gothorum
2480 1690 2787 1771 exercitus
2845 1687 3183 1767 intulisset,
3245 1692 3695 1771 recruducrunt

292 1767 639 1832 infidelium
699 1768 989 1849 querelae,
1051 1769 1360 1847 solitoque
1423 1767 1707 1849 acerbius
1763 1767 2240 1849 etinjuriosius
2315 1771 2441 1830 Deo
2496 1788 2645 1830 vero
2704 1770 3055 1829 obtrectare
3130 1777 3471 1847 cmperunt,
3533 1770 3695 1830 exci-

288 1851 460 1928 dium
516 1848 819 1912 Urbis'in
878 1850 1296 1910 Christianam
1356 1848 1719 1925 religionem
1788 1848 2191 1928 odiosissima
2235 1849 2593 1909 referentes.
2655 1850 2805 1909 Nam
2870 1849 3017 1925 quia
3067 1868 3178 1927 per
3239 1853 3692 1928 Imperatorum

288 1924 460 2009 leges
520 1929 751 1990 nemini
777 1929 913 2005 jam
971 1929 1176 1991 colere
1233 1930 1384 1989 deos
1420 1924 1692 2009 licebat,
1731 1927 2436 2009 llomamwtulelaribus,
2473 1930 2700 2007 quibus
2746 1924 3100 1989 conditores
3131 1930 3301 1988 illam
3334 1924 3440 1989 'sui
3474 1937 3690 1991 custo-

290 2008 582 2072 diendam
637 2008 1051 2074 crediderant,
1101 2009 1219 2069 diis
1277 2008 1636 2071 destitutam
1691 2008 2038 2069 inevitabili
2092 2009 2281 2089 exitio
2338 2010 2658 2087 cecidisse,
2711 2018 2899 2088 atque
2949 2028 3024 2069 ex
3083 2009 3233 2089 ipsis
3284 2010 3453 2070 haud
3510 2010 3697 2073 dubie

290 2089 677 2161 Christianis,
712 2090 819 2169 qui
869 2088 929 2148 in
988 2089 1172 2152 Urbis
1229 2088 1579 2168 direptione
1628 2106 1960 2150 commune
2015 2088 2297 2149 omnium
2350 2090 2686 2151 discrimen
2737 2099 2796 2151 et
2842 2088 3225 2166 captivitatis
3272 2090 3537 2167 injurias
3587 2092 3698 2151 mi-

292 2171 457 2232 nime
504 2168 868 2240 evasissent,
902 2169 1092 2231 totius
1140 2170 1289 2229 mali
1330 2188 1583 2230 causam
1642 2177 1844 2229 ortam
1904 2186 2039 2229 esse
2095 2168 2523 2229 clamitabant.
2574 2174 2747 2230 'l‘unc
2794 2188 2945 2247 ergo
2995 2170 3123 2228 zelo
3174 2170 3401 2230 domus
3434 2171 3542 2230 Dei
3592 2189 3701 2231 ex-

293 2253 623 2313 ardescens
679 2251 1083 2327 Augustinus,
1144 2251 1423 2310 animum
1484 2249 1731 2309 induxit
1780 2267 1937 2325 opus
2005 2255 2225 2307 contra
2281 2248 2705 2327 blasphemos,
2756 2252 2843 2310 De
2892 2249 3157 2309 Civitate
3209 2250 3317 2309 Dei
3367 2268 3697 2327 nuncupao

293 2339 457 2403 tum,
513 2330 906 2393 conscribere
968 2350 981 2389 :
1059 2348 1185 2407 quo
1263 2330 1567 2388 immenso
1616 2327 1831 2387 labore
1887 2329 2203 2407 quomoio
2260 2328 2717 2407 Christianam,
2771 2328 3134 2407 religionem
3217 2328 3579 2401 ulciscatur,
3641 2335 3703 2389 et

291 2412 570 2488 explicat
598 2410 732 2488 ipse
772 2409 1042 2468 breviter
1086 2406 1151 2467 in
1201 2407 1661 2488 Retractatione
1690 2424 1859 2488 quae
1887 2406 2058 2488 operi
2108 2406 2363 2488 prastigi
2386 2408 2567 2479 solet,
2600 2414 2661 2468 et
2708 2406 3082 2488 luculentius
3131 2407 3357 2468 docent
3398 2409 3700 2471 librorum

292 2486 679 2567 argumenta
707 2488 1114 2566 singulorum,
1147 2506 1286 2563 quae
1314 2487 1432 2567 hac
1464 2486 1735 2567 primum
1756 2486 2039 2567 editione
2072 2503 2178 2562 per
2207 2504 2319 2545 nos
2349 2486 2410 2545 in
2444 2488 2646 2546 fronte
2679 2487 3015 2567 voluminis
3044 2488 3441 2548 exhibentur.

378 2566 597 2630 Partes
628 2569 832 2645 operis
863 2568 1018 2627 duas
1059 2566 1588 2648 praesertimifacit
1637 2583 1651 2625 :
1695 2566 1929 2648 altera,
1966 2583 2106 2641 quas
2149 2566 2388 2648 priores
2437 2567 2648 2648 decem
2695 2566 2886 2626 libros
2929 2567 3396 2648 complectitur,
3432 2569 3703 2648 Paganis

300 2648 712 2728 respondens,
738 2645 1292 2729 vetustasillorum
1325 2646 1654 2729 opiniones
1673 2645 1749 2704 de
1770 2646 2038 2729 deorum
2069 2645 2263 2729 cultu,
2295 2664 2477 2729 quem
2513 2645 2619 2705 alii
2649 2645 3101 2729 propterAhanc’
3120 2647 3337 2729 vitam,
3370 2649 3477 2709 alii
3510 2645 3699 2729 prop-

300 2723 729 2809 ter'futuram,
764 2744 897 2809 esse
930 2726 1143 2809 utilem
1191 2725 1625 2809 disputabant,
1654 2723 1867 2809 evellit
1893 2742 1968 2809 ex
1998 2725 2261 2797 animis;
2294 2725 2514 2809 altera,
2547 2723 2863 2803 utriusque
2892 2725 3193 2797 Civitatis,
3230 2728 3447 2788 mundi
3474 2723 3535 2790 et
3566 2723 3699 2809 Dei,

301 2808 530 2888 quibus
564 2805 1111 2888 universi,_Angeli
1154 2812 1215 2867 et
1270 2805 1578 2888 homines,
1613 2804 1730 2865 hac
1775 2804 1873 2864 vel
1904 2803 2014 2864 illa
2042 2805 2657 2883 comprehendimur,
2690 2812 3001 2879 exortum,
3038 2825 3430 2887 procursum,
3464 2803 3701 2871 exitum

301 2885 554 2949 tandem
587 2887 715 2947 sive
737 2885 980 2946 debitos
1007 2888 1165 2946 ﬁnes
1196 2886 1471 2962 exponit.

380 2967 643 3049 Maximi
695 2965 992 3049 momenti
1045 2984 1201 3044 opus
1258 2961 1532 3049 maxima
1596 2981 1745 3049 cura
1802 2961 2147 3049 elaboravit
2182 2984 2291 3043 pro
2343 2966 2619 3049 materias
2674 2968 3039 3049 praestantia
3093 2973 3155 3029 et
3206 2969 3535 3047 dignitate,
3590 2988 3706 3049 pro

302 3054 496 3127 utque
550 3043 1175 3127 virumidecebat’et
1215 3063 1462 3106 summo
1514 3043 2167 3127 ingenioprasditum,
2216 3052 2277 3105 et
2319 3045 2597 3106 omnium
2653 3043 3051 3107 scientiarum
3100 3043 3328 3125 genere
3385 3043 3708 3109 ornatissi-

304 3124 498 3187 mum.
557 3128 716 3187 Nam
768 3125 1041 3207 immane
1098 3126 1268 3207 dictu
1300 3132 1392 3185 est
1450 3131 1685 3207 quanta
1734 3124 1852 3207 hic
1891 3124 2226 3207 sit_rerum
2265 3127 2798 3207 varietas,iquam
2858 3124 3127 3205 profusa,
3172 3128 3464 3200 eruditio,
3517 3148 3706 3207 quam

300 3208 496 3268 solers
544 3213 606 3267 et
652 3206 961 3285 exquisita
1009 3205 1171 3266 ratio
1211 3204 1555 3265 disserendi
1592 3222 1650 3285 #:A
1682 3204 1857 3282 quasi
1888 3204 2070 3285 nihil
2128 3213 2422 3265 strenuus
2460 3204 2743 3266 Civitatis
2799 3204 2907 3267 Dei
2966 3208 3192 3268 vindex
3252 3204 3552 3280 voluerit,
3596 3229 3707 3271 ne-

300 3306 423 3365 que
469 3287 618 3346 artis
672 3283 1129 3358 et’industriaa,
1173 3303 1375 3362 neque
1432 3283 1799 3345 eruditionis
1838 3284 1980 3365 sive
2037 3303 2257 3351 sacrm,
2292 3287 2423 3346 sive
2480 3288 2787 3364 profante,
2820 3287 3157 3348 desiderari
3207 3288 3305 3348 his
3360 3289 3423 3348 in
3474 3288 3647 3350 libris
3687 3308 3703 3352 :

303 3364 362 3429 ei
411 3367 635 3447 quibus
684 3384 748 3425 re
797 3366 935 3447 ipsa
994 3372 1309 3447 tanquam,
1339 3384 1372 3424 e
1427 3383 1585 3443 penu
1641 3364 2046 3447 refertissimo
2096 3366 2322 3426 eruditi
2359 3366 2776 3443 disputatores
2823 3368 3207 3447 quicumque
3255 3369 3553 3429 adversus
3592 3370 3713 3431 im-

302 3444 446 3527 pios
470 3446 698 3527 divinas
729 3445 1049 3527 religionis
1074 3444 1495 3527 defensionem
1529 3444 1794 3527 posthac
1822 3444 2190 3527 suscipiunt,
2225 3452 2499 3527 opemet
2528 3446 2776 3527 coliiam
2800 3444 2913 3507 sibi
2948 3444 3274 3525 petendam
3302 3457 3546 3526 putant.

385 3526 722 3607 Volumina
752 3527 951 3603 prima
980 3525 1166 3602 hujus
1206 3525 1414 3607 operis
1444 3543 1568 3584 non
1604 3524 1740 3607 plus
1773 3524 1890 3583 tria
1921 3524 2163 3607 viderat
2210 3525 2625 3607 Macedonius
2664 3528 2891 3587 Africae
2926 3524 3212 3600 vicarius,
3248 3524 3386 3588 cum
3418 3531 3709 3607 obstupe-

305 3609 512 3668 factus
559 3605 974 3666 admiratione
1032 3605 1347 3682 rescripsit
1390 3605 1740 3681 Augustino
1790 3620 1804 3662 :
1862 3624 1892 3659 «
1940 3604 2093 3663 Miro
2147 3606 2333 3663 modo
2387 3604 2627 3663 allicior
2665 3607 2970 3682 sapientia
3020 3614 3146 3678 tua,
3184 3616 3303 3668 etc.
3333 3629 3362 3663 ο
3399 3610 3552 3668 Nam
3589 3604 3712 3670 (et

315 3688 486 3747 illa»
523 3705 661 3766 quas
702 3685 951 3746 edidisti
987 3690 1290 3766 «tantum
1344 3684 1605 3766 habent
1628 3682 1955 3754 acuminis,
1986 3682 2285 3766 scientiae,
2319 3684 2689 3766 sanctitatis,
2726 3692 2793 3743 ut
2842 3685 2998 3766 nihil
3030 3705 3215 3763 supra
3247 3687 3343 3745 sit.
3384 3711 3411 3742 »
3447 3690 3714 3765 Moxque

321 3763 638 3828 deiisdem
674 3765 1070 3843 :«Explicui,
1107 3787 1137 3819 »
1175 3765 1287 3836 ait,
1325 3770 1512 3825 «tuos
1547 3763 1737 3823 libros
1767 3782 1781 3832 ;
1807 3780 2008 3840 neque
2039 3764 2203 3821 enim
2238 3771 2362 3824 tam
2391 3763 2668 3840 languidi
2703 3770 2810 3823 aut
2840 3764 3068 3825 inertes
3091 3773 3292 3836 erant,
3330 3772 3397 3825 ut
3430 3785 3525 3827 me
3543 3763 3715 3828 aliud

323 3866 512 3928 quam
554 3865 638 3928 se
695 3863 918 3928 curare
984 3851 1346 3928 paterentur
1415 3862 1441 3928 εΔ
1490 3843 1841 3928 injeceruiit
1917 3861 2194 3928 manum,
2259 3850 2667 3928 ereptumque
2736 3843 2873 3904 aliis
2948 3844 3437 3928 sollicitudinum
3514 3848 3718 3908 causis

321 3922 453 3988 suis
508 3926 768 3987 vinculis
798 3925 1121 4003 illigarunt
1155 3942 1170 3985 :
1202 3924 1291 3984 ita
1346 3924 1509 3984 enim
1544 3923 1698 3982 mihi
1755 3926 1919 4004 Deus
1958 3922 2264 4000 propitius
2303 3924 2402 3991 sit,
2440 3931 2507 3982 ut
2537 3942 2653 4001 ego
2684 3942 2913 4003 anceps
2943 3924 3055 3984 sim
3090 3926 3319 4004 quidin
3351 3927 3472 3986 illis
3519 3930 3718 4004 magis

321 4008 536 4077 mirer,
580 4002 917 4067 sacerdotii
973 4005 1440 4084 perfectionem,
1474 4002 1892 4084 philosophiae
1923 4004 2242 4080 dogmata,
2275 4003 2555 4064 historias
2607 4002 2859 4082 plenam
2907 4002 3217 4082 notitiam,
3266 4024 3342 4065 an
3403 4002 3717 4069 facundia;

314 4083 1107 4166 jucunditatem,qumiita
1153 4083 1476 4166 imperitos
1524 4084 1711 4166 etiam
1793 4083 2026 4166 illicere
2063 4089 2311 4166 potest,
2375 4092 2438 4143 ut
2523 4085 2719 4166 donec
2792 4086 3102 4162 explicent
3184 4105 3309 4146 non
3391 4088 3715 4163 desistant,

322 4163 386 4229 et
434 4185 575 4227 cum
634 4163 1102 4245 explicaverint,
1147 4164 1354 4245 adhuc
1401 4163 1769 4245 requirant’.‘
1799 4163 2398 4245 Convictiinamque
2445 4171 2591 4245 sunt
2638 4164 3031 4243 impudenter
3087 4166 3457 4245 pertinaces,
3508 4192 3539 4224 »
3601 4176 3719 4229 etc.

324 4247 556 4327 (Epist.
618 4241 752 4317 ιὸῑ,
786 4265 889 4327 mi.
934 4248 994 4327 1,
1038 4245 1123 4327 2).
1170 4243 1424 4327 Paulus!
1455 4241 1714 4327 Orosius
1755 4241 1817 4301 in
1874 4242 2241 4327 prmfatione
2298 4244 2404 4327 ad_
2437 4241 2850 4327 Historiarum
2911 4241 3125 4327 libros,
3188 4266 3345 4324 quos
3395 4241 3724 4327 Augustini

324 4322 602 4407 impulsu
635 4325 926 4407 confecit,
966 4322 1184 4385 laudat
1218 4322 1937 4407 perﬁciendoradversus
1965 4324 2254 4407 Paganos
2284 4324 2613 4407 undecimo
2646 4324 2807 4407 libro
2837 4322 3255 4407 insistentem,
3281 4351 3309 4380 «
3364 4322 3654 4404 quorum,
3691 4354 3720 4386 »

325 4403 557 4486 inquit,
594 4430 624 4461 ‹‹
679 4406 810 4485 jam
871 4407 1084 4466 decem
1160 4405 1428 4486 orientes
1492 4403 1650 4486 radii
1711 4422 1851 4463 mox
1912 4408 1979 4463 ut
2035 4404 2111 4463 de
2151 4406 2414 4486 specula
2458 4404 2906 4486 ecclesiasticas
2982 4406 3279 4466 claritatis
3351 4403 3499 4467 elati
3555 4417 3722 4481 sunt,

328 4483 461 4549 toto
518 4483 1048 4548 orbe‘fulserunt.
1082 4508 1112 4540 »
1173 4485 1355 4546 .lubet
1390 4483 1794 4544 Cassiodorus
1825 4486 2091 4543 Senator
2146 4483 2207 4543 in
2257 4484 2416 4543 libro
2450 4485 2941 4550 Institutionum.
2990 4486 3193 4562 capite
3242 4488 3484 4547 decimo
3524 4500 3722 4562 sexto,

332 4575 400 4628 ut
424 4568 620 4628 libros
649 4568 725 4629 de
756 4565 1015 4628 Civitate
1044 4567 1153 4627 Dei
1187 4586 1215 4623 α
1249 4564 1635 4624 infastidibili
1661 4563 1991 4623 sedulitate
2014 4582 2471 4641 percurramus.
2512 4588 2538 4619 ι)
2573 4567 2783 4642 Neque
2813 4572 2957 4624 sunt
2991 4565 3109 4624 hoc
3144 4567 3280 4627 loco
3316 4570 3728 4643 praetereundi

328 4650 713 4709 Francorum
770 4665 985 4727 reges,
1023 4646 1279 4727 Carolus
1326 4644 1612 4727 Magnus,
1653 4644 1779 4727 qui,
1817 4650 1969 4727 teste
2030 4643 2476 4727 Eginhardo,_«
2538 4644 2969 4705 delectabatur
3015 4645 3190 4705 libris
3221 4649 3420 4707 sancti
3477 4655 3729 4727 Augus-

329 4727 468 4867 Xni,
505 4728 942 4867 pracipueque
973 4725 1071 4785 his
1103 4727 1210 4804 qui
1234 4726 1311 4786 de
1340 4726 1600 4786 Civitate
1630 4724 1739 4784 Dei
1770 4724 2133 4801 praetitulati
2164 4731 2327 4783 sunt.
2364 4745 2394 4781 ››
2430 4724 2515 4785 De
2548 4743 2670 4803 quo
2701 4735 2886 4804 poeta
2915 4727 3285 4804 Saxonicus,
3319 4728 3479 4789 libro
3510 4724 3731 4808 quinto

387 4825 515 4867 nna
540 4826 668 4867 tum
702 4828 717 4867 :

387 4825 668 4868 nnauum
702 4828 717 4868 ε

1458 4910 1597 4968 Quos
1617 4909 1958 4972 Augustinus
1991 4909 2111 4958 εωιὶ
2139 4911 2203 4959 de
2223 4910 2431 4959 civibus
2459 4911 2615 4959 almis

1519 4971 1757 5035 Scripsit,
1781 4974 2023 5021 amanter
2044 4985 2133 5022 eos
2161 4972 2396 5023 crebrius
2423 4973 2682 5024 audierat.

412 5065 674 5129 Carolus
701 5066 851 5147 item
882 5065 1165 5137 Quintus,
1201 5070 1616 5147 cognomento
1649 5062 1933 5147 Sapiens,
1978 5061 2083 5141 qui
2116 5081 2228 5147 pro
2258 5063 2474 5124 iisdem
2508 5064 2683 5147 libris
2713 5064 2936 5143 gallice
2976 5065 3255 5133 redditis,
3293 5065 3537 5147 sibique
3576 5086 3738 5129 nun-

331 5149 609 5227 cupatis,
642 5146 943 5227 versionis
972 5150 1287 5205 auctorem
1313 5143 1705 5227 amplissima
1724 5144 2029 5227 dignitate
2062 5144 2235 5227 auxit
2267 5144 2739 5227 exornavitque.

413 5223 728 5289 inmium
775 5226 898 5287 hoc
953 5243 1111 5304 opus
1166 5223 1513 5304 Marcellini
1545 5223 1751 5283 studio
1795 5224 2114 5304 debemus.
2150 5225 2519 5301 Quanquam
2570 5225 2734 5285 enim
2788 5226 3177 5302 Augustinus
3230 5226 3498 5289 civitatis
3551 5230 3742 5291 coale-

332 5309 449 5371 stis
478 5307 789 5370 charitate
820 5304 973 5366 satis
992 5302 1407 5386 adduceretur
1440 5302 1517 5362 ad
1537 5303 1964 5386 scribendum,
2001 5303 2393 5386 fecit‘tamen
2446 5305 2631 5364 etiam
2670 5314 3045 5381 provocatus
3076 5325 3113 5368 a
3146 5306 3524 5379 Marcellino,
3558 5310 3740 5386 cujus

330 5390 476 5450 haec
506 5405 579 5448 ea
608 5387 685 5447 de
712 5403 779 5447 re
807 5386 870 5445 in
903 5385 1167 5465 epistola
1185 5385 1261 5444 ad
1286 5384 1705 5465 Augustinum
1738 5389 1936 5443 exstat
1968 5383 2304 5462 postulatio
2340 5404 2352 5444 :
2384 5387 2575 5465 aEgo
2608 5404 2753 5445 vero
2786 5386 2864 5445 ad
2898 5388 3030 5446 haec
3061 5388 3532 5448 omnia..........
3555 5383 3746 5453 libros

334 5467 563 5553 conﬁci
605 5463 1290 5553 deprecor-{Ecclesia
1318 5465 1436 5553 hoc
1487 5463 1754 5553 maxime
1804 5470 2104 5553 iempore,
2139 5464 2592 5553 incredibiliter
2620 5466 2997 5553 profuturos
3047 5488 3076 5523 ι)
3122 5466 3355 5553 (μᾷξρὶει.
3389 5471 3526 5538 136,
3560 5491 3620 5531 n.
3656 5472 3743 5553 3).

334 5548 452 5615 Cui
482 5543 831 5629 rescribens
859 5546 1246 5629 Augustinus
1276 5543 1453 5605 initio
1486 5545 1739 5629 quidem
1769 5543 2082 5629 signiﬁcat
2112 5561 2337 5622 cupere
2368 5563 2433 5604 se
2465 5544 2542 5606 de
2570 5544 2671 5605 his
2700 5564 2891 5629 agere
2925 5570 2955 5602 «
2987 5565 3108 5607 non
3141 5543 3445 5610 librorum
3470 5543 3743 5629 negotio,

337 5629 451 5693 sed
499 5626 844 5710 epistolari,
877 5627 930 5689 si
973 5625 1185 5708 potest
1217 5631 1311 5688 sat
1357 5642 1513 5706 esse,
1544 5625 1859 5706 colloquio
1905 5641 1919 5685 :
1958 5645 1986 5684 ιι
2056 5629 2276 5705 postea
2306 5629 2515 5688 tamen
2549 5625 2760 5709 quam
2791 5626 2877 5688 ibi
2920 5629 3320 5707 Paganorum
3374 5625 3749 5714 quastiones

668 5736 929 5798 Parnm.
974 5734 1128 5799 XLI.
3222 5729 3427 5817 (Una).

284 5828 540 6018 ηδςτκ
