4128 6190
357 281 3768 350 ῃ

940 427 1089 557 S.
1187 428 2004 559 AURELII
2093 429 3195 564 AUGUSTINI

1566 635 2098 700 HIPPONENSIS
2141 640 2498 703 EPISCOPI

1322 799 1543 908 Al)
1616 769 2836 912 MARCCLLINUM

377 1021 861 1224 DE
1058 1013 2913 1229 CIVITATE
3117 1029 3772 1234 DEI

1071 1327 1928 1480 CONTRA
2079 1326 3092 1482 PAGANOS

1582 1567 1849 1672 fibri
1896 1568 2244 1699 viginti
2302 1577 2491 1671 huc
2521 1565 2600 1637 (α)

1503 1769 2804 1806 ψ

1301 1790 1326 1794 ω
2001 1899 2736 2041 PRIMUS.

1969 2131 2038 2166 ue
2067 2117 2316 2164 Romanas
2348 2115 2494 2164 urbis
2523 2116 2786 2164 recentem
2814 2127 2847 2164 a
2876 2115 3062 2165 Gothis
3091 2118 3448 2168 vastationem
3482 2117 3789 2167 christiana

374 2123 618 2183 Paganos
646 2121 999 2185 reprehendit.
1031 2122 1123 2184 qui
1152 2120 1296 2170 orbis
1325 2118 1679 2185 calamitates,
1700 2119 1968 2185 maximeq

2813 1786 2922 1802 ~—

439 2177 686 2246 Feligioni
704 2177 823 2247 qua
850 2177 1069 2234 deorum
1098 2185 1276 2234 cultus
1304 2183 1634 2247 prohibetur,
1667 2177 1989 2247 tribuebant.
2023 2179 2145 2247 agit
2171 2179 2237 2226 de
2266 2177 2555 2247 commodis
2584 2180 2636 2225 et
2663 2178 3034 2247 incommodis,
3059 2195 3180 2242 quin
3200 2182 3326 2247 tunc
3347 2181 3504 2229 bonis
3533 2180 3787 2247 stipulis.

440 2250 505 2296 ut
543 2241 957 2306 Solem—fuerunt
1003 2241 1324 2296 communia:
1356 2245 1575 2294 Illorum
1604 2245 1828 2307 denique
1871 2243 2108 2293 retundit
2157 2241 2548 2304 procacitatem,
2586 2241 2674 2301 qui
2724 2241 3134 2292 christianarum
3169 2244 3427 2292 violatum
3461 2257 3492 2290 a
3530 2242 3789 2290 militibus

439 2311 699 2373 pudorem
727 2310 1079 2372 objectabant.

1817 2443 1824 2446 -
1831 2426 2338 2456 αφ’-η

1013 2545 1406 2600 ΡΡμΈΕΑΤῙΟ.

570 2637 643 2692 De
669 2636 913 2706 suscepti
939 2636 1128 2702 operis
1157 2635 1389 2689 consitio
1425 2639 1478 2689 et
1513 2641 1854 2702 argumento.

455 2724 960 2783 Gloriosissimam
991 2724 1280 2780 civitatem
1304 2723 1557 2791 Dei,sive
1589 2723 1646 2778 in
1671 2723 1780 2778 hoc
1819 2727 2034 2795 tempo-

383 2832 516 2872 rum
539 2829 874 2878 cursu,cum
907 2813 1058 2868 inter
1074 2812 1288 2883 impios
1311 2801 1712 2883 peregrinatur
1733 2829 1800 2868 ex
1819 2813 1932 2868 ﬁde
1948 2813 2032 2867 vi-

383 2920 524 2961 vens
545 2903 923 2973 (Habac.11,i),
945 2902 1061 2958 sive
1083 2904 1138 2957 iu
1158 2902 1259 2958 illa
1279 2901 1594 2958 stabilitate
1608 2903 1765 2958 sedis
1785 2908 2031 2965 aeternae,

388 3009 561 3066 quam
595 3008 751 3047 nunc
773 2996 1066 3062 exspectat
1089 3006 1189 3061 per
1208 2990 1544 3062 patientiam
1576 2991 1748 3061 (Rom.
1786 3007 1904 3051 vm,
1922 2991 2034 3057 25),

386 3080 1010 3152 quoadusquejustitia
1043 3084 1417 3136 convertatur
1446 3078 1504 3133 in
1528 3079 1817 3149 judicium
1860 3080 2030 3149 (Psal.

385 3187 541 3235 xcm,
558 3170 669 3238 15),
686 3169 957 3240 deinceps
980 3169 1191 3240 adsptu
1202 3187 1259 3224 ra
1276 3186 1378 3240 per
1389 3168 1786 3224 excellentiam
1803 3168 2037 3223 victoria

386 3259 598 3316 ultima
626 3263 683 3316 et
727 3275 866 3331 pace
885 3259 1154 3330 perfecta,
1187 3259 1296 3314 hoc
1336 3273 1508 3329 Opere
1540 3275 1572 3312 a
1601 3263 1658 3312 te
1690 3258 1958 3312 instituto
1993 3256 2034 3323 ί,

387 3354 446 3404 et
507 3364 635 3403 mea
683 3348 1066 3419 promissione
1119 3347 1333 3415 debito,
1380 3348 1687 3402 defendere
1759 3347 2037 3402 adversus

383 3453 483 3492 eos
513 3436 614 3508 qui
645 3435 937 3492 Conditori
966 3437 1092 3508 ejus
1122 3437 1258 3491 deos
1290 3453 1426 3491 suos
1450 3436 1879 3508 praeferuntJili
1904 3435 2038 3490 cha-

384 3525 618 3583 rissime
663 3524 1018 3593 Marcelline,
1051 3525 1300 3596 suscepi.
1337 3526 1610 3593 Magnum
1659 3542 1807 3596 opus
1851 3530 1906 3579 et
1937 3542 2038 3578 ar—

383 3616 565 3671 duum
599 3631 614 3671 :
635 3617 734 3670 sed
759 3615 910 3670 Deus
932 3615 1163 3686 adjutor
1178 3619 1372 3669 noster
1385 3625 1467 3669 est
1484 3615 1654 3684 (Psal.
1675 3615 1866 3684 Lx1,9).
1893 3615 2034 3668 Nam

380 3705 504 3760 scio
535 3705 748 3774 quibus
772 3705 994 3759 viribus
1018 3721 1165 3774 opus
1187 3705 1282 3768 sit,
1301 3713 1351 3759 ul
1382 3704 1804 3773 persuadeatur
1830 3719 2030 3770 super-

378 3795 476 3850 bis
505 3801 726 3867 quanta
755 3798 832 3850 sit
877 3795 1062 3850 virtus
1095 3795 1467 3861 humilitatis,
1504 3810 1620 3863 qua
1654 3794 1716 3847 fit
1747 3799 1808 3848 ut
1837 3795 2036 3849 omnia

385 3883 1264 3955 terrenacacumina,temporali
1285 3883 1604 3938 mobilitate
1620 3884 2032 3949 nutantia,non

382 3974 646 4029 humano
690 3979 975 4045 usurpata
1019 3973 1196 4038 fastu,
1223 3973 1319 4028 sed
1356 3973 1550 4026 divina
1601 3973 1786 4042 gratia
1821 3973 2035 4027 donata

383 4062 674 4117 celsitudo
706 4062 1095 4118 transcendat.
1124 4061 1242 4116 Rex
1255 4061 1411 4116 enim
1433 4066 1489 4115 et
1509 4061 1770 4116 conditor
1787 4060 2035 4116 civitatis

382 4151 586 4222 hujus,
603 4150 673 4207 de
693 4151 981 4223 qualoqui
1001 4150 1459 4217 instituimus,in
1485 4151 1781 4223 Scriptura
1802 4150 2034 4221 populis

383 4243 538 4298 suis'
552 4242 898 4310 sententiam
913 4241 1121 4297 divinis
1139 4241 1663 4314 legisaperuit,qua
1681 4240 1899 4296 dictum
1923 4245 2033 4310 est,

384 4331 526 4388 Deus
557 4331 801 4402 superbis
830 4331 1063 4399 resistit,
1097 4329 1402 4384 humilibus
1443 4334 1625 4385 autem
1655 4329 1749 4384 dat
1784 4331 2032 4398 gratiam

381 4423 594 4489 (Jacobi
614 4438 688 4486 iv,
719 4423 790 4489 6;
824 4425 879 4478 et
912 4421 933 4476 Ι
967 4423 1116 4477 Petr.
1149 4438 1200 4487 v,
1227 4422 1300 4491 5).
1329 4420 1445 4476 Hoc
1469 4436 1598 4475 vero
1624 4421 1779 4491 quod
1804 4420 1903 4476 Dei
1923 4425 2034 4489 est,

382 4511 647 4581 superbe
695 4526 924 4581 quoque
971 4510 1177 4565 animae
1228 4509 1468 4580 spiritus
1508 4508 1751 4564 inﬂatus
1785 4509 2034 4575 ali'ectat,

380 4603 656 4670 amatque
678 4601 791 4655 sibi
822 4599 879 4653 in
910 4599 1182 4655 laudibus
1211 4599 1354 4664 dici,

509 4703 724 4754 Parcere
753 4704 1022 4765 subjectis.
1053 4705 1106 4752 et
1132 4703 1397 4752 debellare
1431 4702 1705 4765 superbos.

728 4764 961 4830 (Virgil.
997 4766 1221 4815 zEneid.
1255 4766 1348 4815 lib.
1377 4765 1425 4821 6,
1460 4764 1596 4814 vers.
1619 4764 1758 4826 854.)

385 4865 549 4923 Unde
577 4867 750 4923 etiam
783 4867 854 4922 de
886 4870 1116 4922 terrena
1145 4865 1393 4935 civitate,
1427 4880 1555 4936 quae
1573 4880 1708 4920 cum
1741 4865 2035 4921 dominari

451 5019 468 5052 1
500 5016 765 5067 Editiones
793 5015 944 5065 Vind.
978 5015 1061 5063 Er.
1105 5015 1228 5064 Lov.
1276 5014 1492 5071 habent,
1523 5012 1594 5060 ad
1660 5020 1706 5060 te
1758 5013 2034 5059 instituto-

382 5081 454 5128 At
482 5080 619 5133 Am.
667 5079 721 5128 id
762 5081 843 5128 est
870 5077 1293 5128 Amerbachiana
1335 5077 1495 5126 editio
1539 5078 1591 5125 et
1620 5077 1797 5138 plures
1843 5076 2038 5136 probae

380 5145 545 5192 notae
573 5143 714 5198 Mss,
746 5157 781 5190 ας
811 5149 860 5188 te
890 5142 1165 5190 instituto.
1198 5141 1528 5202 PrOpositum
1571 5139 1712 5187 enim
1761 5152 1809 5202 a7
1830 5138 2040 5202 Marcel-

377 5207 495 5256 lino
525 5205 579 5252 id
607 5218 738 5267 opus
767 5206 941 5254 fuerat
969 5205 1120 5266 epist.
1153 5200 1735 5262 inter'Augustinianas
1765 5201 1869 5256 136,
1903 5200 2034 5266 n._3.

380 5269 592 5310 insimm
627 5269 946 5310 nmmissnm
974 5267 1041 5310 ab
1087 5267 1382 5310 Auzustino
1431 5263 1660 5310 Epistola
1710 5261 1816 5310 138.
1863 5278 1914 5310 ιι.
1955 5264 2034 5310 2t).

380 5269 592 5344 ipsique
627 5265 946 5330 promissum
974 5265 1041 5315 ab
1087 5267 1382 5327 Augustino
1431 5265 1660 5326 Epistola
1710 5265 1816 5316 138,
1863 5278 1914 5336 ιι..
1955 5265 2035 5322 :20,

380 5331 544 5380 sicuti
556 5344 697 5379 nunc
711 5330 1117 5380 observavimus
1133 5329 1188 5376 in
1205 5328 1495 5377 voluminis
1512 5327 1670 5386 hujus
1692 5327 2033 5386 praefatione.

379 5395 782 5455 Prosequuntur
809 5407 875 5442 ex
909 5393 1189 5455 praedictis
1217 5391 1482 5441 codicibus
1511 5388 1775 5446 nonnulli,
1818 5398 1866 5435 et
1916 5403 2034 5434 mea

377 5456 455 5504 ad
486 5464 534 5503 te
557 5456 932 5514 promissione
961 5455 1151 5502 debito.

447 5519 469 5552 ²
499 5512 584 5567 Sic
613 5519 732 5566 Mss.
765 5519 904 5566 Editi
933 5521 1128 5577 autem,
1175 5514 1372 5579 populi
1418 5514 1528 5562 sui.
1570 5513 1655 5562 Sic
1701 5513 1862 5562 etiam
1909 5512 2035 5560 Cor-

377 5581 612 5630 beiensis
642 5579 750 5629 766.
782 5581 850 5629 M.

444 5644 520 5706 (a)
543 5643 779 5694 Inchoati
795 5645 934 5696 circa
950 5657 1147 5694 annum
1164 5641 1274 5701 413,
1293 5654 1402 5691 non
1429 5639 1657 5690 absoluti
1692 5642 1814 5689 ante
1835 5651 2036 5687 annum

376 5703 498 5761 £26.

2144 2543 2384 2615 appetit,
2401 2542 2509 2598 etsi
2531 2542 2726 2614 populi
2754 2542 3034 2607 serviant,
3051 2543 3178 2614 ipsa
3197 2543 3248 2599 ei
3271 2543 3573 2600 ominandi
3610 2543 3792 2600 libido

2147 2634 2633 2701 dominatur,hon
2656 2637 2744 2688 est
2769 2634 3230 2702 praetereundum
3254 2633 3484 2690 silentio
3504 2633 3792 2706 quidquid

2148 2722 2338 2778 dicere
2351 2723 2597 2794 suscepti
2627 2722 2658 2777 h
2671 2723 2723 2793 uj
2735 2739 2802 2777 us
2817 2723 3008 2794 operis
3031 2723 3176 2779 ratio
3191 2722 3467 2795 postulat,
3481 2728 3537 2780 et
3551 2722 3791 2780 facultas

2149 2812 2340 2868 datur.

2150 2947 2379 3004 CAPUT
2405 2947 2716 3004 PRIMUM.
2737 2979 2802 2988 —
2825 2949 2898 3003 De
2924 2947 3267 3003 adversariis
3285 2947 3526 3003 nominis
3551 2947 3786 3018 Christi,

2219 3037 2413 3107 quibus
2445 3039 2501 3091 in
2521 3037 2831 3092 vastatione
2854 3037 3006 3093 Urbis
3014 3047 3236 3110 propter
3258 3037 3533 3093 Christum
3552 3035 3795 3093 Barbari

2217 3135 2574 3196 pepercerunt
2606 3126 2622 3159 ί
2634 3169 2646 3181 .

2222 3260 2298 3313 Ex
2330 3258 2438 3315 hac
2487 3275 2737 3330 namque
2768 3259 3028 3315 existunt
3057 3259 3303 3326 inimici,
3331 3261 3613 3316 adversus
3646 3277 3794 3333 quos

2149 3349 2395 3404 defenda
2451 3357 2537 3404 est
2597 3350 2695 3405 Dei
2746 3349 2950 3404 civitas
3003 3367 3016 3404 :
3071 3367 3319 3422 quorum
3372 3358 3558 3406 tamen
3599 3352 3792 3420 multi,

2149 3444 2400 3494 correcto
2448 3440 2765 3511 impietatis
2808 3457 3021 3506 errore,
3053 3441 3202 3496 cives
3246 3443 3302 3495 in
3355 3457 3422 3496 ea
3455 3443 3604 3496 fiunt
3647 3442 3794 3498 satis

2147 3527 2367 3594 idonei;
2392 3528 2558 3582 multi
2594 3544 2726 3583 vero
2753 3530 2808 3582 in
2826 3545 2949 3583 eam
2970 3531 3546 3584 tantisexardescunt
3562 3530 3796 3602 ignibus

2148 3617 2432 3680 odiorum,
2450 3621 2684 3687 tamque
2718 3618 3048 3672 manifestis
3072 3619 3364 3672 beneficiis
3388 3619 3792 3690 Redemptoris

2147 3707 2276 3775 ejus
2311 3705 2524 3773 ingrati
2558 3691 2716 3769 sunt,
2744 3712 2807 3758 ut
2840 3706 3008 3760 hodie
3041 3712 3240 3760 contra
3262 3722 3386 3759 eam
3420 3707 3653 3777 linguas
3676 3724 3791 3762 non

2151 3798 2468 3857 moverent,
2504 3795 2612 3847 nisi
2651 3796 2864 3847 ferrum
2900 3793 3111 3848 hostile
3136 3795 3442 3861 fugientes,
3467 3795 3522 3848 in
3551 3795 3791 3850 sacratis

2147 3886 2269 3950 ejus
2326 3883 2467 3936 locis
2508 3885 2710 3944 vitam,
2743 3886 2812 3937 de
2866 3900 2979 3954 qua
3029 3884 3398 3948 superbiunt,
3447 3883 3790 3939 invenirent.

2145 3977 2353 4030 Annon
2376 3972 2550 4028 etiam
2576 3973 2659 4026 illi
2690 3973 2932 4028 Romani
2955 3974 3166 4028 Christi
3187 3973 3792 4043 nominiinfestisunt,

2147 4065 2361 4135 quibus
2397 4070 2626 4135 propter
2654 4063 2952 4119 Christum
2989 4063 3220 4118 Barbari
3260 4064 3792 4133 perpecerunt?Te-

2145 4159 2372 4208 stantur
2394 4153 2500 4208 hoc
2526 4159 2843 4224 martyrum
2872 4153 2996 4208 loca
3015 4157 3071 4207 et
3091 4151 3790 4222 basilicaaApostolorum,

2147 4262 2270 4316 quas
2305 4242 2361 4298 in
2387 4242 2484 4297 illa
2507 4243 2826 4298 vastatione
2850 4242 3022 4298 Urbis
3047 4243 3115 4296 ad
3146 4259 3206 4298 se
3228 4244 3633 4314 confugientes
3656 4259 3792 4299 suos

2146 4332 2475 4402 alienosque
2527 4339 2861 4402 receperunt
2895 4332 2994 4404 (a).
3027 4335 3344 4402 Hucusque
3383 4341 3659 4388 cruentus
3687 4349 3792 4388 sre-

2146 4421 2337 4476 viebat
2369 4406 2776 4486 inimicusiibi
2800 4419 3120 4492 accipiebat
3150 4419 3394 4476 limitem
3429 4421 3795 4478 trucidatoris

2149 4509 2832 4566 furorzilloducebaotur
2856 4526 2889 4563 a
2921 4509 3337 4577 miserantibus
3369 4509 3639 4565 hostibus
3669 4509 3795 4582 qui-

2149 4601 2257 4655 bus
2272 4599 2444 4654 etiam
2457 4603 2619 4654 extra
2635 4599 2755 4669 ipsa
2771 4598 2894 4654 loca
2915 4607 3304 4670 pepercerant,
3322 4615 3392 4654 ne
3409 4599 3463 4652 in
3481 4615 3574 4654 eos
3605 4597 3796 4654 incur-

2149 4687 2466 4759 rerent.qui
2485 4687 2738 4742 similem
2767 4687 3218 4743 misericordiam
3245 4703 3360 4742 non
3383 4687 3670 4742 habebant
3694 4686 3793 4758 (ὑ).

2148 4776 2255 4842 Qui
2280 4781 2473 4831 tamen
2500 4775 2800 4846 etiamipsi
2834 4775 2971 4831 alibi
3000 4781 3197 4830 truces
3216 4780 3389 4846 atque
3420 4775 3613 4830 hostili
3640 4791 3797 4830 more

2149 4864 2472 4933 saivientes,
2506 4870 2880 4936 posteaquam
2931 4864 2999 4919 ad
3036 4863 3161 4919 loca
3205 4862 3302 4918 illa
3333 4863 3664 4932 veniebant,
3698 4862 3797 4919 ubi

2220 5014 2228 5044 ι
2271 5010 2407 5058 Editi
2438 5011 2657 5061 addunt,
2678 5009 2855 5059 victis.
2879 5010 3021 5068 Quae
3037 5024 3143 5060 vox
3172 5011 3322 5060 abest
3342 5024 3375 5060 a
3402 5009 3798 5071 manuscriptis.

2218 5075 2284 5133 (τι)
2322 5072 2555 5129 Orosius,
2613 5072 2704 5119 lib.
2735 5071 2784 5126 7.
2815 5086 2926 5134 cap.
2975 5073 3054 5131 39,
3103 5075 3287 5124 scribit
3334 5075 3601 5122 Alaricum
3646 5075 3801 5134 capta

2153 5136 2286 5184 Urbe
2317 5139 2651 5198 praeceptum
2683 5135 2791 5182 suis
2820 5137 2918 5184 hoc
2947 5136 3169 5191 dedisse,
3193 5157 3216 5179 «
3251 5139 3310 5184 ut
3339 5137 3381 5184 si
3411 5137 3500 5197 qui
3532 5137 3801 5198 in_sancta

2152 5219 2175 5240 οι
2209 5196 2339 5247 Ιοςιί.
2377 5196 2753 5260 praeeipueque
2782 5199 2849 5246 ad
2870 5202 3171 5247 sanctorum
3211 5196 3569 5260 apostolOrum
3591 5196 3726 5260 Petri
3748 5201 3800 5246 et

2151 5281 2175 5304 οι
2211 5263 2357 5310 l’auli
2382 5259 2645 5308 basilicas
2683 5261 3061 5321 confugissent,
3101 5263 3195 5309 hoc
3225 5259 3484 5322 imprimis
3514 5259 3802 5309 inviolatos

2153 5345 2177 5366 «ι
2214 5338 2529 5384 securosque
2554 5337 2665 5370 esse
2696 5323 2944 5372 sinerent.
2978 5343 3002 5365 »

2210 5389 2283 5447 (1))
2307 5388 2448 5434 Hanc
2470 5386 2818 5433 Barbarorum
2841 5387 3224 5434 humanitatem
3252 5385 3498 5448 expertae
3518 5387 3645 5433 sunt
3661 5385 3804 5434 Mar-

2152 5449 2283 5496 cella
2305 5452 2354 5496 et
2382 5449 2494 5496 lilia
2515 5449 2629 5508 ejus
2651 5448 2929 5509 Principia.
2953 5464 3086 5509 quas
3106 5450 3158 5495 in
3182 5462 3277 5495 sua
3306 5449 3460 5496 domo
3483 5462 3553 5501 re;
3577 5453 3718 5498 ertas
3734 5451 3801 5497 ad

2151 5511 2426 5558 basilicam
2446 5511 2494 5557 S.
2521 5510 2667 5558 Pauli
2688 5512 3040 5568 deduxerunt,
3078 5512 3207 5559 teste
3236 5510 3554 5573 Hieronymo
3583 5511 3634 5559 in
3659 5512 3800 5573 Epis-

2150 5574 2259 5622 tola
2283 5574 2387 5628 154,
2416 5574 2481 5620 ad
2502 5573 2834 5635 Principiam.
2859 5575 2926 5622 De
2947 5575 3054 5623 alia
3073 5573 3270 5621 femina
3292 5573 3358 5621 ad
3380 5573 3431 5622 S.
3456 5575 3595 5623 Petri
3614 5573 3798 5623 basili-

2149 5649 2282 5690 cam,
2306 5640 2367 5700 ut
2394 5636 2509 5697 ejus
2528 5637 2716 5698 pudori
2735 5639 3056 5700 parceretur,
3086 5635 3340 5698 perducta
3358 5651 3390 5688 a
3410 5639 3594 5695 milite,
3615 5639 3798 5689 narrat

2150 5700 2278 5751 item
2310 5697 2645 5759 Sozomenus,
2677 5697 2753 5749 lib
2779 5699 2828 5757 9.
2858 5713 2970 5764 cap.
3005 5697 3102 5747 1οί
3531 5713 3534 5716 ~
