4128 6190
348 354 418 412 1'1
1770 344 2011 404 LIBER
2051 345 2380 409 PRIMUS.
3681 357 3760 419 13

341 486 574 552 Quanto
603 481 760 539 enim
789 479 1116 553 sapientius
1153 476 1433 546 creditur,
1463 490 1579 532 non
1629 478 1875 530 Romam
1925 476 1999 532 ad

344 573 523 630 istam
541 572 766 629 cladem
786 586 903 628 non
921 568 1103 625 fuisse
1120 570 1443 635 venturam,
1461 564 1575 621 nisi
1590 564 1750 635 prius
1771 563 1855 621 illi
1871 581 2000 636 per-

346 662 571 731 issent;
608 662 721 718 sed
755 659 888 717 illos
939 658 1131 729 potius
1162 656 1305 712 olim
1338 655 1515 711 fuisse
1546 654 1850 727 perituros,
1887 653 2000 709 nisi

346 772 470 823 eos,
493 756 782 825 quantum
816 750 1121 823 potuisset,
1144 748 1325 803 Roma
1354 745 1680 802 servasset?
1700 749 1841 800 Nam
1874 744 2002 815 quis

351 860 492 913 non,
537 859 672 899 cum
722 839 1057 906 adverterit,
1101 838 1308 903 videat,
1359 839 1578 908 quanta
1626 835 1705 890 sit
1746 835 2002 889 vanitate

355 936 800 1006 presumptum,
822 946 937 985 non
967 940 1138 1000 posse
1166 926 1315 982 vinci
1346 926 1458 982 sub
1486 923 1887 980 defensoribus
1916 922 2002 977 vi-

353 1023 488 1087 ctis,
520 1026 576 1077 et
604 1019 733 1076 ideo
765 1017 1002 1090 perisse,
1038 1016 1180 1089 quia
1228 1015 1498 1071 custodes
1547 1009 1799 1093 perdidit
1827 1013 2002 1081 deos;

354 1126 488 1166 cum
518 1109 607 1165 vel
629 1107 753 1165 sola
776 1106 1027 1180 poluerit
1046 1119 1175 1161 esse
1204 1120 1384 1159 causa
1405 1101 1709 1175 pereundi,
1732 1100 2003 1156 custodes

352 1198 566 1255 habere
593 1197 849 1253 voluisse
881 1195 1171 1267 perituros
1191 1193 1220 1247 ?
1239 1196 1365 1248 Non
1388 1191 1609 1261 itaque,
1634 1205 1765 1246 cum
1789 1189 1860 1244 de
1890 1189 2002 1245 diis

350 1288 525 1344 victis
540 1285 642 1343 illa
657 1286 1168 1343 conscriberentur
1185 1289 1355 1354 atque
1376 1282 1743 1346 canerentur,
1758 1281 1959 1349 poetas
1982 1276 2001 1312 ¹

348 1377 570 1433 libebat
599 1375 850 1444 mentiri,
874 1375 974 1431 sed
998 1373 1266 1429 cordatus
1297 1364 1567 1427 homines
1593 1369 1837 1440 cogebat
1855 1366 2002 1422 veri-

346 1470 440 1524 tas
453 1464 954 1523 confiteri.Verum
975 1463 1090 1518 ista
1104 1457 1614 1533 Opportuniusalio
1629 1449 1751 1513 loco
1766 1455 2004 1529 diligen-

346 1560 435 1612 ter
447 1556 795 1628 copioseque
807 1552 1108 1609 tractanda
1122 1554 1263 1607 sunt
1279 1568 1295 1631 ξ
1309 1548 1622 1619 nuncquod
1641 1546 2007 1601 institueram

349 1645 422 1702 de
444 1644 693 1716 ingratis
719 1642 1056 1699 hominibus
1077 1641 1290 1710 dicere,
1318 1653 1629 1711 parumper
1653 1635 1935 1707 explicem
1959 1634 2000 1704 ε,

352 1740 421 1791 ut
450 1749 730 1807 possum:
767 1732 868 1806 qui
900 1748 969 1787 ea
999 1729 1173 1796 mala,
1206 1745 1332 1801 quas
1365 1744 1466 1799 pro
1498 1742 1740 1781 suorum
1773 1740 2003 1781 morum

348 1824 723 1895 perversitate
738 1822 935 1878 merito
953 1820 1276 1896 patiuntur,
1290 1816 1668 1888 blaspheman
1677 1819 1763 1871 tes
1777 1813 2004 1869 Christo

350 1914 692 1984 imputant;
727 1913 882 1984 quod
933 1916 1128 1967 autem
1161 1908 1277 1965 illis
1305 1908 1474 1964 etiam
1507 1906 1727 1984 talibus
1768 1909 2007 1976 propter

351 1980 654 2059 Christum
682 1980 966 2074 parcitur,
999 2016 1106 2057 nec
1136 1998 1448 2069 dignantur
1476 1980 1796 2062 attebdere,
1829 2002 2005 2051 eLeas

346 2090 586 2164 linguas
603 2092 885 2147 adversus
902 2091 1030 2161 ejus
1043 2102 1253 2144 nomen
1267 2086 1559 2142 dementia
1571 2082 1862 2155 sacrilega
1879 2099 2006 2154 pro-

342 2183 635 2240 tervitatis
663 2179 687 2216 ³
716 2187 1008 2244 exercent,
1041 2178 1260 2252 quibus
1312 2176 1534 2249 linguis
1580 2175 2007 2245 usurpaverant

340 2271 712 2329 mendaciter
739 2271 939 2343 ipsum
962 2285 1198 2333 nomen,
1216 2271 1280 2322 ut
1299 2266 1557 2322 viverent
1579 2281 1594 2332 ;
1617 2264 1706 2320 vel
1729 2278 1872 2334 quas
1894 2261 2007 2318 lin-

334 2377 498 2433 guas
529 2363 589 2417 in
620 2360 769 2417 locis
800 2360 855 2415 ei
885 2358 1129 2414 sacratis
1177 2355 1490 2412 metuendo
1539 2356 1901 2426 presserunt,
1944 2354 2009 2407 ut

335 2450 473 2506 illic
501 2450 619 2505 tuti
652 2453 827 2518 atque
856 2447 1072 2503 muniti
1100 2446 1144 2512 ⁴,
1176 2444 1273 2502 ubi
1308 2452 1540 2515 propter
1568 2458 1703 2498 eum
1736 2440 1903 2497 illesi
1938 2441 2009 2496 ab

332 2538 624 2594 hostibus
656 2536 916 2602 fuerunt,
938 2534 1152 2592 indein
1178 2549 1315 2590 eum
1340 2531 1666 2588 maledictis
1697 2528 2010 2587 hostilibus

336 2624 719 2698 prosilirent.

337 2712 582 2771 CAPUT
613 2716 704 2770 IV.
737 2744 809 2757 —
840 2714 912 2770 De
940 2713 1094 2785 asylo
1138 2709 1374 2768 lunonis
1422 2708 1484 2763 in
1527 2709 1700 2780 Troja,
1733 2708 1878 2782 quod
1908 2724 2010 2765 ne—

416 2804 630 2861 minem
664 2803 925 2860 liberavit
943 2819 978 2859 a
1002 2804 1218 2872 Graecis,
1243 2810 1296 2862 et
1328 2801 1575 2861 basilicis
1604 2801 2007 2875 Apostolorum,

420 2906 549 2965 quae
597 2908 785 2950 omnes
830 2893 901 2949 ad
940 2909 998 2950 se
1022 2896 1402 2967 confugientes
1431 2912 1468 2951 α
1495 2892 1765 2950 Barbaris
1812 2890 2010 2959 defen-

417 2982 635 3039 derunt.

417 3071 572 3145 Ipsa,
603 3077 668 3128 ut
712 3072 851 3144 dixi,
893 3074 1089 3144 Troja,
1124 3078 1310 3133 mater
1357 3072 1555 3149 populi
1603 3070 1851 3129 Romani
1904 3070 2009 3143 (a),

350 3162 601 3218 sacratis
621 3161 681 3217 in
702 3161 842 3220 locis
863 3162 1108 3220 deorum
1140 3181 1380 3221 suorum
1415 3163 1646 3219 munire
1675 3178 1790 3217 non
1824 3159 2012 3232 potuit

347 3250 509 3308 cives
534 3267 673 3307 suos
706 3252 778 3307 ab
809 3252 1045 3325 ignibus
1078 3254 1344 3326 ferroque
1384 3253 1744 3322 Graecorum,
1774 3249 2008 3307 eosdem

344 3341 517 3413 ipsos
547 3340 687 3397 deos
718 3339 1069 3406 colentium:
1101 3345 1245 3417 quin
1277 3346 1474 3413 etiam,

1376 3451 1608 3502 Junonis
1635 3450 1788 3514 asylo

434 3512 694 3578 Custodes
720 3512 863 3567 lecti.
893 3513 1120 3578 Phoenix
1152 3516 1207 3564 et
1234 3515 1386 3564 dirus
1415 3515 1663 3578 Ulyssesr
1704 3512 1740 3528 "

438 3576 696 3641 Ifraedam
724 3576 1078 3641 asservabant
1108 3591 1121 3626 :
1153 3579 1258 3628 huc
1286 3576 1522 3641 undique
1550 3577 1706 3626 Troia
1733 3586 1864 3637 gaza

447 3637 683 3703 incensis
710 3642 891 3701 erepta
918 3640 1116 3702 adytis.
1146 3637 1465 3703 mensaeque
1498 3642 1734 3703 deorum.

449 3701 794 3766 Crateresque
821 3715 952 3751 auro
981 3701 1154 3757 solidi.
1185 3701 1503 3766 captivaque
1531 3702 1697 3766 vestis

443 3762 757 3828 Conseritur
781 3778 794 3813 :
824 3766 978 3828 pueri
1005 3768 1060 3815 et
1086 3762 1313 3828 pavidae
1340 3762 1498 3827 longo
1527 3765 1712 3814 ordine
1742 3764 1945 3814 matres

440 3826 598 3876 Stant
626 3826 841 3876 circum:

611 3890 846 3952 (Virgil.
876 3889 1083 3939 λΕηείἀ
1108 3889 1203 3939 lib.
1235 3891 1282 3954 2,
1314 3907 1455 3943 vers.
1483 3889 1740 3951 761-767).

345 3985 586 4044 Electus
610 3993 700 4044 est
726 3987 995 4047 videlicet
1021 3990 1183 4047 locus
1209 3995 1381 4047 tantae
1413 3992 1531 4047 deas
1572 3995 1852 4053 sacrato,
1885 4005 2001 4045 non

345 4077 504 4133 unde
522 4078 783 4150 captivos
810 4096 926 4136 non
957 4070 1157 4136 liceret
1182 4082 1447 4150 educere,
1484 4080 1583 4137 sed
1617 4079 1718 4136 ubi
1747 4079 2001 4149 captivos

340 4164 558 4223 liberet
589 4167 903 4226 includere.
928 4168 1214 4242 Compara
1244 4186 1397 4226 nunc
1426 4169 1654 4241 asylum
1684 4168 1852 4235 illud,
1885 4183 2001 4223 non

337 4254 764 4327 cujuslibetdei
788 4258 1062 4330 gregalis,
1080 4257 1166 4314 vel
1190 4259 1258 4314 de
1280 4259 1452 4315 turba
1470 4258 1678 4329 plebis,
1694 4257 1789 4314 sed
1808 4255 1962 4312 Jovis
1977 4254 2001 4288 ⁵

342 4345 774 4418 ipsius'sororis
796 4348 1131 4420 etconjugis
1145 4352 1200 4403 et
1213 4348 1426 4420 reginas
1449 4347 1711 4405 omnium
1735 4348 1997 4423 deorum,

337 4451 485 4523 cuin
504 4437 802 4492 memoriis
826 4442 1162 4493 nostrorum
1184 4438 1613 4509 Apostolorum.
1638 4437 1782 4521 Illuc
1801 4438 1998 4494 incen-

338 4524 427 4579 sis
470 4510 711 4597 templis
741 4531 798 4580 et
826 4525 937 4581 diis
989 4531 1189 4598 erepta
1228 4526 1415 4598 spolia
1446 4510 1847 4599 portabantur,
1883 4543 1997 4583 non

338 4612 638 4669 reddenda
658 4614 824 4671 victis
843 4613 885 4679 ⁸,
911 4615 1009 4671 sed
1033 4614 1345 4672 dividenda
1373 4615 1719 4686 victoribus;
1748 4615 1863 4672 huc
1894 4634 1994 4672 au—

405 4780 424 4816 ι
448 4778 596 4833 ιον..
628 4778 827 4847 poetis.
874 4777 1080 4847 Cae_t_eri
1112 4778 1256 4838 libri,
1278 4787 1487 4847 poetas,
1535 4780 1821 4847 accusandi
1834 4793 1999 4847 ~casu,

338 4855 505 4904 quem
535 4841 715 4897 verbo,
748 4841 893 4901 libet,
924 4843 1211 4904 adiungere
1251 4845 1396 4891 amat
1443 4844 1785 4904 Augustinus.
1830 4843 1914 4895 Sic
1940 4841 1998 4892 in

336 4905 481 4969 libro
511 4905 740 4969 secundo
768 4906 1235 4969 Retractationum.
1285 4918 1399 4968 cap.
1433 4906 1496 4955 25
1520 4919 1531 4954 :
1561 4925 1588 4951 «
1614 4905 1674 4954 In
1703 4918 1786 4954 me
1821 4908 1998 4969 potius

336 4967 530 5042 (licens
561 4967 822 5042 quidquid
846 4982 972 5042 eum
992 4968 1236 5042 libuit.)

407 5029 550 5094 “ﬁt.
580 5032 636 5094 et
660 5029 866 5092 aliquot
892 5032 1089 5094 probae
1116 5033 1274 5081 notae
1291 5031 1657 5094 manuscripti,
1688 5031 1993 5092 expediam.

330 5046 430 5131 ...⁸
438 5046 1047 5143 sii'eiiati’t“°iet’°ti‘

402 5154 615 5220 3_Vind.
646 5157 762 5205 Am.
813 5158 881 5220 et
916 5157 1150 5219 plerique
1187 5158 1556 5220 manuscripti,
1590 5157 1994 5219 perversitalis.

337 5246 407 5255 —
437 5217 523 5267 Sic
550 5219 714 5267 etiam
743 5233 798 5269 n.
827 5217 938 5268 7661
969 5221 1035 5268 M.

404 5282 441 5346 ‘7
458 5280 608 5336 Lov.,
638 5291 805 5344 atque
833 5283 1047 5332 muniti
1067 5291 1263 5345 essent,
1281 5293 1333 5333 et
1353 5283 1447 5331 ubi
1468 5291 1686 5345 propter
1704 5298 1852 5337 eum,
1875 5286 1995 5346 etc.,

337 5344 618 5456 adigit-lite;
648 5354 825 5393 essent
851 5354 919 5405 et,
950 5346 1138 5395 invitis
1165 5345 1409 5395 omnibus
1437 5344 1590 5395 libris
1617 5346 1775 5395 editis
1802 5348 1855 5396 et
1883 5344 2000 5395 me?

340 5421 416 5456 nu
531 5422 562 5456 n
609 5421 653 5456 s.

340 5420 653 5468 nuscripus.
930 5456 935 5469 ,

406 5469 521 5534 5/in
551 5470 587 5516 Β
615 5506 628 5528 ,
658 5469 752 5534 sed
776 5470 841 5518 de
867 5471 1025 5520 Jovis
1052 5487 1070 5520 .'
1099 5473 1363 5534 corrupte.
1399 5472 1467 5520 M.

407 5498 428 5505 '
458 5498 521 5517 ιιι
551 5498 587 5516 υ
615 5506 628 5528 9
658 5498 747 5519 ᾱσιι
776 5498 839 5518 uo
867 5498 1023 5520 νυνισ
1052 5507 1065 5520 ο
1099 5498 1363 5534 ωινινυνιτῠ.
1400 5498 1449 5520 ιιι

376 5498 459 5635 /
457 5532 642 5581 Plures
669 5532 813 5593 Mss,
845 5548 957 5582 non
986 5534 1247 5582 donanda
1276 5534 1454 5582 victis.

403 5598 481 5635 (at
516 5593 818 5635 Sallustius-
851 5610 965 5635 nam
994 5595 1025 5635 6
1052 5597 1172 5635 lihri
1204 5598 1269 5635 da
1296 5597 1454 5635 Cnnin

403 5593 819 5659 (giSalluﬁstius,
851 5610 965 5659 cap.
994 5595 1025 5645 6
1052 5597 1177 5645 libri
1204 5598 1269 5645 de
1296 5597 1674 5658 Coniuratioue
1702 5596 1961 5645 Catilinae
1983 5609 1995 5645 :

336 5670 367 5705 «κ
416 5657 613 5722 Urbem
656 5657 1094 5722 Romamfsicuti
1128 5672 1223 5722 ego
1271 5657 1464 5721 accepi,
1517 5659 1795 5722 condidere
1841 5661 2000 5721 atque

334 5720 578 5786 habuere
606 5739 633 5765 ιι
676 5721 834 5772 initio
874 5722 1106 5784 Troiani,
1137 5720 1229 5786 qui
1258 5720 1418 5772 Eneti
1444 5722 1575 5772 duce
1602 5721 1811 5784 profugi
1835 5720 2002 5770 incer-

342 5786 418 5834 tis
448 5784 665 5834 sedibus
695 5786 1049 5849 vagabantur.
1156 5784 1170 5786 ἡ
1974 5820 1993 5855 ι

2118 483 2250 546 tem,
2276 480 2333 534 et
2362 479 2512 549 quod
2547 479 2683 535 alibi
2715 481 2784 536 ad
2814 496 2881 537 ea
2911 481 3038 539 loca
3068 490 3432 556 compertum
3465 490 3555 543 est
3586 489 3763 559 perti-

2116 582 2271 633 nere,
2288 583 2422 621 cum
2445 566 2663 624 honore
2684 572 2741 624 et
2760 570 3037 643 obsequio
3056 571 3494 645 religiosissime
3517 583 3765 647 reporta-

2112 657 2239 709 tum
2255 656 2448 723 est(a).
2465 655 2546 710 lbi
2561 656 2794 729 amissa,
2812 657 2907 715 hic
2924 665 3143 716 servata
3162 661 3424 732 libertas;
3446 663 3524 718 ibi
3541 664 3764 734 clausa,

2114 742 2207 797 hic
2228 743 2535 799 interdicta
2556 747 2890 817 captivitas;
2909 748 2989 804 ibi
3014 750 3347 820 possidendi
3365 770 3397 807 a
3413 752 3767 810 dominanti-

2117 835 2225 889 bus
2250 833 2516 891 hostibus
2538 839 2967 908 premebantur,
2983 839 3095 896 huc
3116 841 3401 899 liberandi
3428 862 3460 899 a
3482 844 3765 901 miseran-

2113 922 2272 979 tibus
2296 924 2716 980 ducebantur':
2744 930 3462 998 postremoilludJunonis
3481 933 3762 1005 templum

2115 1012 2227 1068 sibi
2274 1012 2525 1085 elegerat
2575 1015 2818 1071 avaritia
2861 1021 2918 1073 et
2957 1020 3230 1089 superbia
3276 1020 3489 1077 levium
3532 1022 3759 1081 Graeco-

2115 1117 2179 1155 ru
2192 1118 2245 1156 m
2269 1102 2374 1172 (b);
2396 1102 2539 1158 istas
2552 1102 2767 1160 Christi
2793 1105 3064 1162 basilicas
3081 1108 3480 1166 misericordia
3499 1111 3763 1167 ethumi—

2114 1190 2251 1247 litas
2302 1191 2475 1246 etiam
2520 1192 2868 1250 immanium
2927 1194 3311 1254 Barbarorum
3353 1198 3394 1253 ².
3436 1199 3565 1255 Nisi
3616 1201 3762 1256 forte

2112 1280 2292 1335 Graeci
2325 1280 2563 1351 quidem
2599 1283 2651 1336 in
2686 1281 2787 1338 illa
2834 1299 2942 1338 sua
2988 1284 3229 1340 victoria
3259 1287 3490 1359 templis
3520 1274 3761 1345 deorum

2112 1371 2516 1425 communium
2533 1371 2598 1443 (ε)
2622 1380 3023 1443 pepercerunt,
3048 1379 3217 1444 atque
3239 1374 3339 1431 illo
3359 1376 3762 1449 confugientes
3806 1434 3819 1442 τ

2114 1460 2356 1516 miseros
2382 1462 2679 1532 victosque
2708 1462 2991 1532 Trojanos
3017 1465 3182 1539 ferire
3213 1467 3300 1520 vel
3330 1466 3622 1537 captivare
3646 1483 3766 1525 non

2114 1550 2238 1605 ausi
2268 1556 2440 1617 sunt;
2477 1550 2576 1605 sed
2608 1549 2911 1621 Virgilius,
2935 1546 3233 1622 poetarum
3261 1571 3441 1624 more,
3475 1554 3577 1610 illa
3608 1572 3767 1612 men-

2114 1639 2254 1694 titus
2286 1644 2395 1695 est.
2431 1639 2554 1695 Imo
2587 1656 2719 1697 vero
2753 1657 2975 1698 morem
3009 1641 3265 1699 hostium
3298 1644 3565 1701 civitates
3604 1662 3768 1702 ever-

2112 1729 2363 1785 tentium
2394 1729 2491 1786 ille
2522 1731 2853 1803 descripsit.

2113 1860 2349 1918 CAPUT
2369 1861 2436 1918 V.
2460 1893 2528 1903 ——
2550 1864 2623 1919 De
2642 1864 2894 1935 generali
2922 1864 3316 1922 consuetudine
3334 1865 3575 1922 hostium
3595 1864 3769 1923 victas

2277 1951 2526 2007 civitates
2554 1955 2934 2023 evertenlium,
2968 1954 3100 2025 quid
3128 1957 3328 2012 Caesar
3355 1953 3607 2010 senserit.

2189 2086 2372 2150 Quem
2404 2103 2621 2143 morem
2654 2087 2828 2144 etiam
2856 2091 3038 2144 Caesar
3068 2090 3087 2124 ³
3118 2089 3292 2161 (sicut
3342 2091 3544 2147 scribit
3573 2090 3767 2149 Sallu-

2116 2177 2287 2246 stius,
2311 2178 2629 2235 nobilitata:
2648 2178 2672 2212 ⁴
2697 2180 2951 2237 veritatis
2973 2180 3308 2253 historicus)
3332 2185 3618 2240 sententia
3639 2199 3765 2249 sua,

2116 2284 2291 2339 quam
2325 2268 2396 2324 de
2420 2270 2739 2339 conjuratis
2756 2270 2813 2324 in
2832 2276 3039 2326 senatu
3061 2270 3282 2337 habuit,
3307 2287 3765 2329 commemorare

2117 2376 2233 2415 non
2264 2357 2686 2430 prastermittit:
2725 2381 2752 2409 ιι
2786 2358 2929 2430 Rapi
2979 2360 3256 2431 virgines,
3294 2376 3543 2432 pueros;
3571 2357 3768 2416 divelli
3808 2404 3809 2407 η

2117 2448 2335 2504 liberos
2365 2465 2399 2504 a
2426 2452 2728 2520 parentum
2778 2448 3105 2520 complexu,
3141 2455 3356 2506 matres
3403 2449 3760 2506 familiarum

2119 2538 2235 2609 pati
2270 2554 2394 2607 quae
2414 2537 2737 2593 victoribus
2767 2537 3125 2595 collibuisset
3145 2539 3186 2609 ⁸,
3211 2540 3341 2595 fana
3363 2544 3539 2611 atque
3561 2540 3767 2596 domos
3842 2526 3845 2533 “

2119 2622 2386 2700 spoliari,
2419 2628 2657 2698 eisdem,
2698 2628 2969 2685 incendia
3016 2628 3180 2697 ﬁeri;
3215 2632 3507 2702 postremo
3556 2630 3761 2699 armis,

2121 2717 2740 2786 cadaveribus,cruore
2760 2722 2938 2791 atque
2959 2718 3119 2787 luctu
3140 2718 3336 2776 omnia
3357 2717 3607 2791 repleri»
3629 2718 3772 2788 (Sal-

2125 2805 2251 2863 lust.
2311 2807 2377 2863 de
2423 2806 2816 2880 Conjuralione
2860 2807 3155 2877 Catilina,
3214 2824 3337 2880 cap.
3383 2809 3498 2880 51).
3560 2807 3664 2865 Hic
3717 2809 3769 2864 si

2121 2896 2255 2953 {ana
2280 2897 2575 2967 tacuisset,
2596 2898 2839 2955 deorum
2864 2897 3100 2954 sedibus
3123 2898 3307 2955 solere
3330 2897 3522 2954 hostes
3543 2914 3773 2971 parcere

2121 2990 2483 3056 putaremus.
2512 2990 2576 3040 Et
2599 2988 2715 3043 haec
2748 3003 2862 3042 non
2887 2986 2959 3043 ab
2979 2987 3319 3060 alienigenis
3351 2987 3641 3058 hostibus,
3664 2988 3769 3043 sed

2121 3092 2156 3131 a
2185 3075 2434 3131 Catilina
2449 3078 2507 3130 εἰ
2526 3076 2703 3132 sociis
2724 3078 2874 3147 ejus,
2898 3076 3284 3134 nobilissimis
3318 3077 3689 3134 senatoribus
3711 3082 3767 3133 et

2120 3164 2401 3220 Romanis
2423 3165 2667 3235 civibus,
2683 3165 2939 3221 Romana
2956 3166 3177 3238 templa
3197 3169 3554 3224 metuebant.
3570 3165 3681 3223 Sed
3701 3165 3763 3221 hi

2118 3254 2384 3311 videlicet
2414 3255 2619 3327 perditi
2650 3260 2707 3313 et
2736 3254 2938 3328 patria
2968 3254 3295 3328 parricidae.

2118 3395 2350 3454 CAPUT
2387 3398 2476 3454 VI.
2507 3428 2579 3441 —
2619 3396 2768 3467 Quod
2814 3414 2913 3454 nec
2960 3398 3192 3454 Romani
3232 3398 3451 3469 quidem
3496 3396 3577 3454 ita
3623 3398 3768 3455 ullas

2187 3490 2431 3559 ceperint
2486 3486 2760 3556 civitates,
2792 3493 2853 3543 ut
2896 3489 2956 3543 in
3003 3489 3219 3560 templis
3248 3504 3443 3544 earum
3468 3495 3768 3561 parcerent

2191 3577 2367 3633 victis.

2186 3711 2329 3776 Quid
2365 3726 2500 3782 ergo
2531 3726 2633 3781 per
2661 3710 2875 3767 multas
2917 3717 3137 3781 gentes,
3165 3726 3294 3781 quae
3333 3710 3483 3767 inter
3513 3723 3574 3766 se
3616 3708 3768 3767 bella

2112 3804 2421 3872 gesserunt
2436 3805 2491 3855 et
2510 3815 2799 3870 nusquam
2818 3799 2987 3855 victis
3005 3801 3065 3854 in
3088 3801 3332 3854 deorum
3354 3814 3597 3855 suorum
3621 3799 3768 3854 sedi-

2110 3892 2220 3948 bus
2250 3898 2654 3964 pepercerunt,
2679 3896 2878 3948 noster
2898 3907 3091 3948 sermo
3121 3890 3453 3947 discurrat?
3476 3890 3768 3947 Romanos

2108 3983 2269 4055 ipsos
2289 3982 2590 4039 videamus
2612 3999 2627 4038 :
2653 3982 2830 4053 ipsos,
2855 3982 3117 4054 inquam,
3140 3980 3470 4039 recolamus
3492 3978 3767 4053 respicia-

2176 4215 2190 4248 1
2224 4211 2285 4260 In
2312 4212 2389 4267 B.,
2423 4226 2460 4261 α
2486 4210 2891 4260 miserantibus
2932 4209 3175 4259 hostibus
3222 4206 3604 4265 ducebantur;
3646 4218 3761 4256 ver-

2106 4276 2252 4336 bum,
2279 4274 2543 4331 hostilms,
2564 4274 2653 4325 hic
2680 4273 2997 4323 sustulimus
3014 4286 3083 4321 ex
3108 4271 3428 4322 auctoritate
3454 4272 3759 4320 nostrorum

2106 4339 2227 4387 Mss.
2259 4339 2324 4387 M.

2128 4398 2133 4402 ’
2170 4401 2192 4435 ²
2222 4402 2315 4450 Hic
2341 4400 2529 4463 incipit
2557 4401 2716 4463 caput
2741 4399 2774 4463 5
2800 4400 2860 4448 in
2888 4398 3010 4463 Mss.

2170 4466 2191 4499 3
2224 4463 2378 4512 Vind.
2398 4456 2479 4511 Er.
2504 4466 2557 4512 et
2596 4456 2699 4512 Mss
2729 4462 2987 4511 Gallicani
3010 4475 3069 4510 ac
3087 4459 3329 4515 Romani.
3349 4458 3497 4510 Cato.
3516 4456 3617 4506 Sed
3632 4457 3760 4520 quia

2104 4528 2270 4577 verba
2300 4540 2444 4575 nunc
2470 4527 2692 4575 laudata
2734 4526 2802 4573 ab
2843 4524 3141 4585 Augustino
3186 4523 3427 4573 Caesaris
3461 4524 3589 4585 sunt
3616 4522 3761 4582 apud

2106 4590 2439 4649 Sallustium,
2456 4603 2566 4638 non
2594 4588 2825 4644 Catonis,
2848 4584 2967 4636 ideo
2981 4588 3039 4636 in
3058 4586 3481 4649 Amerbachiana
3509 4584 3756 4649 editione,

2106 4667 2268 4716 quam
2296 4654 2382 4702 hic
2418 4646 2585 4702 secuti
2617 4653 2743 4716 sunt
2770 4650 3141 4716 vaanienses.
3185 4648 3563 4716 interpretibus
3598 4646 3761 4707 hujus

2104 4708 2276 4779 eperis
2307 4716 2535 4765 Valoisio
2550 4717 2604 4765 et
2618 4714 2875 4779 ,Trivetho
2904 4714 3184 4763 emendare
3202 4708 3380 4779 visum
3398 4713 3495 4779 est,
3522 4708 3760 4779 Qaesan:

2106 4772 2320 4830 tametsi
2346 4780 2491 4837 libri,
2520 4780 2584 4827 ut
2610 4777 2713 4840 ipsi
2746 4775 3051 4835 observant,
3095 4774 3448 4840 communiter
3478 4772 3757 4827 haberent,

2107 4843 2256 4890 Cato.
2289 4843 2421 4902 Quid
2452 4835 2492 4891 si
2524 4842 2581 4890 in
2612 4835 2671 4890 eo
2699 4840 3047 4899 Augustinus,
3078 4837 3219 4900 quod
3248 4835 3470 4902 eruditis
3499 4846 3758 4902 nonnun-

2105 4918 2267 4967 quam
2298 4897 2575 4965 contingit.
2604 4897 3073 4967 memoriaglapsus
3091 4897 3196 4967 :est,
3230 4902 3323 4967 aut
3351 4897 3602 4948 Sallustio
3630 4908 3759 4946 usus

2104 4963 2256 5017 vario
2284 4970 2397 5017 sive
2426 4963 2676 5016 mendoso
2704 4973 2726 5015 «ι
2752 4994 2816 5004 -
2843 4964 2900 5012 Ν.
2929 4963 3039 5022 766,
3076 4964 3223 5013 Cato.
3253 4964 3321 5011 M.

2170 5030 2192 5064 ι
2222 5031 2280 5079 In
2309 5032 2388 5085 Β..
2417 5029 2720 5078 nobilitate.
2753 5030 2838 5079 Sic
2864 5021 3033 5076 etiam
3055 5025 3259 5075 codices
3276 5022 3464 5078 nostri,
3493 5021 3754 5081 corrupte.

2102 5094 2345 5156 Plerique
2373 5093 2501 5142 editi
2526 5093 2721 5151 ierunt,
2752 5091 3062 5141 nobilitates
3086 5103 3099 5148 ;
3133 5100 3271 5151 quae
3288 5086 3444 5135 lectio
3463 5085 3602 5133 certe
3629 5094 3758 5130 vera

2105 5159 2202 5206 est.
2234 5158 2301 5205 M.

2171 5220 2192 5253 ⁵
2224 5220 2369 5279 Lov.,
2398 5219 2779 5268 oollibuissent
2798 5231 2816 5266 :
2835 5216 2974 5265 male
2992 5216 3046 5265 et
3073 5210 3508 5264 dissentientibus
3536 5205 3756 5256 caeteris

2106 5282 2274 5332 libris.

2168 5347 2246 5406 (al
2277 5347 2415 5395 Vasa
2442 5346 2673 5407 pretiosa
2691 5345 2831 5407 apud
2853 5342 3111 5405 virginem
3128 5341 3233 5408 Deo
3253 5348 3475 5408 sacram,
3506 5345 3643 5396 quae
3660 5344 3757 5381 cu-

2106 5400 2383 5473 stodienda
2400 5400 2497 5473 illa
2514 5400 2797 5473 receperat.
2816 5400 3021 5473 detecta
3036 5419 3080 5473 _a
3103 5404 3296 5473 milite,
3323 5400 3612 5473 Maricam,
3634 5409 3760 5472 mox

2105 5471 2198 5519 ubi
2228 5472 2481 5532 comperit
2510 5473 2577 5520 ad
2606 5464 2879 5519 basilicam
2910 5470 3051 5518 Petri
3080 5464 3303 5532 apostoli
3329 5464 3611 5532 Ρθτῐίηὲξθ»
3652 5464 3762 5523 ius‘

2107 5534 2239 5599 sisse
2267 5547 2328 5599 eo
2348 5524 2635 5599 reportari,
2670 5535 2854 5599 scribit
2886 5524 3131 5582 Orosius:
3150 5526 3321 5599 l_i_b.n:7,
3354 5539 3469 5599 cap;
3499 5524 3577 5575 39.
3626 5586 3660 5599 η

2174 5595 2241 5659 (ὁ)
2270 5588 2484 5645 Levites
2511 5588 2723 5659 propria
2756 5591 3199 5659 Graecorum.__ait
3231 5588 3502 5640 Cicero'in
3528 5588 3768 5659 oratione

2147 5649 2205 5707 ro
2235 5658 2434 5720 Flacco,
2465 5649 2625 5723 capp:
2646 5659 2694 5715 3,
2725 5658 2772 5723 7.
2805 5662 2858 5709 et
2894 5658 3041 5723 alibi.
3086 5654 3460 5723 ﬁneseorum
3487 5652 3602 5702 erat
3626 5649 3767 5713 apud

2147 5672 2205 5707 ro
2235 5672 2434 5720 rlacco,
2465 5673 2614 5723 capp.
2646 5672 2694 5715 δ,
2736 5672 2772 5711 ι.
2805 5672 2858 5709 ei;
2894 5672 3041 5707 eum.
3086 5672 3223 5703 naec
3255 5672 3441 5704 eorum
3487 5672 3574 5702 era

2108 5672 2377 5789 ﬁomanos
2410 5724 2557 5783 nota,
2587 5735 2721 5789 quos
2745 5722 2873 5789 ideo
2903 5718 3197 5789 Graeculos
3219 5717 3496 5789 dicebant...
3563 5775 3574 5789 ο

2174 5786 2251 5847 (ο)
2274 5785 2465 5847 Nempe
2494 5775 2703 5835 eosdem
2731 5785 2855 5833 deos
2889 5782 3134 5833 colebant
3162 5781 3346 5831 Graeci
3373 5783 3428 5829 et
3453 5775 3692 5838 Troiani.
