4128 6190
302 315 379 375 19
1355 307 1458 366 DE
1502 301 1866 366 CIVITATE
1909 300 2060 373 DEI,
2110 300 2175 361 S.
2220 301 2643 364 AUGUSTINI
3631 299 3731 367 20'

303 460 548 518 musque
563 444 881 513 Romanos,
896 441 965 497 de
979 455 1222 512 quorum
1239 438 1520 510 praecipua
1540 437 1711 493 laude
1728 437 1950 493 dictum

303 540 414 604 est,

368 639 589 691 Parcere
623 637 890 700 subjectis,
921 638 974 685 et
1005 635 1270 685 debellare
1298 632 1570 696 superbos.

306 745 358 794 et
390 740 543 810 quod
577 742 812 808 accepta
861 733 1075 803 injuria
1127 734 1441 805 ignoscere,
1477 747 1652 803 quam
1686 728 1953 800 persequi

309 826 604 882 malebant
635 825 886 897 (Sallust.
911 822 974 876 de
1003 821 1389 893 Conjuratione
1413 819 1688 884 Catilina,
1710 835 1831 890 cap.
1849 818 1956 872 9in

309 919 478 988 ﬁne):
513 916 744 985 quando
775 917 860 968 tot
891 917 1202 983 tantasque
1236 913 1432 979 urbes,
1458 917 1518 964 ut
1553 910 1664 964 late
1695 907 1957 963 domina-

313 1011 530 1071 rentur,
545 1009 900 1074 expugnatas
923 1007 1237 1071 captasque
1253 1005 1603 1065 everterunt,
1620 999 1843 1070 legatur
1863 1012 1958 1051 no-

312 1096 402 1149 bis
433 1111 553 1163 qum
588 1093 806 1162 templa
831 1093 1091 1168 excipere
1115 1091 1400 1154 solebant,
1428 1100 1484 1144 ut
1509 1091 1579 1144 ad
1603 1105 1670 1144 ea
1689 1086 1958 1159 quisquis

311 1165 1169 1254 confugisset,liberaretur."An
1197 1181 1276 1235 illi
1303 1181 1614 1243 faciebant,
1639 1186 1696 1233 et
1717 1179 1958 1247 scripto-

315 1290 407 1330 res
425 1290 556 1328 earu
570 1273 758 1328 mdem
780 1288 971 1326 rerum
998 1277 1291 1342 gestarum
1312 1273 1425 1324 ista
1441 1269 1792 1323 reticebant‘?
1808 1269 1962 1322 Itane

314 1379 471 1426 vero,
502 1363 596 1432 qui
623 1379 688 1418 ea
711 1360 1420 1432 quaelaudarentmaxime
1441 1358 1826 1426 requirebant,
1853 1357 1962 1410 ista

317 1451 760 1522 praeclarissima
776 1449 1096 1504 secundum
1117 1453 1273 1520 ipsos
1290 1447 1738 1520 pietatisindicia
1756 1451 1964 1517 praete,

319 1541 536 1597 rirent?
556 1541 828 1605 Egregius
846 1539 1088 1593 Romani
1117 1539 1362 1593 nominis
1383 1537 1612 1592 Marcus
1633 1535 1961 1605 Marcellus,

322 1631 417 1704 qui
451 1632 772 1700 Syracusas
802 1633 900 1696 ta),
944 1629 1141 1683 urbem
1193 1628 1646 1694 ornatissimam,
1673 1626 1844 1695 cepit,
1877 1641 1964 1679 re-

324 1722 506 1776 fertur
535 1736 662 1776 eam
685 1720 838 1788 prius
861 1717 1087 1774 ﬂevisse
1119 1719 1422 1785 ruituram,
1448 1727 1500 1772 et
1522 1729 1650 1772 ante
1681 1716 1806 1785 ejus
1836 1730 1967 1770 san-

323 1811 558 1882 guinem
590 1825 728 1864 suas
750 1808 832 1862 illi
857 1806 1144 1878 lacrymas
1167 1806 1438 1862 effudisse
1459 1807 1558 1878 (ὁ).
1582 1806 1771 1862 Gessit
1789 1809 1845 1859 et
1865 1820 1969 1860 cu-

325 1916 446 1956 ram
472 1898 786 1970 pudicitiaa,
810 1897 983 1953 etiam
1009 1897 1066 1951 in
1091 1897 1256 1952 hoste
1276 1897 1585 1968 servandae.
1612 1893 1967 1966 Nam-prius-

327 2005 500 2059 quam
550 1987 826 2059 Oppidum
873 1986 1059 2042 victor
1098 1985 1376 2056 jussisset
1423 1984 1639 2054 invadi,
1672 1982 1971 2039 constituit

327 2079 537 2146 edicto,
571 2093 642 2132 ne
686 2077 822 2148 quis
855 2093 1064 2146 corpus
1095 2076 1344 2132 liberum
1372 2074 1612 2132 violaret
1639 2077 1726 2145 (c).
1763 2078 1972 2128 Eversa

330 2173 418 2224 est
443 2172 636 2222 tamen
661 2167 863 2221 civitas
889 2182 1047 2222 more
1069 2165 1376 2232 bellorum,
1393 2182 1497 2220 nec
1519 2165 1744 2235 uspiam
1768 2163 1972 2233 legitur

329 2258 401 2313 ab
433 2257 779 2329 imperatore
811 2261 922 2310 tam
948 2261 1108 2310 casto
1131 2260 1300 2326 atque
1321 2255 1590 2310 clementi
1621 2253 1796 2309 fuisse
1828 2270 1970 2323 pras-

328 2355 554 2418 ceptum
571 2390 584 2416 ,
603 2350 660 2400 ut
680 2345 943 2416 quisquis
962 2346 1030 2401 ad
1052 2343 1192 2400 illud
1217 2346 1300 2400 vel
1324 2343 1461 2399 illud
1483 2343 1764 2414 templum
1789 2343 1971 2414 fugis-

327 2441 439 2504 set,
460 2436 646 2491 abiret
666 2437 680 2470 ¹
705 2433 943 2492 illaesus.
964 2434 1127 2500 Quod
1146 2435 1344 2503 utique
1364 2433 1522 2489 nullo
1546 2434 1717 2489 modo
1742 2438 1974 2503 praeter-

327 2525 528 2594 iretur,
563 2525 798 2596 quando
851 2541 956 2580 nec
1005 2526 1132 2595 ejus
1175 2523 1366 2590 ﬂetus,
1402 2540 1504 2579 nec
1537 2524 1686 2594 quod
1720 2524 1978 2578 edixerat

330 2631 433 2684 pro
459 2613 740 2686 pudicitia
769 2614 1010 2669 minime
1024 2612 1314 2684 violanda,
1332 2612 1728 2684 potuittaceri.
1746 2612 1974 2679 Fabius,

329 2703 648 2758 Tarentina:
685 2703 845 2757 urbis
877 2719 1128 2768 eversor,
1154 2721 1185 2758 a
1207 2703 1654 2758 simulacrorum
1680 2703 1978 2770 depraeda-

327 2794 488 2849 tione
519 2810 580 2848 se
611 2792 966 2848 abstinuisse
1014 2793 1306 2850 laudatur.
1334 2793 1479 2848 Nam
1531 2809 1661 2847 cum
1703 2791 1752 2847 ei
1787 2792 1980 2847 scriba

329 2883 718 2954 suggessisset
739 2882 875 2952 quid
897 2885 967 2938 de
985 2883 1168 2954 signis
1185 2884 1447 2950 deorum,
1464 2899 1584 2953 quin
1609 2883 1795 2937 multa
1810 2886 1980 2954 capta

329 2971 582 3038 fuerant,
609 2970 734 3026 ﬂeri
762 2972 1014 3040 juberet,
1039 2972 1455 3027 continentiam
1488 2988 1649 3027 suam
1681 2971 1853 3026 etiam
1883 2970 1979 3040 jo-

333 3061 521 3116 cando
545 3060 1110 3124 condivit.Qua:sivit
1131 3062 1306 3130 enim,
1324 3061 1650 3133 cujusmodi
1676 3065 1900 3116 essent:
1925 3063 1981 3114 et

336 3167 471 3207 cum
505 3151 554 3206 ei
589 3168 703 3206 non
728 3151 917 3207 solum
953 3151 1139 3206 multa
1170 3153 1429 3224 grandia,
1453 3168 1650 3207 verum
1684 3153 1858 3206 etiam
1891 3167 1982 3206 re-

335 3240 1004 3306 nuntiarenturarmala,
1024 3240 1660 3312 Relinquamus,inquit,
1675 3239 1983 3294 Tarentinis

330 3329 454 3386 deos
479 3331 653 3385 iratos
675 3329 931 3401 (tl).Cum
954 3329 1126 3401 igitur
1147 3346 1250 3385 nec
1272 3329 1430 3385 illius
1449 3329 1668 3396 ﬂetum,
1685 3345 1787 3384 nec
1812 3329 1985 3399 hujus

333 3420 537 3484 risum,
554 3435 658 3474 nec
677 3419 832 3474 illius
849 3425 1066 3474 castam
1085 3419 1564 3487 misericordiam,
1580 3435 1684 3474 nec
1701 3419 1877 3488 hujus
1901 3417 1984 3472 fa-

333 3519 516 3566 cetam
552 3509 992 3576 continentiam,
1026 3512 1422 3564 Romanarum
1469 3525 1655 3564 rerum
1691 3513 1984 3580 gestarum

335 3597 648 3669 scriptores
680 3602 867 3652 tacere
894 3598 1224 3667 potuerint;
1251 3597 1482 3668 quando
1525 3595 1984 3667 praetermittere-

336 3691 454 3754 tur,
486 3687 536 3742 si
573 3687 867 3758 aliquibus
903 3686 1238 3742 hominibus
1264 3687 1320 3741 in
1346 3687 1622 3742 honorem
1655 3685 1986 3757 cujuspiam

339 3776 577 3832 deorum
600 3792 840 3832 suorum
860 3776 943 3831 sic
962 3775 1376 3847 pepercissent,
1395 3777 1525 3831 utin
1543 3792 1834 3847 quoquam
1851 3780 1990 3830 tem-

340 3865 433 3938 plo
463 3867 675 3921 caedem
708 3865 795 3921 vel
831 3865 1226 3937 captivitatem
1263 3865 1383 3921 ﬁeri
1419 3864 1838 3936 prohiberent?

339 3984 569 4040 CAPUT
601 3983 716 4040 VIl.
754 4015 818 4025 —
853 3983 1002 4051 Quod
1035 3983 1091 4038 in
1121 3985 1403 4039 eversione
1449 3984 1606 4039 Urbis
1645 4000 1763 4052 quae
1803 3997 1991 4054 aspere

410 4085 562 4142 gesta
575 4075 795 4141 sunt,de
806 4074 1201 4130 consuetudine
1212 4073 1522 4130 acciderint
1543 4073 1707 4138 belli;
1729 4089 1846 4143 quae
1864 4088 1990 4127 vero

413 4161 740 4234 clementer,
764 4163 830 4218 de
853 4165 1091 4235 potentia
1120 4165 1466 4235 provenerint
1497 4164 1742 4218 nominis
1767 4163 1987 4217 Christi.

415 4282 703 4353 Quidquid
720 4299 855 4354 ergo
875 4283 1237 4351 vastationis,
1254 4283 1676 4348 trucidationis,
1693 4283 1991 4354 depraeda-

343 4371 539 4437 tionis,
573 4374 1080 4441 concremationis,
1104 4373 1450 4435 alﬂictionis,
1478 4375 1534 4430 in
1567 4376 1680 4429 ista
1715 4373 1995 4430 recentis-

345 4461 771 4517 simaRomana
786 4461 947 4517 clade
965 4463 1345 4518 commissum
1363 4468 1467 4532 est,
1488 4463 1737 4518 fecithoc
1753 4476 1996 4517 consue-

345 4552 484 4606 tudo
519 4551 826 4607 bellorum.
857 4552 1016 4616 Quod
1043 4555 1232 4606 autem
1265 4569 1421 4608 more
1455 4569 1604 4608 novo
1639 4553 1852 4607 factum
1886 4555 1994 4620 est,

349 4641 502 4711 quod
529 4641 806 4696 inusitata
829 4629 1024 4695 rerum
1041 4641 1061 4674 ²
1082 4641 1226 4696 faeie
1248 4642 1587 4698 immanitas
1610 4641 1856 4697 barbara
1882 4650 1995 4695 tam

414 4791 430 4824 ε
462 4787 677 4837 Codices
706 4788 896 4845 nostri,
930 4787 1243 4838 haberetur.
1274 4791 1341 4839 M.

412 4850 434 4883 ²
464 4849 595 4910 Vox,
625 4866 840 4909 rerum,
873 4851 1023 4900 abest
1070 4866 1102 4900 a
1144 4856 1320 4902 vetere
1368 4853 1545 4903 codice
1585 4853 1720 4902 libro
1764 4853 2002 4903 Silvane-

351 4914 536 4963 ctensi.

413 4977 483 5042 (ᾳ)
517 4975 810 5042 Syracusae
823 4977 1019 5042 civitas
1038 4982 1118 5027 est
1145 4978 1200 5026 in
1224 4978 1401 5029 Sicilia
1415 4994 1574 5042 quam
1601 4980 1847 5029 obsidens
1869 4980 1999 5027 Mar-

349 5040 889 5105 cellus,Archimedis
918 5041 1239 5104 Syracusani
1269 5040 1527 5091 machinis
1561 5057 1713 5105 saepe
1738 5045 1999 5104 repulsus,

351 5103 507 5153 tertio
541 5103 756 5150 tandem
789 5116 931 5151 anno
961 5103 1304 5166 expugnavit.
1358 5107 1497 5162 Quae
1535 5107 1621 5154 hic.
1650 5103 1728 5154 'de
1759 5103 2002 5153 Marcello

349 5167 694 5227 Augustinus.
731 5167 980 5227 leguntur
1006 5167 1061 5214 in
1091 5168 1255 5221 Livio,
1286 5168 1378 5214 lib.
1412 5168 1488 5224 25,
1519 5182 1563 5216 c.
1594 5169 1672 5220 24.

411 5233 487 5289 (ὁ)
518 5228 704 5277 Narrat
735 5230 931 5282 Livius,
961 5230 1051 5276 lib.
1084 5229 1161 5285 25,
1196 5243 1308 5291 cap.
1342 5229 1418 5277 24.

413 5294 483 5347 (σο
513 5292 674 5345 Idem,
704 5292 850 5344 ibid..
885 5305 996 5353 cap.
1034 5292 1114 5340 25.

417 5353 510 5418 (τι)Δ
524 5356 825 5418 Tarentum,
859 5355 1132 5403 Calabriae
1159 5356 1361 5409 urbem,
1393 5369 1531 5418 quae
1578 5371 1610 5404 a
1656 5355 1906 5404 Romanis
1935 5355 2001 5403 ad

355 5415 671 5463 Annibalem
718 5418 996 5472 defecerat,
1037 5419 1090 5474 Q.
1144 5419 1334 5465 Fabius
1380 5415 1640 5466 Maximus
1684 5420 2005 5466 Verrucosus

355 5479 703 5541 recaperavit,
736 5481 1098 5541 militibusque
1129 5481 1480 5541 diripiendam
1513 5483 1745 5530 tradidit.
1785 5483 1876 5530 llic
1906 5483 2004 5528 Fa-

353 5541 473 5589 bius
501 5542 580 5604 e_s_t
607 5540 698 5587 ille
715 5543 788 5604 de
817 5557 921 5604 quo
951 5540 1168 5603 Ennius,

521 5601 676 5649 Unus
707 5601 863 5653 homo
892 5607 1047 5654 nobis
1081 5601 1391 5654 cunctando
1429 5606 1676 5655 restituit
1709 5622 1846 5658 rem.

353 5666 479 5742 Ejus
506 5665 999 5742 deLTaLentinoru‘m
1041 5670 1336 5720 simulacris
1370 5684 1675 5732 responsum
1719 5671 1875 5720 affert
1925 5669 2004 5717 Li-

355 5727 494 5793 vius,
513 5727 617 5779 ω).
645 5727 728 5787 27,
757 5743 870 5794 cap.
905 5732 977 5784 16.

2065 435 2226 491 mitis
2257 436 2546 507 apparuit,
2581 443 2642 491 ut
2679 433 3058 507 amplissimis
3108 434 3361 492 basilicae
3401 436 3707 510 implenda:

2065 527 2277 598 pOpulo
2309 529 2399 583 cui
2424 532 2772 599 parceretur,
2795 528 3143 599 eligerentur
3164 533 3217 584 et
3238 530 3708 599 decernerentur,

2067 617 2164 670 ubi
2201 633 2366 673 nemo
2401 618 2685 682 feriretur,
2709 617 2863 672 unde
2890 632 3060 672 nemo
3091 623 3410 688 raperetur,
3431 635 3547 689 quo
3570 617 3713 674 libe-

2065 708 2230 762 randi
2281 709 2446 764 mulli
2490 726 2522 764 a
2565 707 2978 764 miserantibus
3017 707 3285 763 hostibus
3336 709 3708 781 ducerentur,

2069 798 2220 852 unde
2253 797 2581 869 captivandi
2605 797 2705 852 ulli
2732 799 2748 832 ¹
2771 813 2876 853 nec
2897 815 2929 852 a
2951 797 3286 854 crudelibus
3314 797 3578 854 hostibus
3611 799 3714 854 ab-

2067 889 2444 953 ducerentur;
2471 886 2577 941 hoc
2599 885 2816 942 Christi
2841 885 3086 953 nomini,
3106 885 3216 942 hoc
3237 885 3556 943 christiano
3573 891 3716 943 tem-

2069 973 2191 1044 pori
2211 974 2584 1031 tribuendum
2607 975 2876 1046 quisquis
2891 991 3004 1030 non
3023 975 3427 1044 videt,caecus;
3449 975 3718 1047 quisquis

2069 1063 2245 1127 videt,
2269 1080 2372 1119 nec
2406 1063 2625 1131 laudat,
2650 1065 2915 1136 ingratus
2941 1085 2954 1133 ;
2979 1065 3246 1136 quisquis
3278 1064 3537 1120 laudanti
3561 1066 3718 1121 relu-

2071 1156 2275 1219 ctatur,
2299 1153 2540 1208 insanus
2571 1160 2680 1209 est.
2702 1153 2867 1208 Absit
2899 1158 2964 1208 ut
2987 1155 3242 1224 prudens
3273 1155 3586 1225 quisquam
3612 1154 3718 1210 hoc

2072 1239 2284 1295 feritati
2304 1242 2551 1312 imputet
2568 1241 3545 1298 Barbarorum.Truculentissimas
3559 1249 3615 1299 et
3627 1261 3723 1300 saa-

2073 1329 2344 1384 vissimas
2367 1339 2596 1386 mentes
2614 1333 2708 1386 ille
2725 1331 3062 1397 terruit,ille
3081 1333 3342 1400 frenavit,
3361 1332 3456 1388 ille
3477 1333 3722 1388 mirabi-

2073 1419 2201 1476 liter
2232 1422 2597 1493 temperavit,
2625 1424 2720 1494 qui
2745 1441 2845 1494 per
2867 1425 3205 1495 prophetam
3241 1429 3402 1479 tanto
3423 1430 3556 1480 ante
3579 1441 3724 1494 prte-

2074 1511 2218 1567 dixit
2237 1529 2266 1571 ε,
2285 1515 2516 1570 Visitabo
2539 1517 2599 1570 in
2621 1517 2776 1584 virga
2803 1517 3132 1586 iniquitates
3151 1531 3360 1585 eorum,
3383 1519 3434 1570 et
3457 1516 3514 1569 in
3535 1515 3722 1586 ﬂagel-

2075 1602 2146 1656 lis
2175 1607 2392 1672 peccata
2422 1620 2609 1659 eorum
2631 1621 2651 1665 ;
2681 1606 3121 1660 misericordiam
3167 1613 3351 1659 autem
3396 1620 3572 1659 meam
3611 1619 3725 1658 non

2075 1691 2381 1763 dispergam
2406 1695 2472 1748 ab
2503 1694 2580 1749 eis
2613 1694 2781 1764 (Psal.
2818 1709 3079 1763 cxxxvm,
3110 1693 3200 1760 33,
3231 1695 3339 1764 34).

2077 1807 2307 1864 CAPUT
2338 1809 2481 1865 Vlll.
2507 1841 2572 1850 —
2599 1811 2670 1866 De
2689 1811 2982 1867 commodis
3011 1820 3174 1883 atque
3202 1810 3580 1882 incommodis,
3601 1825 3726 1884 qua

2248 1899 2404 1954 bonis
2435 1915 2498 1954 ac
2525 1901 2688 1955 malis
2717 1901 3037 1972 plerumque
3065 1901 3375 1956 communia
3405 1909 3551 1956 sunt.

2153 2018 2202 2072 1.
2235 2016 2394 2072 Dicet
2415 2018 2660 2090 aliquis:
2687 2021 2801 2074 Cur
2822 2036 2954 2089 ergo
2976 2019 3086 2074 ista
3109 2018 3305 2074 divina
3327 2017 3729 2074 misericordia

2081 2107 2252 2162 etiam
2274 2109 2341 2162 ad
2361 2107 2436 2162 im
2448 2109 2962 2180 piosingratosque
2977 2107 3409 2181 pervenit‘ICur,
3428 2113 3724 2178 putamus,

2083 2197 2194 2253 nisi
2220 2197 2359 2268 quia
2381 2214 2506 2254 eam
2532 2197 2628 2253 ille
2650 2199 2913 2270 praebuit,
2932 2197 3032 2270 qui
3055 2197 3314 2270 quotidie
3332 2197 3464 2267 facit
3482 2195 3623 2251 oriri
3640 2212 3727 2252 so-

2085 2287 2191 2341 lem
2222 2304 2383 2342 suum
2413 2303 2572 2358 super
2603 2288 2764 2344 bones
2785 2292 2835 2342 et
2853 2289 3048 2356 malos,
3071 2292 3122 2343 et
3142 2287 3284 2359 ptuit
3304 2303 3465 2358 super
3485 2286 3660 2358 justas
3677 2291 3730 2342 et

2084 2376 2318 2445 iniustos
2341 2377 2548 2447 (Matth.
2574 2394 2627 2445 ν,
2652 2377 3065 2446 45)ἹΟυαηῖνίε
3087 2377 3240 2432 enim
3267 2376 3502 2447 quidam
3525 2391 3729 2431 eorum

2085 2464 2195 2519 ista
2221 2465 2556 2537 cogitantes,
2573 2465 2906 2538 pernitendo
2926 2465 2996 2521 ab
3017 2465 3316 2538 impietate
3328 2481 3387 2520 se
3399 2464 3732 2536 corrigunt;

2086 2555 2319 2624 quidam
2344 2556 2660 2622 vero,sicut
2682 2553 2996 2626 Apostolus
3032 2554 3190 2620 dicit,
3217 2552 3451 2609 divitias
3474 2552 3736 2608 bonitatis

2086 2651 2137 2698 et
2168 2645 2608 2715 tonganimitatis
2639 2646 2736 2700 Dei
2766 2649 3224 2711 contemnentes,
3249 2642 3544 2699 secundum
3569 2644 3734 2698 duri-

2087 2736 2218 2789 tiam
2238 2734 2414 2790 eOrd-is
2436 2733 2525 2789 sui
2545 2743 2597 2788 et
2615 2750 2705 2790 eor
2719 2731 3580 2805 impcenitensthesaurizentsibi
3592 2734 3734 2804 iram

2087 2822 2148 2877 in
2179 2821 2268 2877 die
2300 2825 2399 2878 irae
2429 2830 2483 2878 et
2515 2822 2866 2878 reuelationis
2881 2825 3032 2894 justi
3053 2823 3260 2893 judicii
3288 2823 3400 2888 Dei,
3422 2823 3516 2892 qui
3546 2819 3729 2876 reddet

2089 2914 2386 2982 unicuique
2415 2912 2707 2966 secundum
2738 2927 2900 2982 opera
2919 2913 3037 2981 ejus
3067 2913 3242 2977 (Rom.
3267 2927 3329 2975 tt,
3358 2911 3406 2974 4,
3426 2910 3515 2980 6):
3540 2913 3736 2964 tamen

2090 3001 2370 3072 patientia
2388 3001 2484 3055 Dei
2503 3002 2571 3056 ad
2595 3001 2991 3073 paenitentiam
3015 2999 3225 3054 invitat
3244 2999 3448 3064 malos,
3463 2998 3613 3054 sicut
3628 3001 3737 3052 ﬂa-

2089 3089 2305 3161 gellum
2333 3091 2426 3146 Dei
2450 3092 2521 3146 ad
2546 3092 2882 3160 patientiam
2906 3091 3098 3146 erudit
3117 3090 3321 3146 bonos.
3348 3089 3611 3160 Itemque
3631 3086 3738 3145 mi-

2091 3180 2406 3236 sericordia
2427 3181 2526 3236 Dei
2549 3181 2823 3236 fovendos
2851 3179 3220 3251 amplectitur
3239 3179 3439 3245 bonos,
3465 3177 3618 3234 sicut
3643 3192 3736 3233 se-

2092 3268 2299 3325 veritas
2324 3269 2422 3324 Dei
2449 3270 2775 3341 puniendos
2796 3269 3032 3340 corripit
3054 3269 3259 3324 malos.
3279 3267 3501 3324 Placuit
3522 3267 3738 3338 quippe

2095 3359 2306 3415 divinae
2353 3359 2727 3429 providentiae
2781 3375 3105 3432 praparare
3143 3359 3205 3414 in
3245 3362 3540 3430 posterum
3588 3357 3742 3412 bona

2088 3447 2285 3520 justis,
2309 3447 2518 3518 quibus
2545 3463 2656 3502 non
2693 3447 2958 3503 fruentur
2987 3445 3223 3516 iniusti;
3248 3450 3303 3501 et
3335 3444 3489 3500 mala
3518 3443 3738 3514 impiis,

2097 3537 2310 3608 quibus
2335 3553 2447 3591 non
2474 3535 2966 3591 excruciahuntur
2986 3535 3145 3589 boni.
3161 3535 3276 3589 Ista
3294 3547 3423 3588 vero
3446 3537 3744 3602 tempora-

2096 3626 2175 3680 lia
2203 3627 2353 3680 bona
2376 3631 2431 3680 et
2454 3624 2606 3680 mala
2630 3623 2894 3696 utrisque
2927 3623 3105 3679 voluit
3127 3639 3252 3678 esse
3284 3619 3652 3678 communia:
3683 3622 3747 3674 ut

2100 3731 2203 3770 nec
2229 3715 2376 3772 bona
2397 3714 2665 3785 cupidius
2686 3718 3054 3786 appetantur,
3080 3729 3205 3784 quae
3226 3711 3366 3768 mali
3390 3726 3620 3783 quoque
3643 3707 3751 3763 ha-

2098 3807 2234 3862 bere
2255 3809 2605 3872 cernuntur;
2629 3821 2732 3860 nec
2756 3802 2908 3858 mala
2931 3803 3179 3874 turpiter
3199 3803 3504 3870 evitentur,
3529 3797 3746 3870 quibus

2099 3901 2156 3952 et
2188 3896 2321 3952 boni
2356 3895 2704 3966 plerumque
2733 3894 3087 3949 afficiuntur.

2169 3989 2221 4042 2.
2249 3989 2492 4040 Interest
2510 3991 2701 4039 autem
2722 3980 3270 4053 plurimum,qualis
3289 3979 3364 4035 sit
3386 3995 3527 4034 usus
3547 3975 3630 4033 vel
3650 3991 3747 4032 ea-

2103 4092 2228 4130 rum
2265 4091 2459 4130 rerum
2493 4089 2617 4144 quas
2650 4089 2958 4144 prosperae,
2980 4070 3067 4126 vel
3092 4085 3284 4126 earum
3307 4085 3445 4140 quae
3476 4068 3749 4122 dicuntur

2102 4167 2374 4222 adversae.
2395 4167 2534 4220 Nam
2559 4165 2747 4220 bonus
2769 4161 3180 4234 temporalibus
3204 4175 3306 4214 nec
3333 4158 3499 4214 bonis
3521 4155 3746 4214 extolli-

2102 4261 2216 4324 tur,
2235 4273 2337 4312 nec
2361 4256 2529 4311 malis
2555 4254 2867 4326 frangitur;
2896 4251 3080 4307 malus
3102 4255 3292 4306 autem
3319 4249 3446 4304 ideo
3468 4247 3749 4317 hujusce—

2106 4347 2259 4402 modi
2293 4347 2631 4401 infelicitate
2659 4344 2919 4416 punitur,
2952 4341 3093 4412 quia
3123 4339 3394 4396 felicitate
3425 4336 3748 4408 corrumpi-

2105 4445 2218 4494 tur.
2244 4437 2510 4492 Ostendit
2538 4439 2733 4490 tameu
2759 4433 2914 4489 Deus
2945 4448 3096 4503 saepe
3126 4429 3301 4486 etiam
3335 4428 3392 4484 in
3427 4427 3518 4483 his
3550 4425 3750 4482 distri-

2105 4526 2352 4585 buendis
2381 4524 2703 4580 evidentius
2724 4522 3121 4595 operationem
3146 4535 3335 4576 suam.
3357 4518 3500 4573 Nam
3525 4517 3574 4572 si
3598 4531 3753 4571 nunc

2105 4634 2280 4675 omne
2301 4620 2602 4688 peccatum
2629 4613 2938 4669 manifesta
2959 4610 3234 4684 plecteret
3257 4623 3425 4679 pruna
3443 4607 3486 4674 ³,
3502 4604 3646 4661 nihil
3667 4603 3752 4661 ul-

2107 4709 2247 4763 timo
2274 4705 2495 4778 judicio
2541 4703 2756 4760 servari
2805 4704 3143 4773 putaretur:
3180 4714 3407 4766 rursus,
3441 4696 3487 4752 si
3521 4693 3754 4752 nullum

2107 4802 2408 4870 peccatum
2439 4811 2594 4850 nunc
2627 4793 2860 4865 puniret
2890 4793 3087 4863 aperte
3109 4787 3415 4856 Divinitas,
3442 4784 3605 4840 nulla
3625 4797 3755 4841 esse

2109 4886 2471 4960 providentia
2493 4884 2688 4940 divina
2705 4883 3056 4960 crederetur.
3083 4877 3363 4935 Similiter
3382 4876 3441 4931 in
3466 4875 3637 4930 rebus
3658 4889 3748 4929 se-

2109 4957 2338 5044 cundis,
2361 4975 2409 5031 si
2440 4991 2550 5030 non
2585 4989 2681 5030 eas
2712 4957 3240 5042 Deus'quibusdam
3276 4965 3602 5038 petentibus
3631 4960 3752 5017 evi-

2112 5066 2460 5121 dentissima
2513 5063 2777 5132 largitate
2821 5059 3177 5120 concederet,
3212 5071 3325 5110 non
3365 5053 3433 5108 ad
3476 5067 3606 5106 eum
3642 5049 3750 5103 ista

2111 5158 2393 5228 pertinere
2418 5152 2768 5207 diceremus:
2794 5149 3052 5218 itemque
3073 5147 3120 5202 si
3145 5143 3418 5200 omnibus
3442 5157 3537 5196 eas
3561 5147 3753 5209 peten-

2110 5246 2263 5300 tibus
2285 5246 2469 5310 daret,
2486 5240 2716 5296 nonnisi
2738 5235 3118 5308 proptertalia
3138 5228 3752 5304 prtemiaserviendum

2113 5336 2190 5390 illi
2215 5351 2340 5390 esse
2359 5335 2816 5395 arbitraremur;
2845 5343 2949 5382 nec
2975 5328 3097 5398 pios
3122 5341 3227 5379 nos
3251 5323 3460 5377 faceret
3478 5316 3612 5372 talis
3635 5332 3756 5372 ser-

2178 5542 2188 5572 ¹
2223 5539 2376 5586 Vind.
2408 5539 2490 5585 Er.
2522 5539 2573 5586 et
2604 5538 2748 5590 Lov..
2783 5535 2950 5584 nulli.
2984 5533 3173 5583 Verius
3202 5533 3318 5580 Am.
3367 5530 3419 5578 et
3456 5527 3600 5588 Mss.,
3631 5524 3762 5574 ulli.

2112 5630 2174 5638 —
2202 5602 2325 5650 Cod.
2355 5599 2496 5654 2050,
2530 5601 2699 5648 nulli.
2732 5600 2798 5649 Μ.

2178 5664 2199 5697 ²
2229 5666 2374 5719 Lov.,
2399 5663 2736 5724 plecteretur
2777 5676 2961 5725 paena.
3003 5658 3202 5711 Caeteri
3246 5655 3466 5714 codices,
3509 5653 3768 5713 plecteret

2115 5742 2280 5790 paena
2299 5744 2319 5790 ί
2347 5726 2550 5790 supple,
2580 5726 2866 5778 divinitas.
