4142 6186
417 348 488 407 si
1606 333 1613 340 '
1832 349 2065 410 LIBER
2108 351 2429 412 PRIMUS.
3755 363 3834 422 22

413 484 708 554 vitus,sed
725 482 914 556 potius
936 482 1178 555 cupidos
1203 485 1260 538 et
1283 497 1504 538 avaros.
1525 481 1654 537 Haec
1677 498 1807 537 cum
1835 483 1912 539 ita
1925 485 2067 554 sint,

415 573 779 645 quicumque
797 573 931 628 boni
951 578 1006 627 et
1023 571 1158 627 mali
1181 571 1397 645 pariter
1414 571 1612 627 afﬂicti
1629 576 1787 642 sunt,
1806 590 1918 629 non
1938 574 2067 630 ideo

416 660 528 732 ipsi
550 663 817 727 distincti
842 677 953 716 non
979 666 1136 727 sunt,
1155 661 1290 731 quia
1312 661 1650 715 distinctum
1674 679 1783 717 non
1801 668 1887 717 est
1912 664 2064 734 quod

416 749 649 819 utrique
666 749 921 820 perpessi
943 754 1100 803 sunt.
1124 750 1314 804 Manet
1332 750 1487 803 enim
1508 749 1926 804 dissimilitudo
1945 769 2068 820 pas-

417 855 611 894 sorum
633 839 808 894 etiam
835 839 893 893 in
919 838 1298 893 similitudine
1324 839 1696 910 passionum;
1721 846 1777 894 et
1800 839 1934 894 licet
1958 841 2067 895 sub

417 929 618 984 eodem
647 934 1084 995 tormento,non
1107 936 1195 984 est
1219 929 1368 983 idem
1393 927 1576 983 virtus
1601 937 1652 982 et
1677 929 2064 984 vitium.Nam

419 1017 576 1074 sicut
594 1019 706 1073 sub
729 1036 844 1074 uno
867 1019 996 1089 igne
1010 1036 1217 1075 aurum
1236 1017 1629 1088 rutilat,palea
1645 1019 1860 1085 fumat;
1885 1024 1940 1074 et
1961 1021 2067 1074 sub

415 1110 617 1165 eadem
635 1107 852 1163 tribula
869 1107 1095 1180 stipulae
1112 1108 1922 1173 comminuuntur,frumenta
1941 1126 2070 1178 pur-

416 1203 662 1270 gantur;
683 1197 1076 1253 necideocum
1100 1197 1224 1253 oleo
1249 1211 1492 1252 amurca
1514 1197 1915 1262 confunditur,
1933 1199 2069 1268 quia

415 1287 621 1342 eodem
647 1287 787 1358 preli
816 1287 1069 1358 pondere
1104 1287 1480 1358 exprimitur:
1509 1286 1585 1340 ita
1610 1303 1726 1340 una
1748 1288 2068 1357 eademque

417 1378 510 1433 vis
543 1377 772 1433 irruens
803 1377 980 1433 bonos
1014 1379 1240 1449 probat,
1283 1377 1569 1446 puriﬁcat,
1604 1376 1850 1445 eliquat;
1889 1376 2068 1430 malos

416 1467 1273 1533 damnat,vaslat,exterminut.
1291 1465 1453 1521 Unde
1467 1466 1524 1521 in
1541 1467 1740 1521 eadem
1758 1465 2068 1520 alﬁictione

417 1553 557 1608 mali
579 1553 759 1608 Deum
780 1555 1147 1610 detestantur
1164 1561 1334 1626 atque
1352 1554 1652 1625 hlasphem
1666 1559 1793 1621 ant;
1816 1554 1949 1609 boni
1970 1571 2070 1608 au-

417 1648 534 1700 tem
556 1649 861 1714 precantur
883 1649 940 1699 et
963 1644 1224 1698 laudant.
1249 1645 1498 1698 Tantum
1523 1642 1780 1710 interest,
1802 1659 1913 1697 non
1936 1661 2070 1712 qua-

415 1731 518 1802 lia,
538 1733 637 1788 sed
663 1733 850 1804 qualis
872 1734 1123 1804 quisque
1153 1733 1426 1802 patiatur.
1451 1732 1593 1786 Nam
1619 1733 1742 1803 pari
1769 1741 1922 1788 motu
1946 1750 2072 1787 exa-

415 1823 668 1894 gitatum
690 1828 746 1878 et
766 1823 995 1878 exhalat
1031 1823 1391 1878 horribiliter
1431 1839 1684 1890 omnum,
1727 1827 1785 1877 et
1817 1823 2072 1878 suaviter

422 1911 642 1984 fragrat
669 1917 1053 1983 unguentum.
1449 1914 1454 1921 “

424 2046 655 2103 CAPUT
683 2047 772 2102 IX.
803 2078 871 2089 --
903 2049 976 2104 De
1013 2049 1196 2103 causis
1235 2050 1662 2118 correptionum,
1693 2055 1912 2119 propter
1939 2063 2072 2118 quas

697 2142 747 2193 et
774 2139 904 2193 boni
931 2143 981 2193 et
1005 2136 1154 2192 mali
1179 2140 1389 2209 pariter
1417 2138 1800 2210 ﬂagellantur.

502 2274 551 2327 1.
584 2271 728 2339 Quid
759 2271 938 2342 igitur
967 2270 1026 2326 in
1059 2271 1160 2326 illa
1192 2288 1387 2326 rerum
1420 2272 1725 2326 vastitate'
1759 2269 2070 2326 Christiani

430 2364 584 2434 passi
620 2371 779 2430 sunt,
835 2364 983 2432 quod
1020 2378 1130 2416 non
1173 2363 1257 2417 eis
1292 2363 1476 2432 magis
1510 2362 1756 2416 fideliter
1785 2361 1900 2415 ista
1931 2378 2072 2415 con-

422 2451 828 2506 siderantibus
847 2451 915 2505 ad
938 2451 1260 2520 profectum
1277 2449 1524 2506 valeret?
1547 2451 1760 2518 Primo,
1777 2451 1929 2520 quod
1953 2451 2076 2520 ipsa

425 2543 690 2610 peccata,
705 2537 920 2608 quibus
937 2539 1086 2593 Deus
1104 2537 1447 2608 indignatus
1461 2538 1722 2609 implevit
1740 2540 1916 2593 tantis
1932 2537 2078 2592 cala-

423 2628 733 2683 mitatibus
768 2629 1071 2692 mundum,
1105 2627 1407 2682 humiliter
1436 2629 1775 2698 cogitantes,
1809 2628 2077 2698 quamvis

425 2718 600 2788 longe
631 2717 828 2772 absint
861 2734 895 2772 a
924 2716 1290 2782 facinorosis,
1327 2717 1626 2786 flagitiosis
1658 2725 1828 2787 atque
1859 2717 2075 2788 impiis,

426 2810 622 2862 tamen
643 2822 755 2862 non
779 2821 963 2875 usque
985 2807 1127 2860 adeo
1145 2821 1205 2860 se
1224 2823 1256 2860 a
1275 2804 1500 2860 delictis
1523 2806 1808 2877 deputant
1831 2805 2072 2876 alienos,

426 2902 496 2952 ut
525 2913 626 2952 nec
655 2895 1004 2966 temporalia
1038 2911 1138 2965 pro
1175 2895 1257 2949 eis
1292 2894 1441 2949 mala
1475 2896 1690 2965 perpeti
1726 2911 1787 2949 se
1817 2897 2079 2962 judicent

432 2988 697 3060 dignos”.
717 2988 960 3058 Excepto
974 2986 1124 3040 enim
1143 2985 1298 3056 quod
1317 2986 2076 3056 unusquisque,quamlibet

430 3077 806 3134 laudabiliter
827 3077 1046 3144 vivens,
1068 3077 1220 3131 cedit
1243 3076 1299 3130 in
1326 3077 1682 3146 quibusdam
1703 3077 1918 3131 carnali
1944 3095 2079 3134 con-

434 3165 825 3239 cupiscentiae,
851 3167 960 3221 etsi
989 3182 1100 3220 non
1123 3164 1195 3219 ad
1228 3165 1548 3220 facinorum
1571 3165 1990 3221 immanitatem
2025 3176 2077 3224 et

419 3256 717 3327 gurgitem
748 3253 1102 3326 flagitiorum
1140 3259 1313 3324 atque
1349 3254 1664 3325 impietatis
1686 3255 2073 3311 abominatio-

436 3360 592 3412 nem,
614 3345 681 3400 ad
709 3343 906 3416 aliqua
926 3349 1383 3428 tamen‘peccata
1405 3344 1490 3399 vel
1515 3362 1643 3399 rara
1663 3345 1750 3426 vel
1779 3349 1936 3401 tanto
1955 3362 2079 3402 cre-

435 3435 649 3504 briora,
666 3438 1111 3508 quantominora
1128 3453 1139 3490 :
1159 3437 1262 3489 hoc
1277 3452 1408 3506 ergo
1422 3440 1678 3508 excepto,
1696 3437 1828 3507 quis
1843 3437 2076 3492 tandem

434 3525 600 3580 facile
631 3525 935 3597 reperitur,
971 3525 1068 3596 qui
1098 3527 1324 3580 eosdem
1351 3526 1532 3596 ipsos,
1565 3533 1794 3595 propter
1827 3543 2078 3596 quorum

434 3614 786 3670 horrendam
810 3615 1164 3684 superbiam,
1182 3614 1471 3668 luxuriam
1496 3620 1550 3667 et
1570 3614 2082 3685 avaritiam,atque

344 3732 348 3733 ν
433 3704 818 3759 exsecrabiles
836 3703 1178 3774 iniquitates
1193 3703 1612 3774 etimpietates,
1629 3703 1797 3767 Deus,
1815 3705 1966 3758 sicut
1982 3704 2083 3758 mi-

431 3795 620 3856 nando
638 3793 924 3864 priedixit,
947 3793 1386 3847 conteritterras
1406 3793 1722 3862 (lmi.xx1v,
1738 3793 1981 3863 etali'bi),
1999 3795 2083 3850 sic

433 3882 662 3950 habeat,
678 3888 740 3938 ut
756 3882 1001 3937 habendi
1020 3881 1434 3936 sunt?siccum
1453 3881 1534 3936 eis
1549 3883 1719 3946 vivat,
1737 3887 1945 3938 utcum
1961 3883 2085 3939 tali-

430 3971 546 4027 bus
573 3971 981 4027 estvivendum
999 3970 1024 4024 ?
1045 3971 1399 4042 Plerumque
1423 3970 1575 4025 enim
1597 3971 1668 4025 ab
1685 3971 1767 4026 eis
1783 3972 2082 4041 docendis,

431 4059 848 4129 admonendis,
871 4060 1186 4131 aliquando
1218 4061 1392 4115 etiam
1417 4061 1795 4131 objurgandis
1818 4066 1873 4116 et
1903 4062 2084 4116 corri-

431 4150 662 4222 piendis
678 4149 830 4204 male
854 4142 1392 4216 dissimulaturﬂel
1414 4165 1546 4204 cum
1568 4149 1783 4205 laboris
1809 4150 2085 4221 piget,vel

436 4255 571 4294 cum
594 4255 796 4296 eorum
821 4255 886 4294 os
908 4255 1103 4294 coram
1128 4239 1148 4272 ³
1170 4239 1633 4294 verecundamur
1652 4239 1972 4310 offendere;
1995 4239 2084 4295 vel

441 4344 574 4383 cum
600 4328 939 4383 inimicitias
963 4328 1312 4397 devitamus,
1334 4345 1403 4384 ne
1425 4328 1743 4399 impediant
1766 4334 1821 4385 et
1844 4336 2088 4385 noceant

441 4416 504 4473 in
521 4417 652 4473 istis
667 4418 1087 4488 temporalibus
1110 4419 1305 4486 rebus,
1331 4419 1448 4474 sive
1471 4434 1613 4490 quas
1635 4419 1875 4489 adipisci
1900 4420 2088 4474 adhuc

447 4507 658 4577 appetit
685 4511 882 4563 nostra
899 4507 1214 4578 cupiditas,
1230 4509 1350 4563 sive
1365 4523 1508 4578 quas
1532 4509 1797 4564 amittere
1818 4509 2090 4566 formidat

447 4595 789 4652 inﬁrmitas:
823 4596 897 4652 ita
921 4601 1006 4664 ut,
1031 4597 1295 4669 quamvis
1318 4597 1487 4652 bonis
1509 4598 1627 4655 vita
1654 4593 1939 4654 malorum
1965 4601 2088 4654 dis-

448 4685 673 4756 pliceat,
697 4693 751 4742 et
768 4687 895 4742 ideo
913 4703 1047 4742 cum
1071 4686 1155 4742 eis
1174 4703 1286 4742 non
1307 4687 1568 4743 incidant
1586 4689 1642 4743 in
1668 4688 1827 4744 illam
1853 4690 2091 4745 damna-

449 4772 686 4842 tionem,
707 4791 836 4846 quae
855 4780 984 4845 post
1005 4775 1154 4831 hanc
1168 4775 1345 4830 vitam
1366 4776 1582 4831 talibus
1604 4784 1956 4849 praeparatur
1975 4797 1987 4846 ;
2005 4787 2084 4835 ts-

448 4877 580 4916 men
619 4863 749 4932 quia
800 4875 1099 4934 propterea
1131 4863 1380 4934 peccatis
1417 4880 1616 4920 corum
1653 4866 2091 4922 damnabilibus

448 4954 715 5018 parcunt,
736 4950 876 5004 dum
904 4966 1001 5005 eos
1024 4951 1079 5004 in
1107 4950 1222 5005 suis
1252 4949 1386 5005 licet
1427 4951 1647 5007 levibus
1679 4958 1732 5007 et
1771 4953 2090 5010 venialibus

448 5031 698 5108 metunt,
739 5033 872 5110 jure
927 5057 1058 5096 cum
1115 5041 1199 5096 eis
1261 5043 1660 5113 temporaliter
1708 5045 2090 5115 ﬂagellentur,

441 5130 708 5200 quamvis
742 5131 804 5185 in
840 5136 1114 5186 internum
1140 5131 1380 5186 minime
1415 5133 2090 5203 puniantur.Jureistam

441 5220 882 5290 vitam,quaudo
903 5220 1181 5276 divinitus
1205 5221 1547 5291 afﬂiguntur
1569 5240 1701 5278 cum
1723 5228 2089 5289 eis,amaram

444 5309 734 5375 sentiunt,
791 5311 960 5379 cujus
1009 5311 1252 5367 amando
1301 5312 1666 5369 dulcedinem
1715 5298 2093 5387 peccantibus

453 5398 532 5454 eis
557 5401 740 5454 amari
775 5416 898 5456 esse
930 5400 1260 5456 noluerunt.

518 5587 530 5618 ί
564 5584 745 5632 Plures
774 5583 916 5638 Mss,
941 5587 1262 5635 vastatione.
1293 5613 1347 5621 —
1371 5586 1698 5640 Corbeiensis
1712 5590 1804 5640 766
1832 5606 1952 5642 cum
1973 5593 2094 5641 aliis

449 5646 858 5710 probatioribns,
890 5649 1160 5698 vastitate.
1193 5649 1259 5697 M.

515 5710 535 5743 2
567 5710 711 5763 Lov.,
745 5710 1006 5770 indignos
1033 5728 1051 5760 :
1087 5715 1378 5762 reluctante
1406 5726 1562 5763 sensu
1596 5721 1648 5768 et
1677 5718 1896 5767 caeteris
1922 5718 2090 5769 libris.

518 5774 536 5807 ³
571 5771 820 5824 Nonnulli
849 5775 1053 5824 codices
1087 5777 1357 5834 omittunt,
1387 5791 1593 5828 coram.

2254 490 2302 538 2.
2332 491 2474 541 Nam
2501 486 2548 541 si
2573 491 2873 557 propterea
2897 491 3148 561 quisque
3173 493 3558 564 objurgandis
3580 500 3637 550 et
3661 496 3813 551 corri

2179 575 2408 646 piendis
2430 576 2577 631 male
2595 577 2898 648 agentibus
2920 581 3123 650 parcit,
3140 582 3275 653 quia
3290 585 3675 654 opportunius
3693 589 3835 640 tem-

2179 687 2288 743 pus
2313 667 2576 739 inquirit,
2619 667 2705 722 vel
2738 669 2956 724 eisdem
2994 673 3134 741 ipsis
3165 673 3390 740 metuit,
3418 689 3488 729 ne
3518 676 3832 732 deteriores

2178 776 2243 813 ex
2273 760 2378 814 hoc
2402 762 2756 821 efﬁciantur,
2784 763 2869 816 vel
2899 761 2966 815 ad
2999 762 3206 815 bonam
3247 762 3421 817 vitam
3445 772 3498 817 et
3521 763 3675 834 piam
3695 781 3832 819 eru-

2179 850 2423 904 diendos
2447 850 2770 921 impediant
2799 850 2944 905 alios
2971 851 3256 916 inﬁrmos,
3283 857 3338 906 et
3362 860 3627 922 premant
3652 860 3827 924 atque

2179 943 2443 993 avertant
2464 957 2495 993 a
2519 941 2656 1004 fide;
2685 956 2799 994 non
2827 940 3051 993 videtur
3071 955 3198 994 esse
3217 943 3561 1012 cupiditatis
3578 943 3828 1009 occasio,

2179 1029 2276 1084 sed
2303 1029 2614 1082 consilium
2641 1029 2962 1084 charitatis.
2985 1028 3132 1083 Illud
3158 1033 3243 1084 est
3265 1029 3576 1100 culpabile,
3604 1048 3718 1102 quo
3745 1032 3827 1097 hi,

2180 1116 2276 1188 qui
2294 1117 2661 1172 dissimiliter
2675 1119 2877 1173 vivunt
2892 1123 2991 1173 eta
3007 1116 3290 1172 malorum
3310 1118 3476 1174 factis
3494 1119 3827 1191 abhorrent,

2181 1219 2424 1279 parcunt
2467 1215 2660 1263 tamen
2708 1211 2958 1280 peccatis
2999 1210 3222 1278 alienis,
3263 1227 3392 1280 qure
3423 1212 3702 1268 dedocere
3735 1220 3835 1267 aut

2181 1298 2486 1370 objurgare
2519 1299 2818 1364 deberent,
2845 1299 2985 1354 dum
3012 1317 3208 1355 eorum
3239 1301 3586 1356 offensiones
3608 1307 3830 1369 cavent,

2184 1405 2253 1444 ne
2273 1388 2380 1442 sibi
2405 1394 2649 1444 noceant
2671 1388 2728 1442 in
2754 1388 2847 1443 his
2870 1390 3062 1455 rebus,
3086 1391 3295 1459 quibus
3318 1390 3473 1446 licite
3490 1390 3626 1445 boni
3653 1396 3832 1461 atque

2182 1477 2517 1532 innocentes
2533 1483 2791 1547 utuntur,
2809 1480 2904 1534 sed
2919 1481 3186 1548 cupidius
3201 1497 3376 1551 quam
3393 1480 3831 1551 oportebateos,

2181 1569 2277 1638 qui
2309 1567 2367 1622 in
2405 1568 2509 1622 hoc
2544 1567 2762 1623 mundo
2809 1570 3256 1640 peregrinantur
3285 1579 3336 1625 et
3369 1587 3528 1640 spem
3565 1587 3830 1642 supernae

2183 1657 2373 1728 patrie
2396 1675 2504 1729 prs:
2524 1674 2585 1712 se
2602 1663 2830 1729 gerunt.
2853 1658 2976 1712 Non
3000 1659 3182 1715 solum
3205 1660 3420 1732 quippe
3450 1660 3825 1727 inﬁrmiores,

2179 1749 2358 1802 vitam
2393 1750 2670 1802 ducentes
2705 1749 3096 1821 conjugalem,
3129 1750 3279 1805 ﬁlios
3316 1750 3588 1806 habentes
3610 1750 3695 1804 vel
3727 1750 3829 1804 ha-

2181 1839 2316 1894 bere
2337 1844 2680 1908 quaerentes.
2705 1841 2906 1895 domos
2921 1858 2983 1896 ac
3007 1841 3256 1896 familias
3279 1840 3635 1910 possidentes
3654 1841 3825 1911 (quos

2182 1927 2491 1996 Apostolus
2521 1928 2578 1981 in
2613 1927 2881 1982 Ecclesiis
2905 1927 3239 2000 alloquitur,
3266 1928 3481 1984 docens
3503 1933 3559 1983 et
3583 1944 3829 1984 monens

2181 2017 2674 2086 quemadmodum
2689 2017 2875 2072 vivere
2889 2018 3134 2073 debeant
3155 2023 3211 2073 et
3228 2035 3432 2074 uxores
3457 2035 3586 2073 cum
3605 2017 3832 2073 maritis

2181 2114 2238 2163 et
2269 2107 2465 2163 mariti
2497 2125 2627 2163 cum
2664 2108 2961 2175 uxoribus,
2997 2113 3052 2164 et
3083 2109 3185 2164 ﬁlii
3210 2126 3340 2165 cum
3377 2109 3744 2180 parentibus,
3778 2113 3836 2164 et

2182 2202 2452 2270 parentes
2484 2214 2612 2252 cum
2640 2197 2795 2263 ﬁliis,
2820 2203 2876 2253 et
2896 2199 3042 2254 servi
3068 2215 3200 2254 cum
3226 2199 3498 2258 dominis,
3523 2203 3580 2254 et
3607 2199 3831 2253 domini

2184 2303 2317 2341 cum
2350 2287 2536 2341 servis
2572 2287 2794 2356 [001033.
2831 2304 2914 2353 ιιι,
2949 2289 3186 2358 18-22]),
3239 2287 3425 2342 multa
3458 2287 3826 2358 temporalia,

2186 2375 2874 2431 multaterrenalibenter
2895 2377 3302 2446 adipiscuntur
3324 2381 3380 2430 et
3404 2377 3645 2431 moleste
3668 2378 3830 2430 amit-

2188 2474 2335 2533 tunt,
2394 2472 2625 2536 propter
2684 2483 2812 2536 quae
2864 2484 2977 2522 non
3029 2467 3242 2520 audent
3289 2465 3579 2521 offendere
3632 2465 3825 2521 homi-

2189 2571 2315 2619 nes,
2357 2571 2605 2625 quorum
2650 2555 2756 2610 sibi
2811 2556 2926 2610 vita
2973 2555 3540 2611 contaminatissima
3589 2560 3646 2610 et
3689 2572 3828 2611 con-

2187 2645 2637 2700 sceleratissime
2677 2645 2974 2714 displicet:
3020 2661 3216 2700 verum
3260 2645 3430 2700 etiam
3475 2644 3556 2712 hi,
3601 2644 3699 2714 qui
3732 2660 3829 2698 su-

2187 2735 2472 2804 periorem
2530 2735 2652 2788 vitas
2696 2733 2943 2804 gradum
2995 2737 3212 2803 tenent,
3265 2749 3370 2790 nec
3419 2733 3830 2804 conjugalibus

2185 2826 2432 2881 vinculis
2466 2824 2668 2880 irretiti
2711 2830 2873 2890 sunt,
2905 2829 2961 2878 et
2991 2823 3143 2878 victu
3180 2840 3352 2894 parvo
3387 2840 3454 2879 ac
3495 2829 3830 2895 tegumento

2187 2914 2834 2984 utuntur‘,plerumque
2849 2929 2956 2968 sua
2971 2913 3214 2968 famzeac
3228 2913 3397 2967 Saluti
3412 2912 3826 2977 consulentes’,

2187 3007 2325 3060 dum
2350 3005 2597 3060 insidias
2624 3011 2800 3074 atque
2826 3003 3076 3073 impetus
3101 3003 3384 3058 malorum
3410 3001 3724 3065 timent,ab
3741 3017 3832 3056 eo-

2186 3112 2316 3152 rum
2342 3094 2786 3165 reprehensione
2804 3109 2928 3148 sese
2946 3093 3257 3148 abstinent.
3283 3096 3346 3147 Et
3366 3091 3630 3164 quamvis
3652 3090 3831 3144 nonin

2189 3191 2412 3241 tantum
2436 3202 2532 3240 eos
2556 3188 2840 3251 metuant,
2873 3189 2934 3238 ut
2955 3184 3025 3238 ad
3051 3183 3268 3238 similia
3293 3181 3680 3255 perpetranda
3703 3178 3832 3250 qui-

2188 3274 2434 3331 buslibet
2457 3291 2658 3330 eorum
2692 3274 3016 3329 terroribus
3037 3279 3212 3345 atque
3241 3270 3711 3345 improbitatibus
3737 3283 3828 3324 ce-

2187 3369 2354 3432 dant;
2379 3383 2446 3422 ea
2476 3367 2599 3437 ipsa
2632 3373 2848 3431 tamen,
2883 3381 3007 3436 qua:
3041 3381 3172 3420 cum
3206 3365 3291 3420 eis
3324 3380 3438 3418 non
3473 3365 3825 3434 perpetrant,

2190 3459 2392 3511 nolunt
2425 3457 2767 3526 plerumque
2807 3454 3120 3526 corripere,
3160 3470 3292 3509 cum
3328 3454 3569 3508 fortasse
3601 3449 3830 3522 possint

2187 3545 2415 3618 aliquos
2438 3545 2802 3614 corripiendo
2834 3545 3150 3616 corrigere;
3186 3560 3279 3611 ne,
3304 3542 3490 3597 sinon
3522 3539 3831 3611 potuerint,

2191 3654 2298 3692 sua
2328 3636 2487 3689 salus
2510 3651 2573 3688 ac
2607 3635 2761 3687 fama
2793 3633 2853 3687 in
2885 3633 3210 3704 periculum
3241 3632 3602 3702 exitiumque
3635 3643 3834 3701 perve-

2192 3725 2313 3780 niat
2337 3741 2348 3777 :
2376 3740 2479 3778 nec
2501 3740 2568 3778 ea
2590 3723 3075 3785 consideratione,
3099 3737 3210 3791 qua
3227 3737 3395 3775 suam
3421 3721 3636 3773 famam
3665 3734 3728 3771 ac
3751 3734 3838 3772 sa-

2192 3811 2366 3866 lutem
2385 3809 2719 3864 videntesse
2735 3809 3116 3862 necessariam
3135 3807 3366 3862 utilitati
3380 3805 3833 3860 erudiendorum

2193 3899 2523 3965 hominum;
2544 3900 2641 3954 sed
2661 3914 2728 3953 ea
2748 3896 2938 3968 potius
2961 3895 3321 3962 inﬁrmitate,
3338 3910 3449 3964 qua
3465 3893 3714 3949 delectat
3734 3892 3842 3948 lin-

2191 4006 2306 4061 gua
2335 3988 2645 4044 blandiens
2679 3993 2736 4044 et
2765 3987 3061 4042 humanus
3092 3986 3213 4042 dies
3243 3985 3290 4054 (Ι
3325 3984 3445 4039 Cor.
3472 3999 3546 4050 ιν,
3571 3983 3646 4054 3),
3670 3987 3727 4037 et
3749 3997 3839 4037 re-

2191 4079 2539 4135 formidatur
2561 4077 2712 4148 vulgi
2739 4077 3025 4147 judicium
3057 4085 3108 4132 et
3143 4075 3337 4132 carnis
3372 4071 3719 4130 excruciatio
3749 4072 3838 4127 vel

2193 4168 2536 4240 peremptis;
2564 4169 2670 4224 hoc
2689 4175 2794 4236 est,
2815 4171 3047 4239 propter
3069 4167 3334 4237 quaedam
3359 4161 3696 4234 cupiditatis
3715 4161 3841 4217 vin-

2193 4260 2345 4327 cula,
2379 4275 2494 4313 non
2530 4268 2757 4330 prepter
2787 4257 2977 4313 ofﬁcia
3017 4255 3338 4312 charitatis.

2266 4350 2318 4406 3.
2353 4349 2471 4404 Non
2510 4347 2648 4403 mihi
2686 4348 2880 4420 itaque
2902 4347 3124 4403 videtur
3145 4347 3268 4402 haec
3293 4361 3468 4416 parva
3491 4359 3616 4400 esse
3637 4358 3835 4410 causa,

2197 4455 2374 4510 quare
2388 4455 2519 4492 cum
2541 4437 2706 4492 malis
2720 4435 3320 4508 ﬁagellenturetboni,
3336 4434 3571 4505 quando
3585 4433 3698 4488 Deo
3715 4431 3837 4502 pla-

2197 4534 2286 4584 cet
2319 4527 2568 4599 perditos
2593 4544 2779 4582 mores
2800 4528 2974 4582 etiam
3001 4525 3408 4597 temporalium
3436 4538 3733 4594 poenarum
3761 4520 3844 4574 af-

2199 4607 2450 4673 flictione
2475 4618 2702 4687 punire.
2728 4615 3122 4687 Flagellantur
3148 4615 3302 4670 enim
3333 4613 3528 4676 simul,
3557 4628 3672 4667 non
3706 4609 3842 4682 quia

2198 4709 2371 4764 simul
2397 4707 2800 4779 aguntmalam
2821 4702 3468 4778 vitam,sedquiasimul
3490 4707 3846 4759 amanttem-

2201 4801 2454 4871 poralem
2479 4800 2682 4865 vitam;
2707 4815 2821 4853 non
2846 4799 3072 4869 quidem
3095 4795 3531 4866 aequaliter,sed
3558 4797 3753 4848 tamen
3771 4789 3844 4845 si-

2203 4890 2321 4944 mul
2343 4905 2354 4943 :
2374 4905 2540 4958 quam
2561 4887 2694 4942 boni
2717 4897 3084 4943 contemnere
3103 4886 3400 4951 deberent,
3419 4881 3574 4938 utilli
3594 4878 3844 4950 correpti

2205 4986 2377 5050 atque
2410 4979 2648 5033 correcti
2682 4981 3176 5048 consequerentur
3207 4983 3510 5039 aeternam;
3553 4972 3621 5025 ad
3663 4985 3839 5040 quam

2205 5069 2669 5137 consequendam
2697 5068 2743 5122 si
2770 5066 2993 5121 nollent
3016 5082 3143 5120 esse
3165 5063 3329 5130 socii,
3367 5065 3654 5118 ferrentur
3679 5064 3734 5113 et
3755 5057 3842 5112 di-

2207 5161 2520 5227 ligerentur
2536 5159 2752 5212 inimici
2773 5174 2785 5210 :
2803 5156 2960 5227 quia,
2977 5155 3390 5212 donecvivunt.
3411 5166 3634 5218 semper
3657 5149 3844 5201 incer-

2207 5258 2326 5303 tum
2353 5254 2440 5303 est
2467 5255 2659 5302 utrum
2687 5247 3039 5302 voluntatem
3069 5245 3183 5299 sint
3214 5243 3270 5296 in
3307 5242 3514 5296 melius
3540 5236 3845 5290 mutaturi.

2203 5343 2323 5402 Qua
2349 5342 2401 5392 in
2429 5355 2488 5392 re
2509 5355 2618 5390 non
2647 5339 2844 5406 utique
2867 5353 3084 5406 parem,
3103 5338 3200 5389 sed
3223 5335 3389 5403 longe
3409 5345 3727 5402 graviorem
3757 5329 3850 5383 ha-

2269 5471 2280 5501 ι
2332 5466 2733 5515 Vetustissimus
2788 5464 2945 5513 codex
3014 5460 3356 5517 Corbeiensis,
3424 5471 3488 5506 ao
3556 5457 3851 5521 tegimento

2273 5546 2464 5574 unum.

2203 5538 2543 5640 “stati-bum
2572 5591 2936 5645 consulentes,
2969 5589 3116 5639 abest
3145 5588 3210 5636 ab
3241 5587 3354 5633 Am.
3388 5584 3470 5633 Er.
3503 5599 3564 5635 ac
3592 5585 3711 5634 Mss.
3749 5584 3849 5632 P0-

2198 5656 2300 5704 tesl’.
2328 5655 2511 5704 illaeso
2542 5669 2697 5704 sensu
2719 5654 2898 5713 deleri,
2920 5657 2980 5701 ut
3003 5652 3144 5714 quod
3173 5649 3411 5712 proxime
3438 5650 3697 5714 sequitur,
3714 5647 3849 5714 dun}

2200 5717 2440 5766 insidias
2470 5727 2634 5779 atque
2665 5707 2903 5776 impetus
2933 5707 3214 5779 maiorm-nt
3246 5714 3458 5779 timent.
3494 5707 3754 5779 referatur
3781 5707 3850 5754 ad

2197 5776 2564 5842 praecedentis
2593 5781 2753 5828 verba
2780 5784 2969 5838 Ῑαιηιαε
3000 5777 3216 5839 scilicet,
3247 5792 3310 5825 ac
3336 5776 3532 5824 saluti.

3201 5905 3245 5996 ξ
3315 5919 3322 5924 .
