4128 6190
284 251 362 311 23

285 381 422 438 bent
435 397 698 449 causam,
714 381 933 454 quibus
961 397 1063 453 per
1087 381 1427 454 prephetam
1442 380 1791 447 dicitur,Ille
1811 379 1933 451 qui-

286 474 409 530 dem
433 475 489 528 in
507 488 605 528 suo
620 482 844 545 peccato
870 474 1161 540 morietur,
1182 473 1510 540 sanguinem
1526 474 1711 525 autem
1729 470 1846 541 ejus
1867 470 1935 525 de

286 579 460 619 manu
477 562 835 634 speculatoris
858 561 1139 635 requiram
1157 562 1379 632 (Ezech.
1404 578 1603 624 χχχιιι,
1627 561 1703 630 6).
1722 561 1798 613 Ad
1824 558 1932 614 hoc

290 653 449 707 enim
473 652 863 723 speculatores
885 653 983 723 (a),
1009 651 1117 706 hoc
1141 659 1223 706 est
1247 650 1591 722 populorum
1618 647 1931 721 praepositi,

295 742 600 798 constituti
631 746 767 798 sunt.
801 742 857 797 in
892 741 1189 809 Ecelesiis,
1225 746 1284 796 ut
1315 758 1429 796 non
1464 748 1699 811 parcant
1740 740 1933 808 objur-

292 836 483 906 gando
506 839 761 906 peccata.
776 833 890 887 Nec
911 833 1036 886 ideo
1051 837 1242 886 tamen
1258 832 1329 886 ab
1347 830 1748 901 hujuscemodi
1766 828 1936 901 culpa

294 923 520 995 penitus
550 922 772 978 alienus
793 926 898 989 est,
929 921 1052 991 qui,
1079 921 1214 976 licet
1238 920 1588 993 praepositus
1620 936 1734 974 non
1753 919 1845 987 sit,
1876 918 1937 972 in

293 1012 588 1067 eistamen
602 1011 815 1082 quibus
834 1011 959 1065 vita
980 1010 1156 1080 hujus
1177 1010 1519 1066 necessitate
1540 1008 1936 1079 conjungitur,

296 1100 481 1155 multa
506 1100 792 1155 mouenda
814 1098 901 1154 vel
923 1100 1213 1169 arguenda
1237 1099 1417 1171 gavit,
1433 1103 1489 1153 et
1510 1097 1767 1170 negligit,
1784 1095 1937 1152 devi-

296 1194 428 1244 tans
471 1204 674 1245 eorum
707 1188 1080 1258 offensiones,
1114 1194 1349 1260 propter
1371 1188 1473 1243 illa
1502 1188 1710 1258 quibus
1741 1186 1799 1240 in
1832 1185 1940 1240 hac

294 1280 415 1333 vita
445 1295 558 1334 non
591 1278 869 1333 indebitis
902 1279 1102 1345 utitur,
1127 1279 1226 1334 sed
1262 1278 1391 1348 plus
1416 1295 1589 1349 quam
1615 1277 1818 1333 debuit
1847 1277 1944 1330 de-

298 1368 568 1424 lectatur.
599 1366 814 1423 Deinde
845 1367 1061 1423 habent
1091 1367 1259 1422 aliam
1291 1384 1526 1422 cmsam
1563 1366 1719 1436 boni,
1762 1380 1943 1437 quare

298 1456 718 1528 temporalibus
741 1455 1077 1528 attligantur
1100 1456 1299 1523 malis;
1324 1456 1556 1526 qualem
1581 1454 1786 1510 habuit
1805 1453 1940 1509 Job:

303 1544 627 1617 utsibiipse
646 1544 937 1600 humanus
953 1547 1186 1600 animus
1205 1545 1275 1600 sit
1291 1545 1563 1616 probatus
1581 1549 1635 1600 et
1653 1543 1944 1613 cognitus,

303 1640 521 1706 quanta
549 1634 761 1690 virtute
788 1633 1020 1705 pietatis
1050 1633 1229 1707 gratis
1261 1635 1444 1689 Deum
1477 1633 1685 1704 diligat
1713 1633 1808 1704 (b).

304 1721 539 1781 CAPUT
555 1724 621 1779 Χ.
642 1755 711 1763 -
739 1723 892 1792 Quod
911 1724 1114 1780 sanctis
1137 1725 1195 1777 in
1217 1722 1513 1779 amissione
1534 1739 1719 1779 rerum
1741 1730 1945 1795 tempo-

816 1813 1024 1868 ralium
1052 1812 1199 1867 nihil
1225 1816 1429 1884 pereat.

384 1902 432 1957 1.
468 1901 692 1967 Quibus
714 1905 864 1958 recte
888 1901 1264 1957 consideratis
1295 1907 1468 1973 atque
1491 1902 1830 1972 perspectis,
1855 1909 1949 1958 al-

311 1989 486 2044 tende
517 1994 715 2043 utrum
740 1986 959 2060 aliquid
993 1989 1129 2044 mali
1157 1988 1429 2045 acciderit
1453 1989 1722 2046 fidelibus
1743 1995 1799 2045 et
1822 1990 1955 2062 piis,

230 2147 239 2154 η
313 2080 462 2149 quod
495 2077 576 2135 eis
610 2094 721 2134 non
748 2078 805 2132 in
830 2079 1049 2134 bonum
1076 2083 1421 2135 verteretur:
1446 2080 1558 2134 nisi
1586 2080 1731 2135 forte
1752 2085 1959 2149 putan-

317 2167 455 2222 dum
471 2166 947 2239 estapostolicam
963 2168 1125 2223 illam
1144 2184 1341 2224 vacare
1358 2168 1726 2234 sententiam,
1743 2168 1838 2224 ubi
1855 2169 1957 2235 ait,

318 2256 531 2313 Scimus
553 2256 685 2327 quia
705 2256 1065 2325 diligentibus
1088 2260 1255 2313 Deum
1276 2257 1463 2314 omnia
1486 2262 1845 2330 cooperantur
1863 2258 1882 2292 ί
1898 2261 1959 2314 in

321 2346 521 2400 bonum
551 2346 724 2415 (Rom.
757 2362 880 2413 VIII,
912 2346 1025 2418 28).

395 2435 610 2505 [CAPUT
629 2434 720 2505 X.]
738 2436 1064 2492 Amiserunt
1085 2436 1280 2493 omnia
1298 2453 1425 2508 quin
1449 2436 1759 2494 habebant.
1784 2437 1963 2493 Num-

322 2523 459 2595 quid
486 2524 658 2580 ﬁdem
679 2525 708 2577 ?
731 2524 1012 2597 numquid
1033 2527 1345 2598 pietatem?
1370 2528 1648 2599 numquid
1673 2529 1963 2585 interioris

323 2612 580 2669 hominis
613 2616 784 2682 bona,
817 2614 916 2685 qui
947 2620 1037 2670 est
1065 2620 1198 2671 ante
1224 2621 1400 2672 Deum
1437 2617 1598 2674 dives
1621 2618 1664 2689 (l
1698 2619 1842 2674 Petr.
1879 2635 1963 2687 III,

325 2702 382 2773 4)
399 2701 428 2755 ?
449 2705 542 2755 Has
566 2707 703 2757 sunt
725 2719 863 2774 opes
895 2703 1384 2776 Christianorum,
1417 2706 1633 2777 quibus
1655 2706 1965 2779 opulentus

323 2791 555 2847 dicebat
581 2793 921 2862 Apostolus:
956 2795 1047 2848 Est
1074 2802 1255 2849 autem
1275 2801 1516 2867 quaestus
1546 2813 1776 2867 magnus
1796 2798 1970 2868 pietas

321 2893 446 2934 rum
466 2877 823 2948 su/ﬁtrientia.
861 2879 1013 2935 Nihil
1035 2883 1186 2936 enim
1214 2882 1506 2937 intulimus
1538 2885 1597 2936 in
1629 2885 1774 2938 hunc
1801 2899 1971 2937 mun-

326 2970 487 3037 dum,
519 2967 613 3022 sed
637 2984 739 3022 nec
754 2970 977 3039 auferre
1004 2970 1220 3041 aliquid
1244 2987 1563 3042 possumus:
1593 2972 1848 3027 habentes
1867 2989 1970 3027 au-

326 3068 438 3115 tem
470 3058 676 3114 victum
708 3069 761 3114 et
791 3064 1186 3129 tegumentum,
1216 3064 1302 3117 his
1334 3065 1576 3119 contenti
1603 3066 1797 3121 simus.
1829 3066 1971 3119 Nam

328 3150 426 3221 qui
454 3149 643 3204 volunt
675 3147 874 3205 divites
922 3151 1068 3221 ﬁeri,
1114 3154 1376 3209 incidunt
1423 3157 1483 3208 in
1527 3156 1883 3209 tentationem
1922 3158 1974 3209 et

331 3237 608 3309 laqueum,
626 3241 675 3293 et
697 3237 966 3295 desideria
993 3242 1170 3297 multa
1190 3243 1357 3298 stulta
1380 3251 1430 3298 et
1457 3246 1654 3309 noxia,
1678 3259 1804 3316 quae
1825 3260 1975 3300 mer-

334 3335 468 3398 gunt
500 3327 751 3385 homines
776 3332 834 3384 in
866 3328 1160 3386 interitum
1191 3338 1246 3387 et
1274 3332 1662 3404 perditionem.
1701 3332 1879 3389 Radix
1897 3341 1976 3388 est

333 3418 481 3473 enim
523 3420 772 3475 omnium
810 3419 1089 3474 malorum
1136 3422 1375 3476 avaritia
1407 3421 1508 3495 (c):
1550 3438 1712 3494 quam
1754 3422 1976 3494 quidam

333 3510 663 3578 appetentes,
714 3524 747 3563 a
794 3508 903 3578 ﬁde
945 3517 1392 3580 pererraverunt,
1442 3519 1493 3567 et
1540 3511 1897 3568 inseruerunt
1924 3528 1980 3567 se

334 3596 611 3655 doloribus
642 3598 835 3654 multis
871 3600 917 3672 (Ι
953 3602 1087 3657 Tim.
1120 3619 1199 3673 v1,
1229 3603 1407 3674 6-10).

407 3686 461 3739 2.
497 3685 719 3749 Quibus
749 3702 886 3759 ergo
914 3693 1152 3744 terrente
1182 3689 1387 3745 divitias
1421 3689 1520 3745 in'
1541 3689 1640 3746 illa
1660 3689 1981 3746 vastatione

339 3777 654 3847 perierunt,
671 3775 833 3832 sicas
846 3777 930 3833 sic
942 3777 1257 3847 habebant,
1273 3795 1442 3851 quem
1453 3780 1520 3834 ad
1532 3781 1768 3835 modum
1785 3781 1855 3835 ab
1873 3780 1981 3835 isto

340 3864 480 3921 foris
501 3881 768 3937 paupere,
786 3866 1130 3924 intusdivite
1150 3870 1450 3924 audierant
1467 3887 1480 3936 ;
1498 3869 1552 3923 id
1572 3876 1679 3937 est,
1696 3870 1745 3924 si
1764 3870 1984 3925 mundo

341 3955 675 4020 utebantur,
694 3958 971 4027 tanquam
1001 3974 1111 4011 non
1138 3962 1367 4014 utentes
1395 3958 1437 4029 (Ι
1463 3958 1581 4013 Cor.
1611 3975 1707 4027 νη,
1736 3959 1827 4029 31)
1852 3975 1982 4029 :po-

338 4048 579 4099 luerunt
599 4044 810 4113 dicere,
835 4047 989 4117 quod
1014 4046 1109 4102 ille
1130 4046 1383 4116 graviter
1406 4051 1656 4102 tentatus
1676 4057 1723 4103 et
1746 4048 1987 4103 minime

343 4137 687 4201 superatus:
713 4132 901 4187 Nudus
930 4133 1082 4189 exivi
1120 4135 1184 4189 de
1214 4144 1363 4191 utero
1395 4138 1588 4191 matris
1619 4151 1777 4207 mea},
1809 4137 1987 4191 nudus

343 4232 593 4276 revertar
623 4223 682 4275 in
714 4233 941 4278 terram.
973 4225 1232 4280 Dominus
1249 4225 1417 4292 dedit,
1449 4225 1709 4282 Dominus
1728 4226 1989 4288 abstulit;

342 4313 483 4365 sicut
504 4308 734 4365 Domino
751 4312 979 4381 placuit,
1001 4316 1081 4368 ita
1096 4318 1305 4383 factum
1327 4320 1429 4371 cst:
1453 4314 1524 4372 sit
1544 4332 1744 4371 nomen
1768 4314 1992 4369 Domini

345 4399 694 4456 benedictum
715 4401 833 4471 (Job
850 4402 992 4474 1,21)
1016 4418 1029 4457 :
1050 4409 1111 4457 ut
1128 4404 1313 4459 bonus
1337 4421 1539 4461 servus
1563 4421 1802 4476 magnas
1818 4404 1993 4460 lacul-

346 4495 491 4545 tates
518 4490 956 4562 baberetipsam
981 4494 1067 4547 sui
1093 4493 1325 4549 Domini
1360 4494 1742 4564 voluntatem,
1775 4494 1867 4550 cui
1892 4511 1992 4567 pe-

351 4578 658 4650 dissequus
683 4586 877 4658 mente
917 4582 1248 4649 ditesceret,
1288 4600 1389 4638 nec
1428 4584 1871 4639 contristaretur
1910 4584 1994 4639 eis

348 4668 520 4723 rebus
541 4669 735 4725 vivens
754 4670 993 4726 relictus
1014 4669 1057 4740 ³,
1082 4687 1230 4742 quas
1250 4671 1361 4728 cito
1388 4674 1570 4729 fuerat
1588 4675 1843 4729 moriens
1868 4673 1995 4730 reli-

416 4800 431 4864 ξ
462 4795 1230 4864 ΧριιξεῑῆεεὶωιιεᾷΟοιῶθίθῃεὶε
1256 4801 1406 4863 liber,
1432 4811 1769 4864 cooperti-tur.

412 4859 434 4893 ²
462 4858 616 4907 Vind.
647 4862 762 4908 Am.
793 4864 846 4910 et
876 4862 999 4910 Lov.
1030 4864 1301 4917 omittunt.
1340 4858 1420 4915 in.

412 4922 433 4956 3
451 4920 536 4989 Sic
550 4923 671 4971 Mss.
693 4925 761 4989 At
775 4925 1170 4989 editin-elictis:
1186 4928 1365 4977 minus
1384 4929 1589 4989 integra
1609 4928 1703 4977 illa
1724 4928 1995 4979 antithesi.

348 4998 487 5047 quae
506 4985 800 5046 Augustino
820 4988 1036 5049 placuit.
1055 4989 1247 5038 horum
1285 4985 1584 5049 verboru'm,
1612 4992 1800 5039 vivens
1832 4992 2000 5039 relic-

348 5055 440 5095 tus
459 5064 477 5106 ;
499 5050 569 5107 et,
593 5049 840 5097 moriens
862 5051 1187 5101 relicturus.
1208 5080 1271 5088 —
1289 5054 1446 5103 Codd.
1468 5053 1562 5102 766
1587 5057 1638 5102 et
1655 5053 1773 5102 2051
1802 5055 1997 5105 ferunt.

348 5110 600 5168 relictus,
631 5111 758 5159 dum
788 5114 936 5161 eodd.
980 5115 1247 5165 interioris
1293 5119 1450 5166 notae
1496 5131 1586 5165 nn.
1620 5115 1744 5165 2052
1788 5120 1842 5165 et
1877 5114 2001 5164 2053

349 5172 570 5232 habent,
596 5174 829 5222 relictis.
862 5176 925 5223 M.

415 5236 489 5294 (α)
518 5236 898 5303 Speculator-is
928 5238 1186 5303 vocabulo
1207 5243 1389 5290 exacte
1418 5243 1739 5291 translatum
1755 5243 1835 5290 est
1861 5254 2005 5303 grae-

348 5309 469 5366 cum
496 5300 785 5366 episgopos,
815 5302 956 5363 quod
985 5302 1223 5366 pluribus
1252 5304 1439 5366 prohat
1465 5306 1519 5352 L.
1550 5306 1724 5353 Vives.

416 5359 461 5420 (b
515 5360 565 5408 S.
599 5359 1009 5430 Chrysos'tomus
1037 5365 1090 5411 in
1122 5359 1311 5415 llomil.
1352 5367 1374 5414 1
1413 5367 1479 5416 ad
1521 5367 1776 5430 populum
1815 5368 2003 5416 Antio-

352 5421 579 5471 ebenum
599 5421 919 5476 oetocausas
937 5431 1214 5476 enumerat
1242 5430 1423 5478 variae
1451 5432 1503 5479 et
1522 5421 1863 5479 bninimodae
1884 5442 2001 5479 san-

352 5487 558 5554 ctorum
596 5488 912 5554 efflictlonis
953 5491 1009 5539 in
1051 5490 1151 5538 hoc
1196 5493 1413 5553 mundo,
1464 5507 1598 5554 quas
1634 5493 1909 5554 sigillatim
1938 5506 2005 5541 ex

353 5546 641 5609 Scripturis
669 5553 965 5602 confirmat.
994 5554 1250 5606 Caucasus.

414 5612 489 5676 (ο)
514 5610 665 5675 Apud
697 5611 937 5677 Paulum,
963 5616 1350 5681 philargyria.
1373 5618 1615 5681 Vulgata,
1642 5617 1938 5683 cupiditas.

1343 248 1444 309 DE
1487 243 1852 307 CIVITATE
1894 244 2047 316 DEI,
2098 243 2161 304 S.
2205 243 2624 306 AUGUSTINI

3608 248 3684 307 24

2042 382 2265 434 cturus.
2283 378 2370 434 Illi
2389 382 2584 435 autem
2608 377 2979 446 infirmiores,
2994 378 3093 450 qui
3113 378 3358 434 terrenis
3380 378 3469 435 his
3491 379 3685 448 bonis,

2044 468 2314 541 quamvis
2346 485 2412 523 ea
2442 485 2555 523 non
2601 475 3007 539 praeponerunt
3035 467 3286 535 Christo,
3322 468 3690 541 aliquantula
3730 510 3737 519 .

2042 564 2244 615 tamen
2263 557 2579 630 cupiditate
2592 557 2986 625 cohaerebant;
3003 563 3283 628 quantum
3300 558 3420 613 haec
3437 559 3689 615 amando

2048 648 2431 719 peccaverint,
2449 646 2741 719 perdendo
2764 651 3091 702 senserunt.
3104 646 3352 702 Tantum
3369 648 3583 719 quippe
3599 649 3693 704 do-

2047 736 2301 800 luerunt,
2338 741 2622 808 quantum
2670 753 2731 791 se
2761 736 3063 791 doloribus
3103 736 3506 804 inseruerant;
3540 737 3694 793 sicut

2048 826 2393 898 Apostolum
2427 825 2641 881 dixisse
2662 842 2843 897 supra
2872 826 3347 882 commemoravi.
3382 825 3696 898 Oportebat

2048 916 2204 971 enim
2230 918 2293 970 ut
2324 915 2407 970 eis
2441 915 2749 970 adderetur
2770 915 2941 970 etiam
2965 916 3494 987 experimentorum
3519 915 3693 971 disci-

2053 1004 2230 1075 plina,
2266 1022 2297 1059 a
2328 1003 2543 1076 quibus
2569 1004 2753 1059 fuerat
2782 1008 2898 1059 tam
2933 1004 3034 1059 diu
3068 1003 3328 1074 neglecta
3357 1006 3690 1061 verborum.

2050 1093 2195 1149 Nam
2222 1110 2351 1149 cum
2372 1094 2511 1149 dixit
2533 1093 2866 1167 Apostolus,
2892 1094 2997 1162 Qui
3017 1092 3204 1149 volunt
3228 1095 3422 1150 divites
3443 1094 3589 1163 ﬁeri,
3612 1095 3697 1151 in-

2050 1185 2242 1238 cidunt
2276 1184 2735 1249 intentationem,
2768 1191 2822 1238 et
2852 1188 3053 1239 caetera
3077 1202 3091 1251 ;
3118 1184 3373 1254 profecto
3400 1183 3458 1237 in
3483 1183 3700 1240 divitiis

2052 1272 2427 1343 cupiditatem
2451 1272 2840 1343 reprehendit,
2858 1289 2969 1329 non
2992 1271 3328 1328 tacultatem
3352 1288 3365 1326 :
3390 1272 3489 1344 qui
3510 1273 3527 1308 ί
3553 1289 3697 1344 prte-

2054 1362 2197 1433 cepit
2221 1362 2383 1430 alibi,
2399 1364 2620 1426 dicens,
2640 1363 2888 1432 Prmcipe
2899 1361 3163 1418 divitibus
3180 1362 3344 1431 huius
3360 1362 3577 1427 mundi,
3594 1378 3702 1418 non

2052 1452 2284 1522 superbe
2298 1468 2519 1523 sapere,
2543 1467 2721 1525 neque
2740 1467 2965 1523 sperare
2984 1453 3043 1506 in
3066 1453 3274 1507 incerto
3295 1452 3620 1508 divitiarum
3640 1452 3661 1486 ³
3681 1468 3702 1514 ;

2054 1542 2144 1596 sed
2167 1544 2223 1597 in
2247 1544 2350 1598 Deo
2369 1546 2508 1612 vivo,
2525 1544 2619 1615 qui
2635 1550 2867 1615 praestat
2888 1542 3044 1598 nobis
3060 1543 3251 1599 omnia
3269 1543 3620 1599 abundanter
3635 1542 3706 1597 ad

2056 1632 2386 1702 fruendum:
2407 1633 2541 1688 bene
2551 1632 2788 1704 faciant,
2811 1632 3006 1688 divites
3026 1633 3143 1689 sint
3164 1631 3223 1688 in
3246 1632 3503 1703 cperibus
3527 1631 3704 1702 bonis,

2055 1722 2220 1791 fitcite
2251 1722 2519 1789 tribuant,
2542 1722 2967 1791 communicent,
2987 1722 3365 1778 thesaurizent
3384 1722 3493 1778 sibi
3511 1722 3709 1793 funda-

2057 1814 2303 1867 mentum
2326 1811 2527 1866 bonum
2548 1811 2610 1867 in
2629 1813 2903 1880 futurum,
2919 1814 2977 1866 ut
2997 1810 3409 1881 apprehendant
3428 1827 3609 1867 veram
3629 1809 3712 1867 vi-

2060 1911 2181 1958 tam
2202 1900 2247 1973 (Ι
2271 1902 2404 1957 Tim.
2437 1918 2514 1970 v1,
2540 1901 2903 1973 17-19).-Haec
2925 1902 3025 1973 qni
3054 1902 3125 1957 de
3146 1886 3271 1957 suis
3295 1901 3584 1957 faciebant
3623 1901 3709 1958 di-

2061 1991 2233 2059 vitiis,
2259 1990 2490 2063 magnis
2522 1995 2659 2047 sunt
2690 1991 2868 2046 lucris
2899 1991 3044 2046 levia
3073 1991 3281 2046 damna
3311 1990 3516 2059 solati;
3542 1989 3706 2062 plus-

2064 2097 2174 2153 que
2194 2079 2369 2135 lastati
2394 2096 2459 2135 ex
2482 2079 2595 2143 his,
2630 2095 2753 2147 qua-
2776 2078 2943 2135 l'acile
2967 2078 3270 2135 tribuendo
3292 2079 3475 2135 tutius
3507 2095 3704 2135 serva-

2063 2176 2290 2240 verunt,
2307 2185 2479 2241 quam
2495 2169 2821 2224 contristati
2835 2186 2904 2224 ex
2920 2168 3030 2232 his,
3047 2185 3175 2240 quis
3189 2167 3393 2224 timide
3406 2168 3707 2225 retinendo

2068 2259 2294 2316 facilius
2316 2259 2661 2315 amiserunt.
2698 2259 2810 2313 Hoc
2841 2257 2996 2313 enim
3022 2257 3215 2329 potuit
3234 2257 3294 2313 in
3322 2261 3478 2313 terra
3499 2256 3709 2330 perire,

2069 2351 2219 2420 quod
2241 2348 2576 2422 piguitinde
2591 2347 2925 2404 transferre.
2942 2347 3087 2402 Nam
3107 2347 3207 2418 qui
3221 2351 3563 2418 receperunt
3577 2363 3713 2402 con-

2071 2439 2266 2495 silium
2290 2438 2515 2495 Domini
2541 2438 2656 2505 sui,
2679 2436 2944 2501 dicentis,
2964 2438 3145 2501 Nolite
3164 2436 3395 2493 condere
3421 2435 3571 2492 vobis
3600 2436 3718 2492 the-

2071 2547 2129 2585 sa
2139 2546 2268 2584 uros
2290 2530 2347 2583 in
2374 2538 2544 2595 terra,
2563 2526 2832 2583 ubitinea
2855 2534 2908 2582 et
2931 2526 3126 2597 rubigo
3147 2525 3541 2591 exterminant,
3561 2530 3613 2580 et
3630 2524 3724 2580 ubi

2072 2622 2228 2696 fures
2249 2618 2520 2692 effodiunt
2539 2628 2589 2672 et
2611 2619 2907 2687 furantur;
2928 2615 3020 2672 sed
3040 2615 3409 2672 thesaurizate
3428 2614 3581 2671 vobis
3599 2613 3721 2669 the-

2073 2727 2264 2766 sauros
2304 2711 2363 2765 in
2400 2709 2550 2773 caelo,
2573 2724 2678 2780 quo
2711 2711 2806 2778 [ur
2832 2722 2942 2762 non
2975 2705 3202 2776 accedit,
3232 2720 3409 2776 neque
3436 2705 3583 2760 tinea
3612 2719 3725 2759 cor-

2076 2802 2282 2870 rumpit
2296 2815 2314 2854 :
2336 2798 2428 2852 ubi
2442 2796 2591 2852 enim
2605 2801 2682 2852 est
2698 2796 2991 2851 thesaurus
3008 2802 3153 2861 tuus,
3168 2795 3247 2849 ibi
3264 2796 3371 2850 erit
3385 2804 3434 2849 et
3445 2808 3540 2849 cor
3562 2800 3719 2848 tuum

2077 2890 2288 2963 (Matth.
2315 2906 2389 2955 vr,
2409 2874 2606 2964 19-21)
2628 2886 3025 2944 tribulationis
3047 2890 3306 2957 tempore
3332 2885 3729 2964 probaverunt

2081 2999 2253 3056 quam
2282 2985 2433 3035 recte
2464 2978 2787 3051 capuerint,
2813 2992 2930 3031 non
2955 2974 3384 3031 contemnendo
3411 2971 3728 3030 veracissi-

2083 3088 2239 3128 mum
2269 3075 2680 3140 praeceptorem
2707 3062 3135 3121 etthesaurisui
3162 3062 3565 3119 fidelissimum
3586 3059 3730 3117 invi-

2083 3159 2527 3230 ctissilnumque
2549 3155 2877 3213 custodem.
2902 3153 3048 3210 Nam
3076 3152 3127 3209 si
3151 3151 3321 3208 multi
3355 3155 3496 3209 sunt
3518 3148 3727 3223 gavisi,

2082 3252 2163 3308 ibi
2188 3267 2250 3307 se
2275 3249 2555 3304 habuisse
2590 3246 2824 3302 divitias
2855 3260 3011 3313 suas,
3037 3259 3152 3315 quo
3186 3241 3430 3314 contigit
3462 3245 3527 3296 ut
3547 3237 3748 3300 hostis,

2086 3358 2200 3398 non
2233 3340 2566 3405 accederet;
2602 3340 2820 3407 quanto
2852 3334 3069 3390 certius
3099 3337 3157 3390 et
3185 3331 3449 3388 securius
3478 3329 3731 3403 gaudere

2086 3434 2405 3504 potuerunt.
2427 3428 2524 3501 qui
2548 3425 2767 3482 monitu
2790 3424 2892 3480 Dei
2913 3423 3002 3480 sui
3025 3423 3167 3478 illuc
3191 3421 3732 3491 migraverant,quo
3774 3474 3779 3479 ,

2086 3516 2647 3577 accedere3omnino
2663 3530 2777 3570 non
2796 3511 3027 3584 posset?
3046 3510 3207 3568 Unde
3220 3510 3499 3567 Paulinus
3519 3515 3731 3574 noster,

2088 3608 2359 3666 Nolensis
2374 3606 2704 3677 episcopus,
2722 3619 2792 3658 ex
2803 3600 3250 3673 opulentissimo
3265 3598 3438 3655 divite
3449 3596 3736 3655 voluntate

2091 3698 2484 3772 pauperrimus
2497 3692 2954 3765 etcopiosissime
2983 3686 3739 3759 sanctus,quandoetipsam

2089 3789 2292 3845 Nolam
2313 3789 2543 3843 Barbari
2567 3786 2938 3841 vastaverunt
2960 3781 3058 3853 (α).
3077 3796 3213 3837 cum
3230 3779 3304 3835 ab
3324 3778 3409 3835 eis
3426 3782 3737 3845 teneretur,

2093 3881 2177 3936 sic
2199 3880 2259 3934 in
2278 3877 2445 3934 corde
2462 3892 2589 3943 suo,
2614 3873 2692 3929 ub
2714 3872 2784 3928 ab
2806 3887 2872 3928 eo
2895 3876 3096 3942 postea
3116 3868 3516 3942 cognovimus,
3539 3880 3736 3938 preca-

2095 3975 2267 4030 batur
2282 3986 2294 4024 :
2312 3966 2562 4033 Domine,
2578 3980 2688 4021 non
2706 3961 2991 4019 excrucier
3008 3967 3230 4031 propter
3247 3973 3452 4014 aurum
3475 3962 3526 4012 et
3547 3971 3743 4023 argen-

2095 4069 2242 4124 tum;
2265 4060 2361 4115 ubi
2379 4057 2533 4113 enim
2552 4056 2660 4110 sint
2679 4052 2871 4108 omnia
2893 4066 3032 4117 mea,
3050 4056 3109 4104 tu
3128 4049 3253 4105 scis.
3279 4046 3363 4103 Ibi
3384 4046 3539 4102 enim
3563 4043 3739 4100 habe-

2099 4154 2196 4208 bat
2215 4149 2414 4207 omnia
2441 4163 2565 4214 sua,
2591 4144 2689 4200 ubi
2725 4158 2857 4199 eum
2889 4140 3136 4196 condere
3156 4141 3213 4193 et
3235 4135 3626 4193 thesaurizare
3646 4132 3744 4188 ille

2100 4236 2583 4309 monstraverat‘,
2601 4233 2701 4307 qui
2725 4230 2914 4289 ethazc
2935 4228 3088 4285 mala
3106 4228 3322 4285 mundo
3341 4229 3581 4282 ventura
3601 4216 3743 4296 prae-

2100 4333 2347 4387 dixerat.
2366 4329 2444 4382 Ac
2468 4342 2568 4398 per
2588 4327 2694 4380 hoc
2721 4321 2818 4393 qui
2842 4319 3084 4376 Domino
3101 4334 3207 4374 suo
3234 4315 3493 4371 monenti
3514 4313 3747 4369 obedie-

2102 4426 2251 4487 rant,
2269 4419 2365 4473 ubi
2381 4414 2739 4487 etquomodo
2760 4408 3145 4466 thesaurizare
3161 4406 3569 4472 deberent,nec
3590 4402 3747 4473 ipsas

2102 4518 2362 4566 terrenas
2385 4506 2613 4560 divitias
2637 4499 2906 4556 Barbarie
2924 4494 3359 4552 incursantibus
3381 4493 3739 4549 amiserunt:

2104 4616 2254 4671 quos
2286 4605 2482 4653 autem
2523 4610 2639 4649 non
2681 4587 2951 4646 obedisse
2992 4583 3280 4658 pmnituit,
3325 4583 3460 4655 quid
3504 4582 3575 4638 de
3616 4581 3752 4636 tali-

2104 4691 2216 4745 bus
2249 4687 2422 4743 rebus
2454 4681 2781 4739 facicndum
2828 4679 3001 4743 esset,
3035 4674 3085 4730 si
3117 4689 3231 4731 non
3275 4671 3634 4744 prmeedente
3659 4686 3751 4725 sa-

2108 4776 2347 4852 pientia,
2380 4778 2533 4831 certe
2565 4770 2960 4840 consequente
3005 4760 3357 4836 experientia
3396 4759 3750 4815 didicerunt.

2172 4987 2187 5020 1
2219 4982 2374 5031 Vind.
2404 4981 2519 5029 Am.
2551 4978 2657 5029 Er.,
2679 4985 2865 5036 quam.
2898 4968 2953 5015 Si
2971 4966 3130 5016 etiam
3161 4962 3363 5011 habent
3388 4955 3753 5067 manuscripiti,

2180 5048 2322 5067 Δλ-ιλ
2353 5056 2460 5067 mm
2491 5042 2539 5067 ,ιι
2571 5039 2735 5067 ..ηοω-ι
2784 5034 2836 5067 in
2869 5030 3067 5067 ηιιίιηπι
3094 5023 3387 5067 1θαί1.ιιι·.ᾱε
3405 5036 3535 5067 oua.
3566 5044 3629 5057 —
3709 5031 3751 5067 s.

2107 5023 2542 5108 excepto-uncia}
2555 5023 2752 5091 sltem,
2784 5034 2841 5082 in
2869 5030 3067 5094 quibus
3093 5027 3304 5088 legitur,
3322 5023 3387 5071 de
3405 5036 3535 5086 qua.
3566 5044 3629 5057 —
3656 5023 3751 5067 Ms.

2107 5105 2731 5223 763’Iguecdiiisnfidditur,
2776 5169 3016 5206 suarum
3046 5170 3063 5213 ,-
3092 5153 3235 5217 quod
3282 5149 3433 5200 abest
3466 5158 3503 5194 a
3542 5156 3758 5194 manus-

2106 5235 2305 5297 criptis.

2171 5279 2378 5352 Eliditi,
2408 5291 2605 5343 accedi.
2638 5289 2705 5336 At
2731 5286 2874 5352 Mss?
2906 5279 3172 5352 accederez

2168 5360 2192 5395 ⁴¹
2222 5338 2663 5409 gavisi-codices
2692 5347 2878 5400 nostri.
2910 5348 3127 5406 excepto
3153 5341 3265 5395 766.
3296 5338 3765 5409 legunthonue—

2108 5398 2346 5475 rat-Ibis.-
2372 5398 2811 5478 “ltitia—plerique
2838 5398 2983 5478 editi,
3019 5398 3445 5478 monstraverat.
3464 5398 3543 5478 vlli:

2172 5461 2695 5547 (aiddiiiiinihddm
2713 5461 2813 5525 sub
2828 5461 3176 5547 alarico‘pp‘st
3192 5467 3453 5547 direptam

2110 5529 2336 5606 Latium,
2351 5529 2601 5606 Volscos,
2615 5537 2977 5606 Campaniam,
3003 5529 3223 5606 stultas
3241 5529 3767 5606 itaﬁae_pro_vincias

2111 5588 2702 5669 EﬁiiiTivdiaih'iptam
2729 5588 3048 5662 Campaniae
3074 5592 3346 5644 civitatem
3373 5588 3673 5639 diruerant.
