  <div class='ocr_page' id='page_1' title='image "/cluster/home/n/w/nwhite01/storage/ocr_20150623/41/hvd.32044096580634/018.png"; bbox 0 0 4128 6190; ppageno 0'>
   <div class='ocr_carea' id='block_1_1' title="bbox 298 258 1945 385">
    <p class='ocr_par' dir='ltr' id='par_1_1' title="bbox 298 258 1926 383">
     <span class='ocr_line' id='line_1_1' title="bbox 298 258 1926 383; baseline 0.001 -1"><span class='ocrx_word' id='word_1_1' title='bbox 298 324 367 383; x_wconf 79' lang='grc'><strong>25</strong></span> <span class='ocrx_word' id='word_1_2' title='bbox 1694 258 1926 383; x_wconf 48' lang='lat' dir='ltr'><strong>‘LIBER</strong></span> 
     </span>
    </p>
   </div>
   <div class='ocr_carea' id='block_1_2' title="bbox 2058 258 3692 385">
    <p class='ocr_par' dir='ltr' id='par_1_2' title="bbox 2058 320 3692 385">
     <span class='ocr_line' id='line_1_2' title="bbox 2058 320 3692 385; baseline 0.002 -3"><span class='ocrx_word' id='word_1_3' title='bbox 2058 320 2291 383; x_wconf 81' lang='lat' dir='ltr'><strong>lIMUS.</strong></span> <span class='ocrx_word' id='word_1_4' title='bbox 3615 325 3692 385; x_wconf 78' lang='grc'><strong>26</strong></span> 
     </span>
    </p>
   </div>
   <div class='ocr_carea' id='block_1_3' title="bbox 366 457 1941 531">
    <p class='ocr_par' dir='ltr' id='par_1_3' title="bbox 366 457 1941 531">
     <span class='ocr_line' id='line_1_3' title="bbox 366 457 1941 531; baseline -0.002 -17"><span class='ocrx_word' id='word_1_5' title='bbox 366 462 416 514; x_wconf 89' lang='lat'><strong>3.</strong></span> <span class='ocrx_word' id='word_1_6' title='bbox 436 461 511 515; x_wconf 81' lang='lat' dir='ltr'><strong>At</strong></span> <span class='ocrx_word' id='word_1_7' title='bbox 538 459 697 517; x_wconf 93' lang='lat' dir='ltr'><strong>enim</strong></span> <span class='ocrx_word' id='word_1_8' title='bbox 715 459 948 531; x_wconf 90' lang='lat' dir='ltr'><strong>quidam</strong></span> <span class='ocrx_word' id='word_1_9' title='bbox 971 459 1108 515; x_wconf 90' lang='lat' dir='ltr'><strong>boni</strong></span> <span class='ocrx_word' id='word_1_10' title='bbox 1130 459 1303 515; x_wconf 85' lang='lat' dir='ltr'><strong>etiam</strong></span> <span class='ocrx_word' id='word_1_11' title='bbox 1335 458 1651 516; x_wconf 79' lang='lat' dir='ltr'><strong>Christiani</strong></span> <span class='ocrx_word' id='word_1_12' title='bbox 1676 457 1941 513; x_wconf 88' lang='lat' dir='ltr'><strong>torrentis</strong></span> 
     </span>
    </p>
   </div>
   <div class='ocr_carea' id='block_1_4' title="bbox 301 544 1941 618">
    <p class='ocr_par' dir='ltr' id='par_1_4' title="bbox 301 544 1941 618">
     <span class='ocr_line' id='line_1_4' title="bbox 301 544 1941 618; baseline -0.002 -13"><span class='ocrx_word' id='word_1_13' title='bbox 301 549 606 605; x_wconf 78' lang='lat' dir='ltr'><strong>ercruciati</strong></span> <span class='ocrx_word' id='word_1_14' title='bbox 627 552 863 616; x_wconf 88' lang='lat' dir='ltr'><strong>sunt,ut</strong></span> <span class='ocrx_word' id='word_1_15' title='bbox 897 549 1045 604; x_wconf 87' lang='lat' dir='ltr'><strong>bona</strong></span> <span class='ocrx_word' id='word_1_16' title='bbox 1070 565 1178 604; x_wconf 86' lang='lat' dir='ltr'><strong>sua</strong></span> <span class='ocrx_word' id='word_1_17' title='bbox 1204 548 1473 605; x_wconf 87' lang='lat' dir='ltr'><strong>hostibus</strong></span> <span class='ocrx_word' id='word_1_18' title='bbox 1505 547 1829 618; x_wconf 82' lang='lat' dir='ltr'><strong>proderent.</strong></span> <span class='ocrx_word' id='word_1_19' title='bbox 1854 544 1941 601; x_wconf 87' lang='lat' dir='ltr'><strong>Illi</strong></span> 
     </span>
    </p>
   </div>
   <div class='ocr_carea' id='block_1_5' title="bbox 299 637 1941 710">
    <p class='ocr_par' dir='ltr' id='par_1_5' title="bbox 299 637 1941 710">
     <span class='ocr_line' id='line_1_5' title="bbox 299 637 1941 710; baseline -0.002 -17"><span class='ocrx_word' id='word_1_20' title='bbox 299 655 428 694; x_wconf 86' lang='lat' dir='ltr'><strong>vero</strong></span> <span class='ocrx_word' id='word_1_21' title='bbox 454 654 557 695; x_wconf 89' lang='lat' dir='ltr'><strong>nec</strong></span> <span class='ocrx_word' id='word_1_22' title='bbox 577 637 840 710; x_wconf 79' lang='lat' dir='ltr'><strong>prodere,</strong></span> <span class='ocrx_word' id='word_1_23' title='bbox 856 654 959 693; x_wconf 92' lang='lat' dir='ltr'><strong>nec</strong></span> <span class='ocrx_word' id='word_1_24' title='bbox 976 639 1211 710; x_wconf 79' lang='lat' dir='ltr'><strong>perdere</strong></span> <span class='ocrx_word' id='word_1_25' title='bbox 1234 642 1544 710; x_wconf 87' lang='lat' dir='ltr'><strong>potuerunt</strong></span> <span class='ocrx_word' id='word_1_26' title='bbox 1565 637 1806 704; x_wconf 87' lang='lat' dir='ltr'><strong>bonum,</strong></span> <span class='ocrx_word' id='word_1_27' title='bbox 1826 652 1941 707; x_wconf 92' lang='lat' dir='ltr'><strong>quo</strong></span> 
     </span>
    </p>
   </div>
   <div class='ocr_carea' id='block_1_6' title="bbox 302 726 1940 800">
    <p class='ocr_par' dir='ltr' id='par_1_6' title="bbox 302 726 1940 800">
     <span class='ocr_line' id='line_1_6' title="bbox 302 726 1940 800; baseline -0.003 -17"><span class='ocrx_word' id='word_1_28' title='bbox 302 737 351 783; x_wconf 89' lang='lat' dir='ltr'><strong>et</strong></span> <span class='ocrx_word' id='word_1_29' title='bbox 374 727 489 800; x_wconf 85' lang='lat' dir='ltr'><strong>ipsi</strong></span> <span class='ocrx_word' id='word_1_30' title='bbox 522 727 657 782; x_wconf 91' lang='lat' dir='ltr'><strong>boni</strong></span> <span class='ocrx_word' id='word_1_31' title='bbox 690 730 870 782; x_wconf 89' lang='lat' dir='ltr'><strong>erant.</strong></span> <span class='ocrx_word' id='word_1_32' title='bbox 904 726 962 781; x_wconf 91' lang='lat' dir='ltr'><strong>Si</strong></span> <span class='ocrx_word' id='word_1_33' title='bbox 996 731 1191 783; x_wconf 89' lang='lat' dir='ltr'><strong>autem</strong></span> <span class='ocrx_word' id='word_1_34' title='bbox 1223 726 1501 798; x_wconf 77' lang='lat' dir='ltr'><strong>torqueri,</strong></span> <span class='ocrx_word' id='word_1_35' title='bbox 1531 742 1706 798; x_wconf 90' lang='lat' dir='ltr'><strong>quam</strong></span> <span class='ocrx_word' id='word_1_36' title='bbox 1749 741 1940 779; x_wconf 86' lang='lat' dir='ltr'><strong>mam-</strong></span> 
     </span>
    </p>
   </div>
   <div class='ocr_carea' id='block_1_7' title="bbox 304 816 1938 890">
    <p class='ocr_par' dir='ltr' id='par_1_7' title="bbox 304 816 1938 890">
     <span class='ocr_line' id='line_1_7' title="bbox 304 816 1938 890; baseline -0.003 -16"><span class='ocrx_word' id='word_1_37' title='bbox 304 836 468 875; x_wconf 89' lang='lat' dir='ltr'><strong>mona</strong></span> <span class='ocrx_word' id='word_1_38' title='bbox 490 818 815 890; x_wconf 77' lang='lat' dir='ltr'><strong>iniquitatis</strong></span> <span class='ocrx_word' id='word_1_39' title='bbox 836 818 1077 888; x_wconf 83' lang='lat' dir='ltr'><strong>prodere</strong></span> <span class='ocrx_word' id='word_1_40' title='bbox 1098 818 1455 885; x_wconf 90' lang='lat' dir='ltr'><strong>maluerunt,</strong></span> <span class='ocrx_word' id='word_1_41' title='bbox 1478 816 1613 873; x_wconf 90' lang='lat' dir='ltr'><strong>boni</strong></span> <span class='ocrx_word' id='word_1_42' title='bbox 1630 832 1742 872; x_wconf 90' lang='lat' dir='ltr'><strong>non</strong></span> <span class='ocrx_word' id='word_1_43' title='bbox 1757 818 1938 871; x_wconf 80' lang='lat' dir='ltr'><strong>erant.</strong></span> 
     </span>
    </p>
   </div>
   <div class='ocr_carea' id='block_1_8' title="bbox 195 905 1942 978">
    <p class='ocr_par' dir='ltr' id='par_1_8' title="bbox 195 905 1942 978">
     <span class='ocr_line' id='line_1_8' title="bbox 195 905 1942 978; baseline -0.004 -14"><span class='ocrx_word' id='word_1_44' title='bbox 195 939 206 950; x_wconf 92' lang='lat'><strong><em>-</em></strong></span> <span class='ocrx_word' id='word_1_45' title='bbox 304 908 379 963; x_wconf 81' lang='lat' dir='ltr'><strong>Ad</strong></span> <span class='ocrx_word' id='word_1_46' title='bbox 392 907 663 963; x_wconf 88' lang='lat' dir='ltr'><strong>monendi</strong></span> <span class='ocrx_word' id='word_1_47' title='bbox 680 910 870 963; x_wconf 88' lang='lat' dir='ltr'><strong>autem</strong></span> <span class='ocrx_word' id='word_1_48' title='bbox 889 907 1141 974; x_wconf 80' lang='lat' dir='ltr'><strong>fuerant,</strong></span> <span class='ocrx_word' id='word_1_49' title='bbox 1159 906 1258 978; x_wconf 88' lang='lat' dir='ltr'><strong>qui</strong></span> <span class='ocrx_word' id='word_1_50' title='bbox 1279 911 1437 960; x_wconf 88' lang='lat' dir='ltr'><strong>tanta</strong></span> <span class='ocrx_word' id='word_1_51' title='bbox 1461 905 1829 977; x_wconf 88' lang='lat' dir='ltr'><strong>patiebantur</strong></span> <span class='ocrx_word' id='word_1_52' title='bbox 1843 919 1942 975; x_wconf 86' lang='lat' dir='ltr'><strong>pro</strong></span> 
     </span>
    </p>
   </div>
   <div class='ocr_carea' id='block_1_9' title="bbox 303 993 1939 1069">
    <p class='ocr_par' dir='ltr' id='par_1_9' title="bbox 303 993 1939 1069">
     <span class='ocr_line' id='line_1_9' title="bbox 303 993 1939 1069; baseline -0.004 -17"><span class='ocrx_word' id='word_1_53' title='bbox 303 1014 458 1064; x_wconf 89' lang='lat' dir='ltr'><strong>auro,</strong></span> <span class='ocrx_word' id='word_1_54' title='bbox 475 1001 700 1069; x_wconf 87' lang='lat' dir='ltr'><strong>quanta</strong></span> <span class='ocrx_word' id='word_1_55' title='bbox 719 999 912 1053; x_wconf 81' lang='lat' dir='ltr'><strong>essent</strong></span> <span class='ocrx_word' id='word_1_56' title='bbox 941 996 1286 1051; x_wconf 88' lang='lat' dir='ltr'><strong>sustinenda</strong></span> <span class='ocrx_word' id='word_1_57' title='bbox 1312 1011 1410 1066; x_wconf 90' lang='lat' dir='ltr'><strong>pro</strong></span> <span class='ocrx_word' id='word_1_58' title='bbox 1432 993 1662 1049; x_wconf 88' lang='lat' dir='ltr'><strong>Christo</strong></span> <span class='ocrx_word' id='word_1_59' title='bbox 1685 1009 1698 1047; x_wconf 90' lang='lat'><strong>:</strong></span> <span class='ocrx_word' id='word_1_60' title='bbox 1720 998 1781 1047; x_wconf 91' lang='lat' dir='ltr'><strong>ut</strong></span> <span class='ocrx_word' id='word_1_61' title='bbox 1807 1008 1939 1046; x_wconf 89' lang='lat' dir='ltr'><strong>eum</strong></span> 
     </span>
    </p>
   </div>
   <div class='ocr_carea' id='block_1_10' title="bbox 304 1084 1943 1158">
    <p class='ocr_par' dir='ltr' id='par_1_10' title="bbox 304 1084 1943 1158">
     <span class='ocr_line' id='line_1_10' title="bbox 304 1084 1943 1158; baseline -0.004 -16"><span class='ocrx_word' id='word_1_62' title='bbox 304 1087 485 1158; x_wconf 90' lang='lat' dir='ltr'><strong>potius</strong></span> <span class='ocrx_word' id='word_1_63' title='bbox 513 1085 750 1156; x_wconf 82' lang='lat' dir='ltr'><strong>diligere</strong></span> <span class='ocrx_word' id='word_1_64' title='bbox 779 1085 1088 1152; x_wconf 86' lang='lat' dir='ltr'><strong>discerent,</strong></span> <span class='ocrx_word' id='word_1_65' title='bbox 1113 1084 1211 1156; x_wconf 89' lang='lat' dir='ltr'><strong>qui</strong></span> <span class='ocrx_word' id='word_1_66' title='bbox 1242 1101 1345 1157; x_wconf 90' lang='lat' dir='ltr'><strong>pro</strong></span> <span class='ocrx_word' id='word_1_67' title='bbox 1377 1100 1441 1140; x_wconf 90' lang='lat' dir='ltr'><strong>se</strong></span> <span class='ocrx_word' id='word_1_68' title='bbox 1490 1100 1696 1156; x_wconf 88' lang='lat' dir='ltr'><strong>passos</strong></span> <span class='ocrx_word' id='word_1_69' title='bbox 1726 1086 1943 1136; x_wconf 57' lang='lat' dir='ltr'><strong>aeterna</strong></span> 
     </span>
    </p>
   </div>
   <div class='ocr_carea' id='block_1_11' title="bbox 301 1174 1940 1245">
    <p class='ocr_par' dir='ltr' id='par_1_11' title="bbox 301 1174 1940 1245">
     <span class='ocr_line' id='line_1_11' title="bbox 301 1174 1940 1245; baseline -0.004 -14"><span class='ocrx_word' id='word_1_70' title='bbox 301 1174 567 1232; x_wconf 78' lang='lat' dir='ltr'><strong>felicitate</strong></span> <span class='ocrx_word' id='word_1_71' title='bbox 599 1175 809 1230; x_wconf 89' lang='lat' dir='ltr'><strong>ditaret</strong></span> <span class='ocrx_word' id='word_1_72' title='bbox 842 1191 995 1243; x_wconf 88' lang='lat' dir='ltr'><strong>;non</strong></span> <span class='ocrx_word' id='word_1_73' title='bbox 1029 1191 1237 1230; x_wconf 89' lang='lat' dir='ltr'><strong>aurum</strong></span> <span class='ocrx_word' id='word_1_74' title='bbox 1269 1179 1325 1230; x_wconf 88' lang='lat' dir='ltr'><strong>et</strong></span> <span class='ocrx_word' id='word_1_75' title='bbox 1346 1177 1671 1245; x_wconf 86' lang='lat' dir='ltr'><strong>argentum,</strong></span> <span class='ocrx_word' id='word_1_76' title='bbox 1706 1188 1806 1242; x_wconf 93' lang='lat' dir='ltr'><strong>pro</strong></span> <span class='ocrx_word' id='word_1_77' title='bbox 1828 1186 1940 1241; x_wconf 91' lang='lat' dir='ltr'><strong>quo</strong></span> 
     </span>
    </p>
   </div>
   <div class='ocr_carea' id='block_1_12' title="bbox 301 1261 1937 1337">
    <p class='ocr_par' dir='ltr' id='par_1_12' title="bbox 301 1261 1937 1337">
     <span class='ocr_line' id='line_1_12' title="bbox 301 1261 1937 1337; baseline -0.004 -17"><span class='ocrx_word' id='word_1_78' title='bbox 301 1266 410 1337; x_wconf 88' lang='lat' dir='ltr'><strong>pati</strong></span> <span class='ocrx_word' id='word_1_79' title='bbox 442 1265 837 1320; x_wconf 88' lang='lat' dir='ltr'><strong>miserrimum</strong></span> <span class='ocrx_word' id='word_1_80' title='bbox 872 1263 1002 1333; x_wconf 85' lang='lat' dir='ltr'><strong>fuit,</strong></span> <span class='ocrx_word' id='word_1_81' title='bbox 1036 1279 1136 1320; x_wconf 89' lang='lat' dir='ltr'><strong>seu</strong></span> <span class='ocrx_word' id='word_1_82' title='bbox 1172 1263 1505 1319; x_wconf 89' lang='lat' dir='ltr'><strong>mentiendo</strong></span> <span class='ocrx_word' id='word_1_83' title='bbox 1528 1261 1937 1326; x_wconf 86' lang='lat' dir='ltr'><strong>occultaretur,</strong></span> 
     </span>
    </p>
   </div>
   <div class='ocr_carea' id='block_1_13' title="bbox 301 1340 1937 1422">
    <p class='ocr_par' dir='ltr' id='par_1_13' title="bbox 301 1340 1937 1422">
     <span class='ocr_line' id='line_1_13' title="bbox 301 1340 1937 1422; baseline -0.003 -16"><span class='ocrx_word' id='word_1_84' title='bbox 301 1369 399 1408; x_wconf 89' lang='lat' dir='ltr'><strong>seu</strong></span> <span class='ocrx_word' id='word_1_85' title='bbox 434 1369 627 1408; x_wconf 81' lang='lat' dir='ltr'><strong>verum</strong></span> <span class='ocrx_word' id='word_1_86' title='bbox 657 1340 903 1407; x_wconf 89' lang='lat' dir='ltr'><strong>dicendo</strong></span> <span class='ocrx_word' id='word_1_87' title='bbox 934 1351 1298 1422; x_wconf 86' lang='lat' dir='ltr'><strong>proderetur.</strong></span> <span class='ocrx_word' id='word_1_88' title='bbox 1332 1354 1593 1421; x_wconf 87' lang='lat' dir='ltr'><strong>Namque</strong></span> <span class='ocrx_word' id='word_1_89' title='bbox 1640 1348 1789 1404; x_wconf 86' lang='lat' dir='ltr'><strong>inter</strong></span> <span class='ocrx_word' id='word_1_90' title='bbox 1820 1350 1937 1402; x_wconf 85' lang='lat' dir='ltr'><strong>tor-</strong></span> 
     </span>
    </p>
   </div>
   <div class='ocr_carea' id='block_1_14' title="bbox 300 1439 1940 1497">
    <p class='ocr_par' dir='ltr' id='par_1_14' title="bbox 300 1439 1940 1497">
     <span class='ocr_line' id='line_1_14' title="bbox 300 1439 1940 1497; baseline -0.002 -2"><span class='ocrx_word' id='word_1_91' title='bbox 300 1444 491 1497; x_wconf 86' lang='lat' dir='ltr'><strong>menta</strong></span> <span class='ocrx_word' id='word_1_92' title='bbox 522 1440 1002 1497; x_wconf 89' lang='lat' dir='ltr'><strong>nemoChristum</strong></span> <span class='ocrx_word' id='word_1_93' title='bbox 1029 1440 1354 1496; x_wconf 79' lang='lat' dir='ltr'><strong>conﬁtendo</strong></span> <span class='ocrx_word' id='word_1_94' title='bbox 1376 1439 1608 1495; x_wconf 85' lang='lat' dir='ltr'><strong>amisit:</strong></span> <span class='ocrx_word' id='word_1_95' title='bbox 1638 1454 1807 1493; x_wconf 90' lang='lat' dir='ltr'><strong>nemo</strong></span> <span class='ocrx_word' id='word_1_96' title='bbox 1830 1455 1940 1492; x_wconf 85' lang='lat' dir='ltr'><strong>au-</strong></span> 
     </span>
    </p>
   </div>
   <div class='ocr_carea' id='block_1_15' title="bbox 297 1526 1943 1602">
    <p class='ocr_par' dir='ltr' id='par_1_15' title="bbox 297 1526 1943 1602">
     <span class='ocr_line' id='line_1_15' title="bbox 297 1526 1943 1602; baseline -0.003 -17"><span class='ocrx_word' id='word_1_97' title='bbox 297 1546 446 1596; x_wconf 89' lang='lat' dir='ltr'><strong>rum,</strong></span> <span class='ocrx_word' id='word_1_98' title='bbox 476 1529 589 1585; x_wconf 82' lang='lat' dir='ltr'><strong>nisi</strong></span> <span class='ocrx_word' id='word_1_99' title='bbox 613 1529 904 1602; x_wconf 87' lang='lat' dir='ltr'><strong>negando,</strong></span> <span class='ocrx_word' id='word_1_100' title='bbox 929 1529 1198 1585; x_wconf 84' lang='lat' dir='ltr'><strong>servavit.</strong></span> <span class='ocrx_word' id='word_1_101' title='bbox 1225 1528 1502 1591; x_wconf 89' lang='lat' dir='ltr'><strong>Quocirca</strong></span> <span class='ocrx_word' id='word_1_102' title='bbox 1522 1526 1756 1582; x_wconf 86' lang='lat' dir='ltr'><strong>utiliora</strong></span> <span class='ocrx_word' id='word_1_103' title='bbox 1778 1529 1943 1581; x_wconf 90' lang='lat' dir='ltr'><strong>erant</strong></span> 
     </span>
    </p>
   </div>
   <div class='ocr_carea' id='block_1_16' title="bbox 297 1615 1937 1689">
    <p class='ocr_par' dir='ltr' id='par_1_16' title="bbox 297 1615 1937 1689">
     <span class='ocr_line' id='line_1_16' title="bbox 297 1615 1937 1689; baseline -0.002 -16"><span class='ocrx_word' id='word_1_104' title='bbox 297 1618 542 1675; x_wconf 77' lang='lat' dir='ltr'><strong>fortasse</strong></span> <span class='ocrx_word' id='word_1_105' title='bbox 562 1622 874 1686; x_wconf 89' lang='lat' dir='ltr'><strong>tormenta,</strong></span> <span class='ocrx_word' id='word_1_106' title='bbox 897 1634 1020 1689; x_wconf 68' lang='lat' dir='ltr'><strong>quae</strong></span> <span class='ocrx_word' id='word_1_107' title='bbox 1044 1618 1263 1675; x_wconf 90' lang='lat' dir='ltr'><strong>bonum</strong></span> <span class='ocrx_word' id='word_1_108' title='bbox 1284 1615 1720 1686; x_wconf 88' lang='lat' dir='ltr'><strong>incorruptibile</strong></span> <span class='ocrx_word' id='word_1_109' title='bbox 1744 1630 1937 1671; x_wconf 88' lang='lat' dir='ltr'><strong>aman-</strong></span> 
     </span>
    </p>
   </div>
   <div class='ocr_carea' id='block_1_17' title="bbox 296 1696 1939 1779">
    <p class='ocr_par' dir='ltr' id='par_1_17' title="bbox 296 1696 1939 1779">
     <span class='ocr_line' id='line_1_17' title="bbox 296 1696 1939 1779; baseline -0.002 -17"><span class='ocrx_word' id='word_1_110' title='bbox 296 1707 435 1763; x_wconf 87' lang='lat' dir='ltr'><strong>dum</strong></span> <span class='ocrx_word' id='word_1_111' title='bbox 467 1708 779 1776; x_wconf 84' lang='lat' dir='ltr'><strong>docebant,</strong></span> <span class='ocrx_word' id='word_1_112' title='bbox 812 1717 990 1779; x_wconf 81' lang='lat' dir='ltr'><strong>quam</strong></span> <span class='ocrx_word' id='word_1_113' title='bbox 1021 1707 1122 1763; x_wconf 88' lang='lat' dir='ltr'><strong>illa</strong></span> <span class='ocrx_word' id='word_1_114' title='bbox 1147 1707 1319 1773; x_wconf 86' lang='lat' dir='ltr'><strong>bona,</strong></span> <span class='ocrx_word' id='word_1_115' title='bbox 1346 1723 1476 1779; x_wconf 72' lang='lat' dir='ltr'><strong>quae</strong></span> <span class='ocrx_word' id='word_1_116' title='bbox 1506 1705 1628 1761; x_wconf 90' lang='lat' dir='ltr'><strong>sine</strong></span> <span class='ocrx_word' id='word_1_117' title='bbox 1666 1704 1785 1761; x_wconf 89' lang='lat' dir='ltr'><strong>ullo</strong></span> <span class='ocrx_word' id='word_1_118' title='bbox 1809 1696 1939 1760; x_wconf 75' lang='lat' dir='ltr'><strong>utili</strong></span> 
     </span>
    </p>
   </div>
   <div class='ocr_carea' id='block_1_18' title="bbox 296 1793 1941 1868">
    <p class='ocr_par' dir='ltr' id='par_1_18' title="bbox 296 1793 1941 1868">
     <span class='ocr_line' id='line_1_18' title="bbox 296 1793 1941 1868; baseline -0.002 -16"><span class='ocrx_word' id='word_1_119' title='bbox 296 1797 489 1853; x_wconf 90' lang='lat' dir='ltr'><strong>fructu</strong></span> <span class='ocrx_word' id='word_1_120' title='bbox 522 1797 792 1852; x_wconf 89' lang='lat' dir='ltr'><strong>dominos</strong></span> <span class='ocrx_word' id='word_1_121' title='bbox 814 1796 905 1852; x_wconf 89' lang='lat' dir='ltr'><strong>sui</strong></span> <span class='ocrx_word' id='word_1_122' title='bbox 928 1812 1125 1853; x_wconf 87' lang='lat' dir='ltr'><strong>amore</strong></span> <span class='ocrx_word' id='word_1_123' title='bbox 1155 1795 1525 1868; x_wconf 89' lang='lat' dir='ltr'><strong>torquebant.</strong></span> <span class='ocrx_word' id='word_1_124' title='bbox 1559 1794 1666 1849; x_wconf 89' lang='lat' dir='ltr'><strong>Sed</strong></span> <span class='ocrx_word' id='word_1_125' title='bbox 1700 1793 1941 1864; x_wconf 91' lang='lat' dir='ltr'><strong>quidam</strong></span> 
     </span>
    </p>
   </div>
   <div class='ocr_carea' id='block_1_19' title="bbox 294 1883 1943 1957">
    <p class='ocr_par' dir='ltr' id='par_1_19' title="bbox 294 1883 1943 1957">
     <span class='ocr_line' id='line_1_19' title="bbox 294 1883 1943 1957; baseline -0.001 -18"><span class='ocrx_word' id='word_1_126' title='bbox 294 1883 472 1940; x_wconf 86' lang='lat' dir='ltr'><strong>etiam</strong></span> <span class='ocrx_word' id='word_1_127' title='bbox 506 1901 620 1942; x_wconf 89' lang='lat' dir='ltr'><strong>non</strong></span> <span class='ocrx_word' id='word_1_128' title='bbox 652 1884 939 1941; x_wconf 88' lang='lat' dir='ltr'><strong>habentes</strong></span> <span class='ocrx_word' id='word_1_129' title='bbox 972 1884 1126 1957; x_wconf 88' lang='lat' dir='ltr'><strong>quod</strong></span> <span class='ocrx_word' id='word_1_130' title='bbox 1160 1885 1491 1956; x_wconf 89' lang='lat' dir='ltr'><strong>proderent,</strong></span> <span class='ocrx_word' id='word_1_131' title='bbox 1515 1885 1654 1939; x_wconf 88' lang='lat' dir='ltr'><strong>dum</strong></span> <span class='ocrx_word' id='word_1_132' title='bbox 1682 1900 1795 1938; x_wconf 87' lang='lat' dir='ltr'><strong>non</strong></span> <span class='ocrx_word' id='word_1_133' title='bbox 1818 1898 1943 1937; x_wconf 85' lang='lat' dir='ltr'><strong>cre-</strong></span> 
     </span>
    </p>
   </div>
   <div class='ocr_carea' id='block_1_20' title="bbox 295 1972 1941 2044">
    <p class='ocr_par' dir='ltr' id='par_1_20' title="bbox 295 1972 1941 2044">
     <span class='ocr_line' id='line_1_20' title="bbox 295 1972 1941 2044; baseline -0.001 -16"><span class='ocrx_word' id='word_1_134' title='bbox 295 1973 537 2043; x_wconf 88' lang='lat' dir='ltr'><strong>duntur,</strong></span> <span class='ocrx_word' id='word_1_135' title='bbox 561 1973 873 2031; x_wconf 90' lang='lat' dir='ltr'><strong>tortisunt.</strong></span> <span class='ocrx_word' id='word_1_136' title='bbox 894 1974 964 2030; x_wconf 89' lang='lat' dir='ltr'><strong>Et</strong></span> <span class='ocrx_word' id='word_1_137' title='bbox 995 1974 1051 2029; x_wconf 87' lang='lat' dir='ltr'><strong>hi</strong></span> <span class='ocrx_word' id='word_1_138' title='bbox 1076 1974 1219 2031; x_wconf 86' lang='lat' dir='ltr'><strong>forte</strong></span> <span class='ocrx_word' id='word_1_139' title='bbox 1234 1973 1450 2029; x_wconf 89' lang='lat' dir='ltr'><strong>habere</strong></span> <span class='ocrx_word' id='word_1_140' title='bbox 1480 1972 1812 2044; x_wconf 90' lang='lat' dir='ltr'><strong>cupiebant,</strong></span> <span class='ocrx_word' id='word_1_141' title='bbox 1839 1987 1941 2027; x_wconf 92' lang='lat' dir='ltr'><strong>nec</strong></span> 
     </span>
    </p>
   </div>
   <div class='ocr_carea' id='block_1_21' title="bbox 291 2049 1945 2136">
    <p class='ocr_par' dir='ltr' id='par_1_21' title="bbox 291 2049 1945 2136">
     <span class='ocr_line' id='line_1_21' title="bbox 291 2049 1945 2136; baseline -0.001 -18"><span class='ocrx_word' id='word_1_142' title='bbox 291 2066 496 2119; x_wconf 87' lang='lat' dir='ltr'><strong>sancta</strong></span> <span class='ocrx_word' id='word_1_143' title='bbox 510 2063 799 2120; x_wconf 76' lang='lat' dir='ltr'><strong>voluntate</strong></span> <span class='ocrx_word' id='word_1_144' title='bbox 812 2079 1097 2136; x_wconf 87' lang='lat' dir='ltr'><strong>pauperes</strong></span> <span class='ocrx_word' id='word_1_145' title='bbox 1108 2067 1302 2119; x_wconf 86' lang='lat' dir='ltr'><strong>erant:</strong></span> <span class='ocrx_word' id='word_1_146' title='bbox 1318 2049 1533 2135; x_wconf 88' lang='lat' dir='ltr'><strong>quibus</strong></span> <span class='ocrx_word' id='word_1_147' title='bbox 1546 2063 1945 2118; x_wconf 86' lang='lat' dir='ltr'><strong>demonstran-</strong></span> 
     </span>
    </p>
   </div>
   <div class='ocr_carea' id='block_1_22' title="bbox 290 2152 1944 2226">
    <p class='ocr_par' dir='ltr' id='par_1_22' title="bbox 290 2152 1944 2226">
     <span class='ocr_line' id='line_1_22' title="bbox 290 2152 1944 2226; baseline -0.001 -17"><span class='ocrx_word' id='word_1_148' title='bbox 290 2153 431 2210; x_wconf 90' lang='lat' dir='ltr'><strong>dum</strong></span> <span class='ocrx_word' id='word_1_149' title='bbox 451 2155 581 2223; x_wconf 87' lang='lat' dir='ltr'><strong>fuit,</strong></span> <span class='ocrx_word' id='word_1_150' title='bbox 596 2172 712 2211; x_wconf 89' lang='lat' dir='ltr'><strong>non</strong></span> <span class='ocrx_word' id='word_1_151' title='bbox 730 2155 1060 2222; x_wconf 75' lang='lat' dir='ltr'><strong>facultates,</strong></span> <span class='ocrx_word' id='word_1_152' title='bbox 1075 2155 1342 2224; x_wconf 87' lang='lat' dir='ltr'><strong>sedipsas</strong></span> <span class='ocrx_word' id='word_1_153' title='bbox 1359 2154 1710 2226; x_wconf 83' lang='lat' dir='ltr'><strong>cupiditates</strong></span> <span class='ocrx_word' id='word_1_154' title='bbox 1727 2152 1944 2208; x_wconf 85' lang='lat' dir='ltr'><strong>talibus</strong></span> 
     </span>
    </p>
   </div>
   <div class='ocr_carea' id='block_1_23' title="bbox 292 2243 1944 2317">
    <p class='ocr_par' dir='ltr' id='par_1_23' title="bbox 292 2243 1944 2317">
     <span class='ocr_line' id='line_1_23' title="bbox 292 2243 1944 2317; baseline 0 -19"><span class='ocrx_word' id='word_1_155' title='bbox 292 2257 426 2299; x_wconf 89' lang='lat' dir='ltr'><strong>esse</strong></span> <span class='ocrx_word' id='word_1_156' title='bbox 450 2244 660 2317; x_wconf 88' lang='lat' dir='ltr'><strong>dignas</strong></span> <span class='ocrx_word' id='word_1_157' title='bbox 684 2244 1128 2301; x_wconf 85' lang='lat' dir='ltr'><strong>cruciatibus.Si</strong></span> <span class='ocrx_word' id='word_1_158' title='bbox 1150 2259 1284 2299; x_wconf 81' lang='lat' dir='ltr'><strong>vero</strong></span> <span class='ocrx_word' id='word_1_159' title='bbox 1307 2243 1563 2299; x_wconf 85' lang='lat' dir='ltr'><strong>melioris</strong></span> <span class='ocrx_word' id='word_1_160' title='bbox 1579 2244 1709 2298; x_wconf 69' lang='lat' dir='ltr'><strong>vitae</strong></span> <span class='ocrx_word' id='word_1_161' title='bbox 1733 2259 1944 2314; x_wconf 87' lang='lat' dir='ltr'><strong>propo-</strong></span> 
     </span>
    </p>
   </div>
   <div class='ocr_carea' id='block_1_24' title="bbox 289 2331 1941 2404">
    <p class='ocr_par' dir='ltr' id='par_1_24' title="bbox 289 2331 1941 2404">
     <span class='ocr_line' id='line_1_24' title="bbox 289 2331 1941 2404; baseline -0.001 -17"><span class='ocrx_word' id='word_1_162' title='bbox 289 2332 405 2389; x_wconf 85' lang='lat' dir='ltr'><strong>sito</strong></span> <span class='ocrx_word' id='word_1_163' title='bbox 430 2333 799 2389; x_wconf 86' lang='lat' dir='ltr'><strong>reconditum</strong></span> <span class='ocrx_word' id='word_1_164' title='bbox 813 2349 1020 2388; x_wconf 88' lang='lat' dir='ltr'><strong>aurum</strong></span> <span class='ocrx_word' id='word_1_165' title='bbox 1036 2337 1457 2404; x_wconf 86' lang='lat' dir='ltr'><strong>argentumque</strong></span> <span class='ocrx_word' id='word_1_166' title='bbox 1484 2348 1600 2388; x_wconf 91' lang='lat' dir='ltr'><strong>non</strong></span> <span class='ocrx_word' id='word_1_167' title='bbox 1628 2331 1941 2401; x_wconf 85' lang='lat' dir='ltr'><strong>habebant,</strong></span> 
     </span>
    </p>
   </div>
   <div class='ocr_carea' id='block_1_25' title="bbox 286 2420 1946 2493">
    <p class='ocr_par' dir='ltr' id='par_1_25' title="bbox 286 2420 1946 2493">
     <span class='ocr_line' id='line_1_25' title="bbox 286 2420 1946 2493; baseline -0.001 -17"><span class='ocrx_word' id='word_1_168' title='bbox 286 2421 496 2478; x_wconf 90' lang='lat' dir='ltr'><strong>nescio</strong></span> <span class='ocrx_word' id='word_1_169' title='bbox 528 2422 765 2493; x_wconf 89' lang='lat' dir='ltr'><strong>quidem</strong></span> <span class='ocrx_word' id='word_1_170' title='bbox 797 2426 995 2476; x_wconf 89' lang='lat' dir='ltr'><strong>utrum</strong></span> <span class='ocrx_word' id='word_1_171' title='bbox 1017 2421 1289 2491; x_wconf 88' lang='lat' dir='ltr'><strong>cuiquam</strong></span> <span class='ocrx_word' id='word_1_172' title='bbox 1322 2421 1528 2476; x_wconf 87' lang='lat' dir='ltr'><strong>talium</strong></span> <span class='ocrx_word' id='word_1_173' title='bbox 1559 2420 1854 2490; x_wconf 89' lang='lat' dir='ltr'><strong>acciderit,</strong></span> <span class='ocrx_word' id='word_1_174' title='bbox 1887 2426 1946 2476; x_wconf 89' lang='lat' dir='ltr'><strong>ut</strong></span> 
     </span>
    </p>
   </div>
   <div class='ocr_carea' id='block_1_26' title="bbox 177 2508 1942 2578">
    <p class='ocr_par' dir='ltr' id='par_1_26' title="bbox 177 2508 1942 2578">
     <span class='ocr_line' id='line_1_26' title="bbox 177 2508 1942 2578; baseline -0.003 -9"><span class='ocrx_word' id='word_1_175' title='bbox 177 2560 185 2569; x_wconf 94' lang='lat'><strong>.</strong></span> <span class='ocrx_word' id='word_1_176' title='bbox 283 2510 445 2565; x_wconf 86' lang='lat' dir='ltr'><strong>dum</strong></span> <span class='ocrx_word' id='word_1_177' title='bbox 493 2508 706 2565; x_wconf 87' lang='lat' dir='ltr'><strong>habere</strong></span> <span class='ocrx_word' id='word_1_178' title='bbox 760 2508 1037 2578; x_wconf 87' lang='lat' dir='ltr'><strong>creditur,</strong></span> <span class='ocrx_word' id='word_1_179' title='bbox 1090 2512 1497 2578; x_wconf 83' lang='lat' dir='ltr'><strong>torqueretur:</strong></span> <span class='ocrx_word' id='word_1_180' title='bbox 1548 2511 1942 2564; x_wconf 85' lang='lat' dir='ltr'><strong>verumtamen</strong></span> 
     </span>
    </p>
   </div>
   <div class='ocr_carea' id='block_1_27' title="bbox 280 2599 1947 2672">
    <p class='ocr_par' dir='ltr' id='par_1_27' title="bbox 280 2599 1947 2672">
     <span class='ocr_line' id='line_1_27' title="bbox 280 2599 1947 2672; baseline -0.001 -14"><span class='ocrx_word' id='word_1_181' title='bbox 280 2600 539 2658; x_wconf 88' lang='lat' dir='ltr'><strong>etiamsi</strong></span> <span class='ocrx_word' id='word_1_182' title='bbox 563 2600 794 2669; x_wconf 89' lang='lat' dir='ltr'><strong>accidit,</strong></span> <span class='ocrx_word' id='word_1_183' title='bbox 813 2601 1070 2671; x_wconf 86' lang='lat' dir='ltr'><strong>profecto</strong></span> <span class='ocrx_word' id='word_1_184' title='bbox 1090 2600 1191 2672; x_wconf 87' lang='lat' dir='ltr'><strong>qui</strong></span> <span class='ocrx_word' id='word_1_185' title='bbox 1215 2600 1364 2656; x_wconf 90' lang='lat' dir='ltr'><strong>inter</strong></span> <span class='ocrx_word' id='word_1_186' title='bbox 1384 2599 1480 2656; x_wconf 91' lang='lat' dir='ltr'><strong>illa</strong></span> <span class='ocrx_word' id='word_1_187' title='bbox 1506 2605 1789 2657; x_wconf 88' lang='lat' dir='ltr'><strong>tormenta</strong></span> <span class='ocrx_word' id='word_1_188' title='bbox 1812 2616 1947 2671; x_wconf 87' lang='lat' dir='ltr'><strong>pau-</strong></span> 
     </span>
    </p>
   </div>
   <div class='ocr_carea' id='block_1_28' title="bbox 278 2688 1943 2761">
    <p class='ocr_par' dir='ltr' id='par_1_28' title="bbox 278 2688 1943 2761">
     <span class='ocr_line' id='line_1_28' title="bbox 278 2688 1943 2761; baseline 0.001 -16"><span class='ocrx_word' id='word_1_189' title='bbox 278 2693 581 2761; x_wconf 88' lang='lat' dir='ltr'><strong>pertatem</strong></span> <span class='ocrx_word' id='word_1_190' title='bbox 598 2695 859 2745; x_wconf 90' lang='lat' dir='ltr'><strong>sanctam</strong></span> <span class='ocrx_word' id='word_1_191' title='bbox 878 2688 1286 2758; x_wconf 82' lang='lat' dir='ltr'><strong>conﬁtebatur,</strong></span> <span class='ocrx_word' id='word_1_192' title='bbox 1307 2688 1604 2746; x_wconf 79' lang='lat' dir='ltr'><strong>Christum</strong></span> <span class='ocrx_word' id='word_1_193' title='bbox 1627 2690 1943 2746; x_wconf 83' lang='lat' dir='ltr'><strong>conﬁteba-</strong></span> 
     </span>
    </p>
   </div>
   <div class='ocr_carea' id='block_1_29' title="bbox 282 2776 1941 2850">
    <p class='ocr_par' dir='ltr' id='par_1_29' title="bbox 282 2776 1941 2850">
     <span class='ocr_line' id='line_1_29' title="bbox 282 2776 1941 2850; baseline 0 -17"><span class='ocrx_word' id='word_1_194' title='bbox 282 2784 405 2834; x_wconf 85' lang='lat' dir='ltr'><strong>tur.</strong></span> <span class='ocrx_word' id='word_1_195' title='bbox 444 2779 806 2850; x_wconf 87' lang='lat' dir='ltr'><strong>Quapropter</strong></span> <span class='ocrx_word' id='word_1_196' title='bbox 835 2776 943 2834; x_wconf 89' lang='lat' dir='ltr'><strong>etsi</strong></span> <span class='ocrx_word' id='word_1_197' title='bbox 977 2790 1095 2833; x_wconf 84' lang='lat' dir='ltr'><strong>non</strong></span> <span class='ocrx_word' id='word_1_198' title='bbox 1128 2777 1342 2833; x_wconf 89' lang='lat' dir='ltr'><strong>meruit</strong></span> <span class='ocrx_word' id='word_1_199' title='bbox 1372 2778 1445 2833; x_wconf 91' lang='lat' dir='ltr'><strong>ab</strong></span> <span class='ocrx_word' id='word_1_200' title='bbox 1472 2777 1739 2834; x_wconf 82' lang='lat' dir='ltr'><strong>hostibus</strong></span> <span class='ocrx_word' id='word_1_201' title='bbox 1762 2778 1941 2848; x_wconf 89' lang='lat' dir='ltr'><strong>credi,</strong></span> 
     </span>
    </p>
   </div>
   <div class='ocr_carea' id='block_1_30' title="bbox 285 2866 1944 2939">
    <p class='ocr_par' dir='ltr' id='par_1_30' title="bbox 285 2866 1944 2939">
     <span class='ocr_line' id='line_1_30' title="bbox 285 2866 1944 2939; baseline 0.002 -18"><span class='ocrx_word' id='word_1_202' title='bbox 285 2883 404 2924; x_wconf 90' lang='lat' dir='ltr'><strong>non</strong></span> <span class='ocrx_word' id='word_1_203' title='bbox 440 2868 631 2939; x_wconf 85' lang='lat' dir='ltr'><strong>potuit</strong></span> <span class='ocrx_word' id='word_1_204' title='bbox 647 2871 845 2923; x_wconf 88' lang='lat' dir='ltr'><strong>tamen</strong></span> <span class='ocrx_word' id='word_1_205' title='bbox 867 2871 1081 2923; x_wconf 58' lang='lat' dir='ltr'><strong>sancta;</strong></span> <span class='ocrx_word' id='word_1_206' title='bbox 1114 2866 1479 2939; x_wconf 86' lang='lat' dir='ltr'><strong>paupertatis</strong></span> <span class='ocrx_word' id='word_1_207' title='bbox 1503 2869 1803 2924; x_wconf 86' lang='lat' dir='ltr'><strong>confessor</strong></span> <span class='ocrx_word' id='word_1_208' title='bbox 1820 2869 1944 2924; x_wconf 90' lang='lat' dir='ltr'><strong>sine</strong></span> 
     </span>
    </p>
   </div>
   <div class='ocr_carea' id='block_1_31' title="bbox 288 2955 1122 3028">
    <p class='ocr_par' dir='ltr' id='par_1_31' title="bbox 288 2955 1122 3028">
     <span class='ocr_line' id='line_1_31' title="bbox 288 2955 1122 3028; baseline -0.001 -15"><span class='ocrx_word' id='word_1_209' title='bbox 288 2956 513 3013; x_wconf 62' lang='lat' dir='ltr'><strong>caelesti</strong></span> <span class='ocrx_word' id='word_1_210' title='bbox 546 2956 810 3012; x_wconf 88' lang='lat' dir='ltr'><strong>mercede</strong></span> <span class='ocrx_word' id='word_1_211' title='bbox 840 2955 1122 3028; x_wconf 89' lang='lat' dir='ltr'><strong>torqueri.</strong></span> 
     </span>
    </p>
   </div>
   <div class='ocr_carea' id='block_1_32' title="bbox 359 3044 1943 3118">
    <p class='ocr_par' dir='ltr' id='par_1_32' title="bbox 359 3044 1943 3118">
     <span class='ocr_line' id='line_1_32' title="bbox 359 3044 1943 3118; baseline 0.001 -17"><span class='ocrx_word' id='word_1_212' title='bbox 359 3047 414 3101; x_wconf 80' lang='grc'><strong>4.</strong></span> <span class='ocrx_word' id='word_1_213' title='bbox 434 3045 581 3118; x_wconf 82' lang='grc' dir='ltr'><strong>[ΧΙ.]</strong></span> <span class='ocrx_word' id='word_1_214' title='bbox 601 3044 839 3112; x_wconf 82' lang='lat' dir='ltr'><strong>Multos,</strong></span> <span class='ocrx_word' id='word_1_215' title='bbox 857 3044 1347 3117; x_wconf 88' lang='lat' dir='ltr'><strong>inquiunt,etiam</strong></span> <span class='ocrx_word' id='word_1_216' title='bbox 1373 3045 1737 3103; x_wconf 88' lang='lat' dir='ltr'><strong>Christianos</strong></span> <span class='ocrx_word' id='word_1_217' title='bbox 1761 3047 1943 3103; x_wconf 84' lang='lat' dir='ltr'><strong>fames</strong></span> 
     </span>
    </p>
   </div>
   <div class='ocr_carea' id='block_1_33' title="bbox 286 3135 1944 3215">
    <p class='ocr_par' dir='ltr' id='par_1_33' title="bbox 286 3135 1944 3215">
     <span class='ocr_line' id='line_1_33' title="bbox 286 3135 1944 3215; baseline 0.001 -23"><span class='ocrx_word' id='word_1_218' title='bbox 286 3136 590 3192; x_wconf 89' lang='lat' dir='ltr'><strong>diuturna-</strong></span> <span class='ocrx_word' id='word_1_219' title='bbox 620 3135 889 3192; x_wconf 85' lang='lat' dir='ltr'><strong>vastavit.</strong></span> <span class='ocrx_word' id='word_1_220' title='bbox 923 3139 1043 3192; x_wconf 85' lang='lat' dir='ltr'><strong>Hoc</strong></span> <span class='ocrx_word' id='word_1_221' title='bbox 1101 3152 1333 3209; x_wconf 90' lang='lat' dir='ltr'><strong>quoque</strong></span> <span class='ocrx_word' id='word_1_222' title='bbox 1363 3136 1421 3192; x_wconf 91' lang='lat' dir='ltr'><strong>in</strong></span> <span class='ocrx_word' id='word_1_223' title='bbox 1458 3154 1597 3193; x_wconf 88' lang='lat' dir='ltr'><strong>usus</strong></span> <span class='ocrx_word' id='word_1_224' title='bbox 1635 3155 1775 3193; x_wconf 87' lang='lat' dir='ltr'><strong>suos</strong></span> <span class='ocrx_word' id='word_1_225' title='bbox 1807 3138 1944 3215; x_wconf 74' lang='lat' dir='ltr'><strong>boni</strong></span> 
     </span>
    </p>
   </div>
   <div class='ocr_carea' id='block_1_34' title="bbox 288 3222 1945 3297">
    <p class='ocr_par' dir='ltr' id='par_1_34' title="bbox 288 3222 1945 3297">
     <span class='ocr_line' id='line_1_34' title="bbox 288 3222 1945 3297; baseline 0.003 -18"><span class='ocrx_word' id='word_1_226' title='bbox 288 3224 497 3281; x_wconf 82' lang='lat' dir='ltr'><strong>fideles</strong></span> <span class='ocrx_word' id='word_1_227' title='bbox 519 3224 612 3297; x_wconf 92' lang='lat' dir='ltr'><strong>pie</strong></span> <span class='ocrx_word' id='word_1_228' title='bbox 634 3222 935 3281; x_wconf 88' lang='lat' dir='ltr'><strong>tolerando</strong></span> <span class='ocrx_word' id='word_1_229' title='bbox 957 3227 1276 3282; x_wconf 88' lang='lat' dir='ltr'><strong>verterunt.</strong></span> <span class='ocrx_word' id='word_1_230' title='bbox 1294 3226 1448 3291; x_wconf 88' lang='lat' dir='ltr'><strong>Quos</strong></span> <span class='ocrx_word' id='word_1_231' title='bbox 1469 3227 1626 3283; x_wconf 90' lang='lat' dir='ltr'><strong>enim</strong></span> <span class='ocrx_word' id='word_1_232' title='bbox 1642 3228 1825 3283; x_wconf 83' lang='lat' dir='ltr'><strong>fames</strong></span> <span class='ocrx_word' id='word_1_233' title='bbox 1851 3244 1945 3285; x_wconf 91' lang='lat' dir='ltr'><strong>ne-</strong></span> 
     </span>
    </p>
   </div>
   <div class='ocr_carea' id='block_1_35' title="bbox 287 3312 1947 3386">
    <p class='ocr_par' dir='ltr' id='par_1_35' title="bbox 287 3312 1947 3386">
     <span class='ocr_line' id='line_1_35' title="bbox 287 3312 1947 3386; baseline -0.001 -15"><span class='ocrx_word' id='word_1_234' title='bbox 287 3315 467 3379; x_wconf 86' lang='lat' dir='ltr'><strong>cavit,</strong></span> <span class='ocrx_word' id='word_1_235' title='bbox 505 3312 675 3369; x_wconf 88' lang='lat' dir='ltr'><strong>malis</strong></span> <span class='ocrx_word' id='word_1_236' title='bbox 706 3313 836 3370; x_wconf 68' lang='lat' dir='ltr'><strong>vitae</strong></span> <span class='ocrx_word' id='word_1_237' title='bbox 866 3313 1066 3384; x_wconf 88' lang='lat' dir='ltr'><strong>hujus,</strong></span> <span class='ocrx_word' id='word_1_238' title='bbox 1099 3314 1255 3370; x_wconf 89' lang='lat' dir='ltr'><strong>sicut</strong></span> <span class='ocrx_word' id='word_1_239' title='bbox 1275 3315 1532 3386; x_wconf 86' lang='lat' dir='ltr'><strong>corporis</strong></span> <span class='ocrx_word' id='word_1_240' title='bbox 1556 3317 1816 3384; x_wconf 89' lang='lat' dir='ltr'><strong>morbus,</strong></span> <span class='ocrx_word' id='word_1_241' title='bbox 1841 3315 1947 3371; x_wconf 87' lang='lat' dir='ltr'><strong>eri-</strong></span> 
     </span>
    </p>
   </div>
   <div class='ocr_carea' id='block_1_36' title="bbox 287 3404 1942 3485">
    <p class='ocr_par' dir='ltr' id='par_1_36' title="bbox 287 3404 1942 3485">
     <span class='ocr_line' id='line_1_36' title="bbox 287 3404 1942 3485; baseline 0.001 -24"><span class='ocrx_word' id='word_1_242' title='bbox 287 3406 414 3477; x_wconf 90' lang='lat' dir='ltr'><strong>puit</strong></span> <span class='ocrx_word' id='word_1_243' title='bbox 438 3423 452 3461; x_wconf 91' lang='lat'>:</span> <span class='ocrx_word' id='word_1_244' title='bbox 486 3421 633 3478; x_wconf 90' lang='lat' dir='ltr'><strong>quos</strong></span> <span class='ocrx_word' id='word_1_245' title='bbox 655 3408 848 3462; x_wconf 87' lang='lat' dir='ltr'><strong>autem</strong></span> <span class='ocrx_word' id='word_1_246' title='bbox 874 3421 987 3461; x_wconf 88' lang='lat' dir='ltr'><strong>non</strong></span> <span class='ocrx_word' id='word_1_247' title='bbox 1003 3404 1246 3485; x_wconf 82' lang='lat' dir='ltr'><strong>necavit,</strong></span> <span class='ocrx_word' id='word_1_248' title='bbox 1261 3405 1457 3461; x_wconf 84' lang='lat' dir='ltr'><strong>docuit</strong></span> <span class='ocrx_word' id='word_1_249' title='bbox 1475 3407 1709 3478; x_wconf 89' lang='lat' dir='ltr'><strong>parcius</strong></span> <span class='ocrx_word' id='word_1_250' title='bbox 1729 3406 1942 3475; x_wconf 88' lang='lat' dir='ltr'><strong>vivere,</strong></span> 
     </span>
    </p>
   </div>
   <div class='ocr_carea' id='block_1_37' title="bbox 290 3488 1173 3566">
    <p class='ocr_par' dir='ltr' id='par_1_37' title="bbox 290 3488 1173 3566">
     <span class='ocr_line' id='line_1_37' title="bbox 290 3488 1173 3566; baseline 0 -18"><span class='ocrx_word' id='word_1_251' title='bbox 290 3492 499 3551; x_wconf 90' lang='lat' dir='ltr'><strong>docuit</strong></span> <span class='ocrx_word' id='word_1_252' title='bbox 520 3493 862 3566; x_wconf 87' lang='lat' dir='ltr'><strong>productius</strong></span> <span class='ocrx_word' id='word_1_253' title='bbox 884 3488 1173 3566; x_wconf 77' lang='lat' dir='ltr'><strong>jejunare.</strong></span> 
     </span>
    </p>
   </div>
   <div class='ocr_carea' id='block_1_38' title="bbox 287 3582 1942 3657">
    <p class='ocr_par' dir='ltr' id='par_1_38' title="bbox 287 3582 1942 3657">
     <span class='ocr_line' id='line_1_38' title="bbox 287 3582 1942 3657; baseline 0.001 -17"><span class='ocrx_word' id='word_1_254' title='bbox 287 3582 521 3640; x_wconf 82' lang='lat' dir='ltr'><strong>CAPUT</strong></span> <span class='ocrx_word' id='word_1_255' title='bbox 551 3582 650 3640; x_wconf 89' lang='lat' dir='ltr'><strong>XI.</strong></span> <span class='ocrx_word' id='word_1_256' title='bbox 681 3616 753 3624; x_wconf 93' lang='lat'><strong>—</strong></span> <span class='ocrx_word' id='word_1_257' title='bbox 771 3585 850 3640; x_wconf 86' lang='lat' dir='ltr'><strong>De</strong></span> <span class='ocrx_word' id='word_1_258' title='bbox 868 3583 980 3654; x_wconf 83' lang='lat' dir='ltr'><strong>ﬁne</strong></span> <span class='ocrx_word' id='word_1_259' title='bbox 997 3585 1330 3656; x_wconf 78' lang='lat' dir='ltr'><strong>temporalis</strong></span> <span class='ocrx_word' id='word_1_260' title='bbox 1348 3587 1500 3656; x_wconf 60' lang='lat' dir='ltr'><strong>vita,</strong></span> <span class='ocrx_word' id='word_1_261' title='bbox 1518 3584 1634 3642; x_wconf 85' lang='lat' dir='ltr'><strong>sive</strong></span> <span class='ocrx_word' id='word_1_262' title='bbox 1656 3586 1942 3657; x_wconf 72' lang='lat' dir='ltr'><strong>longioris,</strong></span> 
     </span>
    </p>
   </div>
   <div class='ocr_carea' id='block_1_39' title="bbox 903 3672 1341 3731">
    <p class='ocr_par' dir='ltr' id='par_1_39' title="bbox 903 3672 1341 3731">
     <span class='ocr_line' id='line_1_39' title="bbox 903 3672 1341 3731; baseline 0.005 -2"><span class='ocrx_word' id='word_1_263' title='bbox 903 3675 1018 3729; x_wconf 85' lang='lat' dir='ltr'><strong>sive</strong></span> <span class='ocrx_word' id='word_1_264' title='bbox 1057 3672 1341 3731; x_wconf 78' lang='lat' dir='ltr'><strong>brevioris.</strong></span> 
     </span>
    </p>
   </div>
   <div class='ocr_carea' id='block_1_40' title="bbox 376 3760 1943 3833">
    <p class='ocr_par' dir='ltr' id='par_1_40' title="bbox 376 3760 1943 3833">
     <span class='ocr_line' id='line_1_40' title="bbox 376 3760 1943 3833; baseline 0.001 -15"><span class='ocrx_word' id='word_1_265' title='bbox 376 3762 491 3818; x_wconf 91' lang='lat' dir='ltr'><strong>Sed</strong></span> <span class='ocrx_word' id='word_1_266' title='bbox 524 3762 681 3818; x_wconf 91' lang='lat' dir='ltr'><strong>enim</strong></span> <span class='ocrx_word' id='word_1_267' title='bbox 715 3760 888 3818; x_wconf 90' lang='lat' dir='ltr'><strong>multi</strong></span> <span class='ocrx_word' id='word_1_268' title='bbox 920 3761 1095 3818; x_wconf 91' lang='lat' dir='ltr'><strong>etiam</strong></span> <span class='ocrx_word' id='word_1_269' title='bbox 1126 3761 1438 3819; x_wconf 87' lang='lat' dir='ltr'><strong>Christiani</strong></span> <span class='ocrx_word' id='word_1_270' title='bbox 1472 3761 1763 3819; x_wconf 88' lang='lat' dir='ltr'><strong>interfecti</strong></span> <span class='ocrx_word' id='word_1_271' title='bbox 1786 3768 1943 3833; x_wconf 90' lang='lat' dir='ltr'><strong>sunt,</strong></span> 
     </span>
    </p>
   </div>
   <div class='ocr_carea' id='block_1_41' title="bbox 291 3850 1944 3926">
    <p class='ocr_par' dir='ltr' id='par_1_41' title="bbox 291 3850 1944 3926">
     <span class='ocr_line' id='line_1_41' title="bbox 291 3850 1944 3926; baseline 0 -18"><span class='ocrx_word' id='word_1_272' title='bbox 291 3851 463 3908; x_wconf 89' lang='lat' dir='ltr'><strong>multi</strong></span> <span class='ocrx_word' id='word_1_273' title='bbox 488 3850 806 3907; x_wconf 89' lang='lat' dir='ltr'><strong>multarum</strong></span> <span class='ocrx_word' id='word_1_274' title='bbox 829 3850 1101 3907; x_wconf 89' lang='lat' dir='ltr'><strong>mortium</strong></span> <span class='ocrx_word' id='word_1_275' title='bbox 1125 3850 1278 3907; x_wconf 79' lang='lat' dir='ltr'><strong>fceda</strong></span> <span class='ocrx_word' id='word_1_276' title='bbox 1293 3852 1570 3908; x_wconf 86' lang='lat' dir='ltr'><strong>varietate</strong></span> <span class='ocrx_word' id='word_1_277' title='bbox 1592 3854 1944 3926; x_wconf 88' lang='lat' dir='ltr'><strong>consumpti.</strong></span> 
     </span>
    </p>
   </div>
   <div class='ocr_carea' id='block_1_42' title="bbox 291 3939 1948 4013">
    <p class='ocr_par' dir='ltr' id='par_1_42' title="bbox 291 3939 1948 4013">
     <span class='ocr_line' id='line_1_42' title="bbox 291 3939 1948 4013; baseline 0.001 -16"><span class='ocrx_word' id='word_1_278' title='bbox 291 3939 412 3997; x_wconf 86' lang='lat' dir='ltr'><strong>Hoc</strong></span> <span class='ocrx_word' id='word_1_279' title='bbox 446 3940 495 3997; x_wconf 88' lang='lat' dir='ltr'><strong>si</strong></span> <span class='ocrx_word' id='word_1_280' title='bbox 524 3955 673 4009; x_wconf 67' lang='lat' dir='ltr'><strong>aegre</strong></span> <span class='ocrx_word' id='word_1_281' title='bbox 703 3940 1006 3997; x_wconf 89' lang='lat' dir='ltr'><strong>ferendum</strong></span> <span class='ocrx_word' id='word_1_282' title='bbox 1029 3944 1141 4009; x_wconf 89' lang='lat' dir='ltr'><strong>est,</strong></span> <span class='ocrx_word' id='word_1_283' title='bbox 1172 3941 1449 3996; x_wconf 89' lang='lat' dir='ltr'><strong>omnibus</strong></span> <span class='ocrx_word' id='word_1_284' title='bbox 1472 3941 1575 4013; x_wconf 89' lang='lat' dir='ltr'><strong>qui</strong></span> <span class='ocrx_word' id='word_1_285' title='bbox 1609 3940 1670 3996; x_wconf 88' lang='lat' dir='ltr'><strong>in</strong></span> <span class='ocrx_word' id='word_1_286' title='bbox 1700 3941 1848 3998; x_wconf 88' lang='lat' dir='ltr'><strong>hanc</strong></span> <span class='ocrx_word' id='word_1_287' title='bbox 1873 3944 1948 3998; x_wconf 81' lang='lat' dir='ltr'><strong>vi-</strong></span> 
     </span>
    </p>
   </div>
   <div class='ocr_carea' id='block_1_43' title="bbox 286 4028 1944 4100">
    <p class='ocr_par' dir='ltr' id='par_1_43' title="bbox 286 4028 1944 4100">
     <span class='ocr_line' id='line_1_43' title="bbox 286 4028 1944 4100; baseline 0.002 -18"><span class='ocrx_word' id='word_1_288' title='bbox 286 4030 411 4084; x_wconf 87' lang='lat' dir='ltr'><strong>tam</strong></span> <span class='ocrx_word' id='word_1_289' title='bbox 446 4030 732 4100; x_wconf 87' lang='lat' dir='ltr'><strong>procreati</strong></span> <span class='ocrx_word' id='word_1_290' title='bbox 761 4037 916 4098; x_wconf 88' lang='lat' dir='ltr'><strong>sunt,</strong></span> <span class='ocrx_word' id='word_1_291' title='bbox 946 4028 1144 4098; x_wconf 90' lang='lat' dir='ltr'><strong>utique</strong></span> <span class='ocrx_word' id='word_1_292' title='bbox 1173 4043 1485 4084; x_wconf 89' lang='lat' dir='ltr'><strong>commune</strong></span> <span class='ocrx_word' id='word_1_293' title='bbox 1517 4035 1622 4083; x_wconf 90' lang='lat' dir='ltr'><strong>est.</strong></span> <span class='ocrx_word' id='word_1_294' title='bbox 1656 4028 1772 4085; x_wconf 91' lang='lat' dir='ltr'><strong>Hoc</strong></span> <span class='ocrx_word' id='word_1_295' title='bbox 1804 4030 1944 4099; x_wconf 89' lang='lat' dir='ltr'><strong>scio,</strong></span> 
     </span>
    </p>
   </div>
   <div class='ocr_carea' id='block_1_44' title="bbox 290 4116 1942 4193">
    <p class='ocr_par' dir='ltr' id='par_1_44' title="bbox 290 4116 1942 4193">
     <span class='ocr_line' id='line_1_44' title="bbox 290 4116 1942 4193; baseline 0.002 -20"><span class='ocrx_word' id='word_1_296' title='bbox 290 4118 596 4174; x_wconf 87' lang='lat' dir='ltr'><strong>neminem</strong></span> <span class='ocrx_word' id='word_1_297' title='bbox 618 4117 797 4173; x_wconf 87' lang='lat' dir='ltr'><strong>fuisse</strong></span> <span class='ocrx_word' id='word_1_298' title='bbox 820 4121 1141 4193; x_wconf 85' lang='lat' dir='ltr'><strong>mortuum,</strong></span> <span class='ocrx_word' id='word_1_299' title='bbox 1160 4116 1392 4188; x_wconf 86' lang='lat' dir='ltr'><strong>quinon</strong></span> <span class='ocrx_word' id='word_1_300' title='bbox 1423 4118 1610 4174; x_wconf 82' lang='lat' dir='ltr'><strong>fuerat</strong></span> <span class='ocrx_word' id='word_1_301' title='bbox 1630 4117 1942 4189; x_wconf 88' lang='lat' dir='ltr'><strong>aliquando</strong></span> 
     </span>
    </p>
   </div>
   <div class='ocr_carea' id='block_1_45' title="bbox 289 4202 1955 4279">
    <p class='ocr_par' dir='ltr' id='par_1_45' title="bbox 289 4202 1955 4279">
     <span class='ocr_line' id='line_1_45' title="bbox 289 4202 1955 4279; baseline 0 -15"><span class='ocrx_word' id='word_1_302' title='bbox 289 4208 643 4264; x_wconf 86' lang='lat' dir='ltr'><strong>moriturus.</strong></span> <span class='ocrx_word' id='word_1_303' title='bbox 676 4206 837 4264; x_wconf 86' lang='lat' dir='ltr'><strong>Finis</strong></span> <span class='ocrx_word' id='word_1_304' title='bbox 862 4202 1053 4264; x_wconf 85' lang='lat' dir='ltr'><strong>autem</strong></span> <span class='ocrx_word' id='word_1_305' title='bbox 1074 4206 1199 4262; x_wconf 66' lang='lat' dir='ltr'><strong>vitae</strong></span> <span class='ocrx_word' id='word_1_306' title='bbox 1226 4210 1342 4263; x_wconf 87' lang='lat' dir='ltr'><strong>tam</strong></span> <span class='ocrx_word' id='word_1_307' title='bbox 1365 4207 1599 4278; x_wconf 80' lang='lat' dir='ltr'><strong>longam</strong></span> <span class='ocrx_word' id='word_1_308' title='bbox 1622 4224 1797 4279; x_wconf 89' lang='lat' dir='ltr'><strong>quam</strong></span> <span class='ocrx_word' id='word_1_309' title='bbox 1823 4210 1955 4265; x_wconf 87' lang='lat' dir='ltr'><strong>bre-</strong></span> 
     </span>
    </p>
   </div>
   <div class='ocr_carea' id='block_1_46' title="bbox 287 4295 1951 4369">
    <p class='ocr_par' dir='ltr' id='par_1_46' title="bbox 287 4295 1951 4369">
     <span class='ocr_line' id='line_1_46' title="bbox 287 4295 1951 4369; baseline 0.001 -16"><span class='ocrx_word' id='word_1_310' title='bbox 287 4313 420 4354; x_wconf 91' lang='lat' dir='ltr'><strong>vem</strong></span> <span class='ocrx_word' id='word_1_311' title='bbox 454 4297 632 4353; x_wconf 89' lang='lat' dir='ltr'><strong>vitam</strong></span> <span class='ocrx_word' id='word_1_312' title='bbox 652 4296 933 4353; x_wconf 91' lang='lat' dir='ltr'><strong>hocidem</strong></span> <span class='ocrx_word' id='word_1_313' title='bbox 967 4295 1118 4351; x_wconf 82' lang='lat' dir='ltr'><strong>facit.</strong></span> <span class='ocrx_word' id='word_1_314' title='bbox 1146 4295 1347 4367; x_wconf 84' lang='lat' dir='ltr'><strong>Neque</strong></span> <span class='ocrx_word' id='word_1_315' title='bbox 1367 4295 1515 4352; x_wconf 90' lang='lat' dir='ltr'><strong>enim</strong></span> <span class='ocrx_word' id='word_1_316' title='bbox 1536 4295 1690 4351; x_wconf 88' lang='lat' dir='ltr'><strong>aliud</strong></span> <span class='ocrx_word' id='word_1_317' title='bbox 1716 4297 1951 4369; x_wconf 89' lang='lat' dir='ltr'><strong>melius,</strong></span> 
     </span>
    </p>
   </div>
   <div class='ocr_carea' id='block_1_47' title="bbox 288 4384 1954 4455">
    <p class='ocr_par' dir='ltr' id='par_1_47' title="bbox 288 4384 1954 4455">
     <span class='ocr_line' id='line_1_47' title="bbox 288 4384 1954 4455; baseline 0 -12"><span class='ocrx_word' id='word_1_318' title='bbox 288 4392 345 4443; x_wconf 84' lang='lat' dir='ltr'><strong>et</strong></span> <span class='ocrx_word' id='word_1_319' title='bbox 374 4386 541 4443; x_wconf 88' lang='lat' dir='ltr'><strong>aliud</strong></span> <span class='ocrx_word' id='word_1_320' title='bbox 573 4385 829 4443; x_wconf 85' lang='lat' dir='ltr'><strong>deterius</strong></span> <span class='ocrx_word' id='word_1_321' title='bbox 859 4402 873 4454; x_wconf 92' lang='lat'><strong>;</strong></span> <span class='ocrx_word' id='word_1_322' title='bbox 907 4389 1011 4441; x_wconf 88' lang='lat' dir='ltr'><strong>aut</strong></span> <span class='ocrx_word' id='word_1_323' title='bbox 1032 4385 1189 4441; x_wconf 88' lang='lat' dir='ltr'><strong>aliud</strong></span> <span class='ocrx_word' id='word_1_324' title='bbox 1216 4386 1429 4455; x_wconf 86' lang='lat' dir='ltr'><strong>majus,</strong></span> <span class='ocrx_word' id='word_1_325' title='bbox 1454 4388 1513 4440; x_wconf 88' lang='lat' dir='ltr'><strong>et</strong></span> <span class='ocrx_word' id='word_1_326' title='bbox 1543 4384 1698 4441; x_wconf 87' lang='lat' dir='ltr'><strong>aliud</strong></span> <span class='ocrx_word' id='word_1_327' title='bbox 1725 4385 1954 4444; x_wconf 89' lang='lat' dir='ltr'><strong>brevius</strong></span> 
     </span>
    </p>
   </div>
   <div class='ocr_carea' id='block_1_48' title="bbox 285 4474 1950 4549">
    <p class='ocr_par' dir='ltr' id='par_1_48' title="bbox 285 4474 1950 4549">
     <span class='ocr_line' id='line_1_48' title="bbox 285 4474 1950 4549; baseline 0 -16"><span class='ocrx_word' id='word_1_328' title='bbox 285 4481 401 4544; x_wconf 84' lang='lat' dir='ltr'><strong>est,</strong></span> <span class='ocrx_word' id='word_1_329' title='bbox 440 4476 598 4549; x_wconf 87' lang='lat' dir='ltr'><strong>quod</strong></span> <span class='ocrx_word' id='word_1_330' title='bbox 625 4476 749 4548; x_wconf 86' lang='lat' dir='ltr'><strong>jam</strong></span> <span class='ocrx_word' id='word_1_331' title='bbox 776 4475 996 4548; x_wconf 86' lang='lat' dir='ltr'><strong>pariter</strong></span> <span class='ocrx_word' id='word_1_332' title='bbox 1025 4491 1141 4530; x_wconf 91' lang='lat' dir='ltr'><strong>non</strong></span> <span class='ocrx_word' id='word_1_333' title='bbox 1165 4478 1273 4530; x_wconf 89' lang='lat' dir='ltr'><strong>est.</strong></span> <span class='ocrx_word' id='word_1_334' title='bbox 1294 4474 1443 4540; x_wconf 90' lang='lat' dir='ltr'><strong>Quid</strong></span> <span class='ocrx_word' id='word_1_335' title='bbox 1467 4479 1663 4539; x_wconf 86' lang='lat' dir='ltr'><strong>autem</strong></span> <span class='ocrx_word' id='word_1_336' title='bbox 1685 4474 1950 4544; x_wconf 89' lang='lat' dir='ltr'><strong>interest,</strong></span> 
     </span>
    </p>
   </div>
   <div class='ocr_carea' id='block_1_49' title="bbox 289 4563 1950 4639">
    <p class='ocr_par' dir='ltr' id='par_1_49' title="bbox 289 4563 1950 4639">
     <span class='ocr_line' id='line_1_49' title="bbox 289 4563 1950 4639; baseline 0.001 -18"><span class='ocrx_word' id='word_1_337' title='bbox 289 4583 411 4638; x_wconf 90' lang='lat' dir='ltr'><strong>quo</strong></span> <span class='ocrx_word' id='word_1_338' title='bbox 449 4566 656 4623; x_wconf 89' lang='lat' dir='ltr'><strong>mortis</strong></span> <span class='ocrx_word' id='word_1_339' title='bbox 687 4580 898 4639; x_wconf 82' lang='lat' dir='ltr'><strong>genere</strong></span> <span class='ocrx_word' id='word_1_340' title='bbox 917 4565 1036 4621; x_wconf 81' lang='lat' dir='ltr'><strong>vita</strong></span> <span class='ocrx_word' id='word_1_341' title='bbox 1056 4564 1168 4620; x_wconf 88' lang='lat' dir='ltr'><strong>ista</strong></span> <span class='ocrx_word' id='word_1_342' title='bbox 1193 4563 1449 4628; x_wconf 82' lang='lat' dir='ltr'><strong>finiatur,</strong></span> <span class='ocrx_word' id='word_1_343' title='bbox 1481 4565 1717 4635; x_wconf 91' lang='lat' dir='ltr'><strong>quando</strong></span> <span class='ocrx_word' id='word_1_344' title='bbox 1740 4564 1837 4621; x_wconf 90' lang='lat' dir='ltr'><strong>ille</strong></span> <span class='ocrx_word' id='word_1_345' title='bbox 1858 4566 1950 4622; x_wconf 91' lang='lat' dir='ltr'><strong>cui</strong></span> 
     </span>
    </p>
   </div>
   <div class='ocr_carea' id='block_1_50' title="bbox 288 4652 1956 4726">
    <p class='ocr_par' dir='ltr' id='par_1_50' title="bbox 288 4652 1956 4726">
     <span class='ocr_line' id='line_1_50' title="bbox 288 4652 1956 4726; baseline -0.001 -14"><span class='ocrx_word' id='word_1_346' title='bbox 288 4656 523 4724; x_wconf 83' lang='lat' dir='ltr'><strong>ﬁnitur,</strong></span> <span class='ocrx_word' id='word_1_347' title='bbox 555 4657 769 4713; x_wconf 87' lang='lat' dir='ltr'><strong>iterum</strong></span> <span class='ocrx_word' id='word_1_348' title='bbox 801 4654 949 4712; x_wconf 89' lang='lat' dir='ltr'><strong>mori</strong></span> <span class='ocrx_word' id='word_1_349' title='bbox 980 4670 1096 4710; x_wconf 88' lang='lat' dir='ltr'><strong>non</strong></span> <span class='ocrx_word' id='word_1_350' title='bbox 1128 4652 1405 4726; x_wconf 71' lang='lat' dir='ltr'><strong>cogitur?</strong></span> <span class='ocrx_word' id='word_1_351' title='bbox 1430 4653 1573 4709; x_wconf 90' lang='lat' dir='ltr'><strong>Cum</strong></span> <span class='ocrx_word' id='word_1_352' title='bbox 1598 4658 1795 4710; x_wconf 90' lang='lat' dir='ltr'><strong>autem</strong></span> <span class='ocrx_word' id='word_1_353' title='bbox 1826 4655 1956 4711; x_wconf 86' lang='lat' dir='ltr'><strong>uni-</strong></span> 
     </span>
    </p>
   </div>
   <div class='ocr_carea' id='block_1_51' title="bbox 289 4741 1953 4817">
    <p class='ocr_par' dir='ltr' id='par_1_51' title="bbox 289 4741 1953 4817">
     <span class='ocr_line' id='line_1_51' title="bbox 289 4741 1953 4817; baseline 0.001 -17"><span class='ocrx_word' id='word_1_354' title='bbox 289 4744 511 4817; x_wconf 87' lang='lat' dir='ltr'><strong>cuique</strong></span> <span class='ocrx_word' id='word_1_355' title='bbox 529 4745 867 4803; x_wconf 87' lang='lat' dir='ltr'><strong>mortalium</strong></span> <span class='ocrx_word' id='word_1_356' title='bbox 886 4743 997 4802; x_wconf 87' lang='lat' dir='ltr'><strong>sub</strong></span> <span class='ocrx_word' id='word_1_357' title='bbox 1013 4741 1372 4815; x_wconf 89' lang='lat' dir='ltr'><strong>quotidianis</strong></span> <span class='ocrx_word' id='word_1_358' title='bbox 1385 4743 1510 4798; x_wconf 76' lang='lat' dir='ltr'><strong>vitae</strong></span> <span class='ocrx_word' id='word_1_359' title='bbox 1530 4741 1706 4815; x_wconf 88' lang='lat' dir='ltr'><strong>hujus</strong></span> <span class='ocrx_word' id='word_1_360' title='bbox 1718 4744 1953 4802; x_wconf 89' lang='lat' dir='ltr'><strong>casibus</strong></span> 
     </span>
    </p>
   </div>
   <div class='ocr_carea' id='block_1_52' title="bbox 289 4832 1951 4905">
    <p class='ocr_par' dir='ltr' id='par_1_52' title="bbox 289 4832 1951 4905">
     <span class='ocr_line' id='line_1_52' title="bbox 289 4832 1951 4905; baseline 0.001 -16"><span class='ocrx_word' id='word_1_361' title='bbox 289 4833 757 4892; x_wconf 87' lang='lat' dir='ltr'><strong>innumerabiles</strong></span> <span class='ocrx_word' id='word_1_362' title='bbox 796 4838 1014 4892; x_wconf 86' lang='lat' dir='ltr'><strong>mortes</strong></span> <span class='ocrx_word' id='word_1_363' title='bbox 1043 4832 1467 4905; x_wconf 87' lang='lat' dir='ltr'><strong>quodammodo</strong></span> <span class='ocrx_word' id='word_1_364' title='bbox 1500 4832 1951 4904; x_wconf 88' lang='lat' dir='ltr'><strong>comminentur,</strong></span> 
     </span>
    </p>
   </div>
   <div class='ocr_carea' id='block_1_53' title="bbox 288 4923 1952 4996">
    <p class='ocr_par' dir='ltr' id='par_1_53' title="bbox 288 4923 1952 4996">
     <span class='ocr_line' id='line_1_53' title="bbox 288 4923 1952 4996; baseline 0.001 -16"><span class='ocrx_word' id='word_1_365' title='bbox 288 4923 578 4996; x_wconf 86' lang='lat' dir='ltr'><strong>quamdiu</strong></span> <span class='ocrx_word' id='word_1_366' title='bbox 611 4925 901 4982; x_wconf 88' lang='lat' dir='ltr'><strong>incertum</strong></span> <span class='ocrx_word' id='word_1_367' title='bbox 932 4927 1041 4991; x_wconf 87' lang='lat' dir='ltr'><strong>est,</strong></span> <span class='ocrx_word' id='word_1_368' title='bbox 1065 4937 1333 4995; x_wconf 76' lang='lat' dir='ltr'><strong>quasnam</strong></span> <span class='ocrx_word' id='word_1_369' title='bbox 1355 4938 1555 4978; x_wconf 90' lang='lat' dir='ltr'><strong>earum</strong></span> <span class='ocrx_word' id='word_1_370' title='bbox 1577 4927 1819 4980; x_wconf 87' lang='lat' dir='ltr'><strong>ventura</strong></span> <span class='ocrx_word' id='word_1_371' title='bbox 1840 4924 1952 4993; x_wconf 85' lang='lat' dir='ltr'><strong>sit;</strong></span> 
     </span>
    </p>
   </div>
   <div class='ocr_carea' id='block_1_54' title="bbox 270 5010 1954 5087">
    <p class='ocr_par' dir='ltr' id='par_1_54' title="bbox 270 5010 1954 5087">
     <span class='ocr_line' id='line_1_54' title="bbox 270 5010 1954 5087; baseline 0.001 -19"><span class='ocrx_word' id='word_1_372' title='bbox 270 5029 499 5087; x_wconf 64' lang='lat' dir='ltr'><strong>quaero</strong></span> <span class='ocrx_word' id='word_1_373' title='bbox 530 5017 730 5069; x_wconf 88' lang='lat' dir='ltr'><strong>utrum</strong></span> <span class='ocrx_word' id='word_1_374' title='bbox 752 5014 940 5070; x_wconf 89' lang='lat' dir='ltr'><strong>satius</strong></span> <span class='ocrx_word' id='word_1_375' title='bbox 962 5012 1061 5084; x_wconf 90' lang='lat' dir='ltr'><strong>sit,</strong></span> <span class='ocrx_word' id='word_1_376' title='bbox 1084 5026 1263 5069; x_wconf 88' lang='lat' dir='ltr'><strong>unam</strong></span> <span class='ocrx_word' id='word_1_377' title='bbox 1287 5011 1511 5082; x_wconf 90' lang='lat' dir='ltr'><strong>perpeti</strong></span> <span class='ocrx_word' id='word_1_378' title='bbox 1533 5010 1858 5081; x_wconf 88' lang='lat' dir='ltr'><strong>moriendo,</strong></span> <span class='ocrx_word' id='word_1_379' title='bbox 1880 5029 1954 5069; x_wconf 91' lang='lat' dir='ltr'><strong>an</strong></span> 
     </span>
    </p>
   </div>
   <div class='ocr_carea' id='block_1_55' title="bbox 287 5099 1953 5173">
    <p class='ocr_par' dir='ltr' id='par_1_55' title="bbox 287 5099 1953 5173">
     <span class='ocr_line' id='line_1_55' title="bbox 287 5099 1953 5173; baseline -0.001 -14"><span class='ocrx_word' id='word_1_380' title='bbox 287 5117 502 5159; x_wconf 87' lang='lat' dir='ltr'><strong>omnes</strong></span> <span class='ocrx_word' id='word_1_381' title='bbox 535 5102 745 5159; x_wconf 89' lang='lat' dir='ltr'><strong>timere</strong></span> <span class='ocrx_word' id='word_1_382' title='bbox 779 5102 1039 5161; x_wconf 89' lang='lat' dir='ltr'><strong>vivendo.</strong></span> <span class='ocrx_word' id='word_1_383' title='bbox 1071 5105 1185 5159; x_wconf 86' lang='lat' dir='ltr'><strong>Nec</strong></span> <span class='ocrx_word' id='word_1_384' title='bbox 1213 5099 1419 5173; x_wconf 88' lang='lat' dir='ltr'><strong>ignoro</strong></span> <span class='ocrx_word' id='word_1_385' title='bbox 1449 5116 1628 5173; x_wconf 89' lang='lat' dir='ltr'><strong>quam</strong></span> <span class='ocrx_word' id='word_1_386' title='bbox 1650 5100 1913 5158; x_wconf 83' lang='lat' dir='ltr'><strong>inertius</strong></span> <span class='ocrx_word' id='word_1_387' title='bbox 1936 5105 1953 5139; x_wconf 76' lang='grc' dir='ltr'><strong><em>ι</em></strong></span> 
     </span>
    </p>
   </div>
   <div class='ocr_carea' id='block_1_56' title="bbox 285 5189 1957 5265">
    <p class='ocr_par' dir='ltr' id='par_1_56' title="bbox 285 5189 1957 5265">
     <span class='ocr_line' id='line_1_56' title="bbox 285 5189 1957 5265; baseline 0.001 -18"><span class='ocrx_word' id='word_1_388' title='bbox 285 5191 552 5265; x_wconf 85' lang='lat' dir='ltr'><strong>eligatur</strong></span> <span class='ocrx_word' id='word_1_389' title='bbox 572 5191 672 5248; x_wconf 92' lang='lat' dir='ltr'><strong>diu</strong></span> <span class='ocrx_word' id='word_1_390' title='bbox 696 5191 887 5248; x_wconf 86' lang='lat' dir='ltr'><strong>vivere</strong></span> <span class='ocrx_word' id='word_1_391' title='bbox 901 5191 1009 5247; x_wconf 90' lang='lat' dir='ltr'><strong>sub</strong></span> <span class='ocrx_word' id='word_1_392' title='bbox 1026 5190 1235 5247; x_wconf 85' lang='lat' dir='ltr'><strong>timore</strong></span> <span class='ocrx_word' id='word_1_393' title='bbox 1256 5193 1341 5245; x_wconf 86' lang='lat' dir='ltr'><strong>tot</strong></span> <span class='ocrx_word' id='word_1_394' title='bbox 1364 5189 1850 5262; x_wconf 85' lang='lat' dir='ltr'><strong>mortium,quam</strong></span> <span class='ocrx_word' id='word_1_395' title='bbox 1873 5208 1957 5249; x_wconf 81' lang='lat' dir='ltr'><strong>se-</strong></span> 
     </span>
    </p>
   </div>
   <div class='ocr_carea' id='block_1_57' title="bbox 196 5276 1989 5348">
    <p class='ocr_par' dir='ltr' id='par_1_57' title="bbox 196 5276 1989 5348">
     <span class='ocr_line' id='line_1_57' title="bbox 196 5276 1989 5348; baseline 0 -13"><span class='ocrx_word' id='word_1_396' title='bbox 196 5317 211 5326; x_wconf 77' lang='lat'><strong>.</strong></span> <span class='ocrx_word' id='word_1_397' title='bbox 289 5278 410 5335; x_wconf 88' lang='lat' dir='ltr'><strong>mel</strong></span> <span class='ocrx_word' id='word_1_398' title='bbox 445 5280 751 5335; x_wconf 89' lang='lat' dir='ltr'><strong>moriendo</strong></span> <span class='ocrx_word' id='word_1_399' title='bbox 778 5277 998 5336; x_wconf 89' lang='lat' dir='ltr'><strong>nullam</strong></span> <span class='ocrx_word' id='word_1_400' title='bbox 1017 5277 1287 5348; x_wconf 88' lang='lat' dir='ltr'><strong>deinceps</strong></span> <span class='ocrx_word' id='word_1_401' title='bbox 1308 5276 1643 5333; x_wconf 80' lang='lat' dir='ltr'><strong>formidare.</strong></span> <span class='ocrx_word' id='word_1_402' title='bbox 1663 5278 1775 5334; x_wconf 91' lang='lat' dir='ltr'><strong>Sed</strong></span> <span class='ocrx_word' id='word_1_403' title='bbox 1794 5278 1953 5336; x_wconf 90' lang='lat' dir='ltr'><strong>aliud</strong></span> <span class='ocrx_word' id='word_1_404' title='bbox 1980 5309 1989 5318; x_wconf 86' lang='lat'><strong>-</strong></span> 
     </span>
    </p>
   </div>
   <div class='ocr_carea' id='block_1_58' title="bbox 240 5358 1951 5440">
    <p class='ocr_par' dir='ltr' id='par_1_58' title="bbox 240 5358 1951 5440">
     <span class='ocr_line' id='line_1_58' title="bbox 240 5358 1951 5440; baseline -0.001 -16"><span class='ocrx_word' id='word_1_405' title='bbox 240 5358 254 5373; x_wconf 84' lang='grc'><em>’</em></span> <span class='ocrx_word' id='word_1_406' title='bbox 283 5371 383 5424; x_wconf 88' lang='lat' dir='ltr'><strong>est</strong></span> <span class='ocrx_word' id='word_1_407' title='bbox 415 5368 573 5439; x_wconf 89' lang='lat' dir='ltr'><strong>quod</strong></span> <span class='ocrx_word' id='word_1_408' title='bbox 605 5368 802 5424; x_wconf 84' lang='lat' dir='ltr'><strong>carnis</strong></span> <span class='ocrx_word' id='word_1_409' title='bbox 831 5383 1040 5424; x_wconf 88' lang='lat' dir='ltr'><strong>sensus</strong></span> <span class='ocrx_word' id='word_1_410' title='bbox 1086 5366 1400 5423; x_wconf 85' lang='lat' dir='ltr'><strong>infirmiter</strong></span> <span class='ocrx_word' id='word_1_411' title='bbox 1441 5366 1689 5437; x_wconf 91' lang='lat' dir='ltr'><strong>pavidus</strong></span> <span class='ocrx_word' id='word_1_412' title='bbox 1718 5367 1951 5440; x_wconf 86' lang='lat' dir='ltr'><strong>refugit,</strong></span> 
     </span>
    </p>
   </div>
   <div class='ocr_carea' id='block_1_59' title="bbox 283 5454 1953 5528">
    <p class='ocr_par' dir='ltr' id='par_1_59' title="bbox 283 5454 1953 5528">
     <span class='ocr_line' id='line_1_59' title="bbox 283 5454 1953 5528; baseline 0 -16"><span class='ocrx_word' id='word_1_413' title='bbox 283 5454 456 5513; x_wconf 83' lang='lat' dir='ltr'><strong>aliud</strong></span> <span class='ocrx_word' id='word_1_414' title='bbox 490 5457 646 5528; x_wconf 90' lang='lat' dir='ltr'><strong>quod</strong></span> <span class='ocrx_word' id='word_1_415' title='bbox 668 5457 886 5514; x_wconf 89' lang='lat' dir='ltr'><strong>mentis</strong></span> <span class='ocrx_word' id='word_1_416' title='bbox 905 5456 1045 5512; x_wconf 89' lang='lat' dir='ltr'><strong>ratio</strong></span> <span class='ocrx_word' id='word_1_417' title='bbox 1065 5454 1372 5527; x_wconf 76' lang='lat' dir='ltr'><strong>diligenter</strong></span> <span class='ocrx_word' id='word_1_418' title='bbox 1391 5454 1695 5512; x_wconf 88' lang='lat' dir='ltr'><strong>enucleata</strong></span> <span class='ocrx_word' id='word_1_419' title='bbox 1718 5456 1953 5513; x_wconf 86' lang='lat' dir='ltr'><strong>convin-</strong></span> 
     </span>
    </p>
   </div>
   <div class='ocr_carea' id='block_1_60' title="bbox 153 5544 1952 5621">
    <p class='ocr_par' dir='ltr' id='par_1_60' title="bbox 153 5544 1952 5621">
     <span class='ocr_line' id='line_1_60' title="bbox 153 5544 1952 5621; baseline -0.002 -17"><span class='ocrx_word' id='word_1_420' title='bbox 153 5556 177 5581; x_wconf 85' lang='lat'><strong>&#39;</strong></span> <span class='ocrx_word' id='word_1_421' title='bbox 283 5546 384 5604; x_wconf 85' lang='lat' dir='ltr'><strong>cit.</strong></span> <span class='ocrx_word' id='word_1_422' title='bbox 427 5546 579 5602; x_wconf 78' lang='lat' dir='ltr'><strong>Mala</strong></span> <span class='ocrx_word' id='word_1_423' title='bbox 625 5564 782 5604; x_wconf 90' lang='lat' dir='ltr'><strong>mors</strong></span> <span class='ocrx_word' id='word_1_424' title='bbox 814 5547 1073 5621; x_wconf 87' lang='lat' dir='ltr'><strong>putanda</strong></span> <span class='ocrx_word' id='word_1_425' title='bbox 1104 5560 1220 5601; x_wconf 90' lang='lat' dir='ltr'><strong>non</strong></span> <span class='ocrx_word' id='word_1_426' title='bbox 1250 5548 1358 5612; x_wconf 87' lang='lat' dir='ltr'><strong>est,</strong></span> <span class='ocrx_word' id='word_1_427' title='bbox 1414 5559 1591 5616; x_wconf 87' lang='lat' dir='ltr'><strong>quam</strong></span> <span class='ocrx_word' id='word_1_428' title='bbox 1651 5544 1804 5602; x_wconf 87' lang='lat' dir='ltr'><strong>bona</strong></span> <span class='ocrx_word' id='word_1_429' title='bbox 1836 5548 1952 5602; x_wconf 88' lang='lat' dir='ltr'><strong>vita</strong></span> 
     </span>
    </p>
   </div>
   <div class='ocr_carea' id='block_1_61' title="bbox 356 5676 1401 5743">
    <p class='ocr_par' dir='ltr' id='par_1_61' title="bbox 356 5676 1401 5743">
     <span class='ocr_line' id='line_1_61' title="bbox 356 5676 1401 5743; baseline -0.002 -14"><span class='ocrx_word' id='word_1_430' title='bbox 356 5682 373 5717; x_wconf 82' lang='grc' dir='ltr'><strong><em>ι</em></strong></span> <span class='ocrx_word' id='word_1_431' title='bbox 415 5679 678 5732; x_wconf 79' lang='lat' dir='ltr'><strong>Gallicani</strong></span> <span class='ocrx_word' id='word_1_432' title='bbox 707 5682 760 5731; x_wconf 86' lang='lat' dir='ltr'><strong>et</strong></span> <span class='ocrx_word' id='word_1_433' title='bbox 789 5680 1013 5732; x_wconf 80' lang='lat' dir='ltr'><strong>Romani</strong></span> <span class='ocrx_word' id='word_1_434' title='bbox 1039 5680 1162 5731; x_wconf 84' lang='lat' dir='ltr'><strong>Mss.</strong></span> <span class='ocrx_word' id='word_1_435' title='bbox 1172 5717 1186 5743; x_wconf 89' lang='lat'><strong>,</strong></span> <span class='ocrx_word' id='word_1_436' title='bbox 1214 5676 1401 5728; x_wconf 75' lang='lat' dir='ltr'><strong>citius.</strong></span> 
     </span>
    </p>
   </div>
   <div class='ocr_carea' id='block_1_62' title="bbox 2051 456 3694 541">
    <p class='ocr_par' dir='ltr' id='par_1_62' title="bbox 2051 456 3694 541">
     <span class='ocr_line' id='line_1_62' title="bbox 2051 456 3694 541; baseline 0.001 -29"><span class='ocrx_word' id='word_1_437' title='bbox 2051 456 2449 527; x_wconf 68' lang='lat' dir='ltr'><strong>praecesserit:</strong></span> <span class='ocrx_word' id='word_1_438' title='bbox 2486 471 2671 528; x_wconf 87' lang='lat' dir='ltr'><strong>neque</strong></span> <span class='ocrx_word' id='word_1_439' title='bbox 2693 456 2847 512; x_wconf 90' lang='lat' dir='ltr'><strong>enim</strong></span> <span class='ocrx_word' id='word_1_440' title='bbox 2881 456 3016 513; x_wconf 84' lang='lat' dir='ltr'><strong>facit</strong></span> <span class='ocrx_word' id='word_1_441' title='bbox 3046 456 3259 512; x_wconf 85' lang='lat' dir='ltr'><strong>malam</strong></span> <span class='ocrx_word' id='word_1_442' title='bbox 3292 459 3554 541; x_wconf 60' lang='lat' dir='ltr'><strong>mo;tem,</strong></span> <span class='ocrx_word' id='word_1_443' title='bbox 3582 459 3694 514; x_wconf 87' lang='lat' dir='ltr'><strong>nisi</strong></span> 
     </span>
    </p>
   </div>
   <div class='ocr_carea' id='block_1_63' title="bbox 2052 542 3697 617">
    <p class='ocr_par' dir='ltr' id='par_1_63' title="bbox 2052 542 3697 617">
     <span class='ocr_line' id='line_1_63' title="bbox 2052 542 3697 617; baseline 0.001 -18"><span class='ocrx_word' id='word_1_444' title='bbox 2052 545 2200 613; x_wconf 91' lang='lat' dir='ltr'><strong>quod</strong></span> <span class='ocrx_word' id='word_1_445' title='bbox 2235 543 2498 614; x_wconf 80' lang='lat' dir='ltr'><strong>sequitur</strong></span> <span class='ocrx_word' id='word_1_446' title='bbox 2530 548 2793 600; x_wconf 86' lang='lat' dir='ltr'><strong>mortem.</strong></span> <span class='ocrx_word' id='word_1_447' title='bbox 2829 544 2953 599; x_wconf 89' lang='lat' dir='ltr'><strong>Non</strong></span> <span class='ocrx_word' id='word_1_448' title='bbox 2985 543 3186 617; x_wconf 89' lang='lat' dir='ltr'><strong>itaque</strong></span> <span class='ocrx_word' id='word_1_449' title='bbox 3218 542 3464 602; x_wconf 13' lang='lat' dir='ltr'><strong>monitum</strong></span> <span class='ocrx_word' id='word_1_450' title='bbox 3491 547 3697 601; x_wconf 72' lang='lat' dir='ltr'><strong>carun-</strong></span> 
     </span>
    </p>
   </div>
   <div class='ocr_carea' id='block_1_64' title="bbox 2051 633 3692 707">
    <p class='ocr_par' dir='ltr' id='par_1_64' title="bbox 2051 633 3692 707">
     <span class='ocr_line' id='line_1_64' title="bbox 2051 633 3692 707; baseline 0.002 -20"><span class='ocrx_word' id='word_1_451' title='bbox 2051 636 2183 689; x_wconf 88' lang='lat' dir='ltr'><strong>dum</strong></span> <span class='ocrx_word' id='word_1_452' title='bbox 2236 639 2327 687; x_wconf 86' lang='lat' dir='ltr'><strong>est</strong></span> <span class='ocrx_word' id='word_1_453' title='bbox 2356 635 2459 703; x_wconf 82' lang='lat' dir='ltr'><strong>eis,</strong></span> <span class='ocrx_word' id='word_1_454' title='bbox 2493 633 2587 702; x_wconf 81' lang='lat' dir='ltr'><strong>qui</strong></span> <span class='ocrx_word' id='word_1_455' title='bbox 2650 634 2968 689; x_wconf 82' lang='lat' dir='ltr'><strong>necessario</strong></span> <span class='ocrx_word' id='word_1_456' title='bbox 3027 633 3292 689; x_wconf 89' lang='lat' dir='ltr'><strong>morituri</strong></span> <span class='ocrx_word' id='word_1_457' title='bbox 3342 640 3500 705; x_wconf 86' lang='lat' dir='ltr'><strong>sunt,</strong></span> <span class='ocrx_word' id='word_1_458' title='bbox 3552 636 3692 707; x_wconf 89' lang='lat' dir='ltr'><strong>quid</strong></span> 
     </span>
    </p>
   </div>
   <div class='ocr_carea' id='block_1_65' title="bbox 2052 722 3697 799">
    <p class='ocr_par' dir='ltr' id='par_1_65' title="bbox 2052 722 3697 799">
     <span class='ocr_line' id='line_1_65' title="bbox 2052 722 3697 799; baseline 0.001 -20"><span class='ocrx_word' id='word_1_459' title='bbox 2052 722 2275 779; x_wconf 88' lang='lat' dir='ltr'><strong>accidat</strong></span> <span class='ocrx_word' id='word_1_460' title='bbox 2302 726 2369 799; x_wconf 82' lang='lat' dir='ltr'><strong>ut</strong></span> <span class='ocrx_word' id='word_1_461' title='bbox 2401 722 2761 789; x_wconf 86' lang='lat' dir='ltr'><strong>moriantur;</strong></span> <span class='ocrx_word' id='word_1_462' title='bbox 2788 722 3202 778; x_wconf 88' lang='lat' dir='ltr'><strong>sedmoricndo</strong></span> <span class='ocrx_word' id='word_1_463' title='bbox 3236 740 3349 794; x_wconf 89' lang='lat' dir='ltr'><strong>quo</strong></span> <span class='ocrx_word' id='word_1_464' title='bbox 3383 725 3463 779; x_wconf 92' lang='lat' dir='ltr'><strong>ire</strong></span> <span class='ocrx_word' id='word_1_465' title='bbox 3485 740 3697 795; x_wconf 86' lang='lat' dir='ltr'><strong>cogan-</strong></span> 
     </span>
    </p>
   </div>
   <div class='ocr_carea' id='block_1_66' title="bbox 2053 809 3692 883">
    <p class='ocr_par' dir='ltr' id='par_1_66' title="bbox 2053 809 3692 883">
     <span class='ocr_line' id='line_1_66' title="bbox 2053 809 3692 883; baseline 0.001 -17"><span class='ocrx_word' id='word_1_466' title='bbox 2053 823 2166 866; x_wconf 87' lang='lat' dir='ltr'><strong>tur.</strong></span> <span class='ocrx_word' id='word_1_467' title='bbox 2192 809 2336 865; x_wconf 85' lang='lat' dir='ltr'><strong>Cum</strong></span> <span class='ocrx_word' id='word_1_468' title='bbox 2356 810 2533 882; x_wconf 80' lang='lat' dir='ltr'><strong>igitur</strong></span> <span class='ocrx_word' id='word_1_469' title='bbox 2564 810 2876 866; x_wconf 79' lang='lat' dir='ltr'><strong>Christiani</strong></span> <span class='ocrx_word' id='word_1_470' title='bbox 2905 810 3169 865; x_wconf 85' lang='lat' dir='ltr'><strong>noverint</strong></span> <span class='ocrx_word' id='word_1_471' title='bbox 3202 812 3368 883; x_wconf 84' lang='lat' dir='ltr'><strong>longe</strong></span> <span class='ocrx_word' id='word_1_472' title='bbox 3394 810 3692 867; x_wconf 87' lang='lat' dir='ltr'><strong>meliorem</strong></span> 
     </span>
    </p>
   </div>
   <div class='ocr_carea' id='block_1_67' title="bbox 2055 901 3695 974">
    <p class='ocr_par' dir='ltr' id='par_1_67' title="bbox 2055 901 3695 974">
     <span class='ocr_line' id='line_1_67' title="bbox 2055 901 3695 974; baseline 0.001 -17"><span class='ocrx_word' id='word_1_473' title='bbox 2055 902 2237 957; x_wconf 86' lang='lat' dir='ltr'><strong>fuisse</strong></span> <span class='ocrx_word' id='word_1_474' title='bbox 2251 901 2506 973; x_wconf 82' lang='lat' dir='ltr'><strong>religiosi</strong></span> <span class='ocrx_word' id='word_1_475' title='bbox 2523 901 2790 971; x_wconf 87' lang='lat' dir='ltr'><strong>pauperis</strong></span> <span class='ocrx_word' id='word_1_476' title='bbox 2807 905 3046 957; x_wconf 89' lang='lat' dir='ltr'><strong>mortem</strong></span> <span class='ocrx_word' id='word_1_477' title='bbox 3074 901 3578 974; x_wconf 80' lang='lat' dir='ltr'><strong>interlingentium</strong></span> <span class='ocrx_word' id='word_1_478' title='bbox 3603 920 3695 959; x_wconf 88' lang='lat' dir='ltr'><strong>ca-</strong></span> 
     </span>
    </p>
   </div>
   <div class='ocr_carea' id='block_1_68' title="bbox 2055 981 3695 1063">
    <p class='ocr_par' dir='ltr' id='par_1_68' title="bbox 2055 981 3695 1063">
     <span class='ocr_line' id='line_1_68' title="bbox 2055 981 3695 1063; baseline 0.001 -17"><span class='ocrx_word' id='word_1_479' title='bbox 2055 1008 2193 1047; x_wconf 85' lang='lat' dir='ltr'><strong>uum</strong></span> <span class='ocrx_word' id='word_1_480' title='bbox 2220 990 2473 1061; x_wconf 84' lang='lat' dir='ltr'><strong>linguas,</strong></span> <span class='ocrx_word' id='word_1_481' title='bbox 2493 990 2848 1062; x_wconf 84' lang='lat' dir='ltr'><strong>quamimpii</strong></span> <span class='ocrx_word' id='word_1_482' title='bbox 2871 981 3063 1046; x_wconf 20' lang='lat' dir='ltr'><strong>div-itis</strong></span> <span class='ocrx_word' id='word_1_483' title='bbox 3085 990 3143 1046; x_wconf 87' lang='lat' dir='ltr'><strong>in</strong></span> <span class='ocrx_word' id='word_1_484' title='bbox 3168 1008 3426 1062; x_wconf 88' lang='lat' dir='ltr'><strong>purpura</strong></span> <span class='ocrx_word' id='word_1_485' title='bbox 3447 996 3501 1047; x_wconf 86' lang='lat' dir='ltr'><strong>et</strong></span> <span class='ocrx_word' id='word_1_486' title='bbox 3523 992 3695 1063; x_wconf 83' lang='lat' dir='ltr'><strong>bysso</strong></span> 
     </span>
    </p>
   </div>
   <div class='ocr_carea' id='block_1_69' title="bbox 2052 1066 3694 1152">
    <p class='ocr_par' dir='ltr' id='par_1_69' title="bbox 2052 1066 3694 1152">
     <span class='ocr_line' id='line_1_69' title="bbox 2052 1066 3694 1152; baseline 0 -17"><span class='ocrx_word' id='word_1_487' title='bbox 2052 1080 2204 1149; x_wconf 85' lang='lat' dir='ltr'><strong>(Luc.</strong></span> <span class='ocrx_word' id='word_1_488' title='bbox 2227 1066 2546 1150; x_wconf 48' lang='lat' dir='ltr'><strong>XVum-31)</strong></span> <span class='ocrx_word' id='word_1_489' title='bbox 2572 1099 2585 1147; x_wconf 92' lang='lat'><strong>;</strong></span> <span class='ocrx_word' id='word_1_490' title='bbox 2613 1079 2898 1135; x_wconf 76' lang='lat' dir='ltr'><strong>horrenda</strong></span> <span class='ocrx_word' id='word_1_491' title='bbox 2919 1078 3016 1134; x_wconf 91' lang='lat' dir='ltr'><strong>illa</strong></span> <span class='ocrx_word' id='word_1_492' title='bbox 3039 1097 3249 1151; x_wconf 87' lang='lat' dir='ltr'><strong>genera</strong></span> <span class='ocrx_word' id='word_1_493' title='bbox 3265 1081 3540 1136; x_wconf 86' lang='lat' dir='ltr'><strong>mortium</strong></span> <span class='ocrx_word' id='word_1_494' title='bbox 3561 1081 3694 1152; x_wconf 83' lang='lat' dir='ltr'><strong>quid</strong></span> 
     </span>
    </p>
   </div>
   <div class='ocr_carea' id='block_1_70' title="bbox 2054 1167 3268 1238">
    <p class='ocr_par' dir='ltr' id='par_1_70' title="bbox 2054 1167 3268 1238">
     <span class='ocr_line' id='line_1_70' title="bbox 2054 1167 3268 1238; baseline -0.002 -12"><span class='ocrx_word' id='word_1_495' title='bbox 2054 1169 2298 1226; x_wconf 80' lang='lat' dir='ltr'><strong>mortuis</strong></span> <span class='ocrx_word' id='word_1_496' title='bbox 2331 1169 2660 1236; x_wconf 86' lang='lat' dir='ltr'><strong>obfuerunt,</strong></span> <span class='ocrx_word' id='word_1_497' title='bbox 2687 1169 2953 1238; x_wconf 78' lang='lat' dir='ltr'><strong>qui‘hcne</strong></span> <span class='ocrx_word' id='word_1_498' title='bbox 2984 1167 3268 1224; x_wconf 80' lang='lat' dir='ltr'><strong>vixerunt.</strong></span> 
     </span>
    </p>
   </div>
   <div class='ocr_carea' id='block_1_71' title="bbox 2052 1302 3694 1379">
    <p class='ocr_par' dir='ltr' id='par_1_71' title="bbox 2052 1302 3694 1379">
     <span class='ocr_line' id='line_1_71' title="bbox 2052 1302 3694 1379; baseline -0.003 -19"><span class='ocrx_word' id='word_1_499' title='bbox 2052 1303 2281 1361; x_wconf 84' lang='lat' dir='ltr'>CAPUT</span> <span class='ocrx_word' id='word_1_500' title='bbox 2312 1303 2429 1359; x_wconf 81' lang='lat' dir='ltr'><strong>XII.</strong></span> <span class='ocrx_word' id='word_1_501' title='bbox 2462 1332 2531 1362; x_wconf 68' lang='lat'><strong>—-—,</strong></span> <span class='ocrx_word' id='word_1_502' title='bbox 2552 1304 2645 1379; x_wconf 84' lang='lat' dir='ltr'><strong>_De</strong></span> <span class='ocrx_word' id='word_1_503' title='bbox 2673 1302 2949 1372; x_wconf 75' lang='lat' dir='ltr'><strong>sepultura</strong></span> <span class='ocrx_word' id='word_1_504' title='bbox 2984 1302 3352 1358; x_wconf 84' lang='lat' dir='ltr'><strong>humanorum</strong></span> <span class='ocrx_word' id='word_1_505' title='bbox 3390 1318 3694 1373; x_wconf 80' lang='lat' dir='ltr'><strong>corporum,</strong></span> 
     </span>
    </p>
   </div>
   <div class='ocr_carea' id='block_1_72' title="bbox 2123 1390 3692 1464">
    <p class='ocr_par' dir='ltr' id='par_1_72' title="bbox 2123 1390 3692 1464">
     <span class='ocr_line' id='line_1_72' title="bbox 2123 1390 3692 1464; baseline -0.001 -18"><span class='ocrx_word' id='word_1_506' title='bbox 2123 1408 2247 1464; x_wconf 62' lang='lat' dir='ltr'><strong>quae</strong></span> <span class='ocrx_word' id='word_1_507' title='bbox 2277 1391 2605 1449; x_wconf 78' lang='lat' dir='ltr'><strong>Christianis</strong></span> <span class='ocrx_word' id='word_1_508' title='bbox 2655 1391 2874 1447; x_wconf 79' lang='lat' dir='ltr'><strong>etiamsi</strong></span> <span class='ocrx_word' id='word_1_509' title='bbox 2902 1392 3075 1462; x_wconf 80' lang='lat' dir='ltr'><strong>fuerit</strong></span> <span class='ocrx_word' id='word_1_510' title='bbox 3103 1393 3325 1461; x_wconf 78' lang='lat' dir='ltr'><strong>negata,</strong></span> <span class='ocrx_word' id='word_1_511' title='bbox 3355 1390 3439 1445; x_wconf 80' lang='lat' dir='ltr'><strong>nil</strong></span> <span class='ocrx_word' id='word_1_512' title='bbox 3469 1390 3692 1445; x_wconf 81' lang='lat' dir='ltr'><strong>adimit.</strong></span> 
     </span>
    </p>
   </div>
   <div class='ocr_carea' id='block_1_73' title="bbox 2126 1524 3698 1596">
    <p class='ocr_par' dir='ltr' id='par_1_73' title="bbox 2126 1524 3698 1596">
     <span class='ocr_line' id='line_1_73' title="bbox 2126 1524 3698 1596; baseline -0.003 -14"><span class='ocrx_word' id='word_1_513' title='bbox 2126 1528 2175 1582; x_wconf 86' lang='grc'><strong>1.</strong></span> <span class='ocrx_word' id='word_1_514' title='bbox 2205 1530 2274 1582; x_wconf 82' lang='lat' dir='ltr'><strong>At</strong></span> <span class='ocrx_word' id='word_1_515' title='bbox 2296 1526 2448 1582; x_wconf 89' lang='lat' dir='ltr'><strong>enim</strong></span> <span class='ocrx_word' id='word_1_516' title='bbox 2474 1527 2533 1581; x_wconf 87' lang='lat' dir='ltr'><strong>in</strong></span> <span class='ocrx_word' id='word_1_517' title='bbox 2553 1529 2712 1580; x_wconf 84' lang='lat' dir='ltr'><strong>tanta</strong></span> <span class='ocrx_word' id='word_1_518' title='bbox 2735 1529 2928 1596; x_wconf 84' lang='lat' dir='ltr'><strong>strage</strong></span> <span class='ocrx_word' id='word_1_519' title='bbox 2950 1525 3300 1580; x_wconf 88' lang='lat' dir='ltr'><strong>cadaverum</strong></span> <span class='ocrx_word' id='word_1_520' title='bbox 3327 1541 3429 1580; x_wconf 88' lang='lat' dir='ltr'><strong>nec</strong></span> <span class='ocrx_word' id='word_1_521' title='bbox 3464 1524 3698 1595; x_wconf 86' lang='lat' dir='ltr'><strong>sepeliri</strong></span> 
     </span>
    </p>
   </div>
   <div class='ocr_carea' id='block_1_74' title="bbox 2053 1614 3695 1690">
    <p class='ocr_par' dir='ltr' id='par_1_74' title="bbox 2053 1614 3695 1690">
     <span class='ocr_line' id='line_1_74' title="bbox 2053 1614 3695 1690; baseline -0.003 -18"><span class='ocrx_word' id='word_1_522' title='bbox 2053 1620 2386 1690; x_wconf 86' lang='lat' dir='ltr'><strong>potuerunt.</strong></span> <span class='ocrx_word' id='word_1_523' title='bbox 2407 1620 2604 1687; x_wconf 79' lang='lat' dir='ltr'><strong>Neque</strong></span> <span class='ocrx_word' id='word_1_524' title='bbox 2622 1615 2779 1670; x_wconf 88' lang='lat' dir='ltr'><strong>istud</strong></span> <span class='ocrx_word' id='word_1_525' title='bbox 2806 1615 2893 1686; x_wconf 89' lang='lat' dir='ltr'><strong>pia</strong></span> <span class='ocrx_word' id='word_1_526' title='bbox 2909 1615 3052 1670; x_wconf 83' lang='lat' dir='ltr'><strong>lides</strong></span> <span class='ocrx_word' id='word_1_527' title='bbox 3071 1615 3318 1669; x_wconf 90' lang='lat' dir='ltr'><strong>nimium</strong></span> <span class='ocrx_word' id='word_1_528' title='bbox 3339 1614 3695 1682; x_wconf 86' lang='lat' dir='ltr'><strong>reformidat,</strong></span> 
     </span>
    </p>
   </div>
   <div class='ocr_carea' id='block_1_75' title="bbox 2052 1703 3699 1778">
    <p class='ocr_par' dir='ltr' id='par_1_75' title="bbox 2052 1703 3699 1778">
     <span class='ocr_line' id='line_1_75' title="bbox 2052 1703 3699 1778; baseline -0.003 -16"><span class='ocrx_word' id='word_1_529' title='bbox 2052 1711 2259 1762; x_wconf 88' lang='lat' dir='ltr'><strong>tenens</strong></span> <span class='ocrx_word' id='word_1_530' title='bbox 2295 1705 2652 1778; x_wconf 67' lang='lat' dir='ltr'><strong>praedictum,</strong></span> <span class='ocrx_word' id='word_1_531' title='bbox 2688 1720 2791 1759; x_wconf 90' lang='lat' dir='ltr'><strong>nec</strong></span> <span class='ocrx_word' id='word_1_532' title='bbox 2826 1704 3207 1761; x_wconf 87' lang='lat' dir='ltr'><strong>absumentes</strong></span> <span class='ocrx_word' id='word_1_533' title='bbox 3247 1703 3465 1775; x_wconf 84' lang='lat' dir='ltr'><strong>bestias</strong></span> <span class='ocrx_word' id='word_1_534' title='bbox 3506 1718 3699 1757; x_wconf 87' lang='lat' dir='ltr'><strong>resur-</strong></span> 
     </span>
    </p>
   </div>
   <div class='ocr_carea' id='block_1_76' title="bbox 2054 1790 3697 1871">
    <p class='ocr_par' dir='ltr' id='par_1_76' title="bbox 2054 1790 3697 1871">
     <span class='ocr_line' id='line_1_76' title="bbox 2054 1790 3697 1871; baseline -0.001 -15"><span class='ocrx_word' id='word_1_535' title='bbox 2054 1800 2303 1856; x_wconf 88' lang='lat' dir='ltr'><strong>recturis</strong></span> <span class='ocrx_word' id='word_1_536' title='bbox 2334 1792 2680 1871; x_wconf 89' lang='lat' dir='ltr'><strong>corporibus</strong></span> <span class='ocrx_word' id='word_1_537' title='bbox 2713 1790 3043 1867; x_wconf 40' lang='lat' dir='ltr'><strong>obfuturas,‘</strong></span> <span class='ocrx_word' id='word_1_538' title='bbox 3064 1814 3311 1869; x_wconf 87' lang='lat' dir='ltr'><strong>quorum</strong></span> <span class='ocrx_word' id='word_1_539' title='bbox 3334 1797 3697 1867; x_wconf 82' lang='lat' dir='ltr'><strong>capillusca-</strong></span> 
     </span>
    </p>
   </div>
   <div class='ocr_carea' id='block_1_77' title="bbox 2055 1885 3700 1960">
    <p class='ocr_par' dir='ltr' id='par_1_77' title="bbox 2055 1885 3700 1960">
     <span class='ocr_line' id='line_1_77' title="bbox 2055 1885 3700 1960; baseline -0.002 -17"><span class='ocrx_word' id='word_1_540' title='bbox 2055 1889 2189 1960; x_wconf 90' lang='lat' dir='ltr'><strong>pitis</strong></span> <span class='ocrx_word' id='word_1_541' title='bbox 2226 1905 2340 1944; x_wconf 88' lang='lat' dir='ltr'><strong>non</strong></span> <span class='ocrx_word' id='word_1_542' title='bbox 2398 1885 2605 1959; x_wconf 88' lang='lat' dir='ltr'><strong>peribit</strong></span> <span class='ocrx_word' id='word_1_543' title='bbox 2652 1887 2760 1959; x_wconf 80' lang='lat' dir='ltr'><strong>(Id.</strong></span> <span class='ocrx_word' id='word_1_544' title='bbox 2794 1902 2907 1953; x_wconf 74' lang='lat' dir='ltr'><strong>xxx,</strong></span> <span class='ocrx_word' id='word_1_545' title='bbox 2951 1887 3058 1957; x_wconf 87' lang='grc'><strong>18).</strong></span> <span class='ocrx_word' id='word_1_546' title='bbox 3092 1885 3258 1942; x_wconf 88' lang='lat' dir='ltr'><strong>Nullo</strong></span> <span class='ocrx_word' id='word_1_547' title='bbox 3288 1887 3451 1943; x_wconf 89' lang='lat' dir='ltr'><strong>modo</strong></span> <span class='ocrx_word' id='word_1_548' title='bbox 3483 1886 3700 1941; x_wconf 87' lang='lat' dir='ltr'><strong>diceret</strong></span> 
     </span>
    </p>
   </div>
   <div class='ocr_carea' id='block_1_78' title="bbox 2053 1975 3695 2061">
    <p class='ocr_par' dir='ltr' id='par_1_78' title="bbox 2053 1975 3695 2061">
     <span class='ocr_line' id='line_1_78' title="bbox 2053 1975 3695 2061; baseline -0.002 -29"><span class='ocrx_word' id='word_1_549' title='bbox 2053 1977 2304 2043; x_wconf 87' lang='lat' dir='ltr'><strong>Veritas,</strong></span> <span class='ocrx_word' id='word_1_550' title='bbox 2338 1976 2514 2032; x_wconf 82' lang='lat' dir='ltr'><strong>Nolite</strong></span> <span class='ocrx_word' id='word_1_551' title='bbox 2544 1978 2741 2057; x_wconf 77' lang='lat' dir='ltr'><strong>(iniere</strong></span> <span class='ocrx_word' id='word_1_552' title='bbox 2784 1992 2874 2032; x_wconf 85' lang='lat' dir='ltr'><strong>eos</strong></span> <span class='ocrx_word' id='word_1_553' title='bbox 2909 1978 3005 2047; x_wconf 86' lang='lat' dir='ltr'><strong>qui</strong></span> <span class='ocrx_word' id='word_1_554' title='bbox 3044 1992 3237 2047; x_wconf 78' lang='lat' dir='ltr'><strong>corpus</strong></span> <span class='ocrx_word' id='word_1_555' title='bbox 3266 1975 3539 2040; x_wconf 85' lang='lat' dir='ltr'><strong>occidunt,</strong></span> <span class='ocrx_word' id='word_1_556' title='bbox 3571 1976 3695 2061; x_wconf 66' lang='lat' dir='ltr'><strong>ani-</strong></span> 
     </span>
    </p>
   </div>
   <div class='ocr_carea' id='block_1_79' title="bbox 2052 2054 3726 2137">
    <p class='ocr_par' dir='ltr' id='par_1_79' title="bbox 2052 2054 3726 2137">
     <span class='ocr_line' id='line_1_79' title="bbox 2052 2054 3726 2137; baseline -0.005 -13"><span class='ocrx_word' id='word_1_557' title='bbox 2052 2085 2199 2124; x_wconf 82' lang='lat' dir='ltr'><strong>mam</strong></span> <span class='ocrx_word' id='word_1_558' title='bbox 2230 2074 2411 2123; x_wconf 86' lang='lat' dir='ltr'><strong>autem</strong></span> <span class='ocrx_word' id='word_1_559' title='bbox 2443 2082 2551 2121; x_wconf 83' lang='lat' dir='ltr'><strong>non</strong></span> <span class='ocrx_word' id='word_1_560' title='bbox 2581 2054 2803 2137; x_wconf 78' lang='lat' dir='ltr'><strong>possunt</strong></span> <span class='ocrx_word' id='word_1_561' title='bbox 2833 2065 3073 2121; x_wconf 75' lang='lat' dir='ltr'><strong>occidere</strong></span> <span class='ocrx_word' id='word_1_562' title='bbox 3117 2065 3343 2135; x_wconf 80' lang='lat' dir='ltr'><strong>(Matth.</strong></span> <span class='ocrx_word' id='word_1_563' title='bbox 3376 2083 3430 2134; x_wconf 86' lang='lat' dir='ltr'><strong>x,</strong></span> <span class='ocrx_word' id='word_1_564' title='bbox 3473 2064 3564 2135; x_wconf 83' lang='lat'>28)</span> <span class='ocrx_word' id='word_1_565' title='bbox 3590 2054 3629 2133; x_wconf 62' lang='grc' dir='ltr'><em>ί</em></span> <span class='ocrx_word' id='word_1_566' title='bbox 3649 2063 3726 2118; x_wconf 44' lang='lat' dir='ltr'><strong>si.</strong></span> 
     </span>
    </p>
   </div>
   <div class='ocr_carea' id='block_1_80' title="bbox 2054 2152 3701 2233">
    <p class='ocr_par' dir='ltr' id='par_1_80' title="bbox 2054 2152 3701 2233">
     <span class='ocr_line' id='line_1_80' title="bbox 2054 2152 3701 2233; baseline -0.002 -22"><span class='ocrx_word' id='word_1_567' title='bbox 2054 2157 2377 2229; x_wconf 89' lang='lat' dir='ltr'><strong>quidquam</strong></span> <span class='ocrx_word' id='word_1_568' title='bbox 2413 2155 2643 2233; x_wconf 81' lang='lat' dir='ltr'><strong>obesset</strong></span> <span class='ocrx_word' id='word_1_569' title='bbox 2664 2155 2874 2210; x_wconf 71' lang='lat' dir='ltr'><strong>futura:</strong></span> <span class='ocrx_word' id='word_1_570' title='bbox 2891 2156 3040 2220; x_wconf 69' lang='lat' dir='ltr'><strong>vitae,</strong></span> <span class='ocrx_word' id='word_1_571' title='bbox 3072 2153 3362 2226; x_wconf 88' lang='lat' dir='ltr'><strong>quidquid</strong></span> <span class='ocrx_word' id='word_1_572' title='bbox 3385 2152 3602 2207; x_wconf 88' lang='lat' dir='ltr'><strong>inimici</strong></span> <span class='ocrx_word' id='word_1_573' title='bbox 3629 2153 3701 2207; x_wconf 91' lang='lat' dir='ltr'><strong>de</strong></span> 
     </span>
    </p>
   </div>
   <div class='ocr_carea' id='block_1_81' title="bbox 2053 2234 3698 2317">
    <p class='ocr_par' dir='ltr' id='par_1_81' title="bbox 2053 2234 3698 2317">
     <span class='ocr_line' id='line_1_81' title="bbox 2053 2234 3698 2317; baseline -0.004 -15"><span class='ocrx_word' id='word_1_574' title='bbox 2053 2246 2397 2317; x_wconf 90' lang='lat' dir='ltr'><strong>corporibus</strong></span> <span class='ocrx_word' id='word_1_575' title='bbox 2427 2234 2751 2301; x_wconf 78' lang='lat' dir='ltr'><strong>occisorum</strong></span> <span class='ocrx_word' id='word_1_576' title='bbox 2793 2245 2979 2299; x_wconf 88' lang='lat' dir='ltr'><strong>facere</strong></span> <span class='ocrx_word' id='word_1_577' title='bbox 3013 2242 3356 2298; x_wconf 89' lang='lat' dir='ltr'><strong>voluissent.</strong></span> <span class='ocrx_word' id='word_1_578' title='bbox 3397 2242 3521 2296; x_wconf 87' lang='lat' dir='ltr'><strong>Nisi</strong></span> <span class='ocrx_word' id='word_1_579' title='bbox 3554 2242 3698 2296; x_wconf 84' lang='lat' dir='ltr'><strong>forte</strong></span> 
     </span>
    </p>
   </div>
   <div class='ocr_carea' id='block_1_82' title="bbox 2054 2324 3697 2408">
    <p class='ocr_par' dir='ltr' id='par_1_82' title="bbox 2054 2324 3697 2408">
     <span class='ocr_line' id='line_1_82' title="bbox 2054 2324 3697 2408; baseline -0.004 -16"><span class='ocrx_word' id='word_1_580' title='bbox 2054 2337 2349 2408; x_wconf 87' lang='lat' dir='ltr'><strong>quispiam</strong></span> <span class='ocrx_word' id='word_1_581' title='bbox 2382 2336 2465 2391; x_wconf 86' lang='lat' dir='ltr'><strong>sic</strong></span> <span class='ocrx_word' id='word_1_582' title='bbox 2521 2336 2816 2389; x_wconf 88' lang='lat' dir='ltr'><strong>absurdus</strong></span> <span class='ocrx_word' id='word_1_583' title='bbox 2847 2324 2956 2400; x_wconf 77' lang='lat' dir='ltr'><strong>est,</strong></span> <span class='ocrx_word' id='word_1_584' title='bbox 3001 2336 3064 2388; x_wconf 90' lang='lat' dir='ltr'><strong>ut</strong></span> <span class='ocrx_word' id='word_1_585' title='bbox 3093 2334 3400 2389; x_wconf 83' lang='lat' dir='ltr'><strong>contendat</strong></span> <span class='ocrx_word' id='word_1_586' title='bbox 3442 2348 3563 2396; x_wconf 85' lang='lat' dir='ltr'><strong>eos,</strong></span> <span class='ocrx_word' id='word_1_587' title='bbox 3597 2332 3697 2401; x_wconf 85' lang='lat' dir='ltr'><strong>qui</strong></span> 
     </span>
    </p>
   </div>
   <div class='ocr_carea' id='block_1_83' title="bbox 2054 2422 3698 2497">
    <p class='ocr_par' dir='ltr' id='par_1_83' title="bbox 2054 2422 3698 2497">
     <span class='ocr_line' id='line_1_83' title="bbox 2054 2422 3698 2497; baseline -0.004 -15"><span class='ocrx_word' id='word_1_588' title='bbox 2054 2441 2260 2497; x_wconf 83' lang='lat' dir='ltr'><strong>corpus</strong></span> <span class='ocrx_word' id='word_1_589' title='bbox 2283 2425 2575 2493; x_wconf 90' lang='lat' dir='ltr'><strong>occidunt,</strong></span> <span class='ocrx_word' id='word_1_590' title='bbox 2603 2440 2716 2479; x_wconf 88' lang='lat' dir='ltr'><strong>non</strong></span> <span class='ocrx_word' id='word_1_591' title='bbox 2733 2423 2942 2478; x_wconf 89' lang='lat' dir='ltr'><strong>debere</strong></span> <span class='ocrx_word' id='word_1_592' title='bbox 2961 2422 3153 2477; x_wconf 91' lang='lat' dir='ltr'><strong>timeri</strong></span> <span class='ocrx_word' id='word_1_593' title='bbox 3176 2427 3310 2477; x_wconf 90' lang='lat' dir='ltr'><strong>ante</strong></span> <span class='ocrx_word' id='word_1_594' title='bbox 3333 2426 3600 2485; x_wconf 87' lang='lat' dir='ltr'><strong>mortem,</strong></span> <span class='ocrx_word' id='word_1_595' title='bbox 3627 2436 3698 2476; x_wconf 87' lang='lat' dir='ltr'><strong>ne</strong></span> 
     </span>
    </p>
   </div>
   <div class='ocr_carea' id='block_1_84' title="bbox 2054 2510 3696 2587">
    <p class='ocr_par' dir='ltr' id='par_1_84' title="bbox 2054 2510 3696 2587">
     <span class='ocr_line' id='line_1_84' title="bbox 2054 2510 3696 2587; baseline -0.005 -16"><span class='ocrx_word' id='word_1_596' title='bbox 2054 2532 2265 2587; x_wconf 91' lang='lat' dir='ltr'><strong>corpus</strong></span> <span class='ocrx_word' id='word_1_597' title='bbox 2304 2514 2591 2582; x_wconf 88' lang='lat' dir='ltr'><strong>occidant,</strong></span> <span class='ocrx_word' id='word_1_598' title='bbox 2623 2520 2676 2568; x_wconf 91' lang='lat' dir='ltr'><strong>et</strong></span> <span class='ocrx_word' id='word_1_599' title='bbox 2705 2510 2899 2567; x_wconf 86' lang='lat' dir='ltr'><strong>timeri</strong></span> <span class='ocrx_word' id='word_1_600' title='bbox 2931 2511 3138 2566; x_wconf 90' lang='lat' dir='ltr'><strong>debere</strong></span> <span class='ocrx_word' id='word_1_601' title='bbox 3172 2515 3302 2582; x_wconf 88' lang='lat' dir='ltr'><strong>post</strong></span> <span class='ocrx_word' id='word_1_602' title='bbox 3345 2512 3696 2574; x_wconf 76' lang='lat' dir='ltr'><strong>mortem,he</strong></span> 
     </span>
    </p>
   </div>
   <div class='ocr_carea' id='block_1_85' title="bbox 2054 2595 3697 2677">
    <p class='ocr_par' dir='ltr' id='par_1_85' title="bbox 2054 2595 3697 2677">
     <span class='ocr_line' id='line_1_85' title="bbox 2054 2595 3697 2677; baseline -0.005 -17"><span class='ocrx_word' id='word_1_603' title='bbox 2054 2621 2266 2677; x_wconf 83' lang='lat' dir='ltr'><strong>corpus</strong></span> <span class='ocrx_word' id='word_1_604' title='bbox 2288 2595 2543 2659; x_wconf 83' lang='lat' dir='ltr'><strong>occisum</strong></span> <span class='ocrx_word' id='word_1_605' title='bbox 2565 2601 2789 2672; x_wconf 88' lang='lat' dir='ltr'><strong>sepeliri</strong></span> <span class='ocrx_word' id='word_1_606' title='bbox 2814 2618 2930 2656; x_wconf 91' lang='lat' dir='ltr'><strong>non</strong></span> <span class='ocrx_word' id='word_1_607' title='bbox 2954 2599 3171 2656; x_wconf 83' lang='lat' dir='ltr'><strong>sinant.</strong></span> <span class='ocrx_word' id='word_1_608' title='bbox 3197 2599 3432 2655; x_wconf 84' lang='lat' dir='ltr'><strong>Falsum</strong></span> <span class='ocrx_word' id='word_1_609' title='bbox 3452 2605 3541 2655; x_wconf 82' lang='lat' dir='ltr'><strong>est</strong></span> <span class='ocrx_word' id='word_1_610' title='bbox 3561 2614 3697 2670; x_wconf 83' lang='lat' dir='ltr'><strong>ergo</strong></span> 
     </span>
    </p>
   </div>
   <div class='ocr_carea' id='block_1_86' title="bbox 2054 2689 3699 2766">
    <p class='ocr_par' dir='ltr' id='par_1_86' title="bbox 2054 2689 3699 2766">
     <span class='ocr_line' id='line_1_86' title="bbox 2054 2689 3699 2766; baseline -0.004 -18"><span class='ocrx_word' id='word_1_611' title='bbox 2054 2695 2208 2766; x_wconf 89' lang='lat' dir='ltr'><strong>quod</strong></span> <span class='ocrx_word' id='word_1_612' title='bbox 2240 2694 2321 2749; x_wconf 88' lang='lat' dir='ltr'><strong>ait</strong></span> <span class='ocrx_word' id='word_1_613' title='bbox 2349 2691 2638 2759; x_wconf 85' lang='lat' dir='ltr'><strong>Christus,</strong></span> <span class='ocrx_word' id='word_1_614' title='bbox 2672 2690 2778 2759; x_wconf 83' lang='lat' dir='ltr'><strong>Qui</strong></span> <span class='ocrx_word' id='word_1_615' title='bbox 2804 2705 2996 2761; x_wconf 81' lang='lat' dir='ltr'><strong>corpus</strong></span> <span class='ocrx_word' id='word_1_616' title='bbox 3022 2689 3296 2755; x_wconf 85' lang='lat' dir='ltr'><strong>occidunt,</strong></span> <span class='ocrx_word' id='word_1_617' title='bbox 3320 2691 3369 2743; x_wconf 83' lang='lat' dir='ltr'><strong>et</strong></span> <span class='ocrx_word' id='word_1_618' title='bbox 3388 2691 3568 2759; x_wconf 84' lang='lat' dir='ltr'><strong>postea</strong></span> <span class='ocrx_word' id='word_1_619' title='bbox 3589 2701 3699 2742; x_wconf 80' lang='lat' dir='ltr'><strong>nou</strong></span> 
     </span>
    </p>
   </div>
   <div class='ocr_carea' id='block_1_87' title="bbox 2054 2772 3698 2853">
    <p class='ocr_par' dir='ltr' id='par_1_87' title="bbox 2054 2772 3698 2853">
     <span class='ocr_line' id='line_1_87' title="bbox 2054 2772 3698 2853; baseline -0.005 -15"><span class='ocrx_word' id='word_1_620' title='bbox 2054 2781 2256 2839; x_wconf 85' lang='lat' dir='ltr'><strong>habent</strong></span> <span class='ocrx_word' id='word_1_621' title='bbox 2285 2782 2415 2853; x_wconf 78' lang='lat' dir='ltr'><strong>quid</strong></span> <span class='ocrx_word' id='word_1_622' title='bbox 2442 2782 2654 2852; x_wconf 84' lang='lat' dir='ltr'><strong>faciant</strong></span> <span class='ocrx_word' id='word_1_623' title='bbox 2686 2778 2839 2851; x_wconf 83' lang='lat' dir='ltr'><strong>(Luc.</strong></span> <span class='ocrx_word' id='word_1_624' title='bbox 2872 2795 2972 2848; x_wconf 81' lang='lat' dir='ltr'><strong>xu,</strong></span> <span class='ocrx_word' id='word_1_625' title='bbox 3015 2778 3067 2849; x_wconf 81' lang='grc'>4)</span> <span class='ocrx_word' id='word_1_626' title='bbox 3105 2772 3123 2848; x_wconf 64' lang='grc' dir='ltr'><strong>ς’</strong></span> <span class='ocrx_word' id='word_1_627' title='bbox 3152 2777 3201 2833; x_wconf 90' lang='lat' dir='ltr'><strong>si</strong></span> <span class='ocrx_word' id='word_1_628' title='bbox 3252 2776 3469 2833; x_wconf 85' lang='lat' dir='ltr'><strong>habent</strong></span> <span class='ocrx_word' id='word_1_629' title='bbox 3513 2780 3698 2841; x_wconf 82' lang='lat' dir='ltr'><strong>tanta,</strong></span> 
     </span>
    </p>
   </div>
   <div class='ocr_carea' id='block_1_88' title="bbox 2054 2864 3698 2947">
    <p class='ocr_par' dir='ltr' id='par_1_88' title="bbox 2054 2864 3698 2947">
     <span class='ocr_line' id='line_1_88' title="bbox 2054 2864 3698 2947; baseline -0.004 -19"><span class='ocrx_word' id='word_1_630' title='bbox 2054 2889 2177 2944; x_wconf 73' lang='lat' dir='ltr'><strong>quis</strong></span> <span class='ocrx_word' id='word_1_631' title='bbox 2202 2873 2271 2927; x_wconf 89' lang='lat' dir='ltr'><strong>de</strong></span> <span class='ocrx_word' id='word_1_632' title='bbox 2294 2869 2670 2927; x_wconf 80' lang='lat' dir='ltr'><strong>cadaveribus</strong></span> <span class='ocrx_word' id='word_1_633' title='bbox 2693 2868 2922 2924; x_wconf 83' lang='lat' dir='ltr'><strong>faciant.</strong></span> <span class='ocrx_word' id='word_1_634' title='bbox 2955 2867 3120 2923; x_wconf 83' lang='lat' dir='ltr'><strong>Absit</strong></span> <span class='ocrx_word' id='word_1_635' title='bbox 3142 2864 3434 2947; x_wconf 77' lang='lat' dir='ltr'><strong>utfalsum</strong></span> <span class='ocrx_word' id='word_1_636' title='bbox 3456 2866 3698 2938; x_wconf 88' lang='lat' dir='ltr'><strong>sitquod</strong></span> 
     </span>
    </p>
   </div>
   <div class='ocr_carea' id='block_1_89' title="bbox 2051 2956 3696 3027">
    <p class='ocr_par' dir='ltr' id='par_1_89' title="bbox 2051 2956 3696 3027">
     <span class='ocr_line' id='line_1_89' title="bbox 2051 2956 3696 3027; baseline -0.004 -10"><span class='ocrx_word' id='word_1_637' title='bbox 2051 2961 2283 3017; x_wconf 88' lang='lat' dir='ltr'><strong>Veritas</strong></span> <span class='ocrx_word' id='word_1_638' title='bbox 2306 2960 2467 3015; x_wconf 83' lang='lat' dir='ltr'><strong>dixit.</strong></span> <span class='ocrx_word' id='word_1_639' title='bbox 2488 2959 2708 3014; x_wconf 90' lang='lat' dir='ltr'><strong>Dictum</strong></span> <span class='ocrx_word' id='word_1_640' title='bbox 2734 2962 2821 3012; x_wconf 87' lang='lat' dir='ltr'><strong>est</strong></span> <span class='ocrx_word' id='word_1_641' title='bbox 2839 2958 2991 3013; x_wconf 89' lang='lat' dir='ltr'><strong>enim</strong></span> <span class='ocrx_word' id='word_1_642' title='bbox 3015 2956 3234 3027; x_wconf 86' lang='lat' dir='ltr'><strong>aliquid</strong></span> <span class='ocrx_word' id='word_1_643' title='bbox 3257 2972 3354 3011; x_wconf 89' lang='lat' dir='ltr'><strong>eos</strong></span> <span class='ocrx_word' id='word_1_644' title='bbox 3372 2956 3555 3013; x_wconf 83' lang='lat' dir='ltr'><strong>facere</strong></span> <span class='ocrx_word' id='word_1_645' title='bbox 3569 2971 3696 3011; x_wconf 89' lang='lat' dir='ltr'><strong>cum</strong></span> 
     </span>
    </p>
   </div>
   <div class='ocr_carea' id='block_1_90' title="bbox 2053 3044 3696 3120">
    <p class='ocr_par' dir='ltr' id='par_1_90' title="bbox 2053 3044 3696 3120">
     <span class='ocr_line' id='line_1_90' title="bbox 2053 3044 3696 3120; baseline -0.006 -12"><span class='ocrx_word' id='word_1_646' title='bbox 2053 3050 2348 3119; x_wconf 90' lang='lat' dir='ltr'><strong>occidunt,</strong></span> <span class='ocrx_word' id='word_1_647' title='bbox 2383 3048 2519 3120; x_wconf 89' lang='lat' dir='ltr'><strong>quia</strong></span> <span class='ocrx_word' id='word_1_648' title='bbox 2551 3047 2610 3102; x_wconf 89' lang='lat' dir='ltr'><strong>in</strong></span> <span class='ocrx_word' id='word_1_649' title='bbox 2662 3062 2900 3119; x_wconf 89' lang='lat' dir='ltr'><strong>corpore</strong></span> <span class='ocrx_word' id='word_1_650' title='bbox 2948 3063 3156 3102; x_wconf 85' lang='lat' dir='ltr'><strong>sensus</strong></span> <span class='ocrx_word' id='word_1_651' title='bbox 3189 3050 3273 3102; x_wconf 91' lang='lat' dir='ltr'><strong>est</strong></span> <span class='ocrx_word' id='word_1_652' title='bbox 3326 3044 3641 3101; x_wconf 87' lang='lat' dir='ltr'><strong>occidendo</strong></span> <span class='ocrx_word' id='word_1_653' title='bbox 3681 3065 3696 3113; x_wconf 82' lang='grc' dir='ltr'>ς</span> 
     </span>
    </p>
   </div>
   <div class='ocr_carea' id='block_1_91' title="bbox 2054 3135 3699 3215">
    <p class='ocr_par' dir='ltr' id='par_1_91' title="bbox 2054 3135 3699 3215">
     <span class='ocr_line' id='line_1_91' title="bbox 2054 3135 3699 3215; baseline -0.005 -16"><span class='ocrx_word' id='word_1_654' title='bbox 2054 3148 2258 3215; x_wconf 89' lang='lat' dir='ltr'><strong>postea</strong></span> <span class='ocrx_word' id='word_1_655' title='bbox 2288 3157 2420 3196; x_wconf 85' lang='lat' dir='ltr'><strong>vero</strong></span> <span class='ocrx_word' id='word_1_656' title='bbox 2458 3139 2602 3194; x_wconf 88' lang='lat' dir='ltr'><strong>nihil</strong></span> <span class='ocrx_word' id='word_1_657' title='bbox 2637 3139 2847 3194; x_wconf 88' lang='lat' dir='ltr'><strong>habere</strong></span> <span class='ocrx_word' id='word_1_658' title='bbox 2878 3138 3029 3209; x_wconf 89' lang='lat' dir='ltr'><strong>quod</strong></span> <span class='ocrx_word' id='word_1_659' title='bbox 3064 3138 3294 3205; x_wconf 82' lang='lat' dir='ltr'><strong>faciant,</strong></span> <span class='ocrx_word' id='word_1_660' title='bbox 3331 3137 3469 3209; x_wconf 88' lang='lat' dir='ltr'><strong>quia</strong></span> <span class='ocrx_word' id='word_1_661' title='bbox 3502 3135 3699 3192; x_wconf 89' lang='lat' dir='ltr'><strong>nullus</strong></span> 
     </span>
    </p>
   </div>
   <div class='ocr_carea' id='block_1_92' title="bbox 2055 3228 3702 3302">
    <p class='ocr_par' dir='ltr' id='par_1_92' title="bbox 2055 3228 3702 3302">
     <span class='ocr_line' id='line_1_92' title="bbox 2055 3228 3702 3302; baseline -0.004 -13"><span class='ocrx_word' id='word_1_662' title='bbox 2055 3249 2265 3289; x_wconf 90' lang='lat' dir='ltr'><strong>sensus</strong></span> <span class='ocrx_word' id='word_1_663' title='bbox 2295 3241 2380 3287; x_wconf 89' lang='lat' dir='ltr'><strong>est</strong></span> <span class='ocrx_word' id='word_1_664' title='bbox 2417 3232 2477 3286; x_wconf 89' lang='lat' dir='ltr'><strong>in</strong></span> <span class='ocrx_word' id='word_1_665' title='bbox 2510 3247 2747 3302; x_wconf 84' lang='lat' dir='ltr'><strong>corpore</strong></span> <span class='ocrx_word' id='word_1_666' title='bbox 2777 3229 2986 3286; x_wconf 88' lang='lat' dir='ltr'><strong>occiso.</strong></span> <span class='ocrx_word' id='word_1_667' title='bbox 3021 3228 3201 3284; x_wconf 86' lang='lat' dir='ltr'><strong>Multa</strong></span> <span class='ocrx_word' id='word_1_668' title='bbox 3233 3228 3430 3299; x_wconf 86' lang='lat' dir='ltr'><strong>itaque</strong></span> <span class='ocrx_word' id='word_1_669' title='bbox 3461 3243 3702 3298; x_wconf 89' lang='lat' dir='ltr'><strong>corpora</strong></span> 
     </span>
    </p>
   </div>
   <div class='ocr_carea' id='block_1_93' title="bbox 2053 3317 3697 3387">
    <p class='ocr_par' dir='ltr' id='par_1_93' title="bbox 2053 3317 3697 3387">
     <span class='ocr_line' id='line_1_93' title="bbox 2053 3317 3697 3387; baseline -0.006 -5"><span class='ocrx_word' id='word_1_670' title='bbox 2053 3323 2515 3383; x_wconf 84' lang='lat' dir='ltr'><strong>Christianorum</strong></span> <span class='ocrx_word' id='word_1_671' title='bbox 2546 3325 2697 3377; x_wconf 87' lang='lat' dir='ltr'><strong>terra</strong></span> <span class='ocrx_word' id='word_1_672' title='bbox 2729 3337 2844 3376; x_wconf 90' lang='lat' dir='ltr'><strong>non</strong></span> <span class='ocrx_word' id='word_1_673' title='bbox 2874 3320 3017 3375; x_wconf 86' lang='lat' dir='ltr'><strong>texit</strong></span> <span class='ocrx_word' id='word_1_674' title='bbox 3050 3336 3063 3373; x_wconf 91' lang='lat'>:</span> <span class='ocrx_word' id='word_1_675' title='bbox 3092 3321 3191 3387; x_wconf 83' lang='lat' dir='ltr'><strong>sed</strong></span> <span class='ocrx_word' id='word_1_676' title='bbox 3224 3317 3452 3374; x_wconf 89' lang='lat' dir='ltr'><strong>nullum</strong></span> <span class='ocrx_word' id='word_1_677' title='bbox 3496 3333 3697 3373; x_wconf 89' lang='lat' dir='ltr'><strong>eorum</strong></span> 
     </span>
    </p>
   </div>
   <div class='ocr_carea' id='block_1_94' title="bbox 1994 3407 3699 3485">
    <p class='ocr_par' dir='ltr' id='par_1_94' title="bbox 1994 3407 3699 3485">
     <span class='ocr_line' id='line_1_94' title="bbox 1994 3407 3699 3485; baseline -0.008 -12"><span class='ocrx_word' id='word_1_678' title='bbox 1994 3468 1999 3473; x_wconf 90' lang='lat'><strong>.</strong></span> <span class='ocrx_word' id='word_1_679' title='bbox 2056 3414 2363 3485; x_wconf 86' lang='lat' dir='ltr'><strong>quisquam</strong></span> <span class='ocrx_word' id='word_1_680' title='bbox 2388 3413 2577 3468; x_wconf 72' lang='lat' dir='ltr'><strong>acoalo</strong></span> <span class='ocrx_word' id='word_1_681' title='bbox 2591 3416 2648 3467; x_wconf 89' lang='lat' dir='ltr'><strong>et</strong></span> <span class='ocrx_word' id='word_1_682' title='bbox 2665 3420 2813 3468; x_wconf 88' lang='lat' dir='ltr'><strong>terra</strong></span> <span class='ocrx_word' id='word_1_683' title='bbox 2839 3410 3147 3484; x_wconf 81' lang='lat' dir='ltr'><strong>separavit,</strong></span> <span class='ocrx_word' id='word_1_684' title='bbox 3178 3425 3350 3482; x_wconf 87' lang='lat' dir='ltr'><strong>quam</strong></span> <span class='ocrx_word' id='word_1_685' title='bbox 3384 3413 3562 3464; x_wconf 90' lang='lat' dir='ltr'><strong>totam</strong></span> <span class='ocrx_word' id='word_1_686' title='bbox 3588 3407 3699 3461; x_wconf 89' lang='lat' dir='ltr'><strong>im-</strong></span> 
     </span>
    </p>
   </div>
   <div class='ocr_carea' id='block_1_95' title="bbox 2057 3497 3696 3575">
    <p class='ocr_par' dir='ltr' id='par_1_95' title="bbox 2057 3497 3696 3575">
     <span class='ocr_line' id='line_1_95' title="bbox 2057 3497 3696 3575; baseline -0.005 -16"><span class='ocrx_word' id='word_1_687' title='bbox 2057 3504 2172 3575; x_wconf 84' lang='lat' dir='ltr'><strong>plet</strong></span> <span class='ocrx_word' id='word_1_688' title='bbox 2204 3499 2509 3575; x_wconf 62' lang='lat' dir='ltr'><strong>praesentia</strong></span> <span class='ocrx_word' id='word_1_689' title='bbox 2538 3502 2651 3571; x_wconf 90' lang='lat' dir='ltr'><strong>sui,</strong></span> <span class='ocrx_word' id='word_1_690' title='bbox 2683 3500 2782 3571; x_wconf 89' lang='lat' dir='ltr'><strong>qui</strong></span> <span class='ocrx_word' id='word_1_691' title='bbox 2816 3501 2976 3556; x_wconf 90' lang='lat' dir='ltr'><strong>novit</strong></span> <span class='ocrx_word' id='word_1_692' title='bbox 3007 3500 3158 3554; x_wconf 93' lang='lat' dir='ltr'><strong>unde</strong></span> <span class='ocrx_word' id='word_1_693' title='bbox 3214 3499 3515 3553; x_wconf 78' lang='lat' dir='ltr'><strong>resuscitat</strong></span> <span class='ocrx_word' id='word_1_694' title='bbox 3543 3497 3696 3568; x_wconf 79' lang='lat' dir='ltr'><strong>quod</strong></span> 
     </span>
    </p>
   </div>
   <div class='ocr_carea' id='block_1_96' title="bbox 2056 3588 3698 3660">
    <p class='ocr_par' dir='ltr' id='par_1_96' title="bbox 2056 3588 3698 3660">
     <span class='ocr_line' id='line_1_96' title="bbox 2056 3588 3698 3660; baseline -0.004 -14"><span class='ocrx_word' id='word_1_695' title='bbox 2056 3591 2289 3647; x_wconf 85' lang='lat' dir='ltr'><strong>creavit.</strong></span> <span class='ocrx_word' id='word_1_696' title='bbox 2310 3590 2534 3646; x_wconf 88' lang='lat' dir='ltr'><strong>Dicitur</strong></span> <span class='ocrx_word' id='word_1_697' title='bbox 2554 3589 2784 3660; x_wconf 84' lang='lat' dir='ltr'><strong>quidem</strong></span> <span class='ocrx_word' id='word_1_698' title='bbox 2808 3589 2865 3643; x_wconf 91' lang='lat' dir='ltr'><strong>in</strong></span> <span class='ocrx_word' id='word_1_699' title='bbox 2890 3588 3116 3644; x_wconf 87' lang='lat' dir='ltr'><strong>Psalmo</strong></span> <span class='ocrx_word' id='word_1_700' title='bbox 3132 3629 3143 3654; x_wconf 91' lang='lat'><strong>,</strong></span> <span class='ocrx_word' id='word_1_701' title='bbox 3161 3591 3469 3642; x_wconf 82' lang='lat' dir='ltr'><strong>Posuerunt</strong></span> <span class='ocrx_word' id='word_1_702' title='bbox 3498 3590 3698 3640; x_wconf 81' lang='lat' dir='ltr'><strong>morta-</strong></span> 
     </span>
    </p>
   </div>
   <div class='ocr_carea' id='block_1_97' title="bbox 2056 3675 3697 3742">
    <p class='ocr_par' dir='ltr' id='par_1_97' title="bbox 2056 3675 3697 3742">
     <span class='ocr_line' id='line_1_97' title="bbox 2056 3675 3697 3742; baseline -0.005 -7"><span class='ocrx_word' id='word_1_703' title='bbox 2056 3680 2135 3736; x_wconf 89' lang='lat' dir='ltr'><strong>lia</strong></span> <span class='ocrx_word' id='word_1_704' title='bbox 2162 3694 2441 3734; x_wconf 88' lang='lat' dir='ltr'><strong>servorum</strong></span> <span class='ocrx_word' id='word_1_705' title='bbox 2492 3680 2718 3731; x_wconf 85' lang='lat' dir='ltr'><strong>tuorum</strong></span> <span class='ocrx_word' id='word_1_706' title='bbox 2773 3693 2923 3732; x_wconf 85' lang='lat' dir='ltr'><strong>escas</strong></span> <span class='ocrx_word' id='word_1_707' title='bbox 2963 3675 3278 3733; x_wconf 79' lang='lat' dir='ltr'><strong>volatilibus</strong></span> <span class='ocrx_word' id='word_1_708' title='bbox 3305 3676 3444 3742; x_wconf 78' lang='lat' dir='ltr'><strong>caeli,</strong></span> <span class='ocrx_word' id='word_1_709' title='bbox 3502 3689 3697 3729; x_wconf 82' lang='lat' dir='ltr'><strong>carnes</strong></span> 
     </span>
    </p>
   </div>
   <div class='ocr_carea' id='block_1_98' title="bbox 2055 3761 3698 3836">
    <p class='ocr_par' dir='ltr' id='par_1_98' title="bbox 2055 3761 3698 3836">
     <span class='ocr_line' id='line_1_98' title="bbox 2055 3761 3698 3836; baseline -0.007 -10"><span class='ocrx_word' id='word_1_710' title='bbox 2055 3775 2366 3827; x_wconf 85' lang='lat' dir='ltr'><strong>sanctorum</strong></span> <span class='ocrx_word' id='word_1_711' title='bbox 2389 3774 2610 3822; x_wconf 82' lang='lat' dir='ltr'><strong>tuorum</strong></span> <span class='ocrx_word' id='word_1_712' title='bbox 2624 3766 2815 3822; x_wconf 82' lang='lat' dir='ltr'><strong>bestiis</strong></span> <span class='ocrx_word' id='word_1_713' title='bbox 2832 3768 2997 3821; x_wconf 59' lang='lat' dir='ltr'><strong>terrm</strong></span> <span class='ocrx_word' id='word_1_714' title='bbox 3010 3781 3028 3817; x_wconf 87' lang='lat'><em>:</em></span> <span class='ocrx_word' id='word_1_715' title='bbox 3043 3763 3350 3836; x_wconf 80' lang='lat' dir='ltr'><strong>eﬂuderunt</strong></span> <span class='ocrx_word' id='word_1_716' title='bbox 3370 3761 3698 3831; x_wconf 85' lang='lat' dir='ltr'><strong>sanguinem</strong></span> 
     </span>
    </p>
   </div>
   <div class='ocr_carea' id='block_1_99' title="bbox 2055 3852 3701 3926">
    <p class='ocr_par' dir='ltr' id='par_1_99' title="bbox 2055 3852 3701 3926">
     <span class='ocr_line' id='line_1_99' title="bbox 2055 3852 3701 3926; baseline -0.007 -11"><span class='ocrx_word' id='word_1_717' title='bbox 2055 3874 2265 3922; x_wconf 81' lang='lat' dir='ltr'><strong>eorum,</strong></span> <span class='ocrx_word' id='word_1_718' title='bbox 2297 3857 2437 3911; x_wconf 83' lang='lat' dir='ltr'><strong>sicut</strong></span> <span class='ocrx_word' id='word_1_719' title='bbox 2457 3872 2659 3926; x_wconf 87' lang='lat' dir='ltr'><strong>aquam</strong></span> <span class='ocrx_word' id='word_1_720' title='bbox 2688 3853 2744 3909; x_wconf 85' lang='lat' dir='ltr'><strong>in</strong></span> <span class='ocrx_word' id='word_1_721' title='bbox 2760 3855 2998 3909; x_wconf 80' lang='lat' dir='ltr'><strong>circuitu</strong></span> <span class='ocrx_word' id='word_1_722' title='bbox 3024 3852 3347 3920; x_wconf 73' lang='lat' dir='ltr'><strong>Jerusalem,</strong></span> <span class='ocrx_word' id='word_1_723' title='bbox 3380 3855 3431 3907; x_wconf 82' lang='lat' dir='ltr'><strong>et</strong></span> <span class='ocrx_word' id='word_1_724' title='bbox 3460 3866 3564 3906; x_wconf 84' lang='lat' dir='ltr'><strong>non</strong></span> <span class='ocrx_word' id='word_1_725' title='bbox 3583 3858 3701 3905; x_wconf 85' lang='lat' dir='ltr'><strong>erat</strong></span> 
     </span>
    </p>
   </div>
   <div class='ocr_carea' id='block_1_100' title="bbox 2058 3940 3697 4022">
    <p class='ocr_par' dir='ltr' id='par_1_100' title="bbox 2058 3940 3697 4022">
     <span class='ocr_line' id='line_1_100' title="bbox 2058 3940 3697 4022; baseline -0.008 -17"><span class='ocrx_word' id='word_1_726' title='bbox 2058 3951 2152 4022; x_wconf 86' lang='lat' dir='ltr'><strong>qui</strong></span> <span class='ocrx_word' id='word_1_727' title='bbox 2180 3947 2435 4019; x_wconf 81' lang='lat' dir='ltr'><strong>sepeliret</strong></span> <span class='ocrx_word' id='word_1_728' title='bbox 2465 3946 2637 4018; x_wconf 85' lang='lat' dir='ltr'><strong>(Psal.</strong></span> <span class='ocrx_word' id='word_1_729' title='bbox 2674 3961 2902 4011; x_wconf 80' lang='lat' dir='ltr'><strong>Lxxvm,</strong></span> <span class='ocrx_word' id='word_1_730' title='bbox 2927 3945 2982 4007; x_wconf 85' lang='lat'><strong>2,</strong></span> <span class='ocrx_word' id='word_1_731' title='bbox 3014 3943 3070 4013; x_wconf 91' lang='lat'>3)</span> <span class='ocrx_word' id='word_1_732' title='bbox 3107 3960 3118 3996; x_wconf 94' lang='lat'>:</span> <span class='ocrx_word' id='word_1_733' title='bbox 3146 3942 3246 3997; x_wconf 87' lang='lat' dir='ltr'><strong>sed</strong></span> <span class='ocrx_word' id='word_1_734' title='bbox 3287 3941 3471 4012; x_wconf 81' lang='lat' dir='ltr'><strong>magis</strong></span> <span class='ocrx_word' id='word_1_735' title='bbox 3505 3940 3574 3995; x_wconf 90' lang='lat' dir='ltr'><strong>ad</strong></span> <span class='ocrx_word' id='word_1_736' title='bbox 3599 3955 3697 3993; x_wconf 87' lang='lat' dir='ltr'><strong>ex-</strong></span> 
     </span>
    </p>
   </div>
   <div class='ocr_carea' id='block_1_101' title="bbox 2057 4030 3698 4111">
    <p class='ocr_par' dir='ltr' id='par_1_101' title="bbox 2057 4030 3698 4111">
     <span class='ocr_line' id='line_1_101' title="bbox 2057 4030 3698 4111; baseline -0.007 -17"><span class='ocrx_word' id='word_1_737' title='bbox 2057 4037 2442 4111; x_wconf 82' lang='lat' dir='ltr'><strong>aggerandam</strong></span> <span class='ocrx_word' id='word_1_738' title='bbox 2477 4035 2877 4091; x_wconf 86' lang='lat' dir='ltr'><strong>crudelitatem</strong></span> <span class='ocrx_word' id='word_1_739' title='bbox 2920 4049 3119 4088; x_wconf 91' lang='lat' dir='ltr'><strong>eorum</strong></span> <span class='ocrx_word' id='word_1_740' title='bbox 3154 4030 3253 4102; x_wconf 91' lang='lat' dir='ltr'><strong>qui</strong></span> <span class='ocrx_word' id='word_1_741' title='bbox 3283 4032 3395 4087; x_wconf 91' lang='lat' dir='ltr'><strong>ista</strong></span> <span class='ocrx_word' id='word_1_742' title='bbox 3419 4030 3698 4095; x_wconf 86' lang='lat' dir='ltr'><strong>fecerunt,</strong></span> 
     </span>
    </p>
   </div>
   <div class='ocr_carea' id='block_1_102' title="bbox 2058 4120 3696 4194">
    <p class='ocr_par' dir='ltr' id='par_1_102' title="bbox 2058 4120 3696 4194">
     <span class='ocr_line' id='line_1_102' title="bbox 2058 4120 3696 4194; baseline -0.007 -10"><span class='ocrx_word' id='word_1_743' title='bbox 2058 4144 2172 4184; x_wconf 88' lang='lat' dir='ltr'><strong>non</strong></span> <span class='ocrx_word' id='word_1_744' title='bbox 2207 4127 2277 4182; x_wconf 88' lang='lat' dir='ltr'><strong>ad</strong></span> <span class='ocrx_word' id='word_1_745' title='bbox 2301 4142 2499 4183; x_wconf 89' lang='lat' dir='ltr'><strong>eorum</strong></span> <span class='ocrx_word' id='word_1_746' title='bbox 2533 4123 2932 4180; x_wconf 87' lang='lat' dir='ltr'><strong>infelicitatem</strong></span> <span class='ocrx_word' id='word_1_747' title='bbox 2966 4123 3065 4194; x_wconf 92' lang='lat' dir='ltr'><strong>qui</strong></span> <span class='ocrx_word' id='word_1_748' title='bbox 3098 4122 3211 4177; x_wconf 87' lang='lat' dir='ltr'><strong>ista</strong></span> <span class='ocrx_word' id='word_1_749' title='bbox 3260 4120 3519 4192; x_wconf 90' lang='lat' dir='ltr'><strong>perpessi</strong></span> <span class='ocrx_word' id='word_1_750' title='bbox 3541 4122 3696 4175; x_wconf 88' lang='lat' dir='ltr'><strong>sunt.</strong></span> 
     </span>
    </p>
   </div>
   <div class='ocr_carea' id='block_1_103' title="bbox 2062 4208 3703 4284">
    <p class='ocr_par' dir='ltr' id='par_1_103' title="bbox 2062 4208 3703 4284">
     <span class='ocr_line' id='line_1_103' title="bbox 2062 4208 3703 4284; baseline -0.005 -12"><span class='ocrx_word' id='word_1_751' title='bbox 2062 4215 2335 4284; x_wconf 87' lang='lat' dir='ltr'><strong>Quamvis</strong></span> <span class='ocrx_word' id='word_1_752' title='bbox 2367 4215 2519 4270; x_wconf 88' lang='lat' dir='ltr'><strong>enim</strong></span> <span class='ocrx_word' id='word_1_753' title='bbox 2558 4214 2679 4269; x_wconf 80' lang='lat' dir='ltr'><strong>haec</strong></span> <span class='ocrx_word' id='word_1_754' title='bbox 2711 4213 2769 4268; x_wconf 92' lang='lat' dir='ltr'><strong>in</strong></span> <span class='ocrx_word' id='word_1_755' title='bbox 2793 4216 3103 4284; x_wconf 90' lang='lat' dir='ltr'><strong>conspectu</strong></span> <span class='ocrx_word' id='word_1_756' title='bbox 3138 4211 3438 4268; x_wconf 90' lang='lat' dir='ltr'><strong>hominum</strong></span> <span class='ocrx_word' id='word_1_757' title='bbox 3471 4208 3618 4264; x_wconf 89' lang='lat' dir='ltr'><strong>dura</strong></span> <span class='ocrx_word' id='word_1_758' title='bbox 3645 4212 3703 4263; x_wconf 88' lang='lat' dir='ltr'><strong>et</strong></span> 
     </span>
    </p>
   </div>
   <div class='ocr_carea' id='block_1_104' title="bbox 2063 4299 3700 4374">
    <p class='ocr_par' dir='ltr' id='par_1_104' title="bbox 2063 4299 3700 4374">
     <span class='ocr_line' id='line_1_104' title="bbox 2063 4299 3700 4374; baseline -0.005 -14"><span class='ocrx_word' id='word_1_759' title='bbox 2063 4305 2190 4360; x_wconf 90' lang='lat' dir='ltr'><strong>dira</strong></span> <span class='ocrx_word' id='word_1_760' title='bbox 2204 4305 2536 4372; x_wconf 86' lang='lat' dir='ltr'><strong>videantur;</strong></span> <span class='ocrx_word' id='word_1_761' title='bbox 2560 4302 2650 4358; x_wconf 87' lang='lat' dir='ltr'><strong>sed</strong></span> <span class='ocrx_word' id='word_1_762' title='bbox 2668 4300 2913 4374; x_wconf 80' lang='lat' dir='ltr'><strong>pretiosa</strong></span> <span class='ocrx_word' id='word_1_763' title='bbox 2934 4303 2993 4356; x_wconf 87' lang='lat' dir='ltr'><strong>in</strong></span> <span class='ocrx_word' id='word_1_764' title='bbox 3013 4306 3300 4371; x_wconf 84' lang='lat' dir='ltr'><strong>conspectu</strong></span> <span class='ocrx_word' id='word_1_765' title='bbox 3322 4299 3541 4355; x_wconf 86' lang='lat' dir='ltr'><strong>Domini</strong></span> <span class='ocrx_word' id='word_1_766' title='bbox 3552 4312 3700 4352; x_wconf 86' lang='lat' dir='ltr'><strong>mors</strong></span> 
     </span>
    </p>
   </div>
   <div class='ocr_carea' id='block_1_105' title="bbox 2060 4387 3700 4465">
    <p class='ocr_par' dir='ltr' id='par_1_105' title="bbox 2060 4387 3700 4465">
     <span class='ocr_line' id='line_1_105' title="bbox 2060 4387 3700 4465; baseline -0.004 -16"><span class='ocrx_word' id='word_1_767' title='bbox 2060 4402 2373 4450; x_wconf 79' lang='lat' dir='ltr'><strong>sanctorum</strong></span> <span class='ocrx_word' id='word_1_768' title='bbox 2403 4394 2516 4465; x_wconf 84' lang='lat' dir='ltr'><strong>ejus</strong></span> <span class='ocrx_word' id='word_1_769' title='bbox 2548 4391 2719 4462; x_wconf 84' lang='lat' dir='ltr'><strong>(Psal.</strong></span> <span class='ocrx_word' id='word_1_770' title='bbox 2753 4408 2879 4462; x_wconf 83' lang='lat' dir='ltr'><strong>cxv,</strong></span> <span class='ocrx_word' id='word_1_771' title='bbox 2907 4391 3013 4463; x_wconf 75' lang='lat'><strong>15).</strong></span> <span class='ocrx_word' id='word_1_772' title='bbox 3048 4390 3296 4446; x_wconf 90' lang='lat' dir='ltr'><strong>Proinde</strong></span> <span class='ocrx_word' id='word_1_773' title='bbox 3347 4389 3541 4444; x_wconf 81' lang='lat' dir='ltr'><strong>omnia</strong></span> <span class='ocrx_word' id='word_1_774' title='bbox 3570 4387 3700 4455; x_wconf 87' lang='lat' dir='ltr'><strong>ista’,</strong></span> 
     </span>
    </p>
   </div>
   <div class='ocr_carea' id='block_1_106' title="bbox 2062 4478 3707 4553">
    <p class='ocr_par' dir='ltr' id='par_1_106' title="bbox 2062 4478 3707 4553">
     <span class='ocr_line' id='line_1_106' title="bbox 2062 4478 3707 4553; baseline -0.005 -14"><span class='ocrx_word' id='word_1_775' title='bbox 2062 4483 2118 4539; x_wconf 92' lang='lat' dir='ltr'><strong>id</strong></span> <span class='ocrx_word' id='word_1_776' title='bbox 2153 4487 2263 4553; x_wconf 87' lang='lat' dir='ltr'><strong>est,</strong></span> <span class='ocrx_word' id='word_1_777' title='bbox 2304 4482 2526 4538; x_wconf 88' lang='lat' dir='ltr'><strong>curatio</strong></span> <span class='ocrx_word' id='word_1_778' title='bbox 2556 4481 2798 4549; x_wconf 88' lang='lat' dir='ltr'><strong>funeris,</strong></span> <span class='ocrx_word' id='word_1_779' title='bbox 2841 4478 3458 4552; x_wconf 75' lang='lat' dir='ltr'><strong>conditio&#39;sepulturze,</strong></span> <span class='ocrx_word' id='word_1_780' title='bbox 3495 4493 3707 4551; x_wconf 86' lang='lat' dir='ltr'><strong>pompa</strong></span> 
     </span>
    </p>
   </div>
   <div class='ocr_carea' id='block_1_107' title="bbox 2063 4567 3705 4643">
    <p class='ocr_par' dir='ltr' id='par_1_107' title="bbox 2063 4567 3705 4643">
     <span class='ocr_line' id='line_1_107' title="bbox 2063 4567 3705 4643; baseline -0.004 -15"><span class='ocrx_word' id='word_1_781' title='bbox 2063 4573 2471 4643; x_wconf 86' lang='lat' dir='ltr'><strong>exsequiarum</strong></span> <span class='ocrx_word' id='word_1_782' title='bbox 2508 4574 2522 4607; x_wconf 87' lang='grc'>¹</span> <span class='ocrx_word' id='word_1_783' title='bbox 2584 4570 2773 4642; x_wconf 84' lang='lat' dir='ltr'><strong>magis</strong></span> <span class='ocrx_word' id='word_1_784' title='bbox 2821 4577 2957 4625; x_wconf 88' lang='lat' dir='ltr'><strong>sunt</strong></span> <span class='ocrx_word' id='word_1_785' title='bbox 2987 4569 3239 4626; x_wconf 90' lang='lat' dir='ltr'><strong>vivorum</strong></span> <span class='ocrx_word' id='word_1_786' title='bbox 3270 4567 3497 4634; x_wconf 88' lang='lat' dir='ltr'><strong>solatia,</strong></span> <span class='ocrx_word' id='word_1_787' title='bbox 3532 4582 3705 4637; x_wconf 91' lang='lat' dir='ltr'><strong>quam</strong></span> 
     </span>
    </p>
   </div>
   <div class='ocr_carea' id='block_1_108' title="bbox 2063 4655 3710 4731">
    <p class='ocr_par' dir='ltr' id='par_1_108' title="bbox 2063 4655 3710 4731">
     <span class='ocr_line' id='line_1_108' title="bbox 2063 4655 3710 4731; baseline -0.004 -14"><span class='ocrx_word' id='word_1_788' title='bbox 2063 4661 2327 4718; x_wconf 90' lang='lat' dir='ltr'><strong>subsidia</strong></span> <span class='ocrx_word' id='word_1_789' title='bbox 2347 4659 2800 4717; x_wconf 87' lang='lat' dir='ltr'><strong>mortuorum.Si</strong></span> <span class='ocrx_word' id='word_1_790' title='bbox 2819 4658 3033 4729; x_wconf 87' lang='lat' dir='ltr'><strong>aliquid</strong></span> <span class='ocrx_word' id='word_1_791' title='bbox 3059 4660 3294 4731; x_wconf 88' lang='lat' dir='ltr'><strong>prodest</strong></span> <span class='ocrx_word' id='word_1_792' title='bbox 3313 4657 3494 4728; x_wconf 91' lang='lat' dir='ltr'><strong>impio</strong></span> <span class='ocrx_word' id='word_1_793' title='bbox 3516 4655 3710 4727; x_wconf 85' lang='lat' dir='ltr'><strong>sepul-</strong></span> 
     </span>
    </p>
   </div>
   <div class='ocr_carea' id='block_1_109' title="bbox 2064 4745 3708 4824">
    <p class='ocr_par' dir='ltr' id='par_1_109' title="bbox 2064 4745 3708 4824">
     <span class='ocr_line' id='line_1_109' title="bbox 2064 4745 3708 4824; baseline -0.005 -17"><span class='ocrx_word' id='word_1_794' title='bbox 2064 4755 2194 4807; x_wconf 89' lang='lat' dir='ltr'><strong>tura</strong></span> <span class='ocrx_word' id='word_1_795' title='bbox 2220 4750 2491 4824; x_wconf 89' lang='lat' dir='ltr'><strong>pretiosa,</strong></span> <span class='ocrx_word' id='word_1_796' title='bbox 2525 4750 2709 4806; x_wconf 88' lang='lat' dir='ltr'><strong>oberit</strong></span> <span class='ocrx_word' id='word_1_797' title='bbox 2748 4749 2842 4820; x_wconf 88' lang='lat' dir='ltr'><strong>pio</strong></span> <span class='ocrx_word' id='word_1_798' title='bbox 2872 4748 3004 4803; x_wconf 89' lang='lat' dir='ltr'><strong>vilis</strong></span> <span class='ocrx_word' id='word_1_799' title='bbox 3035 4752 3135 4803; x_wconf 90' lang='lat' dir='ltr'><strong>aut</strong></span> <span class='ocrx_word' id='word_1_800' title='bbox 3181 4746 3363 4802; x_wconf 90' lang='lat' dir='ltr'><strong>nulla.</strong></span> <span class='ocrx_word' id='word_1_801' title='bbox 3396 4745 3708 4802; x_wconf 71' lang='lat' dir='ltr'><strong>Praeclarus</strong></span> 
     </span>
    </p>
   </div>
   <div class='ocr_carea' id='block_1_110' title="bbox 2063 4834 3707 4911">
    <p class='ocr_par' dir='ltr' id='par_1_110' title="bbox 2063 4834 3707 4911">
     <span class='ocr_line' id='line_1_110' title="bbox 2063 4834 3707 4911; baseline -0.005 -14"><span class='ocrx_word' id='word_1_802' title='bbox 2063 4839 2438 4911; x_wconf 86' lang='lat' dir='ltr'><strong>exsequiasin</strong></span> <span class='ocrx_word' id='word_1_803' title='bbox 2453 4842 2766 4910; x_wconf 91' lang='lat' dir='ltr'><strong>conspectu</strong></span> <span class='ocrx_word' id='word_1_804' title='bbox 2783 4836 3082 4893; x_wconf 91' lang='lat' dir='ltr'><strong>hominum</strong></span> <span class='ocrx_word' id='word_1_805' title='bbox 3106 4834 3369 4893; x_wconf 86' lang='lat' dir='ltr'><strong>exhibuit</strong></span> <span class='ocrx_word' id='word_1_806' title='bbox 3391 4841 3707 4906; x_wconf 89' lang='lat' dir='ltr'><strong>purpurato</strong></span> 
     </span>
    </p>
   </div>
   <div class='ocr_carea' id='block_1_111' title="bbox 2065 4923 3706 4989">
    <p class='ocr_par' dir='ltr' id='par_1_111' title="bbox 2065 4923 3706 4989">
     <span class='ocr_line' id='line_1_111' title="bbox 2065 4923 3706 4989; baseline -0.006 -4"><span class='ocrx_word' id='word_1_807' title='bbox 2065 4928 2148 4986; x_wconf 90' lang='lat' dir='ltr'><strong>illi</strong></span> <span class='ocrx_word' id='word_1_808' title='bbox 2179 4928 2339 4986; x_wconf 87' lang='lat' dir='ltr'><strong>diviti</strong></span> <span class='ocrx_word' id='word_1_809' title='bbox 2371 4926 2965 4984; x_wconf 82' lang='lat' dir='ltr'><strong>turbafamulorum:</strong></span> <span class='ocrx_word' id='word_1_810' title='bbox 2999 4925 3101 4981; x_wconf 91' lang='lat' dir='ltr'><strong>sed</strong></span> <span class='ocrx_word' id='word_1_811' title='bbox 3135 4923 3318 4981; x_wconf 90' lang='lat' dir='ltr'><strong>multo</strong></span> <span class='ocrx_word' id='word_1_812' title='bbox 3349 4924 3626 4989; x_wconf 88' lang='lat' dir='ltr'><strong>clariores</strong></span> <span class='ocrx_word' id='word_1_813' title='bbox 3646 4923 3706 4976; x_wconf 90' lang='lat' dir='ltr'><strong>in</strong></span> 
     </span>
    </p>
   </div>
   <div class='ocr_carea' id='block_1_112' title="bbox 2063 5012 3705 5090">
    <p class='ocr_par' dir='ltr' id='par_1_112' title="bbox 2063 5012 3705 5090">
     <span class='ocr_line' id='line_1_112' title="bbox 2063 5012 3705 5090; baseline -0.008 -14"><span class='ocrx_word' id='word_1_814' title='bbox 2063 5025 2371 5090; x_wconf 88' lang='lat' dir='ltr'><strong>conspectu</strong></span> <span class='ocrx_word' id='word_1_815' title='bbox 2403 5014 2635 5073; x_wconf 87' lang='lat' dir='ltr'><strong>Domini</strong></span> <span class='ocrx_word' id='word_1_816' title='bbox 2670 5020 2936 5071; x_wconf 90' lang='lat' dir='ltr'><strong>ulceroso</strong></span> <span class='ocrx_word' id='word_1_817' title='bbox 2949 5013 3035 5070; x_wconf 90' lang='lat' dir='ltr'><strong>illi</strong></span> <span class='ocrx_word' id='word_1_818' title='bbox 3054 5014 3291 5087; x_wconf 82' lang='lat' dir='ltr'><strong>pauperi</strong></span> <span class='ocrx_word' id='word_1_819' title='bbox 3316 5012 3705 5070; x_wconf 83' lang='lat' dir='ltr'><strong>ministerium</strong></span> 
     </span>
    </p>
   </div>
   <div class='ocr_carea' id='block_1_113' title="bbox 2063 5102 3709 5188">
    <p class='ocr_par' dir='ltr' id='par_1_113' title="bbox 2063 5102 3709 5188">
     <span class='ocr_line' id='line_1_113' title="bbox 2063 5102 3709 5188; baseline -0.008 -24"><span class='ocrx_word' id='word_1_820' title='bbox 2063 5107 2311 5188; x_wconf 24' lang='lat' dir='ltr'><strong>prmbu‘it</strong></span> <span class='ocrx_word' id='word_1_821' title='bbox 2329 5105 2706 5180; x_wconf 87' lang='lat' dir='ltr'><strong>Angelorum,</strong></span> <span class='ocrx_word' id='word_1_822' title='bbox 2731 5104 2829 5176; x_wconf 90' lang='lat' dir='ltr'><strong>qui</strong></span> <span class='ocrx_word' id='word_1_823' title='bbox 2848 5120 2979 5161; x_wconf 88' lang='lat' dir='ltr'><strong>eum</strong></span> <span class='ocrx_word' id='word_1_824' title='bbox 3006 5119 3125 5161; x_wconf 89' lang='lat' dir='ltr'><strong>non</strong></span> <span class='ocrx_word' id='word_1_825' title='bbox 3143 5102 3536 5160; x_wconf 85' lang='lat' dir='ltr'><strong>extuleruntin</strong></span> <span class='ocrx_word' id='word_1_826' title='bbox 3561 5114 3709 5153; x_wconf 87' lang='lat' dir='ltr'><strong>mar-</strong></span> 
     </span>
    </p>
   </div>
   <div class='ocr_carea' id='block_1_114' title="bbox 2063 5191 3706 5273">
    <p class='ocr_par' dir='ltr' id='par_1_114' title="bbox 2063 5191 3706 5273">
     <span class='ocr_line' id='line_1_114' title="bbox 2063 5191 3706 5273; baseline -0.008 -17"><span class='ocrx_word' id='word_1_827' title='bbox 2063 5214 2326 5256; x_wconf 89' lang='lat' dir='ltr'><strong>moreum</strong></span> <span class='ocrx_word' id='word_1_828' title='bbox 2359 5196 2676 5264; x_wconf 88' lang='lat' dir='ltr'><strong>tumulum,</strong></span> <span class='ocrx_word' id='word_1_829' title='bbox 2702 5194 2804 5251; x_wconf 91' lang='lat' dir='ltr'><strong>sed</strong></span> <span class='ocrx_word' id='word_1_830' title='bbox 2837 5194 2897 5251; x_wconf 90' lang='lat' dir='ltr'><strong>in</strong></span> <span class='ocrx_word' id='word_1_831' title='bbox 2927 5194 3177 5250; x_wconf 78' lang='lat' dir='ltr'><strong>Abrahae</strong></span> <span class='ocrx_word' id='word_1_832' title='bbox 3200 5191 3489 5266; x_wconf 84' lang='lat' dir='ltr'><strong>gremium</strong></span> <span class='ocrx_word' id='word_1_833' title='bbox 3512 5194 3706 5273; x_wconf 82' lang='lat' dir='ltr'><strong>sustu-</strong></span> 
     </span>
    </p>
   </div>
   <div class='ocr_carea' id='block_1_115' title="bbox 2060 5287 2542 5345">
    <p class='ocr_par' dir='ltr' id='par_1_115' title="bbox 2060 5287 2542 5345">
     <span class='ocr_line' id='line_1_115' title="bbox 2060 5287 2542 5345; baseline -0.002 -1"><span class='ocrx_word' id='word_1_834' title='bbox 2060 5287 2277 5345; x_wconf 85' lang='lat' dir='ltr'><strong>lerunt.</strong></span> <span class='ocrx_word' id='word_1_835' title='bbox 2539 5288 2542 5292; x_wconf 80' lang='grc'><em>’</em></span> 
     </span>
    </p>
   </div>
   <div class='ocr_carea' id='block_1_116' title="bbox 2130 5369 3706 5447">
    <p class='ocr_par' dir='ltr' id='par_1_116' title="bbox 2130 5369 3706 5447">
     <span class='ocr_line' id='line_1_116' title="bbox 2130 5369 3706 5447; baseline -0.004 -15"><span class='ocrx_word' id='word_1_836' title='bbox 2130 5380 2184 5432; x_wconf 88' lang='lat'><strong>2.</strong></span> <span class='ocrx_word' id='word_1_837' title='bbox 2201 5374 2664 5443; x_wconf 70' lang='lat' dir='ltr'><strong>Ridenthascilli,</strong></span> <span class='ocrx_word' id='word_1_838' title='bbox 2689 5377 2891 5432; x_wconf 89' lang='lat' dir='ltr'><strong>contra</strong></span> <span class='ocrx_word' id='word_1_839' title='bbox 2912 5389 3060 5447; x_wconf 89' lang='lat' dir='ltr'><strong>quos</strong></span> <span class='ocrx_word' id='word_1_840' title='bbox 3073 5369 3491 5429; x_wconf 86' lang='lat' dir='ltr'><strong>defendendam</strong></span> <span class='ocrx_word' id='word_1_841' title='bbox 3516 5384 3706 5426; x_wconf 88' lang='lat' dir='ltr'><strong>susce-</strong></span> 
     </span>
    </p>
   </div>
   <div class='ocr_carea' id='block_1_117' title="bbox 2062 5458 3706 5539">
    <p class='ocr_par' dir='ltr' id='par_1_117' title="bbox 2062 5458 3706 5539">
     <span class='ocr_line' id='line_1_117' title="bbox 2062 5458 3706 5539; baseline -0.003 -16"><span class='ocrx_word' id='word_1_842' title='bbox 2062 5467 2258 5539; x_wconf 88' lang='lat' dir='ltr'><strong>pimus</strong></span> <span class='ocrx_word' id='word_1_843' title='bbox 2284 5465 2574 5522; x_wconf 88' lang='lat' dir='ltr'><strong>oivitatem</strong></span> <span class='ocrx_word' id='word_1_844' title='bbox 2596 5464 2719 5522; x_wconf 90' lang='lat' dir='ltr'><strong>Dei.</strong></span> <span class='ocrx_word' id='word_1_845' title='bbox 2738 5464 3149 5522; x_wconf 87' lang='lat' dir='ltr'><strong>Verumtamen</strong></span> <span class='ocrx_word' id='word_1_846' title='bbox 3183 5458 3493 5533; x_wconf 65' lang='lat' dir='ltr'><strong>sepulturae</strong></span> <span class='ocrx_word' id='word_1_847' title='bbox 3513 5476 3706 5518; x_wconf 87' lang='lat' dir='ltr'><strong>curam</strong></span> 
     </span>
    </p>
   </div>
   <div class='ocr_carea' id='block_1_118' title="bbox 2125 5673 3367 5740">
    <p class='ocr_par' dir='ltr' id='par_1_118' title="bbox 2125 5673 3367 5740">
     <span class='ocr_line' id='line_1_118' title="bbox 2125 5673 3367 5740; baseline 0.002 -13"><span class='ocrx_word' id='word_1_848' title='bbox 2125 5680 2140 5715; x_wconf 84' lang='grc'>¹</span> <span class='ocrx_word' id='word_1_849' title='bbox 2173 5677 2298 5728; x_wconf 80' lang='lat' dir='ltr'><strong>Sola</strong></span> <span class='ocrx_word' id='word_1_850' title='bbox 2325 5677 2487 5729; x_wconf 84' lang='lat' dir='ltr'><strong>editio</strong></span> <span class='ocrx_word' id='word_1_851' title='bbox 2517 5679 2661 5736; x_wconf 84' lang='lat' dir='ltr'><strong>Lov.,</strong></span> <span class='ocrx_word' id='word_1_852' title='bbox 2687 5692 2917 5740; x_wconf 81' lang='lat' dir='ltr'><strong>pompae</strong></span> <span class='ocrx_word' id='word_1_853' title='bbox 2948 5673 3367 5737; x_wconf 76' lang='lat' dir='ltr'><strong>exsequiarum.</strong></span> 
     </span>
    </p>
   </div>
  </div>
