4128 6190
402 375 478 437 27
1458 371 1562 432 DE
1601 367 1966 431 CIVITATE
2008 366 2160 440 DEI,
2203 367 2268 429 S.
2316 367 2744 430 AUGUSTINI
3727 365 3806 429 28

407 510 584 566 etiam
603 523 805 565 eorum
824 506 1160 579 philosophi
1178 509 1658 577 contempserunt
1681 506 1759 577 (a)
1789 521 1801 560 :
1825 510 1878 560 et
1905 519 2059 574 stepe

410 599 664 656 universi
699 598 1007 665 exercitus,
1027 597 1167 651 dum
1189 612 1291 667 pro
1303 600 1529 650 terrena
1549 597 1737 667 patria
1759 609 2058 650 moreren-

409 697 524 757 tur,
558 688 655 744 ubi
678 692 876 760 postea
899 688 1182 758 jacerent,
1205 683 1292 738 vel
1321 683 1532 756 quibus
1557 683 1761 740 bestiis
1792 701 1926 740 esca
1948 683 2055 739 tie-

411 785 556 848 rent,
590 795 708 834 non
739 784 1013 833 curarunt
1038 773 1350 846 :licuitque
1375 775 1447 829 de
1476 774 1580 830 hac
1603 789 1662 829 re
1687 775 1871 846 poetis
1894 773 2056 846 plau-

412 868 663 925 sibiliter
691 868 880 922 dicere
904 881 916 919 :

475 974 616 1023 leo
658 973 868 1034 tegitur.
904 971 997 1033 qui
1026 984 1134 1020 non
1167 971 1330 1020 habet
1365 983 1558 1020 urnam
1593 970 1688 1033 (b).

415 1065 635 1127 Quanto
670 1063 866 1116 minus
898 1062 1111 1117 debent
1142 1064 1211 1117 de
1243 1060 1581 1133 corporibus
1611 1059 1928 1132 insepultis
1964 1060 2059 1115 in-

413 1151 629 1207 sultare
655 1150 1026 1216 Christianis,
1047 1151 1263 1222 quibus
1293 1155 1350 1206 et
1375 1151 1560 1222 ipsius
1583 1149 1776 1205 carnis
1802 1157 1856 1204 et
1874 1165 2056 1206 mem-

412 1239 652 1295 brorum
684 1239 952 1295 omnium
975 1239 1306 1295 reformatio
1343 1255 1454 1294 non
1478 1239 1662 1294 solum
1695 1254 1762 1294 ex
1779 1243 1949 1307 terra,
1969 1255 2062 1294 ve-

414 1346 544 1384 rum
573 1329 746 1386 etiam
767 1345 833 1384 ex
865 1328 1110 1385 aliorum
1126 1327 1543 1384 elementorum
1569 1327 1958 1384 secretissimo
1981 1327 2058 1382 si-

414 1435 494 1474 nu
525 1435 640 1490 quo
673 1417 898 1490 dilapsa
947 1418 1228 1473 cadavera
1259 1421 1642 1486 recesserunt,
1683 1417 1740 1471 in
1782 1416 2060 1488 temporis

415 1511 632 1579 puncto
652 1507 940 1564 reddenda
958 1513 1013 1564 et
1030 1505 1472 1575 redintegranda
1491 1506 1850 1578 promittitur
1866 1508 1910 1574 (Ι
1935 1505 2057 1561 Cor.

413 1613 506 1661 xv,
537 1597 628 1666 5'2)
650 1597 679 1650 ?

485 1683 724 1741 CAPUT
762 1685 916 1741 XIII.
951 1716 1014 1728 —
1049 1685 1185 1754 Quae
1212 1686 1283 1740 sit
1322 1687 1462 1742 ratio
1490 1689 1806 1742 sanctorum
1834 1701 2061 1756 corpora

1079 1775 1393 1846 sepeliendi.

486 1867 601 1922 Nec
630 1866 758 1922 ideo
789 1868 987 1921 tamen
1019 1867 1434 1921 contemnenda
1481 1870 1538 1922 et
1567 1865 1893 1936 abjicienda
1923 1869 2063 1922 sunt

415 1971 658 2026 corpora
671 1953 1104 2019 defunctorum,
1119 1954 1790 2026 maximequejustorum
1807 1957 1980 2024 atque
2002 1951 2062 2006 ﬁ-

418 2041 656 2112 delium,
681 2043 895 2114 quibus
923 2046 1203 2114 tanquam
1231 2042 1465 2115 organis
1496 2048 1551 2098 et
1579 2043 1730 2098 vasis
1761 2043 1830 2097 ad
1866 2042 2065 2097 omnia

415 2131 572 2189 bona
599 2149 774 2204 opera
804 2137 1044 2188 sanctus
1069 2148 1210 2187 usus
1237 2136 1327 2186 est
1354 2131 1605 2202 Spiritus
1629 2132 1667 2187 ¹.
1689 2131 1747 2186 Si
1777 2131 1934 2187 enim
1959 2147 2063 2202 pa-

418 2227 582 2280 terna
611 2224 791 2279 vestis
823 2226 880 2277 et
909 2221 1182 2288 annulus,
1199 2237 1265 2277 ac
1283 2221 1332 2277 si
1354 2221 1493 2292 quid
1524 2221 1887 2292 hujusmodi,
1907 2225 2064 2276 tanto

421 2309 655 2367 charius
671 2312 760 2364 est
789 2307 1055 2380 posteris,
1083 2312 1302 2379 quanto
1323 2323 1461 2379 erga
1481 2313 1748 2379 parentes
1771 2308 1956 2378 major
1978 2305 2064 2361 af-

422 2400 635 2466 fectus;
654 2398 812 2453 nullo
828 2397 999 2453 modo
1012 2397 1137 2466 ipsa
1150 2397 1479 2469 spernenda
1499 2401 1637 2451 sunt
1658 2413 1918 2468 corpora,
1939 2411 2066 2466 quae

424 2489 628 2561 utique
659 2487 841 2544 multo
873 2487 1220 2543 familiarius
1252 2491 1427 2560 atque
1457 2487 1849 2559 conjunctius,
1887 2500 2066 2558 quam

421 2576 698 2650 quaelibet
729 2577 1091 2642 indumenta,
1122 2579 1444 2647 gestamus.
1479 2574 1608 2630 Haec
1639 2576 1794 2631 enim
1837 2592 1952 2630 non
1996 2575 2068 2630 ad

423 2670 839 2723 ornamentum
874 2663 956 2719 vel
974 2664 1508 2735 adjutorium,quod
1534 2664 1842 2720 adhibetur
1862 2665 2072 2720 extrin-

423 2772 616 2824 secus,
635 2756 732 2810 sed
750 2755 819 2809 ad
838 2754 1024 2825 ipsam
1050 2759 1319 2808 naturam
1337 2753 1592 2808 hominis
1618 2753 1930 2823 pertinent.
1955 2752 2068 2809 Un-

425 2846 495 2900 de
525 2848 582 2899 et
612 2844 985 2913 antiquorum
1014 2842 1308 2912 justorum
1343 2843 1547 2898 funera
1577 2843 1837 2898 officiosa
1860 2843 2072 2913 pietate

427 2936 629 2988 curata
649 2930 1180 3001 sunt,etexsequiae
1202 2930 1523 2998 celebratas,
1549 2935 1604 2986 et
1620 2931 1916 3002 sepultura
1939 2949 2074 3004 pro-

427 3022 553 3077 visa
577 3019 730 3092 (Gen.
773 3036 902 3091 xxv,
933 3021 968 3074 9
1000 3037 1015 3090 ;
1047 3036 1212 3088 xxxv,
1239 3020 1310 3074 29
1343 3038 1358 3089 ;
1393 3037 1444 3088 L,
1466 3021 1624 3088 2-13,
1655 3020 1784 3091 etc.)
1809 3036 1820 3075 :
1847 3021 2074 3093 ipsique

429 3111 566 3166 dum
600 3110 873 3176 viverent,
908 3109 978 3164 de
1001 3108 1371 3182 sepeliendis,
1405 3108 1491 3165 vel
1519 3109 1694 3165 etiam
1718 3110 2074 3166 transferen-

429 3199 521 3256 dis
553 3199 675 3255 suis
722 3197 1066 3270 corporibus
1119 3197 1258 3254 flliis
1319 3200 1737 3255 mandaverunt
1770 3200 1870 3270 (Id.
1904 3217 2074 3264 xnvn,

427 3289 518 3356 29,
542 3287 610 3341 30
645 3312 658 3355 ;
694 3304 744 3354 ι,
774 3287 869 3359 24)
903 3302 915 3342 :
949 3291 1006 3342 et
1026 3285 1238 3342 Tobias
1263 3286 1595 3358 sepeliendo
1613 3291 1871 3343 mortuos
1894 3287 2075 3344 Deum

431 3376 845 3450 promeruisse,
868 3379 1015 3430 teste
1038 3374 1264 3446 angelo,
1299 3376 1604 3431 commend
1616 3377 1905 3445 aturlTob.
1932 3393 1994 3444 ιι,
2012 3378 2075 3444 9;

429 3483 532 3534 xu,
569 3466 677 3536 12).
708 3466 835 3537 Ipse
852 3480 1074 3537 quoque
1105 3463 1388 3520 Dominus
1410 3463 1503 3520 die
1525 3466 1696 3520 tertio
1720 3470 2080 3521 resurrectu-

431 3571 554 3621 rus,
576 3553 857 3626 religiosa:
883 3552 1147 3609 mulieris
1171 3553 1385 3609 bonum
1402 3571 1550 3624 opus
1566 3553 1858 3624 praedicat,
1880 3554 2082 3617 pradi-

434 3643 578 3699 cand
590 3658 806 3714 umque
818 3642 1209 3710 commendat,
1228 3645 1371 3714 quod
1389 3651 1748 3714 unguentum
1765 3643 2083 3716 pretiosum

432 3749 609 3806 super
629 3733 889 3789 membra
910 3734 1034 3805 ejus
1055 3732 1346 3805 effuderit,
1369 3739 1543 3808 atque
1557 3735 1664 3792 hoc
1683 3736 1748 3791 ad
1772 3752 1906 3792 eum
1929 3751 2086 3806 sepe-

434 3823 699 3879 liendum
737 3822 934 3878 fecerit
957 3823 1169 3894 (Matth.
1192 3839 1345 3890 xx",
1382 3823 1596 3895 10-13).
1622 3823 1688 3878 Et
1711 3822 2087 3879 laudabiliter

439 3917 975 3970 commemorantur
1012 3912 1072 3968 in
1113 3912 1426 3984 Evangelio
1475 3913 1575 3983 qui
1620 3930 1830 3984 corpus
1861 3914 1986 3983 ejus
2016 3913 2087 3967 de

442 4019 611 4058 cruce
625 4011 925 4073 acceptum
943 4001 1252 4072 diligenter
1268 4007 1443 4073 atque
1458 4001 1770 4057 honorifice
1783 4001 2090 4071 tegendum

444 4091 956 4163 sepeliendumque
985 4099 1255 4145 curarunt
1286 4093 1466 4153 (Joan.
1489 4106 1604 4156 xxx,
1637 4090 1852 4162 38-42).
1881 4091 2089 4145 Verum

444 4179 569 4235 istae
599 4179 975 4235 auctoritates
1005 4195 1118 4234 non
1145 4179 1253 4235 hoc
1271 4179 1648 4246 admonent’,
1674 4180 1982 4250 quodinsit
2000 4180 2094 4234 ul-

445 4267 540 4325 lus
571 4268 950 4324 cadaveribus
982 4283 1190 4325 sensus
1223 4288 1238 4337 ;
1280 4269 1380 4324 sed
1411 4268 1481 4324 ad
1517 4269 1616 4323 Dei
1649 4267 2090 4340 providentiam,

449 4359 538 4414 cui
570 4357 798 4429 placent
828 4359 1003 4413 etiam
1034 4357 1172 4413 talia
1204 4357 1434 4429 pietatis
1459 4357 1672 4427 ofﬁcia,
1695 4375 1932 4430 corpora
1953 4375 2092 4429 quo-

449 4463 561 4518 que
596 4451 956 4503 mortuorum
979 4447 1265 4519 pertinere
1287 4447 1641 4520 significant,
1663 4453 1898 4520 propter
1917 4447 2092 4503 fidem

449 4537 894 4593 resurrectionis
925 4537 1322 4593 astruendam.
1367 4536 1476 4592 Ubi
1508 4542 1566 4594 et
1595 4536 1742 4593 illud
1786 4535 2098 4594 salubriter

450 4625 720 4694 discitur,
755 4632 971 4696 quanta
1002 4625 1185 4694 possit
1213 4641 1341 4682 esse
1383 4625 1776 4682 remuneratio
1809 4642 1909 4695 pro
1941 4625 2098 4682 elee-

454 4713 732 4787 mosynis,
761 4731 906 4786 quas
925 4715 1251 4772 viventibus
1265 4720 1321 4772 et
1333 4716 1718 4772 sentientibus
1731 4717 2096 4785 exhibemus,

454 4805 504 4862 si
536 4820 727 4875 neque
756 4806 864 4861 hoc
893 4806 1040 4876 apud
1067 4804 1250 4861 Deum
1283 4805 1449 4878 perit,
1482 4807 1636 4877 quod
1667 4805 1952 4864 exanimis
1983 4805 2098 4861 ho-

452 4894 1124 4952 minummembrisofficii
1139 4895 1566 4968 diligentiaque
1578 4896 2102 4969 persolvitur.Sunt

519 5043 537 5104 t
569 5040 812 5104 Plerique
839 5041 892 5090 et
936 5040 1171 5090 melioris
1215 5043 1374 5092 notae
1420 5043 1565 5104 Mss,
1606 5051 1794 5093 sancte
1846 5059 1984 5092 usus
2024 5052 2103 5092 est

453 5103 691 5167 spiritus
711 5117 729 5150 :
757 5103 811 5170 id
840 5104 937 5162 est,
954 5104 1351 5170 ipsegjustorum
1371 5103 1582 5156 animus
1611 5110 1794 5157 sancto
1823 5120 2102 5170 corporum

455 5181 554 5217 usu
583 5179 744 5229 Opera
774 5167 917 5214 bona
942 5167 1125 5216 edidit.

517 5230 539 5264 ²
567 5230 780 5280 Veteres
808 5229 1032 5293 quidam,
1053 5230 1177 5279 libri
1203 5231 1398 5293 probae
1427 5234 1602 5288 notae,
1635 5247 1745 5281 non
1775 5233 1848 5281 ad
1877 5233 1974 5282 hoc
2001 5234 2104 5282 ad-

453 5301 699 5404 monitu.
731 5292 919 5404 d—lltlls.
949 5291 1059 5354 766,
1094 5291 1224 5341 ηοτῖ
1251 5295 1346 5344 hoc
1381 5294 1696 5355 admonent,
1729 5297 2104 5358 praetermissa

455 5370 587 5404 vocu
614 5370 662 5404 a.
693 5370 728 5403 a
775 5395 783 5403 .
869 5393 880 5402 .

455 5370 662 5410 νοουιει.
693 5370 783 5404 aa.
813 5370 880 5404 Μ.

517 5422 592 5476 (α)
623 5420 688 5468 Ut
717 5417 1244 5485 DiogeuesCynicus,
1270 5421 1632 5485 Anaxagoras,
1668 5422 1969 5471 Theodorus
1999 5423 2105 5485 Cy-

455 5493 698 5546 renaeus.
711 5484 764 5531 et
778 5481 1022 5546 alii.Vide
1039 5481 1481 5546 senecam,lib.de
1495 5485 1902 5546 Tranquillitate
1919 5481 2102 5545 animi,

455 5555 570 5608 cap.
588 5545 676 5608 lt.
703 5546 754 5592 et
774 5545 935 5608 Epist.
955 5543 1018 5592 92
1039 5557 1051 5601 ;
1075 5544 1373 5595 Ciceronem
1391 5547 1450 5594 iu
1468 5543 1874 5608 prima—Tusca].
1892 5543 2103 5606 Quaest.

451 5605 635 5671 lib._1,_
657 5619 766 5668 cap.
799 5605 860 5655 i2
887 5609 940 5656 et
973 5621 1117 5671 seqq.

516 5667 596 5744 (ὁ).
613 5667 872 5744 Lucanus.
907 5671 966 5718 in
987 5667 1099 5744 lib.—
1113 5670 1161 5726 7.
1179 5686 1229 5720 ν.
1251 5669 1371 5744 819ζ
1385 5673 1662 5744 depecisis
1695 5673 1997 5744 Pharsalica
2014 5685 2105 5744 pu-

449 5744 556 5794 gna
581 5731 823 5796 loquens,
855 5746 990 5796 quos
1017 5733 1206 5785 Caesar
1239 5731 1479 5786 comburi
1517 5737 1611 5786 aut
1637 5737 1851 5788 humari
1880 5731 2071 5788 vetuit.

2168 502 2405 574 quidem
2429 511 2482 558 et
2503 501 2634 569 alia,
2657 519 2780 572 quae
2806 503 2993 558 sancti
3014 503 3356 558 Patriarchaa
3378 504 3447 561 de
3470 504 3809 575 corporibus

2168 593 2288 647 suis
2316 590 2406 648 vel
2434 590 2752 647 condendis
2785 591 2868 646 vel
2893 591 3315 647 transferendis
3339 593 3672 664 prophetico
3695 592 3811 663 Spi-

2167 685 2282 740 ritu
2298 684 2450 740 dicta
2465 682 2705 752 intelligi
2721 684 3059 739 voluerunt:
3082 700 3190 738 non
3209 690 3399 739 autem
3417 684 3511 738 hic
3532 683 3812 749 locusest,

2168 780 2230 830 ut
2247 791 2308 831 ea
2329 778 2767 847 pertractemus,
2796 790 2927 830 cum
2951 774 3246 829 sufﬁciant
3266 773 3376 829 ista
3399 790 3528 845 qua:
3550 774 3812 829 diximus.

2167 865 2276 920 Sed
2311 865 2359 920 si
2391 881 2457 920 ea
2481 863 3023 934 quasustentandis
3041 863 3370 919 viventibus
3388 873 3525 919 sunt
3548 880 3818 919 necessa-

2168 953 2275 1021 ria,
2308 953 2460 1008 sicut
2485 953 2674 1008 victus
2705 957 2759 1008 et
2785 952 3060 1017 amictus,
3093 954 3360 1023 quamvis
3389 969 3516 1008 cum
3541 951 3698 1024 gravi
3728 953 3814 1006 af-

2169 1043 2420 1097 flictione
2443 1042 2657 1110 desint,
2675 1058 2786 1098 non
2815 1042 3096 1112 frangunt
3118 1041 3176 1096 in
3201 1041 3370 1098 bonis
3395 1041 3718 1112 perferendi
3739 1047 3816 1096 to-

2168 1131 2508 1202 lerandique
2538 1132 2832 1199 virtutem,
2857 1146 2962 1186 nec
2983 1131 3284 1186 eradicent
3316 1147 3384 1186 ex
3413 1131 3608 1185 animo
3631 1130 3811 1201 pieta-

2169 1226 2302 1284 tem,
2327 1221 2427 1276 sed
2459 1220 2830 1276 exercitatam
2862 1219 3084 1275 faciunt
3115 1219 3508 1275 fecundiorem
3547 1236 3559 1273 :
3594 1222 3812 1290 quanto

2169 1310 2375 1382 magis,
2399 1327 2531 1365 cum
2558 1310 2773 1365 desunt
2803 1326 2871 1366 ea
2891 1326 3021 1380 quas
3038 1309 3319 1364 curandis
3349 1307 3651 1363 funeribus
3675 1324 3816 1362 con-

2169 1400 2489 1470 dendisque
2518 1398 2861 1470 corporibus
2884 1400 3294 1454 defunctorum
3321 1396 3582 1452 adhiberi
3607 1395 3815 1462 solent,

2171 1507 2285 1546 non
2305 1491 2566 1546 efficiunt
2590 1490 2824 1544 miseros
2842 1489 2900 1543 in
2921 1488 3161 1545 occultis
3180 1489 3411 1560 piorum
3437 1485 3812 1556 sedibusjam

2170 1579 2396 1651 quietos
2416 1581 2444 1633 ?
2471 1581 2548 1634 Ac
2580 1595 2682 1650 per
2700 1578 2831 1645 hoc,
2866 1579 3096 1647 quando
3126 1577 3239 1632 ista
3259 1575 3815 1632 cadaveribustri-

2170 1669 2554 1725 stianorumin
2569 1667 2671 1722 illa
2689 1683 2906 1739 magna:
2925 1667 3195 1732 urbis,vel
3213 1665 3385 1722 etiam
3402 1665 3647 1720 aliorum
3664 1662 3820 1735 oppi-

2171 1758 2372 1813 dorum
2392 1757 2710 1813 vastatione
2733 1757 3044 1812 defuerunt
3069 1776 3083 1814 :
3105 1771 3209 1810 nec
3235 1755 3500 1810 vivorum
3524 1754 3692 1824 culpa
3711 1755 3818 1816 cst,

2172 1847 2272 1920 qui
2304 1864 2418 1903 non
2452 1851 2766 1918 potuerunt
2793 1847 2902 1902 ista
2925 1846 3199 1918 praabere,
3232 1861 3337 1900 nec
3370 1861 3536 1916 paena
3560 1850 3818 1898 mortuo-

2173 1953 2324 2005 rum,
2356 1937 2456 2008 qui
2489 1954 2603 1992 non
2633 1940 2878 2007 possunt
2898 1936 3010 1992 ista
3039 1936 3277 1991 sentire.

2173 2053 2402 2112 CAPUT
2441 2053 2594 2109 XIV.
2648 2084 2715 2095 ——
2755 2053 2825 2108 De
2870 2051 3189 2124 captivitate
3241 2054 3576 2117 sanctorum,
3627 2049 3822 2122 quibus

2459 2160 2745 2215 nunquam
2773 2143 2965 2199 divina
2987 2142 3187 2198 solatia
3214 2141 3532 2211 defuerunt.

2247 2254 2358 2309 Sed
2384 2251 2568 2318 multi,
2586 2251 2881 2323 inquiunt,
2897 2249 3396 2306 Christianietiam
3423 2247 3635 2318 captivi
3659 2247 3820 2302 ducti

2177 2347 2334 2398 sunt.
2361 2341 2475 2397 Hoc
2499 2357 2638 2397 sane
2657 2339 3048 2396 miserrimum
3063 2343 3170 2406 est,
3187 2338 3237 2393 si
3259 2337 3446 2407 aliquo
3461 2335 3593 2390 duci
3614 2341 3820 2407 potue-

2177 2432 2433 2500 runt,ubi
2452 2431 2630 2486 Deum
2643 2447 2750 2485 suu
2763 2447 2814 2484 m
2834 2446 2946 2484 non
2962 2427 3551 2485 invenerunt.Suntin
3565 2425 3826 2496 Scriptu-

2177 2521 2258 2576 ris
2277 2520 2494 2576 sanctis
2512 2519 2688 2590 hujus
2709 2519 2882 2575 etiam
2897 2517 3079 2573 cladis
3099 2533 3308 2586 magna
3325 2515 3551 2572 solatia.
3569 2515 3826 2570 Fuerunt

2179 2609 2237 2664 in
2266 2609 2596 2680 captivitate
2611 2614 2727 2663 tres
2757 2608 2943 2679 pueri,
2957 2607 3066 2662 fuit
3083 2607 3304 2671 Daniel,
3331 2603 3674 2660 fueruntalii
3691 2620 3824 2675 pro-

2179 2698 2366 2770 phetae
2401 2711 2412 2753 :
2449 2713 2552 2752 nec
2606 2697 2760 2752 Deus
2813 2697 2996 2752 defuit
3025 2693 3376 2752 consolator.
3422 2694 3516 2750 Sic
3547 2709 3678 2763 ergo
3709 2709 3825 2749 non

2180 2789 2431 2846 deseruit
2465 2789 2660 2846 fideles
2687 2806 2828 2845 suos
2879 2790 2985 2845 sub
3018 2787 3414 2844 dominatione
3444 2785 3659 2856 gentis,
3692 2784 3829 2841 licet

2182 2881 2464 2947 barbaras,
2498 2884 2693 2936 tamen
2717 2879 3008 2947 humanis,
3043 2879 3141 2951 qui
3165 2878 3500 2950 pr0phetam
3526 2893 3640 2930 non
3664 2876 3827 2931 dese-

2183 2971 2302 3025 ruit
2349 2986 2453 3025 nec
2484 2969 2543 3025 in
2575 2969 2896 3026 visceribus
2941 2967 3143 3024 belluas
3175 2969 3345 3034 (Jonas
3377 2971 3462 3032 ιι).
3514 2964 3642 3020 Haec
3674 2981 3826 3036 quo-

2185 3077 2295 3133 que
2313 3060 2421 3130 illi,
2445 3076 2578 3116 cum
2596 3061 2810 3133 quibus
2839 3059 3092 3131 agimus,
3127 3057 3354 3113 malunt
3375 3055 3635 3125 irridere,
3655 3070 3826 3125 quam

2185 3151 2420 3206 credere
2448 3168 2461 3206 :
2487 3151 2587 3222 qui
2617 3155 2807 3206 tamen
2833 3151 2890 3204 in
2915 3149 3034 3204 suis
3065 3148 3265 3203 litteris
3287 3147 3534 3202 credunt
3556 3144 3826 3200 Arionem

2187 3240 2664 3312 Methymnaeum,
2681 3237 3115 3295 nobilissimum
3132 3235 3516 3304 citharistam,
3531 3250 3662 3290 eum
3677 3238 3828 3289 esset

2187 3330 2443 3400 dejectus
2465 3343 2495 3383 e
2517 3329 2990 3399 navi,exceptum
3023 3326 3283 3398 delphini
3316 3325 3511 3393 dorso,
3543 3329 3600 3379 et
3627 3323 3694 3377 ad
3720 3327 3830 3378 ter-

2189 3436 2281 3476 ras
2295 3436 2421 3475 esse
2444 3404 2776 3490 pervectum
2791 3419 2888 3490 (a).
2907 3422 3120 3474 Verum
3139 3410 3284 3473 illud
3305 3424 3567 3472 nostrum
3593 3416 3662 3470 de
3681 3413 3831 3469 Jona

2193 3508 2470 3581 propheta
2499 3508 2900 3565 incredibilius
2929 3512 3030 3562 est.
3055 3507 3228 3562 Plane
3249 3503 3669 3572 incredibilius,
3693 3502 3832 3574 quia

2191 3598 2515 3655 mirabilius
2541 3615 2555 3656 :
2587 3606 2642 3654 et
2673 3595 3014 3662 mirabilius,
3048 3597 3188 3667 quia
3219 3595 3532 3667 potentius.

2192 3715 2424 3772 CAPUT
2445 3715 2555 3772 XV.
2589 3748 2656 3757 —
2688 3716 2761 3771 De
2782 3716 3004 3787 Regulo,
3029 3717 3086 3770 in
3103 3731 3207 3786 quo
3223 3714 3580 3787 captivitatis,
3605 3713 3672 3768 ob
3700 3711 3832 3767 reli-

2261 3808 2480 3877 gionem
2497 3807 2665 3861 etiam
2693 3813 2882 3878 sponte
2911 3805 3234 3870 tolerandae,
3265 3807 3451 3860 exstat
3479 3801 3828 3874 exemptum:

2266 3895 2406 3969 quod
2426 3901 2611 3952 tamen
2645 3897 2734 3951 illi
2762 3895 2885 3950 deos
2916 3893 3118 3950 colenti
3145 3894 3396 3966 prodesse
3426 3909 3528 3949 non
3563 3893 3762 3963 potuit.

2275 4007 2322 4057 1.
2343 4004 2566 4060 Habent
2587 4008 2777 4059 tamen
2793 4003 2890 4058 isti
2914 4002 2982 4058 de
2996 4002 3332 4075 captivitate
3357 3999 3652 4073 religionis
3666 4013 3844 4054 causa

2202 4094 2372 4150 etiam
2397 4099 2603 4166 sponte
2632 4093 2932 4149 toleranda
2954 4098 3010 4149 et
3039 4094 3096 4147 in
3125 4095 3250 4148 suis
3275 4091 3561 4163 praeclaris
3581 4089 3720 4145 viris
3743 4105 3847 4144 no-

2206 4183 2564 4238 bilissimum
2605 4181 2957 4254 exemplum.
2993 4185 3220 4236 Marcus
3281 4179 3517 4236 Attilius
3565 4177 3845 4248 Regulus,

2207 4274 2524 4345 imperator
2555 4271 2752 4345 populi
2785 4271 3056 4336 Romani,
3082 4270 3348 4342 captivus
3368 4269 3517 4340 apud
3542 4265 3851 4336 Carthagi-

2205 4379 2413 4419 nenses
2443 4361 2555 4417 fuit
2574 4362 2671 4433 (b).
2693 4360 2952 4424 Quicum
2969 4359 3082 4415 sibi
3106 4357 3348 4414 mallent
3369 4376 3401 4413 a
3421 4358 3700 4414 Romanis
3715 4371 3852 4412 suos

2205 4453 2392 4521 reddi,
2406 4467 2578 4524 quam
2594 4466 2794 4506 eorum
2811 4454 3008 4505 tenere
3022 4448 3299 4520 captivos,
3318 4448 3390 4502 ad
3415 4447 3521 4503 hoc
3534 4447 3609 4501 im
3621 4449 3850 4515 petran-

2208 4544 2346 4598 dum
2374 4543 2546 4597 etiam
2588 4539 2767 4595 istum
2801 4537 3093 4610 praecipue
3125 4536 3410 4608 Regulum
3465 4551 3598 4592 cum
3653 4533 3853 4603 legatis

2207 4632 2330 4689 suis
2348 4631 2593 4687 Romam
2616 4629 2924 4694 miserunt,
2958 4627 3426 4700 priusjuratione
3448 4625 3852 4687 constrictum,

2207 4724 2254 4779 si
2280 4722 2431 4795 quod
2458 4720 2728 4777 volebant
2749 4719 2989 4775 minime
3010 4717 3348 4790 peregisset,
3383 4715 3703 4770 rediturum
3726 4729 3855 4769 esse

2207 4810 2634 4883 Carthaginem.
2654 4807 3036 4874 Perrexitille,
3060 4811 3233 4877 atque
3256 4805 3314 4860 in
3329 4808 3537 4860 senatu
3562 4799 3856 4858 contraria

2209 4900 2516 4976 persuasit,
2549 4898 2828 4972 quoniam
2861 4915 2974 4952 non
3009 4893 3403 4952 arbitrabatur
3425 4893 3568 4950 utile
3591 4907 3719 4949 esse
3741 4890 3854 4945 Ro-

2270 5111 2346 5174 (a)
2377 5110 2587 5162 Arionis
2615 5125 2683 5161 ex
2700 5103 3435 5174 Methy_mna,_Lesbl_insulae
3462 5099 3670 5164 oppido,
3691 5097 3858 5174 citha-

2207 5168 2342 5225 roedi
2370 5176 2605 5224 fabulam
2635 5168 2861 5234 scripsit
2875 5170 3168 5234 Herodotus
3197 5168 3631 5234 libroMusarum
3663 5168 3854 5234 primo,

2210 5223 2357 5301 app.
2388 5223 2576 5301 23,24.
2597 5223 2987 5301 illincfpvid-ius
3016 5233 3072 5281 in
3105 5232 3291 5301 Pastis,
3313 5231 3451 5279 libro
3478 5227 3524 5282 2,
3556 5223 3694 5274 vers.
3726 5223 3788 5272 so
3804 5224 3858 5271 et

2209 5295 2352 5362 seqq.
2384 5303 2444 5349 Α.
2477 5300 2693 5358 Gellius,
2723 5297 2926 5362 lib.”1_6,
2958 5310 3070 5362 cap.
3109 5295 3184 5345 19.

2271 5349 2340 5424 (ibi)
2373 5349 2693 5424 Cngnomen,
2712 5349 2970 5424 Attilius,
3001 5349 3149 5424 abest
3178 5372 3211 5407 a
3237 5357 3390 5424 V_ind,
3421 5355 3474 5403 et
3498 5365 3534 5424 _a
3561 5352 3681 5424 lites.
3714 5349 3861 5424 Hane

2210 5412 2371 5475 Marci
2399 5412 2584 5485 REguli
2612 5412 2907 5488 historiam.
2938 5412 3030 5484 qui
3063 5423 3232 5484 primo
3262 5419 3456 5488 Punico
3498 5415 3652 5488 bello
3674 5412 3864 5488 consul

2210 5503 2330 5538 cum
2372 5489 2424 5536 L.
2455 5478 2649 5536 bianlio
2678 5486 2903 5534 Volsone
2949 5478 3174 5536 creatus.
3205 5483 3498 5533 exercitum
3543 5480 3600 5526 in
3628 5478 3864 5525 Africam

2211 5553 2566 5600 Romanorum
2595 5551 2798 5613 primus
2827 5549 3049 5610 trajecit,
3099 5551 3154 5596 et
3178 5547 3246 5613 ab
3276 5545 3520 5613 hostibus
3548 5543 3741 5613 captug
3763 5541 3862 5613 εξςς,

2209 5615 2446 5663 referunt
2473 5617 2534 5662 Λ.
2567 5603 2795 5676 Gellius,
2819 5603 2990 5676 libIti,
3021 5623 3133 5676 cap.
3165 5611 3192 5676 4
3226 5623 3238 5667 ;
3283 5609 3574 5676 Appianus.
3603 5603 3865 5676 denBellis

2211 5677 2438 5791 Pugilitqis,
2471 5689 2580 5740 cap.
2618 5678 2683 5736 4;
2714 5666 2983 5740 Polybius,
3024 5666 3116 5723 lib.
3165 5666 3231 5726 1,'
3255 5666 3382 5733 cap:
3409 5671 3489 5733 29,
3521 5670 3574 5716 et
3611 5666 3704 5714 alii
3739 5677 3864 5726 per-

2211 5753 2266 5790 m
2381 5776 2393 5790 .
2786 5748 2791 5755 '

2210 5739 2393 5790 multi.
2536 5739 2551 5740 ⁷“
2786 5748 2791 5755 ·
