4128 6190
259 255 320 317 33
1640 249 1880 310 LIBER
1921 249 2238 312 PRIMUS.

257 404 365 444 cum
399 389 565 458 patre
595 383 798 455 pulsus
829 388 914 438 est
945 382 1023 454 (a)
1050 399 1065 450 ;
1100 381 1222 438 haec
1250 398 1482 438 summo
1514 387 1602 438 est
1633 385 1887 437 mactata

258 475 549 549 supplicio.
574 475 632 531 Si
657 489 771 529 non
792 478 879 528 est
901 471 1000 528 illa
1027 470 1414 544 impudicitia,
1439 487 1552 542 qua
1572 471 1755 527 invita
1783 487 1883 542 op-

256 566 546 638 primitur;
585 579 697 619 non
729 567 817 618 est
858 561 982 616 haec
1006 561 1258 632 justitia,
1293 577 1408 632 qua
1438 567 1596 617 casta
1624 560 1884 631 punitur.

256 656 353 711 Vos
383 652 633 724 appello,
658 652 812 722 leges
832 651 1184 723 judicesque
1216 650 1483 706 Romani.
1508 649 1725 722 Nempe
1758 653 1889 722 post

257 747 568 819 perpetrata
584 741 837 796 facinora
855 755 958 795 nec
971 754 1324 810 quemquam
1336 738 1643 794 scelestum
1664 738 1885 793 indem-

257 838 439 889 natum
472 833 710 902 impune
738 828 998 885 voluistis
1031 828 1237 884 occidi.
1271 827 1330 884 Si
1362 844 1498 900 ergo
1530 829 1597 882 ad
1629 838 1883 882 vestrum

246 922 525 995 judicium
557 920 870 992 quisquam
902 919 1146 974 deferret
1179 917 1289 972 hoc
1327 916 1570 986 crimen,
1605 916 1886 987 vobisque

257 1013 601 1083 probaretur,
636 1025 752 1064 non
795 1008 987 1063 solum
1037 1007 1457 1073 indemnatum,
1488 1021 1683 1061 verum
1715 1005 1885 1060 etiam

255 1106 456 1158 castam
488 1104 547 1155 et
580 1099 951 1153 innocentem
983 1096 1351 1151 interfectam
1385 1110 1512 1150 esse
1544 1096 1882 1161 mulierem;

255 1206 431 1245 nonne
448 1204 582 1243 eum
605 1187 704 1258 qui
723 1187 780 1241 id
806 1185 1054 1252 fecisset,
1068 1184 1370 1240 severitate
1390 1199 1651 1255 congrua
1673 1183 1887 1255 plecte-

259 1279 381 1335 retis
401 1279 433 1332 ‘2
462 1276 580 1333 Hoc
612 1276 746 1332 fecit
766 1274 864 1331 illa
893 1273 1159 1331 Lucretia
1183 1289 1198 1341 ;
1221 1272 1341 1339 illa,
1363 1272 1461 1327 illa
1481 1273 1563 1328 sic
1585 1272 1889 1344 praedicata

253 1367 508 1423 Lucretia
530 1367 586 1421 in
598 1361 1296 1430 nocentem,castam,vim
1316 1377 1652 1434 perpessam
1678 1362 1887 1417 Lucre-

251 1458 380 1511 tiam
402 1456 649 1527 insuper
670 1452 963 1509 interemit
986 1457 1025 1509 ¹.
1054 1452 1306 1508 Proferte
1328 1452 1700 1507 sententiam.
1725 1451 1887 1516 Quod

251 1546 293 1601 si
307 1540 603 1616 propterea
617 1560 731 1600 non
752 1542 1011 1615 potestis,
1031 1542 1170 1614 quia
1184 1558 1296 1597 non
1321 1544 1473 1597 astat
1489 1558 1665 1612 quam
1684 1542 1889 1612 punire

251 1634 623 1706 possitis;cur
644 1628 1091 1688 interfectricem
1110 1630 1437 1686 innocentis
1459 1636 1515 1686 et
1537 1635 1704 1685 castae
1726 1634 1889 1685 tanta

172 1760 176 1765 -
249 1723 649 1794 praedicatione
671 1721 1154 1786 laudatis?Quam
1173 1726 1327 1777 eerte
1343 1721 1496 1791 apud
1521 1720 1889 1789 infernosju-

249 1813 424 1881 dices,
447 1813 621 1869 etiam
647 1811 816 1878 tales,
840 1810 1042 1881 quales
1073 1814 1374 1881 poetarum
1407 1814 1728 1864 vestrorum
1763 1825 1892 1865 car-

249 1902 505 1958 minibus
535 1901 911 1966 cantitantur,
935 1899 1095 1956 nulla
1116 1900 1337 1954 ratione
1359 1898 1697 1965 defenditis,
1720 1914 1893 1954 cons-

250 1992 467 2049 titutam
498 1991 722 2049 scilicet
748 1992 900 2048 inter
930 1989 1083 2061 illos,

1222 2096 1317 2160 qui
1344 2096 1446 2146 sibi
1478 2096 1646 2160 letum

306 2164 553 2213 lnsontes
580 2174 828 2224 peperere
857 2174 1041 2217 manu,
1071 2158 1349 2222 lucemque
1376 2158 1570 2222 perosi,

216 2268 223 2273 .
264 2276 275 2285 ,
302 2226 572 2289 Projecere
598 2224 826 2274 animas.

242 2325 340 2380 Cui
371 2325 449 2380 ad
481 2339 730 2395 superna
760 2322 950 2377 redire
979 2321 1235 2391 cupienti

293 2432 435 2505 Ij‘ata
462 2430 699 2505 obstant,
731 2422 977 2490 tristique
1004 2426 1160 2489 palus
1186 2426 1441 2475 innabilis
1471 2428 1615 2476 unda
1636 2427 1657 2460 ²

294 2494 526 2554 Alligat.
1855 2524 1884 2555 κ

357 2553 609 2616 (Virgil.
646 2552 868 2620 λΕηεὶά.
905 2551 998 2601 lib.
1029 2551 1077 2607 6,
1109 2566 1249 2599 vers.
1280 2549 1539 2612 434-439.)

239 2656 327 2709 An
363 2655 515 2709 forte
556 2653 683 2708 ideo
724 2652 801 2707 ibi
837 2669 949 2706 non
985 2655 1095 2717 est,
1130 2650 1269 2721 quia
1302 2668 1411 2725 non
1448 2651 1763 2719 insontem,
1797 2652 1897 2707 sed

244 2742 393 2798 male
426 2742 542 2797 sibi
573 2742 870 2797 consciam
893 2757 952 2795 se
982 2740 1276 2811 peremit?
1305 2740 1444 2803 Quid
1470 2739 1516 2794 si
1539 2739 1692 2795 enim
1721 2740 1897 2812 (quod

244 2835 361 2904 ipsa
394 2833 808 2887 tantummodo
860 2846 1031 2887 nosse
1081 2830 1349 2901 poterat),
1394 2831 1665 2901 quamvis
1697 2833 1902 2902 juveni

245 2920 983 2989 violenterirruenti,etiam
1002 2937 1110 2974 sua
1125 2920 1260 2974 libid
1273 2919 1283 2972 i
1297 2936 1365 2976 ne
1379 2919 1568 2975 illecta
1581 2920 1899 2990 consensit,

246 3011 424 3084 idque
460 3011 517 3065 in
551 3026 612 3065 se
638 3010 887 3082 puniens
918 3009 1000 3063 ita
1021 3009 1230 3072 doluit,
1265 3013 1329 3063 ut
1352 3014 1532 3063 morte
1554 3014 1784 3081 putaret
1804 3028 1901 3065 ex-

250 3098 539 3173 piandum
558 3101 587 3154 ‘?
607 3099 950 3170 Quanquam
975 3116 1079 3154 nec
1103 3099 1185 3153 sic
1204 3090 1435 3168 quidem
1454 3099 1709 3154 occidere
1733 3088 1794 3155 se
1814 3101 1906 3154 de-

252 3190 400 3257 buit,
439 3190 489 3244 si
527 3190 885 3245 fructuosam
930 3192 1127 3259 posset
1168 3188 1319 3258 apud
1355 3189 1492 3243 deos
1532 3189 1707 3243 falsos
1738 3205 1907 3261 agere

250 3279 1099 3349 pmnitentiamNerumtamen
1125 3279 1176 3334 si
1200 3278 1440 3333 forteita
1462 3278 1908 3354 est,falsumque

252 3376 337 3423 est
364 3367 542 3435 illud,
569 3369 720 3439 quod
746 3369 860 3423 duo
886 3368 1136 3435 fuerunt,
1160 3374 1214 3422 et
1238 3366 1588 3422 adulterium
1622 3385 1773 3423 unus
1806 3369 1906 3423 ad-

253 3459 436 3525 misit,
449 3458 549 3512 sed
567 3457 760 3529 potius
774 3457 943 3512 ambo
959 3456 1241 3530 adulteriu
1254 3473 1305 3511 m
1322 3458 1657 3513 commiseru
1670 3463 1910 3523 nt,unus

256 3547 571 3602 manifesta
588 3547 907 3614 invasione,
925 3546 1101 3601 altera
1123 3546 1335 3601 latente
1356 3547 1768 3601 consensione:
1795 3564 1908 3601 non

257 3650 319 3691 se
352 3636 570 3691 occidit
599 3636 916 3705 insontem,
952 3640 1005 3690 et
1036 3635 1164 3690 ideo
1197 3640 1386 3706 potest
1417 3653 1449 3690 a
1480 3634 1746 3705 litteratis
1787 3637 1911 3704 ejus

259 3727 675 3783 defensoribus
706 3723 816 3780 dici
842 3741 957 3780 non
989 3740 1118 3780 esse
1150 3724 1301 3796 apud
1333 3724 1550 3779 inferos
1577 3723 1727 3777 inter
1760 3723 1910 3789 illos,

262 3838 289 3865 α
323 3817 422 3887 qui
456 3815 573 3871 sibi
603 3813 785 3869 letum
820 3814 1081 3875 insontes
1114 3819 1385 3884 peperere
1420 3829 1617 3867 manu.
1645 3834 1671 3861 υ
1695 3814 1802 3867 Sed
1834 3812 1915 3868 ita

260 3905 384 3962 haec
413 3921 599 3960 causa
627 3920 695 3959 ex
725 3910 978 3974 utroque
1000 3901 1177 3957 latere
1207 3908 1557 3967 coarctatur,
1587 3906 1651 3957 ut
1673 3902 1722 3956 si
1754 3907 1913 3957 exte-

264 4000 480 4049 nuatur
499 3993 906 4057 homicidium,
924 3990 1278 4063 adulterium
1299 3992 1703 4064 confirmetur;
1720 3991 1767 4046 si
1788 4009 1917 4062 pur-

262 4088 437 4154 gatur
501 4080 1316 4150 adulterium,-homicidium
1396 4080 1763 4134 cumuletur:
1813 4096 1915 4134 nec

263 4172 512 4227 omnino
536 4171 829 4225 invenitur
847 4169 1062 4235 exitus,
1087 4166 1185 4222 ubi
1208 4166 1443 4236 dicitur,
1463 4168 1516 4222 Si
1542 4169 1864 4223 adulterata
1882 4170 1924 4233 ³,

263 4277 367 4318 cur
399 4261 645 4340 laudata
668 4263 697 4316 ?
726 4262 776 4317 si
807 4261 1039 4333 pudica,
1073 4276 1178 4314 cur
1207 4259 1397 4314 occisa
1417 4258 1444 4312 ?
1476 4302 1483 4309 .

331 4353 388 4406 3.
426 4352 611 4408 Nobis
648 4356 841 4407 tamen
875 4352 933 4406 in
968 4350 1073 4405 hoc
1110 4356 1227 4402 tam
1277 4348 1455 4403 nobili
1498 4348 1720 4404 femine
1757 4348 1928 4419 hujus

264 4441 540 4513 exemplo
568 4440 638 4496 ad
665 4440 805 4495 istos
826 4436 1183 4506 refutandus,
1208 4438 1306 4507 qui
1331 4438 1665 4493 christianis
1699 4438 1929 4492 feminis

265 4532 323 4586 in
357 4530 703 4602 captivitate
735 4529 1084 4601 compressis
1109 4527 1280 4582 alieni
1306 4526 1377 4581 ab
1400 4528 1554 4582 omni
1579 4527 1929 4598 cogitatione

265 4619 602 4674 sanctitatis
632 4617 936 4683 insultant,
959 4615 1177 4672 sufficit
1200 4616 1355 4685 quod
1389 4614 1445 4669 iu
1482 4615 1771 4687 praeclaris
1802 4616 1933 4685 ejus

265 4708 553 4763 laudibus
579 4706 800 4763 dictum
833 4711 953 4762 est:
988 4728 1017 4755 ‹‹
1050 4705 1176 4760 Duo
1210 4704 1463 4771 fuerunt,
1496 4708 1551 4760 ct
1584 4703 1926 4759 adulterium

270 4811 434 4851 unus
487 4793 746 4851 admisit.
783 4817 811 4844 »
842 4794 995 4850 Talis
1031 4783 1196 4848 enim
1239 4794 1309 4847 ab
1338 4791 1421 4847 eis
1456 4792 1714 4847 Lucretia
1747 4791 1933 4862 magis

265 4884 502 4940 credita
533 4888 643 4952 est,
666 4900 794 4955 quae
815 4900 878 4939 se
902 4883 1063 4939 nullo
1095 4883 1419 4939 adulterino
1453 4879 1698 4952 potuerit
1731 4896 1929 4934 macu-

335 5069 350 5099 ι
387 5050 525 5112 Sola
550 5061 716 5112 editio
742 5062 890 5116 Lov..
923 5062 1035 5110 vim
1059 5075 1374 5124 perpessam
1398 5058 1715 5107 Lucretiam
1738 5058 1937 5106 Lucre-

268 5127 351 5175 tia
384 5126 628 5187 insuper
653 5125 955 5174 interemit.

330 5190 353 5223 ²
384 5183 593 5250 Scripti
610 5187 736 5236 libri
758 5201 941 5237 omnes
956 5200 1137 5250 prOpe.
1158 5187 1263 5250 Fas
1282 5185 1453 5250 obstat
1473 5186 1556 5232 :et
1570 5184 1701 5238 loco,
1722 5183 1938 5250 innabi-

266 5246 1173 5308 lix,habeht,inamabilisﬂuidam
1187 5248 1802 5308 etiam,tristisque,pro,
1815 5246 1940 5294 tris-

264 5314 425 5377 tique
443 5330 464 5361 :
479 5316 551 5367 et,
574 5314 874 5377 undae,pro
886 5315 1053 5377 unda.
1076 5313 1174 5361 Nec
1186 5313 1456 5377 pauciores
1471 5310 1546 5377 ibi
1556 5309 1939 5377 discrepantiae

262 5371 516 5438 repertae
532 5377 662 5424 sunt
678 5377 735 5423 in
750 5371 1060 5437 Virgilianis
1080 5371 1347 5423 veteribus
1368 5373 1533 5438 libris:
1549 5398 1614 5438 _-—
1629 5372 1749 5420 Mss.
1770 5371 1940 5438 nostri

176 5459 209 5491 κ
262 5433 460 5487 omnes
490 5438 709 5491 habent.
742 5433 994 5498 fasfpro,
1015 5439 1156 5497 fata.
1187 5441 1240 5486 et
1262 5435 1604 5494 inamabilis,
1638 5447 1731 5498 pro
1766 5433 1937 5482 inna—

265 5452 460 5487 omnes
492 5449 709 5491 habent.
742 5449 852 5498 fas,
919 5452 994 5493 ro,
1015 5449 1156 5497 fata.
1187 5449 1240 5486 et
1262 5449 1604 5494 mamaoms,
1672 5449 1687 5481 ι

265 5501 417 5549 bilis.
452 5500 547 5547 Cd.
579 5499 673 5548 766
702 5500 847 5550 solus
880 5453 1000 5559 ﬁert,
1040 5500 1237 5553 tristis,
1271 5513 1379 5561 pro.
1415 5497 1585 5548 tristi.

328 5565 353 5599 3
387 5562 559 5617 Editi.
591 5563 869 5612 adultera.
903 5566 970 5613 At
996 5564 1102 5612 Mss
1132 5602 1143 5623 ,
1174 5562 1511 5610 adulterata.

328 5628 415 5687 (α)
448 5626 529 5675 De
555 5626 655 5677 hoc
680 5626 841 5686 intra,
872 5626 965 5676 lib.
997 5625 1045 5681 3,
1077 5639 1191 5688 cep.
1220 5623 1301 5674 25.

1993 383 2113 438 lare
2136 400 2446 442 consensu.
2465 386 2624 450 Quod
2650 402 2784 458 ergo
2808 403 2869 442 eo
2891 388 3097 460 ipsam,
3118 389 3392 462 quoniam
3416 393 3637 449 adulte-

1995 489 2124 527 rum
2149 475 2163 508 ¹
2191 474 2448 545 pertulit,
2472 477 2647 531 etiam
2678 493 2791 531 non
2811 478 3131 534 adulterata
3159 481 3388 551 occidit,
3411 488 3639 539 nonest

1994 561 2289 633 pudicitia:
2334 563 2608 633 charitas,
2641 566 2739 619 sed
2773 566 3009 636 pudoris
3057 567 3390 627 infirmitas.
3428 570 3639 627 Puduit

1994 652 2146 707 enim
2162 669 2288 708 eam
2306 655 2689 725 turpitudinis
2703 655 2972 713 alienaain
2987 676 3048 715 se
3062 676 3183 714 com
3196 660 3642 729 missze,etiamsi

1996 758 2111 797 non
2135 758 2333 798 secum
2360 762 2373 811 ;
2399 753 2449 798 et
2475 744 2735 800 Romana
2759 732 2965 802 mulier
2986 747 3177 803 laudis
3201 750 3365 806 avida
3387 752 3637 808 nimium

1993 832 2168 886 verita
2190 838 2385 901 est,ne
2410 838 2727 904 putaretur,
2744 839 2896 907 quod
2913 838 3189 894 violenter
3209 847 3295 895 est
3314 859 3485 912 passa
3505 859 3639 899 cum

1994 921 2224 991 viveret,
2249 922 2499 978 libenter
2521 941 2692 995 passa
2715 926 2763 979 si
2782 926 3014 982 viveret.
3043 928 3200 984 Unde
3224 931 3292 984 ad
3317 932 3516 988 oculos
3538 933 3643 989 ho-

1998 1009 2222 1065 minum
2241 1012 2454 1066 mentis
2469 1028 2587 1067 suae
2605 1017 2806 1068 testem
2825 1014 2979 1068 illam
3002 1032 3226 1083 poenam
3246 1017 3639 1075 adhibendam

1997 1099 2458 1171 putavit,quibus
2473 1101 2889 1159 conscientiam
2904 1104 3291 1161 demonstrare
3307 1124 3416 1163 non
3436 1110 3640 1180 potuit.

1997 1188 2222 1244 Sociam
2253 1188 2468 1261 quippe
2500 1191 2634 1246 facti
2666 1208 2726 1247 se
2758 1192 2915 1248 credi
2939 1193 3195 1262 erubuit,
3217 1195 3284 1258 si,
3310 1197 3459 1267 quod
3493 1197 3645 1254 alius

1996 1276 2055 1332 in
2088 1293 2155 1332 ea
2187 1277 2402 1332 fecerat
2434 1280 2695 1350 turpiter,
2726 1282 2899 1336 ferret
2920 1281 3044 1353 ipsa
3070 1283 3370 1352 patienter.
3392 1284 3514 1340 Non
3540 1286 3649 1341 hoc

1998 1366 2261 1422 fecerunt
2292 1366 2522 1422 feminae
2558 1368 2907 1436 Christianae,
2933 1386 3060 1442 quae
3093 1388 3281 1443 passae
3312 1372 3530 1430 similia
3559 1375 3646 1430 vi-

1999 1463 2153 1509 vunt.
2173 1459 2391 1510 Tamen
2418 1472 2521 1512 nec
2544 1457 2599 1511 in
2624 1474 2686 1513 se
2710 1457 2840 1513 ultae
2865 1466 3001 1514 sunt
3024 1461 3242 1516 crimen
3268 1462 3548 1531 alienum,
3576 1479 3647 1520 ne

1998 1545 2244 1601 aliorum
2266 1547 2583 1603 sceleribus
2606 1551 2883 1605 adderent
2904 1566 3031 1619 sua,
3054 1550 3123 1615 si,
3146 1554 3425 1622 quoniam
3449 1555 3647 1611 hostes

1996 1634 2057 1689 in
2089 1636 2172 1690 eis
2195 1637 2662 1706 concupiscendo
2684 1644 2887 1711 stupra
2905 1641 3340 1712 commiserant,
3366 1642 3477 1697 illa:
3503 1643 3559 1698 in
3585 1660 3647 1701 se
3682 1663 3686 1666 ‘

1999 1725 2143 1796 ipsis
2177 1725 2490 1782 homicidia
2519 1729 3397 1788 erubescendocommitterent.
3422 1732 3650 1801 Habent

1978 1812 2377 1886 'quippeintus
2391 1816 2627 1888 gloriam
2638 1818 3346 1881 castitatis,lestimonium
3362 1821 3655 1879 conscien—

2000 1902 2090 1957 tiae
2112 1918 2123 1956 :
2148 1902 2365 1958 habent
2396 1914 2586 1960 autem
2621 1921 2813 1960 coram
2849 1906 3028 1961 oculis
3055 1908 3292 1979 Deisui,
3319 1926 3422 1966 nec
3445 1911 3648 1982 requi-

2002 1995 2141 2046 runt
2172 1993 2448 2073 amplius,
2480 1994 2600 2061 ubi,
2633 1994 2764 2063 quid
2800 2000 2951 2052 recte
2985 1998 3216 2065 faciant,
3250 2015 3363 2055 non
3397 2001 3663 2073 amplius‘

2005 2065 2251 2150 babedt;
2281 2098 2348 2135 ne
2373 2082 2597 2138 devieut
2618 2084 2690 2139 ab
2716 2086 3058 2141 auctoritate
3088 2085 3229 2157 legis
3263 2065 3652 2158 divinaaicum

2008 2168 2155 2224 male
2186 2171 2449 2226 devitant
2480 2173 2857 2229 offensionem
2889 2175 3246 2245 suspicionis
3273 2177 3557 2232 humans).

2006 2271 2241 2327 CAPUT
2272 2272 2387 2328 XX.
2422 2305 2489 2313 —
2518 2255 2740 2330 Nattam
2767 2292 2878 2331 esse
2906 2280 3309 2345 auctoritatem,
3331 2295 3450 2349 qum
3483 2279 3650 2334 Clu-i-

2004 2360 2206 2417 stianis
2229 2362 2287 2416 in
2309 2363 2550 2432 qualibet
2579 2380 2747 2420 causa
2759 2365 2854 2435 jus
2879 2366 3212 2423 voluntaria?
3243 2368 3391 2422 necis
3423 2369 3650 2424 tribuat.

2076 2477 2274 2543 Neque
2304 2474 2459 2528 enim
2492 2472 2708 2530 frustra
2726 2475 2798 2531 in
2828 2476 3050 2531 sanctis
3079 2476 3376 2532 canonicis
3407 2476 3429 2511 ³
3462 2477 3651 2533 Libris

2008 2577 2301 2633 nusquam
2337 2562 2503 2617 nobis
2535 2563 2814 2619 divinitus
2848 2569 3198 2637 praeceptum
3233 2548 3654 2637 permissumve

2008 2651 2247 2722 reperiri
2274 2655 2481 2720 potest,
2508 2656 2569 2706 ut
2589 2653 2672 2709 vel
2699 2654 2882 2722 ipsius
2906 2654 3293 2726 adipiscendae
3316 2655 3654 2711 immortali-

2009 2743 2170 2808 tatis,
2192 2740 2278 2795 vel
2307 2740 2484 2797 ullius
2502 2743 2734 2799 carendi
2754 2744 3063 2799 cavendive
3084 2744 3215 2799 mali
3241 2761 3436 2811 causa,
3456 2745 3655 2801 uobis-

2011 2831 2271 2899 metipsis
2290 2848 2487 2886 necem
2507 2832 2838 2887 inferamus.
2856 2834 2991 2888 Nam
3007 2833 3399 2903 etprohibitos
3416 2851 3518 2890 nos
3531 2851 3656 2891 esse

2010 2918 2448 2987 intelligendum
2481 2906 2583 2989 est,
2612 2921 2707 2975 ubi
2734 2926 2842 2975 Lex
2872 2921 2971 2990 ait,
2997 2922 3108 2978 Non
3140 2922 3382 2978 occides:
3410 2939 3657 2993 praeser-

2012 3009 2118 3063 tim
2140 3008 2405 3077 quianon
2426 3010 2670 3078 addidit,
2689 3012 3242 3082 proximum'tuum:
3268 3011 3415 3067 sicut
3444 3011 3650 3067 falsum

2014 3098 2415 3153 testimonium
2461 3104 2599 3153 cum
2630 3104 2859 3167 vetaret,
2891 3101 3129 3164 Falsum,
3162 3101 3373 3171 inquit,
3406 3102 3652 3157 testimo-

2002 3187 2171 3251 nium
2200 3202 2309 3239 non
2339 3187 2483 3241 dices
2511 3187 2766 3243 adversus
2794 3191 3110 3259 proximum
3143 3194 3299 3243 tuum
3331 3189 3521 3259 (Exod.
3554 3206 3649 3254 xx,

2018 3275 2380 3346 13,16).Nec
2413 3277 2539 3330 ideo
2572 3282 2765 3332 tamen
2800 3278 2843 3332 si
2870 3279 3148 3332 adversus
3180 3294 3242 3332 se
3274 3278 3465 3347 ipsum
3500 3280 3668 3347 quis-

2018 3380 2195 3434 quam
2230 3356 2435 3419 falsi-am
2463 3365 2861 3420 testimonium
2890 3366 3586 3433 dixerit,abhocerimine
3604 3383 3666 3423 se

2020 3450 2586 3521 putaveritali'enum.
2605 3455 2884 3520 Quoniam
2903 3455 3161 3525 regulam
3181 3454 3460 3527 diligendi
3482 3455 3661 3525 proxi-

2020 3556 2183 3594 mum
2216 3560 2248 3595 a
2279 3543 2591 3611 semetipso
2623 3542 2867 3597 dilector
2897 3543 3155 3613 accepit;
3190 3544 3663 3614 quandoquidem

2020 3628 2302 3700 scriptum
2321 3631 2640 3700 est,Diliges
2653 3633 2969 3700 proximum
2983 3640 3135 3684 tuum
3152 3635 3413 3700 tanquam
3428 3636 3479 3686 te
3492 3634 3673 3701 ipsum

2020 3718 2228 3786 (Matth.
2253 3734 2393 3783 XXII,
2413 3719 2524 3785 39).
2554 3719 2724 3773 Porro
2747 3718 2795 3772 si
2822 3720 2947 3773 falsi
2977 3718 3293 3771 testimonii
3328 3735 3442 3773 non
3477 3719 3671 3776 minus

2023 3810 2254 3861 reusest
2269 3806 2366 3875 qui
2385 3807 2524 3859 dese
2541 3805 2664 3875 ipso
2681 3805 2890 3859 falsum
2908 3807 3322 3874 f'atetur,quam
3338 3806 3385 3859 si
3402 3808 3672 3861 adversus

2024 3893 2357 3967 proximum
2384 3893 2491 3949 hoc
2516 3896 2905 3961 faceret;cum
2935 3895 2991 3948 in
3014 3911 3080 3948 eo
3106 3900 3410 3966 priscepto,
3438 3910 3546 3965 quo
3572 3895 3675 3950 fal-

2026 4000 2158 4041 sum
2204 3983 2604 4039 testimonium
2649 3983 3316 4055 prohibetur,.adversus
3346 3986 3672 4055 proximum

2028 4073 2425 4146 prohibeatur,
2448 4074 2747 4144 possitque
2777 4090 2893 4128 non
2922 4078 3071 4129 recte
3097 4072 3562 4143 intelligentibus
3592 4075 3674 4129 vi-

2035 4164 2153 4218 deri
2180 4179 2294 4218 non
2318 4177 2443 4217 esse
2466 4162 2828 4233 prohibitum
2845 4163 3195 4219 utadversus
3214 4178 3275 4218 se
3292 4162 3486 4232 ipsum
3511 4162 3682 4234 quis-

2037 4267 2148 4322 que
2162 4250 2340 4307 falsus
2356 4253 2517 4308 testis
2531 4252 2789 4308 assistat:
2807 4258 3017 4323 quanto
3033 4252 3218 4323 magis
3234 4251 3677 4323 intelligendum

2037 4346 2145 4407 est,
2174 4340 2474 4396 nonliccre
2496 4342 2718 4396 homini
2741 4358 2803 4396 se
2825 4342 3018 4412 ipsum
3044 4342 3325 4408 occidere,
3348 4358 3481 4395 cum
3507 4342 3563 4395 in
3589 4356 3677 4409 eo,

2038 4431 2192 4501 quod
2217 4430 2495 4500 scriptum
2521 4435 2629 4497 est,
2648 4431 2762 4485 Non
2784 4431 3014 4497 occides,
3031 4429 3211 4484 nihilo
3232 4430 3438 4484 deinde
3461 4429 3681 4498 addito,

2040 4506 2260 4585 nullus,
2288 4534 2390 4573 nec
2433 4518 2556 4588 ipse
2595 4519 2791 4589 utique
2824 4519 2914 4573 cui
2951 4518 3296 4588 praecipitur,
3324 4517 3685 4588 intelligatur

2039 4616 2313 4678 exceptus
2332 4605 2524 4664 ?Unde
2539 4608 2776 4680 quidam
2794 4608 2901 4662 hoc
2925 4612 3274 4678 praeceptum
3291 4608 3462 4661 etiam
3480 4607 3535 4660 in
3553 4608 3687 4660 bes-

2042 4697 2148 4753 tias
2172 4715 2235 4753 ac
2257 4714 2461 4767 pecora
2492 4703 2778 4752 conantur
2807 4697 3133 4764 extendere,
3160 4705 3217 4750 ut
3240 4712 3304 4749 ea
3329 4696 3435 4750 hoc
3460 4694 3685 4748 nullum

2041 4788 2212 4843 etiam
2235 4782 2656 4843 illorum‘iiceat
2673 4786 2931 4842 occidere
2950 4786 3051 4855 (a).
3067 4785 3181 4839 Cur
3199 4801 3310 4838 non
3330 4800 3463 4852 ergo
3486 4788 3541 4838 et
3565 4784 3688 4838 her-

2043 4877 2169 4947 bas,
2186 4876 2536 4947 etquidquid
2556 4876 2735 4930 humo
2754 4870 3538 4942 radicitusalituracfigitur?
3553 4885 3685 4924 nam

2043 4967 2228 5022 ethoc
2247 4981 2433 5035 genus
2458 4965 2955 5037 rerum,quamvis
2980 4980 3090 5017 non
3117 4960 3683 5028 sentiat,diciturvi-

2045 5071 2205 5123 vere;
2232 5070 2298 5111 ac
2321 5071 2421 5126 per
2453 5055 2558 5110 hoc
2586 5060 2770 5125 potest
2794 5064 2841 5109 et
2869 5053 3044 5120 mori;
3070 5052 3309 5123 proinde
3330 5050 3527 5113 etiam,
3550 5060 3686 5098 cum

2014 5133 2019 5140 “
2048 5145 2129 5200 vis
2154 5143 2704 5211 adhibetur,occidi.
2726 5143 2881 5199 Unde
2900 5141 3453 5213 ctApostolus,cum
3480 5136 3549 5190 de
3573 5134 3685 5188 hu-

2114 5306 2126 5338 ¹
2162 5302 2244 5351 Sic
2273 5303 2395 5351 Mss.
2428 5302 2499 5350 At
2525 5302 2670 5362 editi,
2698 5301 3066 5350 adulterium.

2110 5365 2130 5397 2
2350 5358 2758 5426 σαηοηίοἰδρηε.
2791 5364 3074 5419 Particulu,
3108 5378 3227 5425 quc,
3258 5372 3366 5408 non
3395 5360 3475 5407 est
3502 5358 3557 5407 in
3587 5373 3695 5409 m8.-

2044 5429 2694 5548 nu(scf)ngttlsltlarcionitac.
2731 5491 2860 5537 teste
2898 5489 2934 5536 Ε
2974 5489 2989 5535 i
3030 5488 3205 5541 hanio,
3258 5483 3468 5534 Ilaeresi
3512 5483 3573 5533 42
3598 5501 3611 5545 ;
3641 5487 3696 5535 et

2046 5551 2355 5598 Manichaei.
2404 5553 2538 5598 teste
2580 5552 2893 5598 Auanstino.
3101 5548 3131 5595 6
3179 5548 3362 5596 contra
3418 5549 3693 5598 Faustum.

2046 5551 2355 5614 Manichaei.
2404 5553 2538 5600 teste
2580 5552 2893 5614 Augustino,
2937 5548 3042 5598 liii.
3101 5548 3131 5595 6
3179 5548 3362 5614 co_ntra
3418 5549 3693 5609 Faustum,

2048 5628 2196 5678 capp.
2222 5612 2269 5675 6,
2299 5611 2348 5663 8.
2661 5608 2686 5614 '
2878 5608 2889 5613 '
3205 5608 3510 5675 (Cosanus)
