4128 6190
417 281 492 339 35
1475 276 1576 338 DE
1620 271 1983 336 CIVITATE
2027 273 2186 340 DEI,
2233 273 2297 333 S.
2346 272 2770 336 AUGUSTINI
3741 281 3820 342 36

411 410 742 486 juscemodi
757 411 1083 468 seminibus
1099 410 1451 483 loqueretur,
1473 412 1564 478 Tu,
1583 409 1797 481 inquit,
1819 408 1963 481 quod
1977 423 2058 464 se-

415 503 618 570 minus,
640 519 754 558 non
776 501 1105 571 viviﬁcatur,
1128 499 1242 556 nisi
1262 501 1538 555 moriatur
1560 502 1576 535 ί
1606 500 1651 568 (Ι
1684 498 1806 555 Cor.
1828 515 1918 567 xv,
1943 498 2055 569 36).

416 594 488 648 Et
517 593 576 647 in
609 591 842 648 Psalmo
873 591 1155 662 scriptum
1197 593 1304 658 est,
1335 588 1540 645 Occidit
1576 591 1713 644 vites
1743 604 1953 654 eorum,
1997 587 2058 643 in

415 681 688 754 grandine
715 682 886 752 (Psat.
925 696 1128 744 exxvn,
1160 678 1266 749 47).
1295 678 1445 733 Num
1481 679 1658 750 igitur
1676 677 1749 734 ob
1773 678 1901 744 hoc,
1925 692 2054 733 cum

419 769 834 836 audimus,Non
849 767 1615 838 oceides,virgultumvellere
1629 768 1786 824 nefas
1801 769 2055 823 ducimus

415 864 472 916 et
504 859 951 915 Manichaorum
978 855 1158 910 errori
1181 855 1556 912 insanissime
1579 857 2010 928 acquiescimus
2030 855 2057 909 ?

415 949 516 1006 His
547 950 724 1019 igitur
755 945 1153 1002 deliramentis
1186 947 1446 1014 remotis,
1480 963 1610 1004 cum
1644 947 1916 1018 legimus,
1940 947 2057 1003 Non

415 1039 647 1102 occides,
670 1035 718 1091 si
748 1040 1054 1108 propterea
1073 1052 1188 1090 non
1211 1036 1529 1108 accipimus
1547 1035 1655 1092 hoc
1677 1038 1894 1092 dictum
1928 1052 2056 1092 esse

414 1127 485 1182 de
516 1126 799 1191 frutectis,
823 1124 962 1196 quia
992 1124 1191 1180 nullus
1223 1133 1307 1181 est
1337 1127 1418 1181 eis
1440 1141 1682 1194 sensus;
1710 1141 1815 1182 nec
1836 1127 1902 1180 de
1936 1125 2057 1181 ani-

413 1217 712 1273 mantibus
752 1217 1186 1272 irrationalibus
1214 1219 1258 1284 ³,
1290 1215 1646 1286 volatilibus,
1690 1218 2053 1286 natatilibus,

411 1306 875 1374 ambulatilibus,
892 1306 1362 1377 reptilibus,quia
1375 1305 1532 1363 nulla
1544 1307 1713 1363 nobis
1729 1308 1949 1364 ratione
1963 1325 2054 1364 so-

411 1397 661 1463 ciantur,
685 1413 860 1467 quam
895 1413 1008 1451 non
1041 1396 1124 1451 eis
1155 1396 1356 1451 datum
1381 1401 1469 1452 est
1500 1398 1808 1454 nobiscum
1845 1399 2054 1454 habere

410 1502 784 1543 communem
813 1504 826 1552 ;
855 1487 1006 1542 unde
1030 1485 1354 1557 justissima
1381 1487 1749 1542 ordinatione
1772 1488 2056 1545 Creatoris

407 1581 466 1633 et
486 1575 606 1632 vita
623 1587 674 1630 el
695 1591 852 1630 mors
875 1589 1072 1630 eorum
1099 1573 1310 1630 nostris
1329 1573 1531 1630 usibus
1556 1575 1850 1630 subditur:
1876 1579 2056 1632 restat

408 1667 472 1720 ut
501 1665 569 1719 de
617 1663 853 1719 homine
895 1661 1316 1734 intelligamus,
1349 1663 1503 1734 quod
1537 1662 1760 1718 dictum
1796 1668 1903 1730 est,
1938 1667 2050 1720 Non

407 1753 648 1810 occides:
681 1769 783 1809 nec
815 1753 1063 1809 alterum
1095 1768 1253 1826 ergo,
1277 1769 1381 1808 nec
1402 1758 1456 1809 te
1478 1755 1519 1806 ³.
1545 1755 1743 1826 Neque
1773 1755 1928 1811 enim
1953 1757 2052 1828 qui

407 1859 466 1900 se
497 1843 728 1910 occidit,
759 1841 916 1899 aliud
949 1859 1126 1914 quam
1161 1843 1458 1899 hominem
1490 1843 1720 1900 occidit.

478 1957 707 2014 CAPUT
737 1956 878 2012 XXI.
909 1989 974 1997 —
999 1959 1070 2013 De
1099 1959 1577 2026 interiectionibus
1601 1961 1910 2030 hominum,
1933 1979 2052 2032 qua

700 2045 768 2100 ab
799 2045 1085 2101 homicidii
1113 2048 1350 2102 crimine
1376 2047 1752 2117 excipiuntur.

482 2152 776 2216 Quasdam
799 2167 932 2208 vero
954 2152 1323 2224 exceptiones
1339 2153 1537 2208 eadem
1557 2153 1686 2225 ipsa
1702 2155 1897 2210 divina
1923 2155 2054 2212 fecit

409 2241 746 2306 auctoritas,
773 2248 831 2296 ut
863 2258 976 2297 non
1005 2241 1175 2297 liceat
1203 2244 1223 2276 ἰ
1256 2242 1550 2298 hominem
1581 2243 1784 2299 occidi.
1818 2245 1928 2300 Sed
1958 2244 2049 2301 his

406 2330 686 2402 exceptis,
710 2347 858 2403 quos
881 2337 1032 2386 Deus
1055 2331 1236 2386 occidi
1254 2333 1438 2400 jubet,
1463 2331 1582 2388 sive
1604 2333 1738 2388 data
1761 2333 1904 2405 lege,
1930 2335 2050 2389 sive

406 2423 476 2478 ad
499 2438 810 2494 personam
830 2437 934 2492 pro
951 2425 1210 2493 tempore
1229 2423 1778 2493 expressajussione
1795 2441 1807 2478 :
1827 2440 1939 2480 non
1957 2439 2048 2480 au-

404 2514 521 2566 tem
537 2512 659 2581 ipse
675 2510 908 2577 occidit,
925 2510 1022 2580 qui
1043 2510 1431 2566 ministerium
1451 2512 1881 2582 debetjubenti,
1897 2513 2051 2568 sicut

403 2599 826 2655 adminiculum
842 2599 1073 2671 gladius
1087 2599 1312 2654 utenti‘:
1330 2604 1385 2654 et
1398 2599 1524 2655 ideo
1541 2617 1905 2672 nequaquam
1921 2618 2052 2658 con-

398 2693 489 2744 tra
511 2689 619 2744 hoc
645 2692 990 2758 praeceptum
1015 2688 1293 2753 fecerunt,
1316 2703 1427 2758 quo
1450 2689 1667 2744 dictum
1693 2695 1799 2755 est,
1823 2692 1939 2746 Non
1961 2707 2051 2746 oc-

398 2776 560 2845 cides,
581 2776 678 2846 qui
701 2776 814 2830 Deo
846 2783 1079 2829 auctore
1103 2773 1248 2829 bella
1271 2785 1595 2846 gesserunt,
1617 2783 1717 2832 aut
1738 2793 2047 2848 personam

400 2873 663 2935 gerentes
684 2862 925 2933 publica
948 2863 1242 2932 potestalis
1261 2863 1578 2920 secundum
1603 2867 1730 2935 ejus
1748 2866 1924 2938 leges,
1943 2869 2049 2924 hoc

399 2958 490 3009 est
513 2953 853 3022 justissima
886 2951 1126 3007 rationis
1161 2953 1494 3023 imperium,
1523 2954 1832 3010 sceleratos
1861 2964 2048 3014 morte

398 3043 728 3113 punierunl.
757 3041 819 3095 Et
844 3040 1135 3096 Abraham
1169 3059 1283 3097 non
1314 3041 1504 3097 solum
1531 3060 1644 3099 non
1668 3050 1756 3101 est
1782 3045 2048 3118 culpatus

399 3129 764 3186 crudelitatis
793 3129 1056 3197 crimine,
1082 3147 1284 3186 verum
1317 3131 1491 3187 etiam
1523 3133 1794 3190 laudatus
1821 3145 1907 3191 est
1940 3153 2044 3192 uo-

395 3221 553 3275 mine
575 3219 828 3288 pietatis,
852 3219 1006 3290 quod
1036 3219 1442 3289 voluitﬁlium,
1467 3238 1837 3296 nequaquam
1862 3227 2044 3282 scele-

394 3314 534 3378 rate,
567 3310 666 3363 sed
694 3308 1030 3364 obedienter
1060 3309 1317 3364 occidere
1347 3309 1503 3382 (Gen.
1535 3314 1694 3383 χχιι).
1732 3314 1796 3368 Et
1839 3317 2043 3372 merito

395 3397 694 3466 quaritur,
717 3401 912 3450 utrum
948 3413 1048 3467 pro
1078 3397 1246 3467 jussu
1271 3397 1369 3452 Dei
1402 3398 1475 3453 sit
1507 3398 1864 3471 habendum,
1889 3405 2042 3474 quod

385 3485 598 3556 Jephte
640 3484 840 3550 filiam,
875 3502 1003 3556 qua
1053 3486 1198 3558 patri
1249 3487 1522 3554 occurrit,
1552 3490 1782 3559 occidit,
1815 3508 1948 3547 cum
1981 3509 2042 3549 se

383 3572 832 3629 immolaturum
866 3576 980 3630 Deo
1013 3575 1067 3629 id
1104 3574 1374 3640 vovisset,
1409 3579 1567 3647 quod
1599 3581 1647 3634 ei
1683 3582 1942 3636 redeunti
1973 3583 2042 3638 de

391 3664 587 3733 pralio
618 3663 818 3718 victori
865 3665 1140 3735 primitus
1183 3669 1532 3725 occurrisset
1561 3672 1756 3741 (ludio.
1791 3673 1889 3743 ιι).
1928 3672 2040 3729 Nec

387 3752 634 3808 Samson
671 3752 839 3807 aliter
859 3761 1186 3821 excusatur,
1214 3759 1364 3827 quod
1390 3776 1451 3814 se
1475 3760 1664 3831 ipsum
1690 3778 1822 3817 cum
1861 3763 2038 3818 hosti-

388 3842 499 3897 bus
523 3840 692 3896 ruina
706 3842 915 3898 domus
937 3845 1246 3914 oppressit,
1265 3845 1372 3901 nisi
1389 3849 1521 3920 quia
1536 3851 1778 3920 spiritus
1795 3851 2040 3907 latenter

384 3932 903 4004 hocjusserat,qui
924 3949 1024 4004 per
1042 3935 1204 3991 illum
1228 3938 1508 3994 miracula
1533 3941 1776 3997 faciebat
1799 3944 1898 4013 (Id.
1921 3961 2035 4010 xw,

383 4020 500 4091 30).
523 4020 1101 4094 Hisigiturexceptis,
1119 4042 1268 4094 quos
1287 4027 1368 4080 vel
1392 4027 1652 4098 lexjusta
1667 4034 2035 4102 generaliter,

385 4107 474 4162 vel
509 4110 632 4179 ipse
667 4111 792 4164 fons
816 4110 1058 4179 justitia
1089 4114 1232 4168 Deus
1266 4117 1591 4183 specialiter
1621 4120 1802 4174 occidi
1828 4121 2030 4190 jubet;

385 4197 658 4269 quisquis
680 4197 972 4254 hominem
999 4201 1082 4255 vel
1109 4218 1172 4255 se
1195 4202 1410 4272 ipsum,
1431 4205 1515 4260 vel
1544 4207 1865 4278 quemlibet
1887 4213 2035 4268 occi-

389 4283 556 4350 derit,
589 4285 887 4342 homicidii
921 4288 1166 4344 crimine
1201 4291 1533 4348 innectitur.

379 4399 613 4456 CAPUT
645 4402 829 4458 XXII.
863 4433 929 4443 --
959 4405 1116 4474 Quod
1145 4423 1428 4479 nunquam
1456 4413 1626 4481 possit
1659 4429 1808 4468 mors
1839 4416 2029 4471 volun-

581 4492 729 4544 taria
765 4491 832 4545 ad
857 4495 1295 4561 magnitudinem
1325 4499 1505 4554 animi
1531 4503 1822 4572 pertinere.

450 4607 498 4659 1.
534 4609 596 4659 Et
629 4605 981 4678 quicumque
1017 4609 1119 4664 hoc
1153 4612 1206 4665 in
1247 4630 1308 4667 se
1344 4614 1486 4684 ipsis
1523 4624 2026 4692 perpetraverunt,

377 4694 556 4748 animi
594 4697 991 4763 magnitudine
1024 4699 1263 4756 fortasse
1288 4703 1560 4771 mirandi,
1595 4723 1703 4762 non
1731 4711 2027 4782 sapientia

375 4783 626 4839 sanitate
659 4783 926 4842 laudandi
952 4793 1110 4843 sunt.
1137 4789 1479 4863 Quanquam
1505 4796 1553 4849 si
1581 4797 1858 4853 rationem
1894 4799 2028 4856 dili-

372 4873 602 4944 gentius
634 4877 928 4943 consulas,
955 4895 1024 4933 nc
1049 4879 1174 4950 ipsa
1198 4882 1435 4952 quidem
1471 4885 1648 4938 animi
1689 4889 2024 4958 magnitudo

438 5065 652 5139 toE‘diti,‘
674 5067 789 5114 nisi
813 5069 978 5139 prius
1009 5072 1302 5139 moriatur.
1345 5075 1520 5126 Abest.
1545 5078 1726 5139 prius,
1764 5093 1795 5125 ιι
1831 5093 2021 5129 manu-

369 5129 580 5190 scriptis
609 5130 661 5201 et.
689 5142 721 5176 a
750 5144 933 5202 graeco
965 5134 1112 5182 textu
1145 5135 1308 5184 Pauli.

430 5191 451 5224 '3
484 5191 601 5240 MSS.
639 5193 1087 5241 irrationalibus.

535 5205 601 5240 SS.
639 5205 1087 5242 irrationatzbus.

433 5255 454 5323 f3
482 5253 570 5323 _Sic
598 5254 719 5302 Mss.
751 5257 817 5323 fit
849 5256 992 5310 Lov.,
1031 5273 1139 5323 non
1170 5261 1428 5315 alterum.
1461 5277 1591 5323 ergo
1626 5280 1717 5314 nec
1751 5275 1812 5314 te.

431 5316 452 5348 ⁵
482 5318 642 5391 Ιλογ...
661 5317 903 5391 ιιξζίοσεαε
924 5321 1155 5391 {omissa
1178 5327 1404 5383 negante
1424 5316 1702 5391 particula.
1725 5344 1863 5391 quae
1884 5331 2022 5382 inest

366 5376 430 5455 in
453 5381 674 5450 caeteris
703 5381 872 5455 libris,
896 5384 947 5429 et
973 5397 1189 5455 prorsus
1205 5376 1503 5455 accesseris
1518 5376 2019 5455 videtur‘adiliugu:

523 5444 866 5514 prepositum,
899 5440 989 5506 qui
1021 5446 1127 5493 illis
1157 5449 1556 5514 egceptionibus
1583 5454 1699 5514 ipsa
1728 5455 1817 5504 Dei
1846 5440 2019 5506 audib-

365 5463 492 5510 atuu
523 5463 866 5504 pl‘UpUSlllllll,
899 5463 988 5506 qui
1021 5463 1127 5493 nus
1157 5463 1280 5496 exce
1323 5463 1556 5499 uonmus
1583 5467 1699 5514 Ipsa.
1730 5463 1817 5504 Dei
1846 5463 2015 5506 aucto-

363 5502 904 5575 rltrate‘iaetislegem
934 5520 1039 5575 non
1069 5463 1337 5575 occidengi
1359 5512 1627 5563 firmatam
1655 5517 1819 5567 fuisse
1847 5521 2015 5570 docet.

427 5563 447 5644 ξ
467 5563 887 5644 Διζξξξξξίρίᾳίῖῗᾳδ·
902 5574 978 5618 est
997 5571 1282 5644 ατςηείζιᾼι
1301 5579 1648 5644 manuscripti
1660 5563 1665 5564 ⁷
1678 5563 1785 5630 ﬁcii
1797 5563 2015 5644 habent,

362 5633 441 5675 cst
457 5641 474 5685 ,-
509 5627 671 5690 cujus
689 5630 802 5682 loco
832 5632 963 5684 bene
992 5634 1326 5700 subauditur,
1358 5635 1524 5690 debet.

2166 410 2318 462 recte
2348 406 2702 478 nominatur,
2748 407 2842 463 ubi
2877 409 3126 480 quisque
3156 426 3270 466 non
3301 410 3542 469 valendo
3574 413 3820 473 tolerare

2164 495 2250 550 vel
2265 511 2505 566 quaque
2516 511 2720 564 aspera
2732 494 2813 552 vel
2829 496 3019 552 aliena
3032 502 3355 569 peccata,se
3375 500 3498 570 ipse
3512 501 3698 559 intere
3708 522 3821 560 me-

2167 584 2262 641 rit.
2285 585 2464 657 Mgis
2494 585 2650 640 enim
2685 601 2849 642 mens
2896 585 3125 641 infirma
3174 589 3650 660 deprehenditur,
3687 608 3816 664 qua

2166 675 2312 730 ferre
2342 690 2456 730 non
2490 678 2677 746 potest
2705 674 2790 731 vel
2821 675 3028 730 duram
3051 675 3145 731 sui
3167 678 3427 748 corporis
3451 681 3814 752 servitutem,

2165 764 2251 820 vel
2275 762 2510 819 stultam
2535 762 2685 836 vulgi
2712 764 3047 836 opinionem
3075 783 3090 834 ;
3116 767 3417 836 majorque
3439 768 3674 825 animus
3698 787 3814 828 me-

2166 853 2276 910 rito
2296 853 2575 910 dicendus
2587 858 2691 921 est,
2709 855 2807 926 qui
2823 854 2997 910 vitam
3013 871 3401 913 arumnosam
3421 859 3609 930 magis
3629 864 3819 931 potest

2167 942 2334 1010 terre,
2351 958 2524 1013 quam
2546 942 2766 1013 fugere;
2783 948 2839 997 et
2860 943 3512 1015 humanumjudicium,
3535 949 3815 1006 maxime-

2166 1047 2277 1103 que
2290 1030 2548 1103 vulgare,
2563 1032 2716 1103 quod
2735 1033 3079 1104 plerumque
3093 1034 3340 1106 caligine
3353 1037 3564 1092 erroris
3579 1037 3818 1094 involvi-

2165 1126 2282 1189 tur,
2317 1137 2429 1192 pra
2461 1121 2831 1176 conscientia
2864 1121 2992 1176 luce
3023 1139 3090 1177 ac
3124 1123 3371 1194 puritate
3417 1132 3816 1185 contemnere.

2165 1210 2550 1273 Quamobrem
2571 1211 2616 1265 si
2638 1226 2850 1282 magno
2867 1211 3059 1267 animo
3078 1211 3199 1268 ﬁeri
3220 1215 3544 1284 putandum
3561 1223 3664 1284 est,
3679 1233 3815 1273 cum

2165 1301 2276 1356 sibi
2311 1299 2482 1356 homo
2504 1299 2713 1370 ingerit
2735 1304 3004 1365 mortem,
3028 1301 3126 1357 ille
3149 1303 3340 1373 potius
3364 1302 3768 1363 Cleombrotus
3791 1307 3810 1341 ί

2163 1391 2222 1446 in
2256 1390 2364 1447 hac
2393 1390 2571 1446 animi
2608 1391 3016 1462 magnitudine
3047 1392 3364 1464 reperitur;
3397 1410 3573 1465 quem
3612 1396 3810 1454 ferunt

2163 1477 2310 1534 lecto
2334 1479 2592 1536 Platonis
2616 1478 2784 1547 libro,
2808 1479 2907 1534 ubi
2931 1479 3000 1535 de
3022 1479 3451 1538 immortalitate
3471 1483 3675 1540 anima
3699 1485 3818 1542 dis-

2165 1568 2408 1640 putavit,
2432 1583 2494 1624 se
2517 1568 2872 1639 pracipitem
2896 1569 3124 1624 dedisse
3146 1570 3215 1624 de
3239 1586 3429 1640 muro,
3453 1579 3625 1644 atque
3647 1573 3726 1629 ita
3748 1589 3812 1630 ex

2165 1658 2274 1714 hac
2297 1657 2414 1714 vita
2437 1657 2721 1729 migrasse
2739 1658 2810 1713 ad
2833 1672 2982 1727 eam,
2999 1675 3174 1730 quam
3197 1659 3440 1716 credidit
3460 1677 3586 1717 esse
3609 1662 3814 1719 melio—

2165 1765 2308 1804 rem.
2335 1748 2487 1805 Nihil
2519 1749 2672 1805 enim
2706 1749 2952 1820 urgebat
2973 1757 3072 1805 aut
3094 1750 3468 1819 calamitatis,
3492 1757 3591 1808 aut
3613 1754 3814 1810 crimi-

2165 1838 2276 1905 nis,
2300 1853 2396 1894 seu
2427 1853 2646 1906 verum,
2671 1855 2770 1894 seu
2795 1837 3027 1905 falsum,
3055 1840 3207 1910 quod
3244 1854 3359 1894 non
3386 1841 3631 1898 valendo
3661 1844 3813 1901 ferre

2164 1943 2226 1983 se
2257 1928 2536 1995 auferret;
2561 1929 2658 1982 sed
2693 1928 2764 1982 ad
2798 1929 3213 1998 capessendam
3243 1935 3513 2000 mortem,
3537 1936 3707 2004 atque
3737 1935 3810 1989 ad

2165 2016 2340 2086 hujus
2355 2017 2482 2071 vita
2503 2015 3810 2086 suaviavincularumpendasolaadfuitanimi

2165 2106 2524 2176 magnitudo.
2549 2105 2710 2171 Quod
2741 2111 2937 2159 tamen
2973 2121 3179 2176 magne
3212 2107 3402 2176 potius
3433 2109 3647 2164 factum
3681 2125 3810 2165 esse

2164 2210 2335 2266 quam
2369 2195 2532 2261 bene,
2556 2195 2720 2249 testis
2746 2194 2796 2248 ei
2822 2194 3007 2264 potuit
3028 2210 3154 2250 esse
3178 2195 3335 2250 Plato
3359 2197 3500 2266 ipse,
3526 2214 3696 2269 quem
3723 2199 3810 2254 le-

2162 2287 2358 2354 gerat:
2385 2283 2483 2352 qui
2508 2282 2763 2353 profecto
2795 2281 2850 2336 id
2887 2282 3170 2354 praecipue
3204 2285 3694 2356 potissimumque
3727 2287 3805 2340 fe-

2161 2374 2360 2441 cisset,
2379 2374 2464 2428 vel
2483 2372 2658 2428 etiam
2685 2373 3083 2444 praecepisset;
3110 2373 3221 2429 nisi
3245 2390 3313 2430 ea
3336 2380 3546 2443 mente,
3570 2393 3680 2446 qua
3700 2376 3807 2432 im-

2159 2461 2570 2520 mortalitatem
2604 2461 2811 2516 anima
2843 2462 3008 2532 vidit,
3041 2479 3413 2534 nequaquam
3451 2465 3806 2537 faciendum,

2159 2553 2298 2623 quin
2331 2551 2502 2607 etiam
2537 2549 2966 2620 prohibendum
2997 2566 3127 2607 esse
3149 2552 3498 2623 judicasset.

2229 2643 2283 2696 2.
2317 2642 2568 2714 [XXIIL]
2601 2645 2673 2695 At
2720 2641 2874 2696 enim
2927 2641 3090 2697 multi
3142 2659 3204 2698 se
3253 2644 3694 2714 interemerunt,
3739 2662 3809 2702 ne

2158 2730 2218 2786 in
2251 2747 2460 2786 manus
2505 2729 2758 2785 hostium
2814 2731 3196 2802 pervenirent.
3234 2731 3358 2786 Non
3393 2734 3560 2788 modo
3589 2735 3809 2804 quari-

2161 2837 2288 2874 nius
2322 2823 2515 2874 utrum
2551 2818 2628 2874 sit
2653 2820 2895 2886 factum,
2919 2822 3015 2875 sed
3044 2826 3232 2875 utrum
3261 2821 3805 2880 fueritfaciendum.

2157 2909 2309 2963 Sana
2341 2908 2556 2980 quippe
2589 2907 2737 2962 ratio
2769 2911 2940 2964 etiam
2967 2910 3244 2980 exemplis
3266 2912 3672 2982 anteponenda
3694 2917 3801 2980 est,

2157 2997 2248 3052 cui
2271 2998 2506 3069 quidem
2523 3001 2578 3052 et
2594 2997 2846 3066 exempla
2861 2999 3234 3066 concordant,
3252 2999 3346 3053 sed
3370 2999 3469 3054 illa
3491 3016 3618 3070 qua
3641 3005 3801 3056 tanto

2155 3086 2416 3157 digniora
2449 3094 2584 3141 sunt
2616 3086 2959 3155 imitatione,
2993 3096 3207 3158 quanto
3250 3087 3658 3144 excellentiora
3693 3090 3802 3161 pie-

2155 3179 2292 3230 tate.
2319 3175 2443 3230 Non
2479 3175 2760 3244 fecerunt,
2784 3175 3156 3245 Patriarcha,
3192 3194 3303 3231 non
3339 3178 3656 3248 Propheta,
3690 3195 3801 3234 non

2150 3264 2411 3336 Apostoli
2434 3281 2446 3318 :
2467 3265 2602 3334 quia
2620 3270 2674 3319 et
2694 3265 2816 3336 ipse
2836 3265 3114 3320 Dominus
3132 3267 3417 3328 Christus,
3434 3268 3795 3338 quandoeos,

2153 3354 2202 3408 si
2227 3355 2683 3425 persecutionem
2706 3359 3069 3426 paterentur,
3087 3356 3281 3426 fugere
3303 3356 3610 3411 admonuit
3631 3358 3700 3412 de
3723 3358 3796 3412 ci-

2152 3443 2325 3498 vitate
2349 3443 2406 3496 in
2432 3443 2720 3499 civitatem
2743 3443 2957 3516 (Matth.
2979 3463 3032 3512 x,
3055 3446 3166 3515 23),
3198 3446 3381 3517 potuit
3402 3447 3717 3502 admonere
3735 3451 3799 3501 ut

2151 3532 2260 3587 sibi
2295 3548 2497 3586 manus
2547 3532 2846 3598 inferrent,
2881 3549 2950 3588 ne
2980 3533 3038 3587 in
3075 3550 3283 3588 manus
3319 3535 3795 3606 persequentium

2153 3622 2536 3693 pervenirent.
2561 3623 2730 3677 Porro
2748 3623 2797 3678 si
2822 3623 2928 3677 hoc
2952 3622 3047 3678 ille
3072 3640 3182 3678 non
3201 3623 3404 3693 jussit,
3428 3630 3527 3679 aut
3550 3624 3798 3691 monuit,

2152 3716 2214 3764 ut
2248 3727 2312 3766 eo
2345 3711 2513 3766 modo
2547 3712 2635 3766 sui
2669 3729 2736 3766 ex
2768 3712 2874 3768 hac
2905 3714 3022 3767 vita
3056 3712 3398 3784 migrarent,
3433 3715 3650 3785 quibus
3690 3714 3796 3768 mi-

2149 3801 2456 3870 grantibus
2482 3800 2810 3854 mansiones
2833 3806 3078 3855 aternas
3101 3819 3162 3857 se
3188 3808 3647 3873 praeparatarum
3672 3818 3798 3857 esse

2151 3889 2416 3958 promisit
2447 3889 2762 3960 (Joan.x1v,
2785 3891 2876 3958 '2);
2911 3891 3179 3962 qualibet
3210 3891 3470 3961 exempla
3500 3897 3799 3962 opponant

2147 3984 2346 4049 gentes
2369 3995 2498 4049 qua
2524 3981 2795 4049 ignorant
2814 3979 3019 4048 Deum,
3040 3981 3410 4036 manifestum
3438 3982 3652 4037 esthoc
3677 3999 3790 4036 non

2147 4066 2318 4120 licere
2348 4067 2673 4122 colentibus
2709 4084 2888 4122 unum
2925 4085 3118 4123 verum
3153 4069 3361 4125 Deum.

2144 4155 2378 4212 CAPUT
2403 4157 2595 4212 XXIII.
2625 4158 2873 4226 —-Quale
2898 4160 3208 4229 exemplum
3233 4163 3304 4214 sit
3338 4161 3576 4227 Catonis,
3599 4165 3694 4233 qui
3711 4179 3786 4227 se,

2330 4249 2618 4302 victoriam
2653 4248 2885 4303 Caesaris
2922 4263 3029 4303 non
3059 4251 3261 4318 ferens,
3296 4250 3598 4306 interemit.

2215 4336 2324 4391 Sed
2352 4341 2542 4392 tamen
2566 4337 2740 4391 etiam
2767 4336 2846 4390 illi
2873 4342 3078 4407 prater
3100 4337 3450 4406 Lucretiam,
3471 4340 3539 4394 de
3561 4356 3676 4410 qua
3697 4355 3789 4394 su-

2143 4441 2241 4495 pra
2256 4423 2396 4480 satis
2411 4427 2564 4496 quod
2581 4426 2882 4480 videbatur
2897 4425 3296 4492 diximus,non
3316 4426 3481 4482 facile
3497 4428 3787 4498 reperiunt

2143 4514 2213 4568 de
2235 4514 2402 4583 cujus
2423 4514 2731 4569 autoritate
2757 4516 3153 4585 prascribant,
3171 4516 3274 4571 nisi
3297 4515 3461 4570 illum
3483 4516 3786 4582 Catonem,

2141 4602 2239 4672 qui
2264 4617 2324 4657 se
2348 4601 2521 4657 Utica
2544 4601 2753 4657 occidit
2773 4605 2852 4672 (a)
2879 4619 2892 4657 :
2919 4619 3031 4659 non
3066 4603 3206 4674 quia
3231 4601 3390 4658 solus
3418 4603 3475 4657 id
3512 4603 3661 4667 fecit,
3686 4605 3788 4660 sed

2141 4689 2278 4761 quia
2307 4690 2392 4744 vir
2419 4691 2626 4746 doctus
2657 4696 2713 4744 et
2745 4692 2964 4763 probus
2995 4691 3317 4747 habebatur
3345 4692 3445 4763 (ὁ),
3481 4697 3546 4747 ut
3585 4693 3789 4749 merito

2141 4783 2370 4848 putetur
2392 4789 2540 4834 recte
2563 4779 2736 4835 etiam
2757 4779 2880 4836 ﬁeri
2903 4779 3153 4852 potuisse
3167 4779 3250 4836 vel
3270 4781 3603 4852 possequod
3631 4782 3783 4838 fecit.

2202 4955 2214 4986 ι
2251 4950 2414 5017 Vind.
2433 4953 2548 5017 Am.
2581 4955 2633 5002 et
2661 4966 2844 5017 omnes
2875 4966 3038 5017 prOpe
3066 4954 3210 5009 Mss,
3233 4953 3581 5002 Theobrotus.
3607 4952 3783 5002 Cicero

2133 5027 2254 5062 eum
2283 5014 2694 5064 Ambraciotam
2726 5014 3146 5074 CIeorhbrbtum,
3177 5019 3350 5065 vocat.

2194 5078 2272 5141 to.)
2314 5077 2431 5141 Fuit
2466 5077 2564 5141 ille
2611 5079 2736 5127 Cato
2775 5079 2949 5127 minor
2993 5079 3205 5128 Catonis
3252 5079 3470 5141 majoris
3502 5092 3780 5140 pronepos,

2142 5138 2616 5204 Uticensisdictus,
2648 5141 2775 5204 quia
2804 5142 3000 5195 Uticae.
3022 5156 3159 5204 quae
3191 5138 3383 5192 civitas
3403 5144 3483 5191 est
3502 5138 3566 5189 “in
3587 5138 3780 5198 Africa.

2129 5201 2295 5265 seipse
2323 5203 2529 5252 occidit.
2554 5204 2622 5250 De
2642 5201 2702 5250 eo
2724 5203 2921 5259 Livius,
2944 5201 3149 5252 libfil‘i
3175 5206 3399 5262 ;Cicero,
3433 5205 3526 5254 lib.
3563 5205 3583 5251 1
3609 5204 3781 5265 Ottic.,

2129 5276 2240 5326 cap.
2271 5263 2350 5323 3t,
2381 5267 2433 5314 et
2460 5267 2608 5314 Tusc.
2641 5266 2734 5314 lib.
2768 5265 2812 5324 1,
2842 5281 2885 5316 c.
2916 5266 2995 5316 30.

2193 5327 2264 5385 (b)
2293 5327 2503 5376 Catonis
2531 5328 2807 5390 utriusque
2836 5332 2888 5378 et
2915 5329 3220 5379 innocentia
3248 5334 3300 5379 et
3329 5329 3589 5391 sapientia
3620 5329 3783 5378 etiam

2129 5388 2182 5462 in
2215 5391 2553 5450 proverbium
2573 5388 2836 5440 abierunt.
2855 5393 3001 5442 Unde
3021 5396 3101 5442 est
3124 5394 3256 5440 illud
3287 5388 3427 5454 apud
3447 5393 3780 5466 iuvenalem,

2126 5450 2217 5498 lib.
2254 5451 2297 5504 1.
2331 5456 2427 5498 sat.
2460 5453 2508 5504 2.
2541 5468 2678 5502 vers.
2710 5455 2803 5504 4ος
2845 5472 2866 5500 ε
2898 5457 3102 5504 Tertius
3141 5470 3168 5503 e
3201 5455 3333 5503 cmlo
3361 5455 3549 5502 cectdit
3579 5454 3721 5503 Cato.
3753 5474 3779 5498 ι

2212 5491 2217 5497 .
2254 5461 2297 5505 1,
2331 5461 2427 5498 sat.
2460 5461 2508 5506 κ.
2541 5468 2678 5502 vers.
2710 5461 2803 5505 40:
2845 5472 2866 5500 ε
2898 5461 3102 5504 Tertius
3141 5470 3168 5503 e
3201 5461 3333 5503 cmlo
3361 5461 3549 5502 cecidit
3579 5461 3721 5503 Cato.
3753 5474 3779 5498 ι

2127 5513 2293 5579 liuius
2324 5515 2642 5575 probitatem
2672 5517 2904 5579 impense
2935 5520 3158 5566 laudant
3187 5516 3432 5579 Velleius
3454 5516 3781 5577 Paterculus,

2124 5575 2217 5623 lib.
2251 5574 2438 5641 ζώῃ.
2471 5579 2574 5637 45;
2630 5574 2842 5633 Seneca.
2892 5582 2983 5630 lib.
3033 5583 3097 5628 de
3145 5578 3551 5641 Tranquillitate
3594 5574 3780 5641 animi,

2125 5650 2238 5702 cap.
2275 5637 2332 5687 15
2357 5654 2367 5700 ;
2391 5637 2687 5693 Sallustius
2714 5644 2772 5694 in
2801 5644 3031 5701 Catilin,
3065 5655 3176 5706 cap.
3200 5641 3279 5701 54,
3301 5637 3364 5692 iet
3392 5640 3501 5690 alii.
