4128 6190
298 273 373 332 37
1135 240 1138 242 ⁷
1716 265 1950 327 LIBER
1991 263 2309 326 ramus.
3633 283 3710 343 38

301 411 376 463 De
417 407 594 478 cujus
632 405 786 461 facto
823 404 960 476 quid
1001 402 1370 474 potissimum
1411 402 1616 469 dicam,
1650 399 1764 456 nisi
1798 398 1953 471 quod

299 495 472 552 amici
489 497 624 565 ejus
647 495 824 549 etiam
851 492 1002 548 docti
1024 492 1263 564 quidam
1283 491 1416 559 viri,
1433 491 1532 562 qui
1554 490 1661 545 hoc
1685 489 1806 544 ﬁeri
1827 504 1958 558 pru-

298 585 539 641 dentius
573 581 1016 648 dissuadebant,
1052 580 1448 636 imbecillioris
1491 595 1669 651 quam
1702 577 1957 634 fortioris

303 675 487 730 animi
511 673 748 729 facinus
770 689 900 728 esse
924 675 1300 738 censuerunt,
1325 686 1438 741 quo
1457 671 1957 725 demonstraretur

305 780 422 820 non
439 764 714 819 honestas
727 762 919 832 turpia
934 760 1387 830 precavens,sed
1403 758 1706 814 inﬁrmitas
1720 756 1959 811 adversa

309 870 423 908 non
448 850 800 907 sustinens?
838 851 952 904 Hoc
983 855 1038 904 et
1068 849 1191 919 ipse
1217 851 1355 902 Cato
1391 847 1449 902 in
1483 864 1585 901 suo
1617 844 1957 900 charissimo

310 941 430 996 ﬁlio
453 940 756 997 indicavit.
771 939 917 994 Nam
938 939 983 993 si
1009 943 1067 992 tu
1080 953 1176 1008 rpe
1193 942 1315 992 erat
1328 937 1438 991 sub
1460 935 1700 991 victoria
1716 931 1957 988 Cesaris

307 1033 521 1097 vivere,
539 1048 640 1086 cur
658 1035 862 1085 auctor
880 1028 1052 1099 hujus
1070 1026 1450 1098 turpitudinis
1463 1027 1656 1097 pater‘
1685 1023 1801 1078 ﬁlio
1826 1023 1956 1091 fuit,

310 1136 487 1191 quem
504 1121 573 1176 de
587 1119 826 1175 Caesaris
842 1115 1403 1188 benignitateomnia
1416 1129 1646 1186 sperare
1660 1113 1960 1185 praecepit?

307 1225 414 1264 cur
436 1227 550 1264 non
587 1214 644 1264 et
676 1208 838 1262 illum
875 1223 1075 1262 secum
1108 1206 1295 1277 coegit
1323 1205 1390 1260 ad
1429 1204 1720 1259 mortem?
1743 1202 1885 1259 Nam
1910 1201 1958 1256 si

309 1316 446 1354 cum
475 1298 682 1364 ﬁlium,
704 1297 804 1367 qui
827 1299 1027 1352 contra
1049 1295 1357 1368 imperium
1389 1293 1446 1348 in
1481 1293 1704 1348 hostem
1737 1307 1956 1363 pugna-

306 1397 488 1452 verat,
530 1389 702 1442 etiam
737 1387 1014 1440 victorem
1047 1384 1421 1439 laudabiliter
1450 1384 1777 1452 Torquatus
1810 1380 1957 1435 occi-

308 1477 524 1547 dit(a);
559 1493 662 1531 cur
694 1475 874 1529 victus
907 1475 1058 1529 victo
1094 1473 1211 1528 ﬁlio
1242 1473 1496 1544 pepercit
1526 1473 1686 1536 Cato,
1719 1470 1815 1542 qui
1842 1487 1955 1525 non

309 1561 566 1634 pepercit
590 1559 742 1615 sibi?
763 1577 836 1614 an
870 1557 1101 1628 turpius
1123 1563 1246 1614 erat
1279 1565 1476 1613 contra
1500 1556 1812 1628 imperium
1833 1571 1960 1610 esse

312 1656 606 1719 victorem,
633 1666 808 1722 quam
843 1653 1046 1705 contra
1077 1649 1257 1704 decus
1280 1649 1426 1704 ferre
1449 1649 1721 1703 victorem
1740 1649 1767 1699 ?
1787 1645 1959 1700 Nullo

312 1741 487 1797 modo
526 1739 707 1812 igitur
735 1740 875 1795 Cato
907 1744 1074 1808 turpe
1105 1753 1231 1794 esse
1252 1737 1563 1808 judicavit,
1602 1737 1710 1791 sub
1743 1734 1960 1789 victore

311 1832 538 1886 Caesare
558 1830 780 1895 vivere;
804 1827 1065 1900 alioquin
1093 1827 1164 1882 ab
1199 1826 1305 1882 hac
1337 1826 1700 1896 turpitudine
1723 1829 1962 1895 paterno

312 1921 463 1975 ferro
478 1919 498 1952 ²
519 1918 702 1972 ﬁlium
722 1917 1011 1973 liberaret.
1028 1916 1174 1981 Quid
1194 1921 1283 1972 est
1298 1932 1456 1986 ergo,
1473 1915 1582 1970 nisi
1603 1915 1757 1985 quod
1775 1913 1961 1969 ﬁlium

314 2013 600 2080 quantum
617 2005 855 2072 amavit,
871 2006 964 2062 cui
985 2008 1139 2075 parci
1162 2022 1193 2059 a
1213 2005 1429 2060 Caesare
1451 2007 1507 2058 ct
1531 2003 1843 2074 spcravitet
1867 2018 1958 2057 vo-

308 2097 453 2165 luit;
475 2100 705 2152 tantum
739 2095 938 2168 gloriae
969 2095 1157 2166 ipsius
1178 2093 1442 2162 Caesaris,
1470 2108 1538 2147 ne
1560 2094 1632 2147 ab
1655 2090 1754 2146 illo
1784 2090 1956 2147 etiam

313 2188 426 2244 sibi
454 2192 882 2260 parceretur,ut
922 2188 1046 2258 ipse
1088 2186 1277 2240 Caesar
1311 2185 1523 2240 dixisse
1572 2185 1771 2253 fertur,
1809 2181 1956 2238 invi-

313 2278 401 2333 dit
420 2279 491 2348 (b)
515 2295 529 2344 ;
553 2281 676 2345 aut,
700 2281 763 2331 ut
786 2276 1006 2347 aliquid
1031 2291 1134 2330 nos
1157 2275 1358 2330 mitius
1381 2274 1666 2340 dicamus,
1689 2272 1962 2328 erubuit?

309 2366 547 2423 CAPUT
577 2364 1007 2432 XXIV.—Quod
1021 2365 1079 2418 in
1095 2380 1160 2419 ea
1178 2365 1406 2430 virtute,
1423 2379 1530 2434 qua
1549 2361 1788 2431 Regulus
1811 2361 1962 2417 Cato-

308 2471 376 2511 ne
398 2454 764 2526 praestantior
785 2452 918 2520 fuit,
942 2454 1109 2508 multo
1130 2455 1304 2524 magis
1324 2455 1607 2508 emineant
1631 2451 1960 2506 Christiani.

384 2543 818 2599 Noluntautem
835 2541 952 2609 isti,
967 2547 1168 2596 contra
1186 2559 1324 2612 quos
1339 2543 1593 2614 agimus,
1610 2546 1672 2596 ut
1692 2547 1963 2597 sanctum

307 2635 509 2690 virum
549 2630 680 2695 Job,
723 2632 820 2702 qui
863 2635 980 2685 tam
1033 2629 1322 2685 horrenda
1357 2631 1506 2686 mala
1544 2631 1604 2686 in
1648 2647 1755 2686 sua
1795 2644 1964 2686 Carne

316 2721 543 2795 perpeti
569 2720 792 2788 maluit,
809 2735 979 2790 quam
996 2718 1269 2774 illatasibi
1286 2725 1469 2775 morte
1482 2721 1755 2776 omnibus
1774 2737 1966 2777 carere

322 2809 707 2875 cruciatibus,
725 2807 810 2866 vel
825 2808 971 2864 alios
989 2814 1218 2864 sanctos
1239 2826 1308 2864 ex
1330 2810 1546 2864 nostris
1559 2809 1789 2865 Litteris
1811 2826 1969 2865 sum-

324 2918 420 2956 ma
446 2898 792 2956 auctoritate
813 2897 1178 2965 celsissimis,
1212 2899 1438 2970 ﬁdeque
1470 2899 1967 2970 dignissimis,qui

323 2988 1316 3060 captivitatemdominationemque
1331 2988 1584 3044 hostium
1602 2990 1766 3059 ferre,
1789 3005 1966 3060 quam

324 3078 434 3134 sibi
462 3093 658 3134 necem
696 3077 906 3132 inferre
944 3077 1301 3145 maluerunt,
1337 3077 1539 3133 Catoni
1572 3079 1966 3150 praeferamus:

325 3169 426 3223 sed
439 3184 506 3224 ex
523 3166 732 3222 litteris
746 3183 946 3222 eorum
959 3207 972 3232 ,
989 3167 1179 3222 eidem
1193 3165 1278 3222 illi
1293 3166 1483 3222 Marco
1497 3167 1694 3223 Catoni
1710 3167 1970 3223 Marcum

328 3259 619 3329 Regulum
641 3256 1030 3328 praeferamus.
1045 3257 1183 3313 Cato
1197 3256 1353 3311 enim
1370 3273 1670 3328 nunquam
1686 3257 1969 3314 Caesarem

326 3349 564 3415 vicerat,
588 3346 682 3401 cui
699 3347 883 3401 victus
902 3345 1248 3414 dedignatus
1266 3351 1354 3401 est
1373 3346 1578 3418 subjici
1595 3352 1674 3414 ,et
1691 3362 1760 3402 ne
1783 3349 1913 3419 subj
1927 3349 1974 3402 i-

326 3434 829 3506 ceretur,aseipso
853 3426 1251 3501 elegitoccidi:
1279 3434 1536 3506 Regulus
1559 3443 1750 3490 autem
1766 3437 1974 3492 Poenos

319 3526 446 3595 jam
464 3523 1068 3595 vicerat,imperioque
1081 3524 1646 3580 RomanoRomanus
1662 3524 1976 3594 imperator

329 3631 447 3669 non
463 3629 531 3668 ex
552 3613 776 3668 civibus
794 3611 1122 3678 dolendam,
1138 3616 1234 3668 sed
1249 3630 1315 3668 ex
1337 3613 1604 3670 hostibus
1618 3614 1973 3670 laudandam

328 3702 633 3758 victoriam
667 3705 1084 3773 reportaverat;
1120 3703 1190 3758 ab
1213 3704 1297 3759 eis
1323 3709 1517 3759 tamen
1543 3709 1738 3774 postea
1765 3706 1970 3770 victus,

332 3794 654 3849 maluiteos
681 3795 822 3849 ferre
847 3793 1171 3860 serviendo,
1189 3811 1361 3864 quam
1385 3795 1468 3850 eis
1484 3811 1546 3850 se
1566 3795 1791 3850 auferre
1806 3795 1977 3850 mori-

332 3881 760 3939 endo.Proinde
773 3882 1020 3938 servavit
1037 3887 1094 3938 et
1107 3883 1215 3938 sub
1229 3882 1774 3954 Carthaginensium
1789 3883 1975 3938 domi-

332 3973 569 4028 natione
587 3972 952 4043 patientiam,
969 3973 1095 4028 etin
1112 3973 1506 4028 Romanorum
1526 3972 1834 4028 dilectione
1851 3990 1979 4028 con-

330 4062 741 4128 stantiam,nec
755 4063 968 4117 victum
982 4063 1251 4118 auferens
1269 4078 1478 4133 corpus
1491 4064 1562 4117 ab
1576 4062 1979 4130 hostibus,nec

329 4152 558 4207 invictu
572 4167 622 4206 m
641 4154 899 4206 animum
917 4169 948 4206 a
966 4151 1210 4207 civibus.
1237 4156 1350 4208 Nec
1364 4153 1516 4224 quod
1534 4169 1595 4207 se
1613 4152 1872 4208 occidere
1886 4169 1982 4208 no-

329 4242 610 4309 luit,vitze
626 4242 796 4311 hujus
817 4257 1010 4296 amore
1034 4242 1184 4297 fecit.
1217 4243 1328 4297 i‘loc
1352 4241 1633 4314 probavit,
1650 4257 1781 4296 cum
1807 4258 1981 4297 causa

329 4330 615 4404 promissi
655 4331 920 4401 jurisque
943 4330 1182 4401 jurandi
1219 4330 1290 4385 ad
1328 4331 1557 4385 eosdem
1598 4330 1807 4398 hostes,
1833 4347 1981 4400 quos

328 4422 576 4494 gravius
605 4421 662 4474 in
697 4425 900 4474 senatu
925 4419 1112 4474 verbis
1141 4435 1315 4490 quam
1340 4419 1398 4473 in
1424 4418 1574 4474 bello
1598 4419 1778 4474 armis
1801 4419 1983 4474 offen-

329 4514 524 4578 derat,
546 4511 677 4566 sine
699 4509 816 4566 ulla
839 4510 1200 4565 dubitatione
1225 4510 1522 4565 remeavit.
1548 4511 1772 4564 Tantus
1790 4511 1983 4580 itaque

329 4601 464 4654 vitae
481 4599 658 4670 hujus
673 4603 1060 4670 contemptor,
1077 4614 1206 4654 cum
1221 4598 1594 4653 saevientibus
1611 4598 1867 4653 hostibus
1883 4613 1985 4668 per

329 4689 635 4762 quaslibet
671 4706 868 4760 poenas
899 4706 1022 4745 eam
1057 4689 1246 4753 finire,
1271 4705 1448 4760 quam
1472 4705 1533 4744 se
1554 4689 1678 4760 ipse
1702 4689 1984 4760 perimere

328 4778 577 4844 maluit;
605 4794 882 4848 magnum
914 4777 1108 4833 scelus
1131 4793 1279 4845 esse,
1305 4777 1348 4832 si
1383 4793 1444 4832 se
1475 4777 1649 4832 homo
1671 4777 1983 4842 interimat,

329 4866 541 4942 procul
555 4867 761 4939 dubioj
774 4866 1037 4923 udicavit.
1057 4867 1210 4922 Inter
1223 4883 1428 4922 omnes
1442 4883 1580 4923 suos
1596 4867 1912 4922 laudabiles
1929 4871 1983 4922 et

403 5049 418 5083 1
454 5045 590 5106 Vox,
614 5045 978 5109 pa-ter,gabest
1004 5059 1035 5094 a
1063 5045 1458 5109 manuscriptis.

398 5109 419 5141 ³
452 5107 671 5169 Aliquot
700 5107 840 5160 libri.
864 5117 1102 5170 paterno
1129 5107 1344 5169 furore.

396 5175 474 5228 (α)
509 5170 692 5219 Manlii
721 5171 972 5234 Torquati
988 5173 1238 5230 consulis,
1261 5172 1354 5234 qui
1373 5170 1630 5219 Manlium
1651 5170 1988 5234 filium,un

322 5237 522 5285 contra
554 5234 784 5283 edictum
805 5237 1153 5296 pugnaverat,
1191 5233 1404 5284 tametsi
1431 5247 1690 5296 prospere,
1724 5233 1895 5296 securi
1922 5233 1991 5296 fe-

320 5298 426 5347 riri
442 5297 622 5358 jussit,
646 5293 1103 5349 meminit’Livius.
1122 5298 1196 5345 lib
1235 5297 1283 5353 8,
1307 5293 1464 5358 cap.7
1486 5311 1498 5356 ;
1517 5293 1575 5345 Αἶ
1592 5296 1809 5352 Gellius,
1830 5293 1987 5356 lib.9,

321 5374 450 5421 cap.
485 5358 576 5415 13;
608 5359 850 5422 Valerius
878 5361 1034 5414 Max.,
1066 5360 1158 5409 lib.
1194 5360 1242 5418 2,
1275 5375 1386 5422 cap.
1418 5359 1464 5408 7.

397 5420 469 5479 (bl
503 5421 774 5471 Intellecta
815 5426 982 5472 morte
1030 5424 1244 5472 Catonis
1273 5420 1468 5471 diiisse
1499 5421 1684 5474 fertur,
1719 5420 1758 5469 0
1789 5420 1986 5475 Kato-n,

319 5483 580 5546 phthono’
609 5485 690 5532 sui
720 5491 812 5533 ιιιιά
843 5485 1132 5539 thanatou,
1165 5486 1260 5534 kai
1288 5501 1393 5546 ραν
1416 5485 1556 5531 cmui
1586 5499 1652 5530 su
1686 5487 1761 5530 tés
1789 5487 1992 5546 sautoj‘t

319 5543 570 5595 ratariae
618 5547 993 5606 ephthonésas,
1048 5543 1362 5598 Plutarch—us
1406 5548 1462 5594 in
1509 5546 1722 5602 Catone,
1768 5559 1877 5608 cap.
1909 5543 1990 5592 72.

315 5609 628 5675 Appianus.
661 5609 725 5659 de
753 5611 910 5661 Bellis
939 5611 1188 5662 civilibus
1221 5611 1312 5660 lib.
1345 5609 1392 5665 2,
1427 5621 1540 5671 cap.
1570 5608 1650 5658 99.

2065 398 2708 475 virtutum'insignibus
2724 405 2983 463 illustres
2996 408 3147 464 viros
3159 425 3271 466 non
3289 412 3591 482 proferunt
3608 414 3712 470 Ro-

2063 489 2220 544 mani
2237 491 2533 548 meliorem
2552 511 2565 561 ;
2583 511 2752 565 quem
2769 513 2954 568 neque
2971 497 3217 555 felicitas
3230 503 3712 572 corruperit,nam

2066 578 2123 632 in
2145 582 2308 634 tanta
2320 580 2562 637 victoria
2579 585 3217 656 mansitpauperrimus
3230 590 3310 658 (α)
3326 613 3340 656 ;
3357 606 3462 646 nec
3476 590 3716 649 infelici-

2064 667 2153 720 tas
2179 666 2432 738 fregerit,
2465 686 2597 724 nam
2623 671 2693 724 ad
2723 677 2878 728 tanta
2901 673 3076 729 exitia
3109 677 3342 733 revertit
3362 677 3712 751 intrepidus.

2065 753 2237 809 Porro
2253 756 2298 809 si
2315 756 2610 813 fortissimi
2626 763 2680 814 et
2696 762 3247 830 praeclarissimiviri
3264 775 3502 822 terrenae
3522 769 3714 840 patria

2067 843 2419 913 defensores,
2436 847 2798 920 deorumque
2815 851 2948 906 licet
2963 852 3258 922 falsorum,
3274 871 3384 910 non
3403 862 3595 913 tamen
3614 859 3713 913 fal-

2066 931 2220 988 laces
2257 933 2646 1003 cultores,sed
2674 939 3030 995 veracissimi
3064 943 3239 998 etiam
3267 945 3578 1013 juratores,
3612 948 3713 1019 qui

2069 1021 2257 1079 hostes
2281 1024 2460 1078 victos
2484 1041 2640 1082 more
2661 1043 2727 1082 ac
2751 1028 2885 1096 jure
2910 1029 3044 1084 belli
3075 1031 3246 1087 ferire
3283 1038 3617 1104 potuerunt,
3654 1036 3712 1091 hi

2067 1111 2138 1167 ab
2164 1111 2434 1168 hostibus
2467 1115 2598 1168 victi
2637 1132 2698 1171 se
2729 1116 2889 1184 ipsos
2921 1118 3090 1174 ferire
3124 1119 3436 1176 noluerunt
3457 1137 3469 1186 ;
3493 1128 3549 1179 et
3579 1139 3712 1178 cum

2070 1205 2315 1255 mortem
2334 1203 2567 1258 minime
2582 1204 3716 1272 formidarent,victorestamendominos

2069 1289 2237 1360 ferre,
2254 1307 2428 1361 quam
2452 1308 2578 1348 eam
2604 1293 2713 1348 sibi
2734 1294 2946 1352 inferre
2971 1297 3336 1353 maluerunt:
3361 1304 3576 1369 quanto
3598 1317 3717 1356 ma-

2068 1380 2156 1449 gis
2173 1379 2487 1434 Christiani
2505 1397 2698 1438 verum
2718 1385 2829 1439 Deu
2843 1402 2892 1440 m
2911 1385 3161 1442 colentes
3173 1391 3502 1457 etsupernas
3517 1388 3716 1457 patrie

2069 1470 2446 1538 saepirentes,
2467 1469 2537 1524 ab
2565 1471 2669 1526 hoc
2699 1471 2950 1529 facinore
2977 1478 3398 1547 temperabunt,
3425 1476 3473 1532 si
3492 1493 3588 1534 eos
3617 1477 3714 1532 di-

2068 1558 2202 1612 vina
2220 1557 2525 1630 dispositio
2541 1559 2625 1615 vel
2645 1563 2974 1633 probandos
2990 1564 3070 1619 vel
3087 1566 3478 1620 emendandos
3493 1567 3562 1621 ad
3579 1571 3717 1622 tem-

2072 1663 2177 1719 pus
2192 1647 2454 1704 hostibus
2468 1649 2886 1722 subjugaverit;
2909 1669 3052 1725 quos
3072 1653 3127 1708 in
3146 1653 3244 1709 illa
3257 1654 3290 1710 h
3303 1654 3586 1711 umilitate
3600 1672 3716 1711 non

2070 1737 2307 1802 deserit,
2332 1736 2430 1808 qui
2455 1744 2690 1810 propter
2708 1757 2805 1796 eos
2827 1744 2946 1797 tam
2976 1743 3268 1799 humiliter
3291 1744 3469 1811 venit,
3492 1743 3714 1800 Altissi-

2075 1842 2240 1894 mus;
2267 1826 2580 1896 praesertim
2596 1845 2742 1899 quos
2765 1830 2987 1886 nullius
3007 1833 3273 1887 militaris
3297 1833 3603 1904 potestatis
3623 1831 3714 1889 vel

2073 1915 2209 1971 talis
2232 1915 2599 1986 militieejura
2618 1921 3051 1992 constringunt,
3077 1922 3270 1993 ipsum
3296 1921 3522 1978 hostem
3547 1922 3715 1978 ferire

2068 2014 2411 2079 superatum
2435 2009 2494 2064 9?
2518 2008 2728 2082 [XXV.]
2753 2011 2890 2077 Quis
2917 2028 3052 2083 ergo
3075 2017 3191 2068 tam
3216 2012 3404 2067 malus
3427 2029 3587 2069 error
3607 2015 3712 2068 ob-

2068 2098 2236 2169 repit,
2262 2103 2327 2152 ut
2350 2098 2525 2154 homo
2549 2116 2609 2154 se
2643 2100 2886 2167 occidat,
2906 2101 2996 2156 vel
3027 2102 3162 2173 quia
3193 2102 3251 2157 in
3270 2119 3402 2157 eum
3431 2103 3712 2172 peccavit,

2069 2188 2154 2241 vel
2180 2203 2251 2242 ne
2272 2186 2329 2242 in
2353 2204 2488 2242 eum
2524 2195 2717 2258 peccet
2741 2189 3046 2258 inimicus;
3071 2207 3203 2246 cum
3238 2191 3323 2246 vel
3351 2196 3712 2263 peccatorem

2070 2275 2155 2330 vel
2172 2283 2540 2347 peccaturum
2557 2276 2742 2348 ipsum
2760 2279 3018 2334 occidere
3032 2296 3144 2335 non
3162 2280 3366 2335 audeat
3380 2278 3716 2334 inimicum?

2070 2365 2303 2422 CAPUT
2342 2365 2510 2420 XXV.
2553 2397 2617 2408 —
2665 2368 2813 2435 Quod
2845 2376 3120 2437 peccatum
3153 2385 3260 2422 non
3293 2384 3391 2438 per
3430 2372 3714 2440 peccatum

2634 2456 2824 2510 debeat
2864 2457 3153 2513 declinari.

2148 2548 2218 2599 At
2238 2545 2394 2601 enim
2411 2546 2734 2600 timendum
2749 2550 2901 2600 estet
2921 2547 3262 2614 cavendum,
3280 2545 3594 2601 nelibidini
3619 2545 3720 2601 ho-

2076 2632 2194 2688 stili
2209 2633 2444 2690 subdita
2458 2651 2510 2688 m
2534 2650 2743 2704 corpus
2759 2633 3266 2690 illecebrosissima
3279 2636 3574 2706 voluptate
3591 2636 3715 2691 ani-

2077 2737 2238 2778 mum
2265 2723 2484 2779 alliciat
2506 2724 2833 2778 consentire
2851 2733 3109 2796 peccato.
3131 2724 3400 2793 Proinde,
3417 2723 3715 2796 inquiunt,

2077 2812 2321 2882 nonjam
2340 2819 2567 2883 pr0pter
2583 2811 2961 2880 alienum,sed
2980 2817 3394 2886 proptersuum
3419 2816 3718 2884 peccatum

2077 2906 2386 2971 antequam
2405 2902 2512 2957 hoc
2537 2903 2783 2974 quisque
2802 2903 3143 2968 committat,
3161 2919 3220 2958 se
3244 2904 3414 2957 debet
3434 2902 3716 2958 occidere.

2077 2991 2247 3047 Nullo
2273 2992 2441 3046 modo
2461 2992 2692 3062 quidem
2715 2993 2822 3048 hoc
2847 2993 3016 3047 faciet
3034 2992 3288 3057 animus,
3315 2996 3376 3046 ut
3397 2992 3722 3047 consentiat

2078 3079 2305 3135 libidini
2324 3081 2514 3136 carnis
2531 3098 2648 3136 suae
2663 3081 2852 3136 aliena
2873 3081 3109 3136 libidine
3123 3081 3422 3138 concitata
3435 3081 3477 3146 ³,
3495 3081 3594 3151 qui
3609 3082 3722 3136 Deo

2081 3169 2276 3241 potius
2291 3169 2534 3240 ejusque
2547 3170 2844 3241 sapientiae
2860 3186 3033 3241 quam
3050 3169 3304 3242 corporis
3318 3186 3496 3226 concu
3509 3169 3724 3239 piscan-

2080 3258 2171 3312 tiaa
2195 3259 2496 3328 subjectus
2515 3263 2619 3314 est.
2634 3258 2783 3314 Veru
2797 3264 3052 3315 mtamen
3070 3259 3116 3315 si
3137 3259 3478 3314 detestabile
3498 3259 3725 3314 facinus

2082 3352 2138 3403 et
2159 3347 2494 3404 damnabile
2508 3348 2698 3404 scelus
2713 3355 2821 3412 est.
2837 3349 3011 3404 etiam
3033 3364 3092 3404 se
3108 3349 3300 3419 ipsum
3320 3349 3616 3405 hominem
3632 3365 3727 3404 oc-

2084 3436 2292 3504 cidere,
2311 3437 2460 3492 sicut
2474 3438 2680 3492 veritas
2697 3437 3006 3493 manifesta
3025 3437 3360 3508 proclamat;
3377 3441 3509 3508 quis
3527 3437 3608 3493 ita
3626 3438 3723 3492 de-

2085 3525 2278 3596 sipiat,
2304 3529 2365 3580 ut
2389 3526 2561 3591 dicat,
2583 3527 2708 3580 lam
2741 3542 2894 3581 nunc
2927 3541 3250 3596 peccemus,
3271 3543 3342 3581 ne
3367 3533 3563 3596 postea
3587 3527 3729 3582 forte

2086 3630 2422 3684 peccemus;
2448 3616 2574 3685 jam
2607 3632 2761 3671 nunc
2793 3622 3193 3686 perpetremus
3229 3614 3630 3681 homicidium,
3657 3629 3728 3668 ne

2086 3704 2227 3758 forte
2247 3709 2445 3774 postea
2467 3704 2798 3758 incidamus
2821 3703 2879 3757 in
2904 3702 3252 3757 adulterium
3269 3702 3296 3754 ?
3318 3705 3519 3756 Nonne
3538 3700 3585 3755 si
3610 3706 3730 3756 tan-

2086 3797 2211 3847 tum
2236 3791 2569 3846 dominatur
2591 3792 2894 3861 iniquitas,
2917 3799 2974 3845 ut
2997 3807 3108 3844 non
3134 3789 3486 3857 innocentia,
3507 3789 3605 3844 sed
3632 3805 3732 3859 po-

2085 3882 2203 3937 tius
2229 3885 2459 3950 peccata
2479 3880 2787 3951 eligantur,
2814 3879 3000 3935 satius
3021 3886 3106 3934 est
3131 3879 3413 3933 incertum
3437 3879 3506 3933 dc
3531 3878 3723 3933 futuro

2089 3969 2655 4038 adulterium,quam
2682 3973 2901 4023 certum
2927 3968 2997 4023 de
3022 3967 3286 4039 praesenti
3310 3966 3725 4022 homicidium?

2089 4073 2278 4114 nonne
2295 4058 2479 4112 satius
2493 4063 2578 4112 est
2593 4057 2878 4128 ﬂagitium
2895 4073 3017 4112 com
3029 4056 3428 4126 mittere,quod
3451 4055 3726 4127 pmniten-

2089 4151 2162 4206 do
2186 4152 2446 4215 sanetur,
2463 4164 2634 4220 quam
2657 4149 2767 4202 tale
2785 4148 3009 4203 facinus
3030 4146 3123 4202 ubi
3151 4145 3310 4201 locus
3332 4145 3582 4201 salubris
3609 4162 3730 4216 pce-

2091 4238 2350 4294 nitentiae
2384 4253 2499 4292 non
2532 4235 2923 4308 relinquitur?
2953 4238 3077 4290 llaac
3111 4234 3228 4290 dixi
3262 4243 3495 4306 propter
3524 4251 3621 4290 eos
3643 4231 3729 4289 vel

2090 4341 2211 4394 eas,
2249 4342 2374 4396 quae
2414 4341 2529 4380 non
2562 4324 2757 4393 alieni,
2792 4325 2893 4379 sed
2928 4323 3146 4396 proprii
3187 4324 3404 4395 peccati
3440 4322 3733 4377 devitandi

2090 4432 2286 4482 causa,
2322 4431 2395 4471 ne
2425 4415 2530 4470 sub
2566 4414 2807 4469 alterius
2837 4414 3082 4469 libidine
3113 4415 3286 4468 etiam
3323 4413 3579 4468 excitatas
3619 4429 3733 4466 suas

2092 4507 2235 4562 forte
2257 4503 2645 4572 consentiant,
2669 4503 2783 4558 vim
2813 4503 2947 4570 sibi,
2968 4519 3082 4574 qua
3113 4502 3456 4569 moriantur,
3479 4501 3734 4555 inferen-

2093 4596 2222 4651 dam
2251 4599 2477 4666 putant.
2497 4593 2777 4648 Caeterum
2803 4592 2956 4647 absit
2979 4609 3012 4647 a
3037 4596 3224 4648 mente
3247 4591 3588 4657 christiana,
3611 4603 3736 4660 quae

2045 4698 2049 4703 '
2092 4689 2206 4741 Deo
2230 4698 2333 4738 suo
2357 4683 2484 4736 ﬁdit
2502 4681 2544 4748 ⁴,
2570 4684 2626 4736 in
2652 4697 2835 4752 eoque
2854 4696 2954 4750 spe
2971 4680 3158 4750 posita
3181 4679 3308 4750 ejus
3333 4678 3622 4749 adjutorio
3645 4677 3736 4733 ni-

2093 4775 2262 4840 titur;
2283 4773 2456 4839 absit,
2477 4772 2739 4842 inquam,
2759 4774 2822 4825 ut
2842 4785 3010 4826 mens
3025 4768 3159 4824 talis
3182 4767 3500 4838 cujuslibet
3519 4767 3738 4823 3carnis

2059 4940 2062 4944 η
2097 4862 2493 4934 voluptatibus
2509 4861 2580 4916 ad
2596 4875 2874 4916 consensu
2887 4876 2941 4914 m
2967 4858 3349 4930 turpitudinis
3373 4858 3556 4913 cedat.
3577 4855 3740 4921 Quod

2162 5041 2176 5072 ’ί
2209 5036 2354 5093 Mss.,
2387 5033 2634 5082 virtutis.

2160 5099 2180 5132 2
2210 5098 2364 5147 Vind.
2412 5099 2525 5145 Am.
2570 5097 2654 5144 Er.
2705 5097 2757 5145 ct
2785 5095 2963 5158 plures
3002 5094 3109 5143 Mss
3137 5130 3147 5148 ,
3193 5096 3346 5155 ferre
3377 5098 3740 5155 superatum:

2097 5163 2275 5211 minus
2304 5160 2453 5209 bene.

2161 5227 2182 5259 3
2211 5225 2427 5287 Aliquot
2454 5223 2597 5280 Mss.,
2633 5221 2956 5287 concitante.
2983 5219 3046 5268 Et
3062 5220 3222 5287 paulo
3245 5220 3364 5282 post
3391 5217 3625 5287 plerique
3651 5215 3743 5287 ha-

2098 5290 2242 5344 bent,
2273 5279 2442 5350 qimm
2473 5285 2690 5346 corpori
2723 5279 3305 5350 concupisccﬁtiqeqzle
3340 5279 3619 5350 subjectus
3646 5285 3742 5350 est.

2099 5379 2156 5386 —
2187 5341 2297 5398 Ms:
2313 5349 2423 5406 766,
2455 5341 2614 5410 quain
2645 5347 2861 5406 corpori
2886 5341 3557 5410 uoluptatiqz—zcsuojectus
3578 5341 3744 5390 “LM.

2164 5414 2183 5447 4
2217 5404 2528 5474 Ξοὶᾶβᾶἱίίο
2559 5411 2681 5458 Lov.
2729 5404 2878 5474 Quae
2900 5404 3102 5474 riitnDeO
3128 5404 3229 5474 sita
3258 5404 3399 5465 ﬁdit.
3424 5464 3456 5474 η
3547 5466 3580 5474 Ἠ

2164 5476 2183 5508 5
2216 5474 2300 5522 Sic
2327 5473 2478 5520 Vind.
2511 5474 2626 5520 Am.
2647 5474 2699 5520 et
2727 5464 2848 5520 Mss.
2883 5472 2950 5519 At
2976 5470 3059 5517 Er.
3092 5471 3144 5518 et
3172 5464 3318 5526 Lov.,
3336 5464 3748 5528 quibuslibet.—

2101 5537 2184 5586 Sic
2210 5536 2371 5585 etiam
2400 5535 2492 5583 Ms.
2523 5533 2632 5584 766.
2664 5534 2733 5583 M.

2164 5599 2235 5659 (α)
2252 5599 2379 5647 Vide
2391 5597 2502 5646 Liv.
2517 5597 2609 5646 lib.
2633 5596 2688 5647 18
2701 5597 2928 5661 epitome
2947 5611 2958 5656 ;
2976 5597 3029 5645 et
3040 5592 3211 5641 Valer.
3225 5589 3458 5648 Maxim.,
3473 5591 3565 5642 lib.
3579 5594 3626 5651 4.
3640 5606 3684 5644 o.
3699 5593 3744 5641 ι.
