4142 6186
396 305 474 364 39
1445 303 1543 365 DE
1588 301 1952 364 CIVITATE
1995 298 2147 373 DEI,
2198 298 2259 360 S.
2307 298 2733 364 AUGUSTINI
3014 318 3019 321 '
3722 305 3801 365 40

395 440 445 497 si
476 439 579 496 illa
598 438 1152 512 concupiscentialis
1176 436 1734 507 inohedientia,quas
1761 434 1958 491 adhuc
1980 434 2041 490 in

398 530 684 587 membris
708 528 1081 586 moribundis
1102 527 1346 595 habitat,
1372 533 1579 596 praeter
1596 528 1807 582 nostrae
1827 524 1917 580 vol
1934 541 2040 580 un-

396 618 540 676 tatis
562 618 748 691 legem
776 618 943 691 quasi
978 617 1102 689 lege
1134 631 1239 671 sua
1274 619 1568 683 movetur;
1608 618 1822 685 quanto
1856 613 2042 686 magis

401 707 620 778 absque
662 707 831 779 culpa
860 714 942 763 est
984 706 1041 760 in
1084 718 1323 775 corpore
1362 720 1478 759 non
1517 703 1961 769 consentientis,
1993 701 2041 758 si

402 798 620 868 absque
651 796 823 867 culpa
848 803 930 850 est
960 795 1017 849 in
1050 807 1290 864 corpore
1321 791 1707 849 dormientis?

403 887 629 943 CAPUT
658 884 847 941 XXVI.
892 914 941 923 —-
967 883 1039 936 De
1068 882 1150 937 his
1185 896 1311 953 qua
1330 883 1456 954 ﬁeri
1489 898 1593 938 non
1630 883 1812 947 licent,
1847 898 1973 938 cum
2008 897 2043 935 a

471 974 677 1032 sanctis
705 976 856 1044 facta
879 976 1199 1042 noscuntur,
1223 988 1327 1045 qua
1360 973 1572 1029 ratione
1598 974 1746 1044 facta
1774 970 2044 1027 credenda

470 1067 603 1120 sint.

468 1152 579 1207 Sed
614 1151 902 1223 quaedam,
946 1150 1242 1223 inquiunt,
1281 1155 1494 1207 sanctas
1528 1151 1752 1207 feminas
1787 1157 2044 1221 tempore

397 1241 840 1314 persecutionis,
880 1248 939 1297 ul
971 1240 1347 1297 insectatores
1370 1256 1488 1296 suae
1513 1238 1804 1311 pudicitiae
1826 1238 2044 1294 devita-

398 1335 547 1398 rent,
562 1331 617 1387 in
637 1334 940 1403 rapturum
960 1335 1137 1401 atque
1153 1335 1493 1386 necaturum
1515 1346 1575 1385 se
1589 1330 1827 1385 ﬂuvium
1853 1328 2039 1399 proje-

399 1425 636 1488 cerunt;
660 1436 844 1491 eoque
868 1419 1036 1474 modo
1061 1420 1349 1475 defunctae
1375 1424 1532 1484 sunt,
1549 1433 1869 1488 earumque
1886 1433 2036 1472 mar-

397 1507 628 1581 tyriain
664 1508 944 1565 catholica
978 1507 1232 1563 Ecclesia
1264 1508 1633 1563 veneratione
1662 1505 2043 1563 celeberrima

398 1599 837 1670 frequentantur
854 1598 950 1669 (α).
969 1598 1046 1653 De
1064 1597 1156 1653 his
1171 1597 1315 1653 nihil
1330 1602 1543 1653 temere
1555 1596 2038 1669 audeojudicare.

398 1688 602 1744 Utrum
630 1688 784 1743 enim
811 1686 1076 1744 Ecclesiaa
1098 1686 1394 1759 aliquibus
1416 1687 1528 1742 ﬁde
1550 1687 1744 1759 dignis
1766 1685 2044 1741 testifica-

399 1777 674 1845 tionibus,
709 1782 775 1832 ut
802 1793 999 1833 earum
1046 1776 1385 1832 memoriam
1428 1775 1511 1832 sic
1550 1775 1809 1844 honoret,
1848 1774 2045 1830 divina

398 1866 754 1938 persuaserit
788 1865 1122 1930 auctoritas,
1158 1865 1384 1920 nescio:
1419 1869 1477 1920 et
1512 1864 1633 1919 fieri
1659 1868 1848 1936 potest
1881 1867 1944 1917 ut
1966 1864 2046 1918 ita

399 1955 495 2010 sit.
519 1953 665 2019 Quid
690 1954 738 2009 si
761 1954 913 2009 enim
941 1953 1048 2008 hoc
1073 1955 1351 2019 fecerunt,
1378 1971 1490 2008 non
1513 1953 1847 2008 humanitus
1873 1951 2044 2007 dece-

399 2047 533 2115 ptae,
557 2044 654 2099 sed
679 2042 957 2097 divinitus
982 2043 1151 2111 iussae
1173 2059 1187 2108 ;
1213 2057 1317 2097 nec
1339 2046 1620 2108 errantes,
1647 2042 1747 2096 sed
1770 2040 2044 2096 obedien-

397 2132 524 2189 tes?
544 2133 696 2187 sicut
726 2132 798 2186 de
819 2131 1099 2186 Samsone
1122 2130 1281 2186 aliud
1308 2132 1472 2186 nobis
1496 2132 1579 2186 fas
1603 2147 1716 2184 non
1744 2135 1829 2186 est
1854 2128 2048 2185 crede-

398 2237 457 2277 re
474 2222 567 2293 (b).
583 2221 728 2276 Cum
754 2224 946 2276 autem
967 2220 1118 2275 Deus
1134 2220 1327 2290 jubet,
1348 2235 1524 2289 seque
1542 2219 1747 2289 jubere
1766 2218 1891 2275 sine
1907 2217 2044 2273 ullis

398 2310 747 2381 ambagibus
772 2308 1182 2379 intimat;quis
1203 2308 1588 2364 obedientiam
1614 2308 1672 2362 in
1697 2306 1918 2362 crimen
1943 2323 2041 2361 vo-

398 2399 527 2454 cet?
555 2398 690 2469 quis
715 2396 1063 2469 obsequium
1089 2397 1323 2465 pietatis
1345 2397 1618 2452 accuset?
1640 2396 1748 2452 Sed
1777 2412 1890 2451 non
1915 2395 2043 2450 ideo

398 2488 524 2544 sine
547 2486 762 2543 scelere
786 2488 940 2553 facit,
960 2487 1233 2559 quisquis
1265 2487 1381 2543 Deo
1411 2486 1714 2542 immolare
1739 2486 1916 2540 ﬁlium
1942 2485 2042 2540 de-

400 2578 664 2645 creverit,
689 2576 824 2647 quia
846 2576 953 2632 hoc
975 2576 1269 2631 Abraham
1293 2575 1463 2631 etiam
1492 2576 1858 2631 laudabiliter
1887 2574 2036 2631 fecit.

400 2666 544 2723 Nam
569 2671 625 2721 et
647 2664 814 2721 miles
835 2667 907 2737 (c)
930 2681 1058 2720 cum
1084 2665 1359 2720 obediens
1383 2666 1669 2736 potestati,
1690 2665 1798 2719 sub
1824 2681 1935 2735 qua
1954 2663 2039 2720 le-

401 2754 601 2827 gitime
621 2755 969 2809 constitutus
991 2758 1079 2809 est
1097 2754 1137 2821 ί,
1157 2753 1452 2809 hominem
1476 2753 1709 2821 occidit,
1728 2753 1886 2808 nulla
1907 2752 2040 2807 civi-

400 2844 537 2899 tatis
568 2860 684 2898 suae
717 2843 837 2911 lege
870 2860 1003 2897 reus
1035 2852 1118 2898 est
1149 2842 1483 2908 homicidii;
1523 2847 1639 2897 imo
1681 2841 1788 2897 nisi
1822 2841 2035 2908 fecerit,

398 2949 530 2989 reus
548 2938 636 2987 est
655 2931 882 3002 imperii
906 2932 1114 2987 deserti
1133 2940 1303 3003 atque
1325 2932 1663 3003 contempti.
1680 2931 1842 2995 Quod
1868 2931 1916 2986 si
1934 2947 2039 2985 sua

395 3025 601 3093 sponte
632 3026 809 3092 atque
845 3021 1187 3077 auctoritate
1220 3022 1471 3090 fecisset,
1518 3022 1576 3076 in
1619 3020 1836 3076 crimen
1868 3020 2037 3076 effusi

393 3110 637 3166 humani
664 3110 1302 3182 sanguinisincidisset.
1325 3113 1522 3182 Itaque
1553 3111 1707 3165 unde
1731 3109 2036 3181 punitursi

393 3198 590 3255 iecerit
631 3199 916 3268 injussus,
950 3200 1085 3254 inde
1130 3198 1401 3269 punietur
1432 3199 1544 3255 nisi
1578 3199 1773 3254 fecerit
1802 3199 2029 3268 jussus.

388 3289 548 3353 Quod
574 3287 622 3343 si
648 3287 730 3342 ita
746 3296 828 3343 est
852 3287 1086 3357 iubente
1106 3288 1477 3359 imperatore,
1496 3292 1707 3359 quanto
1734 3286 1920 3358 magis
1936 3288 2032 3358 ju-

389 3377 559 3432 bente
573 3376 987 3441 Creatore‘mui
1002 3392 1137 3447 ergo
1152 3376 1334 3444 audit,
1354 3393 1466 3431 non
1482 3376 1652 3431 licere
1666 3392 1726 3431 se
1748 3376 2033 3442 occidere,

388 3464 578 3535 faciat,
595 3465 831 3533 sijussit
847 3466 1013 3536 cujus
1038 3482 1149 3520 non
1168 3464 1478 3535 licetjussa
1493 3471 1890 3521 contemnere:
1909 3470 2033 3520 tan-

385 3554 692 3609 tummodo
715 3553 924 3622 videat,
942 3558 1137 3609 utrum
1159 3554 1555 3624 divinajussio
1575 3553 1734 3609 nullo
1759 3558 1921 3609 nutet
1943 3554 2033 3608 in-

388 3642 694 3698 certo.Nos
717 3659 819 3715 per
840 3659 1037 3697 aurem
1069 3644 1484 3698 conscientiam
1518 3643 2033 3711 convenimus,oc-

383 3732 671 3790 cultorum
698 3733 1168 3802 nobisjudicium
1197 3750 1307 3788 non
1336 3733 1901 3803 usurpamus.Neino
1924 3732 2035 3787 scit

385 3823 527 3896 quid
550 3827 754 3893 agatur
777 3821 835 3875 in
872 3822 1125 3887 homine,
1147 3823 1255 3877 nisi
1282 3822 1521 3892 spiritus
1544 3822 1822 3888 hominis,
1844 3822 2031 3893 quiin

381 3912 510 3983 ipso
545 3917 629 3967 est
655 3910 699 3982 (Ι
725 3911 848 3966 Cor.
877 3927 938 3977 ιι,
968 3912 1075 3977 11).
1102 3911 1219 3966 Hoc
1248 3912 1517 3980 dicimus,
1548 3910 1655 3967 hoc
1691 3913 2031 3978 asserimus,

388 4000 492 4056 hoc
518 4000 702 4054 modis
729 3999 1006 4054 omnibus
1028 4001 1444 4069 approbemus,
1472 4001 1769 4055 neminem
1795 4005 2032 4071 sponta-

384 4106 552 4145 neam
586 4092 831 4143 mortem
875 4087 987 4143 sibi
1031 4088 1243 4144 inferre
1275 4089 1503 4155 debere,
1546 4089 1705 4143 velut
1757 4090 2029 4157 fugiendo

384 4176 676 4232 molestias
694 4175 1063 4248 temporales,
1082 4194 1149 4231 ne
1170 4175 1389 4231 incidat
1409 4176 1469 4232 in
1486 4181 1823 4249 perpetuas:
1849 4177 2029 4233 nemi-

451 4417 462 4449 ι
500 4414 681 4463 Plures
708 4413 851 4469 Mss,
882 4413 983 4460 sub
1011 4429 1126 4476 qua
1161 4412 1375 4473 legibus
1408 4412 1746 4461 constitutus
1776 4411 2033 4461 est—Ms.

381 4475 477 4524 766
509 4478 629 4531 fert,
662 4476 927 4537 legitime,
958 4491 1071 4538 pro,
1107 4476 1335 4538 legibus.
1368 4476 1432 4523 M.

442 4540 523 4597 (α)
552 4539 659 4587 Hoc
673 4536 921 4600 martyrii
935 4536 1123 4599 genere
1146 4536 1504 4588 celebritatem
1534 4536 1663 4586 olim
1688 4537 1965 4586 obtinuere
1978 4537 2036 4585 in

381 4600 629 4653 Ecclesia,
653 4601 900 4649 laudatae
927 4602 993 4651 ab
1025 4601 1319 4659 Ambrosio,
1356 4601 1446 4649 lib.
1477 4600 1507 4649 3
1537 4601 1602 4649 de
1628 4600 1948 4661 Virginibus,
1984 4602 2037 4648 et

387 4664 550 4726 Epist.
570 4663 617 4717 7.
636 4665 703 4712 ad
722 4663 1141 4725 Simplicianum.
1165 4664 1377 4725 Pelagia
1395 4664 1613 4724 ejusque
1628 4675 1832 4726 sorores
1849 4665 1903 4711 et
1929 4676 2037 4726 ma-

384 4724 466 4774 ter
479 4740 490 4774 :
504 4739 615 4773 non
632 4727 771 4775 aliae
793 4724 1033 4778 forsitan.
1047 4730 1108 4775 ut
1125 4727 1383 4775 Barouins
1400 4728 1465 4773 ad
1479 4739 1680 4774 annum
1699 4724 1791 4773 303
1808 4725 2037 4787 suspica-

385 4791 491 4840 tur.
513 4789 580 4837 ab
603 4787 670 4837 iis
699 4790 763 4837 de
790 4790 985 4851 quibus
1014 4789 1391 4844 Eusebius,lih.
1424 4789 1453 4836 8
1483 4789 1616 4837 Ilist.
1645 4788 1801 4847 Eccl.,
1822 4801 1934 4850 cap.
1954 4786 2033 4835 24.

447 4851 519 4913 (ὁ)
544 4851 678 4915 Χὶᾱο
707 4864 882 4913 supra.
912 4866 1023 4915 cap.
1051 4852 1129 4902 2i.

449 4916 515 4990 (c)
544 4913 649 4990 Hoc
676 4915 790 4988 loco
818 4913 1091 4990 miles—piro
1115 4913 1373 4990 carniﬁce.
1393 4916 1444 4987 et
1471 4913 1865 4990 quaestio'nario
1893 4913 2036 4990 dum:

384 4978 573 5026 natum
604 4977 871 5024 hominem
900 4975 1168 5027 occidente
1196 4978 1240 5026 si
1269 4976 1572 5037 accipiatur.
1608 4977 1744 5024 nihil
1778 4990 1912 5038 opus
1938 4975 2039 5024 erit

386 5053 507 5089 cum
524 5040 793 5088 Leonardo
807 5039 1046 5100 Coquaeo
1057 5041 1381 5100 distinguere
1395 5039 1457 5088 de
1476 5040 1612 5088 bello
1620 5039 1872 5100 justo,vel
1887 5038 2039 5098 cuius

385 5102 655 5164 iniustitia
672 5115 779 5150 non
800 5106 943 5150 certa
976 5104 1043 5151 sit
1064 5103 1237 5151 militi.
1272 5102 1415 5159 Quod
1450 5102 1590 5149 enim
1610 5100 2039 5163 quaestionarius

384 5166 547 5214 etiam
568 5164 752 5227 militis
766 5165 1119 5227 appellatione
1130 5165 1469 5226 gauderetcx
1482 5164 1602 5213 aliis
1618 5164 1899 5227 Augustini
1910 5164 2039 5227 locis

384 5227 569 5288 liquet.
592 5227 651 5275 In
673 5225 969 5279 Sermf302,
993 5242 1044 5276 n.
1073 5225 1164 5276 13':
1184 5248 1209 5272 α
1243 5227 1595 5281 Considerate,
1622 5245 1646 5269 ιο
1664 5228 1757 5286 ait,
1780 5244 1807 5269 «ι
1832 5226 1890 5273 in
1908 5225 2039 5287 ipsis

390 5305 410 5335 ι
443 5290 719 5339 ordinibus
759 5292 1080 5352 potestatum
1129 5290 1453 5339 destinatum
1481 5289 1733 5352 supplicio
1751 5291 1804 5336 et
1821 5289 2039 5352 damna-

389 5368 416 5397 «
442 5354 572 5400 tum.
605 5366 741 5401 .nou
760 5350 925 5402 licere
954 5352 1118 5406 feriri,
1148 5352 1252 5401 nisi
1281 5352 1349 5400 ab
1376 5351 1471 5401 illo
1485 5353 1577 5413 qui
1607 5352 1675 5400 ad
1703 5351 1802 5399 hoc
1822 5350 2036 5399 militat.

391 5432 417 5476 ε
447 5414 638 5461 Militat
669 5414 1113 5476 quaestionarius,
1130 5415 1197 5462 ab
1224 5415 1317 5462 illo
1360 5414 1978 5476 percutiturdamnatus.
2013 5432 2039 5456 »

388 5475 772 5538 Explicaudum
788 5478 1078 5527 videturex
1106 5477 1212 5525 alio
1240 5478 1354 5525 loco
1379 5477 1429 5525 S.
1449 5475 1749 5538 Augustini,
1772 5476 1836 5524 de
1860 5475 2040 5525 Libero

390 5537 623 5601 Arbitrio
642 5538 732 5586 lib.
760 5539 804 5593 1.
828 5554 920 5588 un.
954 5539 1032 5600 11,
1056 5539 1113 5587 12
1138 5551 1149 5586 :
1185 5559 1208 5583 «
1239 5539 1367 5587 Nam
1408 5537 1559 5588 miles
1585 5552 1797 5601 quoque
1824 5540 2040 5601 iubetur

392 5617 419 5643 σι
446 5600 583 5665 lege,
615 5603 676 5647 ut
703 5601 909 5651 hostem
938 5604 1124 5652 necet:
1147 5615 1180 5665 a
1222 5615 1332 5665 qua
1347 5602 1516 5665 caede
1552 5600 1617 5650 si"
1646 5600 2037 5665 temperaverit,

392 5680 419 5705 α
451 5662 518 5711 ab
547 5661 863 5725 imperatore
891 5677 1079 5729 poenas
1105 5661 1284 5715 luitf»
1314 5663 1381 5714 M.

2153 449 2287 491 nem
2317 440 2554 507 propter
2566 435 2757 492 aliena
2774 443 3026 507 peccata,
3044 451 3117 490 ne
3130 433 3375 507 hocipse
3395 437 3673 511 ‘incipiat
3697 441 3799 497 ha-

2152 524 2287 579 bere
2304 524 2704 596 gravissimum
2722 524 3217 597 proprium,quem
3236 542 3349 581 non
3365 525 3802 598 polluebatalie-

2152 628 2316 670 num:
2336 614 2628 671 neminem
2644 618 2883 688 propter
2895 630 3000 670 sua
3014 618 3243 685 peccata
3258 616 3801 689 praeterita,propter

2152 717 2278 773 quae
2301 704 2488 777 magis
2519 703 2627 759 hac
2662 702 2780 760 vita
2810 719 2953 775 opus
2979 706 3086 770 est,
3124 710 3185 758 ut
3218 704 3445 775 possint
3471 705 3800 777 paenitendo

2151 792 2380 848 sanari:
2410 792 2702 849 neminem
2723 793 2874 849 velut
2910 791 3200 848 desiderio
3223 792 3351 847 vitae
3373 791 3653 863 melioris,
3675 812 3799 867 qua:

2152 887 2285 955 post
2306 887 2545 940 mortem
2571 888 2864 956 speratur;
2888 882 3030 955 quia
3061 898 3191 939 reos
3213 899 3329 939 suae
3354 884 3560 940 mortis
3594 884 3800 942 melior

2153 979 2278 1043 post
2309 978 2552 1028 mortem
2574 973 2691 1029 vita
2723 989 2837 1028 non
2871 972 3138 1042 suscipit.

2151 1061 2382 1118 CAPUT
2419 1062 2636 1121 XXVII.
2670 1095 2735 1104 —
2775 1064 2853 1119 An
2883 1065 3108 1135 prapter
3135 1062 3559 1119 declinationem
3591 1066 3801 1137 peccati

2496 1167 2646 1208 mors
2683 1156 2991 1224 spontanea
3020 1151 3324 1223 appetenda
3353 1152 3449 1207 sit.

2223 1240 2418 1296 Restat
2450 1258 2565 1296 una
2605 1258 2803 1309 causa,
2842 1241 2913 1296 de
2951 1256 3066 1311 qua
3109 1240 3299 1296 dicere
3342 1256 3653 1313 cceperam,
3686 1258 3801 1312 qua

2153 1329 2289 1384 uliie
2307 1334 2570 1401 putatur,
2597 1334 2660 1385 ut
2680 1346 2742 1386 se
2762 1330 3016 1402 quisque
3036 1328 3369 1393 interficiat,
3392 1329 3611 1385 scilicet
3635 1347 3707 1384 ne
3734 1330 3791 1385 in

2153 1425 2454 1490 peccatum
2475 1420 2682 1487 irruat,
2698 1420 2785 1474 vel
2807 1417 3143 1473 blandiente
3161 1417 3477 1486 voluptate,
3494 1417 3579 1474 vel
3600 1417 3797 1474 dolore

2151 1508 2441 1564 saeviente.
2460 1510 2642 1575 Quam
2664 1524 2900 1563 causam
2927 1506 2976 1562 si
3003 1506 3355 1563 voluerimus
3379 1505 3706 1573 admittere,
3731 1524 3797 1564 eo

2151 1614 2337 1669 usque
2362 1613 2662 1669 progressa
2685 1598 2999 1670 perveniet,
3017 1601 3080 1651 ut
3101 1596 3373 1652 hortandi
3398 1596 3512 1651 sint
3534 1594 3798 1653 homines

2151 1692 2290 1741 tunc
2312 1704 2375 1743 sc
2397 1688 2588 1758 potius
2611 1687 2969 1751 interimere,
2995 1702 3126 1740 cum
3153 1685 3384 1740 lavacro
3407 1690 3618 1741 sanctis
3643 1701 3797 1757 rege-

2155 1776 2471 1832 nerationis
2486 1775 2691 1842 abluti,
2708 1775 3109 1830 universorum
3130 1775 3535 1829 remissionem
3562 1791 3797 1846 accepe-

2154 1867 2265 1921 rint
2279 1863 2921 1936 peccatorum.'l‘unceni
2934 1881 2982 1920 m
3000 1869 3112 1918 tem
3125 1880 3232 1934 pus
3246 1862 3586 1918 estcavendi
3600 1862 3799 1918 omnia

2154 1956 2349 2010 futura
2365 1960 2691 2026 peccata,cu
2705 1955 2955 2011 momnis.
2973 1958 3108 2009 sunt
3121 1953 3308 2008 deleta
3325 1953 3797 2024 prmterita.Quod

2158 2044 2205 2099 si
2237 2050 2418 2099 morte
2446 2049 2762 2114 spontanee
2793 2052 2945 2099 recte
2978 2043 3061 2112 ﬁt,
3097 2058 3195 2097 cur
3233 2059 3346 2097 non
3383 2047 3521 2098 tunc
3556 2042 3799 2114 potissi:

2158 2150 2314 2189 mum
2341 2133 2554 2189 ﬁt?cur
2576 2132 2898 2204 baptizatus
2916 2131 3026 2187 sibi
3048 2132 3295 2202 quisque
3310 2129 3797 2202 parcit?curlibe-

2157 2227 2344 2279 ratum
2369 2227 2545 2293 caput
2567 2226 2649 2277 tot
2671 2238 2876 2276 rursus
2902 2221 3030 2276 vita;
3060 2220 3240 2291 hujus
3274 2218 3542 2290 periculis
3564 2216 3788 2285 inserit,

2153 2330 2285 2368 cum
2308 2312 2383 2368 sit
2405 2311 2691 2368 facillima:
2705 2310 3007 2383 potestatis
3022 2309 3178 2365 illata
3197 2309 3307 2364 sibi
3323 2323 3456 2364 nece
3470 2307 3669 2363 omnia
3688 2307 3795 2362 de-

2151 2402 2353 2467 vitare,
2369 2401 2769 2474 scriptumque
2787 2401 2883 2463 sit,
2895 2400 3000 2467 Qui
3019 2408 3165 2454 amat
3185 2395 3717 2467 periculum,incidit
3739 2397 3801 2451 in

2150 2491 2294 2546 illud
2324 2492 2517 2561 (Ercli.
2543 2507 2629 2558 ιιι,
2659 2490 2789 2559 2'7)?
2813 2494 2925 2545 Cur
2957 2505 3093 2561 ergo
3125 2492 3398 2543 amantur
3432 2491 3516 2541 tot
3550 2486 3605 2541 et
3641 2489 3799 2540 tanta

2153 2579 2940 2653 pericula,velcerte,etiamsi
2958 2594 3071 2634 non
3098 2573 3802 2646 amantur,suscipiuntur

2150 2685 2284 2726 cum
2324 2672 2519 2723 manet
2554 2668 2611 2721 in
2647 2666 2751 2722 hac
2782 2665 2901 2721 vita
2932 2665 3024 2721 cui
3054 2663 3367 2720 abscedere
3399 2661 3621 2718 licitum
3655 2662 3792 2717 est?

2150 2760 2237 2813 An
2279 2773 2411 2812 vero
2455 2761 2570 2812 tam
2616 2755 2836 2811 insulsa
2879 2754 3220 2827 perversitas
3262 2769 3356 2809 cor
3401 2752 3624 2816 evertit,
3674 2755 3733 2806 et
3764 2767 3797 2805 a

2147 2844 2614 2901 consideratione
2670 2843 2929 2899 veritatis
2981 2841 3204 2907 avertit,
3271 2846 3355 2909 ut,
3414 2840 3463 2895 si
3523 2855 3585 2894 se
3632 2838 3795 2911 quis-

2148 2954 2259 3008 que
2297 2936 2627 2991 interimere
2666 2935 2856 3002 debet,
2889 2950 2960 2989 ne
3001 2932 3173 2989 unius
3213 2931 3560 3003 captivantis
3604 2929 3797 2984 domi-

2148 3030 2286 3083 natu
2311 3030 2542 3081 corruat
2573 3025 2628 3081 in
2653 3032 2965 3096 peceatum,
3002 3022 3313 3078 vivendum
3338 3020 3451 3077 sibi
3482 3017 3794 3084 existimet,

2151 3124 2206 3171 ut
2224 3116 2350 3188 ipsu
2364 3132 2413 3170 m
2434 3116 2683 3187 perferat
2700 3113 2988 3168 mundum
3007 3128 3107 3183 per
3123 3127 3326 3167 omnes
3343 3111 3513 3165 horas
3526 3105 3795 3163 tentatio-

2147 3204 2321 3261 nibus
2342 3203 2597 3274 plenum,
2615 3211 2667 3258 et
2688 3202 2922 3261 talibus,
2943 3200 3143 3273 quales
3161 3200 3268 3255 sub
3290 3215 3402 3254 uno
3427 3196 3661 3252 domino
3685 3196 3794 3249 for-

2146 3294 2445 3350 midantur
2467 3292 2509 3359 2,
2532 3296 2587 3346 et
2610 3290 3140 3346 innumerabilibus
3160 3288 3404 3356 caeteris,
3430 3286 3555 3341 sine
3578 3285 3793 3356 quibus

2147 3383 2261 3438 haec
2284 3382 2396 3437 vita
2420 3400 2532 3437 non
2559 3380 2831 3436 ducitur?
2865 3379 3007 3446 Quid
3042 3377 3223 3450 igitur
3257 3393 3446 3433 causa:
3470 3379 3578 3441 est,
3600 3389 3703 3429 cur
3735 3372 3792 3427 in

2143 3476 2224 3533 eis
2237 3471 2730 3529 exhortationibus
2745 3474 3005 3541 tempora
3020 3464 3684 3537 consumamus,quibus
3701 3462 3797 3516 ba-

2143 3564 2387 3638 ptizatos
2404 3561 2750 3633 alloquendo
2774 3560 3076 3614 studemus
3101 3555 3561 3623 accendere,sive
3582 3553 3653 3608 ad
3680 3550 3795 3606 vir-

2142 3652 2393 3727 ginalem
2411 3647 2946 3722 integritatem,sive
2959 3648 3026 3702 ad
3043 3645 3457 3701 continentiam
3477 3640 3795 3707 vidualem,

2144 3744 2258 3798 sive
2282 3744 2348 3797 ad
2372 3742 2556 3811 ipsum
2588 3738 2696 3795 tori
2722 3737 3047 3806 conjugalis
3073 3737 3241 3791 {idem
3264 3753 3276 3802 ;
3302 3751 3436 3790 cum
3467 3733 3788 3787 habeamus

2144 3832 2532 3889 melioraetab
2546 3827 2819 3884 omnibus
2836 3825 3108 3897 peccandi
3128 3824 3399 3895 periculis
3415 3828 3799 3877 remolacom-

2144 3918 2942 3993 pendia,ut,quibuscumque
2957 3918 3085 3986 post
3098 3914 3499 3968 remissionem
3516 3907 3794 3965 recentis-

2143 4010 2352 4066 simam
2379 4014 2746 4081 peccatorum
2773 4004 3160 4077 arripicndatn
3185 4011 3427 4058 mortem
3457 3999 3687 4069 sibique
3708 3997 3796 4051 in-

2143 4099 2455 4171 gerendum
2483 4094 2832 4168 persuadere
2853 4093 3239 4164 potuerimus,
3263 4107 3362 4146 eos
3388 4091 3453 4144 ad
3479 4087 3793 4145 Dominum

2143 4188 2403 4246 saniores
2419 4186 2801 4259 purioresque
2814 4182 3036 4239 mittam
3049 4181 3337 4236 us?Porro
3351 4180 3396 4233 si
3411 4176 3675 4250 quisquis
3689 4175 3795 4230 hoc

2143 4276 2603 4350 aggrediendum
2624 4272 3060 4329 etsuadendum
3086 4276 3397 4341 pulat,non
3412 4268 3535 4323 dico
3559 4264 3790 4336 desipit,

2144 4369 2244 4425 sed
2265 4366 2506 4422 insanit:
2528 4380 2641 4435 qua
2658 4362 2895 4418 tandem
2922 4361 3105 4417 fronte
3124 4357 3349 4414 homini
3370 4352 3798 4422 dicil,lntertice

2145 4465 2222 4525 te,
2246 4474 2317 4513 ne
2343 4455 2532 4527 parvis
2553 4453 2670 4509 tuis
2699 4451 2946 4524 peccatis
2965 4450 3200 4523 adjicias
3219 4447 3629 4520 gravius,dum
3651 4442 3796 4497 vivis

2144 4550 2254 4605 sub
2277 4546 2511 4602 domino
2534 4543 2803 4599 barbaris
2827 4541 3082 4596 moribus
3108 4534 3538 4610 impudico,qui
3563 4550 3675 4588 non
3704 4548 3797 4600 po-

2143 4642 2259 4695 test
2288 4636 2399 4691 nisi
2423 4632 2872 4690 sceleratissime
2897 4630 3109 4697 dicere,
3144 4626 3404 4683 Interﬁce
3435 4630 3509 4688 te,
3539 4621 3793 4693 peccatis

2145 4726 2264 4781 tuis
2292 4724 2566 4781 omnibus
2589 4718 2898 4786 absolutis,
2915 4735 2987 4772 ne
3008 4733 3208 4772 rursus
3232 4713 3364 4768 talia
3387 4712 3474 4768 vel
3497 4713 3670 4767 etiam
3697 4725 3796 4781 pe-

2139 4816 2271 4885 jora
2292 4790 2651 4877 committas;
2674 4810 2812 4864 dum
2835 4806 2982 4863 vivis
3008 4805 3065 4859 in
3092 4803 3312 4858 mundo
3342 4806 3425 4857 tot
3442 4799 3685 4870 impuris
3704 4814 3798 4853 vo-

2145 4900 2466 4973 luptatibus
2488 4897 2849 4963 illecebroso,
2865 4899 2946 4949 tot
2968 4891 3234 4949 nefandis
3250 4887 3689 4944 crudelitatihus
3704 4886 3794 4940 fu-

2146 4990 2324 5056 rioso,
2345 4992 2431 5044 tot
2452 4986 2745 5043 erroribus
2767 4988 2824 5040 et
2849 4981 3168 5036 terroribus
3215 4978 3453 5033 inimico
3470 4976 3497 5032 τ
3520 4977 3635 5031 Hoc
3652 4974 3796 5047 quia

2147 5079 2309 5137 nefas
2334 5081 2419 5133 est
2441 5075 2650 5141 dicere,
2676 5073 2835 5128 nefas
2857 5074 2947 5125 est
2972 5069 3225 5141 proiecto
3249 5084 3311 5124 se
3337 5064 3618 5123 occidere.
3650 5064 3795 5118 Nam

2147 5170 2197 5225 si
2220 5169 2329 5223 hoc
2352 5170 2556 5236 sponte
2593 5160 2845 5218 faciendi
2889 5158 3008 5215 ulla
3037 5174 3208 5213 causa
3239 5158 3394 5228 iusta
3427 5171 3555 5211 esse
3576 5159 3796 5226 posset,

2148 5253 2346 5327 procul
2380 5251 2557 5308 dubio
2582 5248 2801 5320 justior
2826 5263 3002 5318 quam
3028 5247 3135 5302 ista
3158 5262 3269 5302 non
3294 5248 3468 5302 esset.
3493 5240 3640 5307 Quia
3662 5255 3797 5296 vero

2148 5360 2253 5401 nec
2278 5344 2389 5397 ista
2411 5345 2518 5403 est,
2545 5356 2679 5411 ergo
2710 5337 2874 5393 nulla
2902 5344 3008 5392 est.

2209 5477 2222 5509 ί
2254 5473 2338 5521 Er.
2369 5473 2517 5530 Lov.,
2548 5470 2681 5532 ipso.
3399 5523 3412 5532 _
3593 5521 3609 5532 .
3713 5518 3724 5530 .

2209 5536 2229 5570 ²
2259 5536 2344 5585 Sic
2371 5521 2587 5596 aliquot
2607 5533 2728 5581 Mss.
2761 5533 2865 5582 Alii
2880 5545 3023 5591 vero,
3044 5527 3305 5596 qualibus
3322 5523 3422 5596 sub
3443 5521 3803 5596 unondognino

2144 5582 2503 5662 formulam}.
2532 5582 2599 5645 rEt
2626 5596 2842 5708 (algidam
2873 5608 2993 5645 cum
3012 5582 3176 5642 editis
3206 5588 3361 5637 Vind.
3393 5587 3507 5634 Am.
3539 5585 3623 5634 Er.
3648 5582 3799 5637 ιον..

2144 5661 2336 5708 aualis
2365 5659 2465 5708 sub
2494 5673 2607 5708 uno
2704 5660 2858 5708 mino
2886 5655 3254 5708 formidatur.

2144 5655 2336 5728 'gualis
2365 5659 2465 5709 sub
2494 5673 2607 5708 uno
2635 5655 2858 5709 domino
2884 5655 3254 5716 formidatur.
