4142 6186
276 370 350 427 41
1684 384 1906 444 LIBER

2025 388 2279 451 BIMUS.
3602 417 3682 476 42

277 501 513 560 CAPUT
552 505 802 562 XXVIII.
830 537 898 549 -—
929 509 1040 576 Quo
1058 510 1265 580 iudicio
1290 513 1384 569 Dei
1411 513 1470 570 in
1494 532 1722 588 corpora
1743 521 1922 575 conti-

347 594 610 650 nentium
643 596 825 652 libido
855 599 1074 654 hostilis
1109 617 1336 672 peccare
1366 609 1632 670 permissa
1661 610 1751 663 sit.

348 683 401 740 4.
443 683 566 740 Non
602 685 792 758 itaque
833 689 1016 754 vobis,
1049 706 1081 743 ο
1126 691 1322 748 tideles
1364 694 1594 762 Christi,
1626 698 1700 752 sit
1754 699 1922 754 tadio

274 771 390 828 vita
420 780 629 840 vestra,
665 777 713 829 si
765 776 1018 833 ludibrio
1061 779 1167 833 fuit
1219 780 1488 838 hostibus
1525 787 1764 841 castitas
1819 805 1924 843 ve-

273 869 416 920 stra.
441 865 673 921 Habetis
702 884 977 938 magnam
1015 887 1326 944 veramque
1358 877 1842 946 consolationem,
1877 881 1924 934 si

275 955 450 1009 ﬁdam
483 956 901 1013 conscientiam
952 964 1232 1028 retinetis,
1267 981 1380 1020 non
1423 983 1518 1021 vos
1557 971 1923 1025 consensisse

279 1046 526 1112 peccatis
564 1061 788 1112 eorum,
825 1050 920 1119 qui
957 1049 1014 1103 in
1054 1067 1158 1106 vos
1192 1069 1428 1123 peccare
1461 1059 1730 1125 permissi
1763 1068 1919 1116 sunt.

277 1133 578 1205 [XXVIIL]
609 1136 767 1200 Quod
803 1139 853 1192 si
905 1137 1065 1200 forte.
1123 1157 1228 1194 cur
1261 1143 1528 1212 permissi
1561 1147 1680 1201 sint
1709 1148 1922 1217 quari-

271 1223 372 1291 tis,
416 1224 532 1280 alta
562 1228 798 1297 quidem
849 1233 934 1283 est
980 1232 1344 1300 providentia
1393 1235 1676 1291 Creatoris
1720 1239 1918 1292 mundi

273 1318 453 1384 atque
476 1313 751 1384 Hectoris,
775 1326 827 1370 et
858 1317 1263 1374 inscrutabilia
1286 1324 1665 1394 suntjudicia
1693 1327 1842 1393 ejus,
1869 1335 1923 1382 et

269 1401 705 1474 investigabiles
731 1406 835 1461 via
865 1407 990 1477 ejus
1023 1409 1196 1478 (Rom.
1230 1427 1308 1476 xl,
1341 1412 1452 1478 33).
1501 1413 1918 1470 Verumtamen

267 1490 628 1564 interrogate
661 1493 909 1549 ﬁdeliter
930 1497 1158 1552 animas
1181 1505 1426 1563 vestras,
1455 1517 1524 1558 ne
1555 1503 1698 1559 forte
1721 1506 1789 1558 de
1809 1505 1918 1559 isto

266 1580 618 1651 integritatis
634 1588 691 1637 et
713 1586 1082 1640 continentia
1102 1588 1183 1642 vel
1211 1590 1503 1660 pudicitia
1533 1592 1683 1646 bono
1703 1609 1805 1648 vos
1827 1593 1915 1648 in-

265 1667 463 1725 ﬂatius
477 1671 845 1738 extulistis,et
864 1674 895 1727 h
909 1676 1124 1730 umanis
1137 1676 1414 1734 laudibus
1426 1680 1792 1737 delectatain
1811 1683 1916 1738 hoc

262 1757 442 1814 etiam
475 1758 767 1831 aliquibus
798 1762 1106 1821 invidistis.
1137 1765 1262 1821 Non
1289 1784 1497 1824 accuso
1517 1773 1666 1839 quod
1694 1772 1907 1840 nescio,

263 1862 374 1902 nec
387 1848 559 1904 audio
575 1851 726 1920 quod
743 1851 907 1908 vobis
920 1853 1274 1926 interrogata
1286 1858 1461 1913 corda
1473 1865 1661 1914 vestra
1681 1877 1912 1932 respon-

262 1937 420 1992 dent.
453 1941 666 1995 Tamen
698 1940 746 1995 si
773 1941 852 1996 ita
878 1955 1002 1998 esse
1032 1946 1462 2015 responderint,
1496 1948 1672 2005 nolite
1710 1950 1910 2006 mirari

264 2025 374 2082 hoc
386 2029 779 2099 vosamisisse,
805 2033 960 2088 unde
981 2032 1325 2092 hominibus
1349 2035 1571 2105 placere
1593 2040 1908 2111 gestiistis;

257 2113 409 2184 illud
432 2115 589 2172 vobis
615 2119 982 2187 remansisse,
1000 2123 1153 2193 quod
1179 2126 1409 2181 ostendi
1431 2126 1770 2183 hominibus
1793 2145 1910 2184 non

255 2205 532 2274 potest.Si
549 2207 923 2277 peccantibus
940 2227 1049 2265 non
1064 2214 1504 2284 consensistis,d
1516 2216 1678 2272 ivina
1691 2218 1910 2289 gratia,

256 2307 329 2346 ne
347 2295 735 2364 amitteretur,
759 2298 1024 2354 divinum
1044 2302 1281 2356 accessit
1307 2303 1620 2371 auxilium;
1643 2306 1910 2359 humana

248 2381 822 2451 gloria,neamaretu
834 2387 964 2454 r,hu
977 2404 1206 2442 manum
1223 2391 1498 2445 successit
1511 2393 1911 2462 opprobrium.

251 2470 318 2524 In
336 2475 588 2540 utroque
601 2473 1288 2544 consolamini,pusillani
1303 2495 1443 2545 mes;
1460 2478 1618 2534 illinc
1635 2481 1908 2550 probata,

249 2557 394 2612 hinc
409 2559 1918 2636 castigata;illincjustiticata,hincemendata.Qua-

248 2663 386 2704 rum
414 2664 548 2704 vero
571 2651 744 2704 corda
764 2650 1118 2721 interrogata
1142 2656 1516 2724 respondent,
1535 2673 1830 2726 nunquam
1852 2675 1913 2715 se

250 2738 325 2792 de
348 2739 500 2792 bono
521 2736 880 2804 virginitatis
897 2742 981 2794 vel
997 2742 1296 2798 viduitatis
1311 2743 1395 2798 vel
1413 2747 1734 2816 conjugalis
1749 2747 1910 2816 pudi-

253 2827 404 2882 citia
427 2827 804 2895 superbiisse,
828 2831 925 2884 sed
956 2830 1277 2886 humilibus
1292 2833 1709 2890 conssntiendo
1725 2836 1904 2902 (Rom.

249 2932 353 2978 xu,
381 2917 466 2984 16)
497 2916 568 2970 de
596 2917 749 2971 dono
767 2916 865 2972 Dei
884 2934 1016 2974 cum
1046 2924 1297 2976 tremore
1319 2922 1666 2992 exsultasse,
1691 2939 1794 2979 nec
1817 2925 1903 2980 in-

247 3004 470 3060 vidisse
491 3005 762 3076 cuiquam
790 3007 943 3078 paris
959 3008 1361 3066 excellentiam
1387 3013 1714 3068 sanctitatis
1736 3019 1792 3069 et
1813 3030 1906 3068 ca-

247 3094 466 3150 stitatis
482 3113 496 3162 ;
513 3095 613 3149 sed
632 3096 1066 3153 humanalaude
1082 3101 1426 3170 postposita,
1444 3118 1572 3173 qua
1603 3107 1762 3158 tanto
1783 3119 1903 3159 ma-

241 3187 345 3254 jor
365 3184 574 3239 deferri
597 3183 766 3250 solet,
780 3192 998 3257 quanto
1017 3195 1102 3243 est
1116 3188 1334 3245 bonum
1350 3192 1537 3246 rarius
1553 3193 1705 3263 quod
1719 3193 1898 3265 exigit

244 3272 752 3343 lsudem,optasse
781 3274 974 3346 potius
1010 3280 1072 3331 ut
1102 3293 1301 3333 earum
1334 3279 1583 3349 amplior
1614 3298 1896 3338 numerus

247 3369 614 3434 esset,quam
639 3368 700 3417 ut
725 3363 865 3434 ipsa
891 3364 948 3419 in
975 3367 1262 3436 paucitate
1283 3370 1535 3440 amplius
1551 3371 1898 3428 eminerent:

241 3469 352 3508 nec
367 3453 514 3518 ista,
533 3470 659 3524 qua
675 3455 815 3509 tales
831 3457 1053 3525 sunt,si
1069 3473 1265 3511 earum
1284 3475 1516 3530 quoque
1530 3460 1754 3530 aliquas
1769 3463 1904 3516 bar-

243 3543 441 3596 barica
456 3541 630 3596 libido
643 3544 1010 3613 compressit,
1028 3546 1378 3615 permissum
1398 3547 1501 3602 hoc
1520 3564 1643 3603 esse
1658 3567 1902 3604 causen-

239 3634 384 3696 tur;
419 3647 523 3684 nec
545 3630 674 3686 ideo
691 3632 929 3688 credant
950 3633 1126 3688 Deum
1151 3635 1266 3689 ista
1290 3638 1604 3707 negligere,
1627 3640 1762 3707 quia
1785 3655 1905 3707 per-

253 3720 441 3774 mittit
467 3721 619 3791 quod
648 3723 1068 3793 ncmoimpune
1099 3725 1727 3790 committit.0uadam
1745 3728 1902 3782 enim

245 3808 427 3863 veluti
445 3812 697 3881 pondera
713 3812 998 3866 malarum
1014 3813 1425 3884 cupiditatum,
1441 3821 1496 3869 et
1509 3832 1609 3886 per
1621 3816 1902 3870 occultum

263 3915 523 3968 prasens
540 3899 798 3954 divinum
819 3901 1109 3970 judicium
1132 3902 1483 3972 relaxantur,
1516 3909 1573 3959 et
1595 3905 1902 3960 manifesto

257 3986 502 4042 ultimo‘
521 3994 910 4044 reservantur.
933 3989 1219 4046 Fortassis
1242 3999 1434 4046 autem
1462 3994 1598 4056 ista,
1619 4011 1744 4065 qua
1761 3995 1903 4049 bene

257 4076 374 4130 sibi
407 4085 544 4130 sunt
566 4078 809 4132 conscia
844 4095 956 4133 non
990 4095 1052 4134 se
1082 4096 1150 4134 ex
1180 4081 1288 4136 isto
1320 4083 1606 4137 castitatis
1632 4084 1781 4139 bono
1809 4101 1903 4140 cor

256 4164 530 4220 inﬂatum
553 4166 852 4233 extulisse,
886 4172 944 4222 et
967 4173 1162 4223 tamen
1195 4170 1308 4224 vim
1344 4169 1614 4226 hostilem
1649 4173 1706 4227 in
1729 4189 1902 4228 carne

254 4270 550 4326 perpessa
569 4261 725 4320 sunt,
743 4254 1030 4311 habebant
1047 4258 1262 4328 aliquid
1282 4260 1510 4314 latentis
1526 4261 1898 4330 infirmitatis,

253 4359 385 4414 qua
402 4344 669 4412 possetin
696 4345 979 4412 superbia
1014 4346 1250 4411 fastum,
1276 4349 1325 4402 si
1350 4347 1497 4402 hanc
1513 4348 1902 4408 humilitatem

249 4435 314 4488 in
341 4431 1132 4500 vastationeillaevasissent,
1164 4436 1378 4491 extolli.
1410 4437 1572 4492 Sicut
1604 4455 1738 4511 ergo
1762 4442 1898 4512 qui-

247 4523 388 4578 dam
407 4522 748 4592 morterapti
767 4528 924 4592 sunt,
946 4539 1015 4578 ne
1031 4523 1254 4580 malitia
1274 4532 1522 4582 mutaret
1543 4528 1899 4586 intellectura

244 4629 454 4669 eorum
486 4612 631 4682 (Sap.
666 4629 738 4679 tv,
777 4614 886 4685 il),
920 4615 1000 4669 ita
1029 4615 1308 4686 quiddam
1331 4617 1401 4671 ab
1434 4617 1560 4673 istis
1593 4621 1643 4673 vi
1673 4631 1899 4688 raptum

244 4709 359 4766 est,
376 4719 449 4758 ne
464 4702 816 4772 prosperitas
839 4709 1086 4759 mutaret
1110 4705 1452 4760 modestiam
1478 4724 1700 4764 earum.
1723 4709 1902 4766 Utris-

245 4809 368 4863 que
396 4793 596 4864 igitur,
628 4809 752 4864 qua
783 4794 854 4846 de
887 4809 1059 4848 carne
1088 4811 1214 4858 sua,
1247 4796 1400 4864 quod
1429 4805 1652 4867 turpem
1680 4801 1900 4857 nullius

244 4887 410 4938 esset
432 4883 1108 4952 perpessa’contactum,
1123 4884 1338 4953 veljam
1364 4903 1430 4939 su
1443 4889 1798 4955 perbiebant,
1813 4889 1898 4945 vel

246 4971 637 5041 superbire,si
663 4987 764 5026 nec
779 4971 1028 5027 hostium
1054 4971 1328 5028 violentia
1349 4981 1699 5032 contrectata
1722 4983 1896 5046 esset,

243 5061 490 5116 forsitan
527 5066 788 5130 poterant
809 5081 823 5128 ;
846 5079 958 5116 non
975 5062 1166 5117 ablata
1186 5074 1270 5118 est
1291 5065 1546 5131 castitas,
1573 5066 1675 5122 sed
1701 5068 1898 5123 humi-

240 5149 382 5205 litas
397 5166 672 5220 persuasa
691 5167 703 5205 :
721 5149 955 5206 illarum
973 5151 1186 5207 tumori
1203 5169 1544 5209 succursum
1560 5155 1897 5214 est’imma-

242 5239 432 5309 neuti,
465 5240 710 5295 istarum
758 5255 1064 5296 occursum
1096 5245 1185 5298 est
1216 5241 1569 5299 imminenti.

313 5456 324 5488 ¹
357 5455 510 5520 Apud
531 5455 654 5520 L0v_.
677 5454 1355 5520 repetitur,quardam.hoc
1367 5458 1609 5506 modozet
1623 5462 1896 5520 quaedam

235 5519 549 5571 mani/esto
579 5516 797 5572 ultimo,
812 5519 908 5565 etc.
937 5531 948 5574 ;
973 5519 1231 5567 renitente
1247 5533 1402 5568 sensu
1420 5524 1471 5568 et
1487 5516 1706 5570 caeteris
1724 5525 1892 5571 libris.

308 5580 329 5613 ²
362 5579 447 5630 Sic
477 5579 670 5641 probae
698 5582 856 5628 notae
872 5580 991 5629 Mss.
1023 5581 1090 5628 At
1119 5581 1265 5636 editi,
1297 5593 1471 5629 essent
1490 5597 1784 5644 perpessae
1812 5589 1897 5634 :et

238 5643 406 5698 intra,
438 5651 808 5692 contractatae
837 5651 1030 5689 essent.

309 5707 329 5740 ³
359 5705 516 5762 Editi,
537 5719 820 5754 occursum
841 5714 916 5752 est
933 5721 948 5752 .-
969 5721 1075 5771 quo
1100 5707 1212 5756 loco
1231 5707 1503 5770 pauciores
1527 5710 1890 5773 manuscripti,

240 5782 475 5820 euocare
483 5782 578 5818 um
606 5775 703 5819 est.

576 5861 842 5924 ΡΑτιοι.
886 5859 1037 5923 XLI.

2104 525 2537 620 2._Quanqua-m
2561 534 2616 584 et
2631 529 2766 587 illud
2786 549 2899 589 non
2920 536 3341 613 sittacendum,
3365 545 3520 617 quod
3542 549 3682 620 qui-

2033 611 2301 679 busdam,
2324 631 2450 686 qua
2468 616 2576 672 ista
2591 636 2881 691 perpessa
2903 633 3062 692 sunt,
3080 632 3269 699 potuit
3291 611 3469 689 videri
3486 611 3679 693 conti-

2034 703 2240 756 nentia
2257 704 2474 758 bonum
2495 706 2552 761 in
2575 709 2740 764 bonis
2755 716 3156 782 corporalibus
3179 720 3606 789 deputandum,
3622 731 3681 782 et

2031 793 2165 844 tunc
2188 809 2437 858 manere,
2457 795 2505 848 si
2523 798 2739 855 nullius
2764 800 3004 860 libidine
3020 823 3228 878 corpus
3249 818 3673 886 attrectaretur,

2031 895 2148 933 non
2181 889 2375 936 autem
2409 900 2534 939 esse
2555 888 2805 956 positum
2840 893 2901 946 in
2925 896 3047 950 solo
3070 898 3267 966 adjuto
3292 902 3570 960 divinitus
3588 923 3674 963 ro-

2031 967 2166 1023 bore
2183 969 2522 1041 voluntatis,
2551 981 2612 1028 ut
2633 978 2710 1032 sit
2737 988 3006 1038 sanctum
3030 991 3086 1040 et
3107 1002 3317 1058 corpus
3337 996 3394 1046 et
3413 994 3676 1062 spiritus,

2030 1073 2135 1112 nec
2165 1059 2279 1115 tale
2312 1065 2526 1117 bonum
2560 1079 2709 1135 esse,
2744 1071 2898 1139 quod
2934 1072 3113 1130 invito
3132 1077 3327 1133 animo
3358 1059 3470 1136 non
3492 1085 3678 1153 possit

2029 1148 2270 1202 auferri:
2297 1151 2394 1220 qui
2410 1168 2570 1208 error
2589 1155 2670 1211 eis
2696 1158 2936 1214 fortasse
2957 1163 3224 1220 sublatus
3241 1173 3342 1225 est.
3359 1170 3439 1225 Cu
3451 1148 3672 1229 mentm

2029 1238 2287 1308 cogitant
2300 1256 2417 1310 qua
2433 1244 2784 1301 conscientia
2799 1247 2912 1303 Deo
2939 1252 3267 1321 servierint,
3286 1267 3335 1312 et
3351 1257 3674 1318 {ideincon-

2029 1341 2198 1380 cussa
2232 1343 2342 1383 non
2377 1332 2447 1384 de
2479 1331 2577 1386 illo
2615 1335 2879 1392 sentiunt
2911 1341 3061 1408 quod
3097 1343 3178 1398 ita
3207 1345 3316 1399 sibi
3356 1349 3673 1408 servientes

2027 1431 2278 1488 eumque
2294 1419 2371 1474 ita
2387 1421 2720 1480 invocantes
2735 1427 3001 1484 deserere
3024 1431 3141 1488 ullo
3164 1437 3334 1490 modo
3351 1439 3670 1508 potuerit‘;

2028 1511 2534 1581 quantumqueilli
2567 1515 2802 1571 castitas
2835 1522 3076 1589 placeat,
3111 1523 3380 1580 dubitare
3405 1545 3514 1584 non
3542 1547 3673 1599 pos-

2026 1602 2201 1650 sunt:
2259 1599 2449 1654 vident
2504 1618 2630 1658 esse
2669 1621 3058 1680 consequens,
3093 1627 3461 1687 nequaquam
3499 1619 3665 1676 illum

2027 1684 2199 1740 fuisse
2223 1691 2642 1756 permissurum
2661 1695 2854 1752 uthac
2877 1684 3203 1758 acciderent
3225 1684 3440 1762 sanctis
3458 1709 3670 1775 suis,si

2025 1789 2089 1828 eo
2124 1778 2291 1831 modo
2326 1779 2511 1849 perire
2541 1791 2742 1853 posset
2764 1788 3064 1858 sanctitas,
3087 1807 3258 1861 quam
3302 1797 3550 1853 contulit
3581 1799 3665 1854 eis

2023 1867 2079 1916 et
2109 1863 2301 1937 diligit
2333 1868 2389 1922 in
2421 1869 2527 1926 eis.

2021 1979 2256 2073 CAI’DT
2294 1984 2488 2042 XXlX.
2521 2017 2588 2028 -—
2638 1989 2778 2058 Quid
2804 1993 3042 2062 familia
3100 1998 3311 2055 Christi
3338 2005 3672 2073 respondere

2091 2069 2277 2166 debeat
2306 2075 2646 2166 inﬁdelibus,
2674 2095 2800 2136 cum
2837 2086 3169 2156 exprobrant
3200 2090 3342 2160 quod
3370 2069 3491 2147 eam
3522 2111 3555 2150 a
3581 2096 3670 2166 fu-

2091 2176 2219 2216 rore
2233 2161 2470 2220 hostium
2491 2183 2602 2222 non
2625 2169 2943 2228 liberaverit
2964 2174 3235 2232 Christus.

2095 2267 2134 2320 ll
2145 2269 2274 2322 abet
2299 2269 2492 2342 itaque
2513 2276 2703 2331 omnis
2718 2277 2930 2334 familia
2945 2283 3160 2336 summi
3183 2288 3240 2338 et
3257 2286 3374 2340 veri
3399 2287 3496 2342 Dei
3519 2306 3667 2346 con-

2020 2353 2360 2412 solationem
2385 2376 2576 2428 suam,
2596 2379 2708 2418 non
2735 2365 3022 2435 fallacem,
3041 2386 3143 2425 nec
3159 2372 3215 2426 in
3229 2389 3330 2442 spe
3345 2391 3534 2432 rerum
3554 2395 3665 2434 nu-

2019 2446 2270 2498 tantium
2300 2446 2383 2500 vel
2407 2447 2726 2506 labentium
2744 2455 3153 2525 constitutam;
3174 2460 3462 2534 vitamque
3485 2467 3658 2524 etiam

2020 2529 2207 2601 ipsam
2225 2535 2596 2603 temporalem
2623 2540 2864 2597 minime
2879 2545 3290 2616 panitendam,
3317 2529 3514 2625 in-qua
3536 2571 3664 2612 eru-

2018 2619 2178 2674 ditur
2207 2622 2277 2676 ad
2319 2631 2618 2693 aternam,
2652 2628 2936 2703 bonisque
2959 2637 3200 2692 terrenis
3231 2619 3512 2713 tanquam
3537 2661 3672 2717 per-

2015 2709 2216 2778 egrina
2244 2711 2445 2778 utitur,
2463 2731 2566 2770 nec
2580 2717 2832 2789 capitur,
2850 2721 3020 2778 malis
3045 2730 3260 2790 autem,
3277 2709 3376 2785 aut
3391 2709 3670 2803 probhtur

2015 2807 2108 2850 aut
2131 2800 2498 2889 emendatur.
2531 2803 2616 2858 Illi
2638 2821 2770 2862 vero
2789 2811 2886 2880 qui
2922 2813 3253 2881 probationi
3286 2819 3306 2853 ²
3328 2800 3455 2889 ejus
3479 2823 3663 2879 insul-

2013 2887 2331 2958 tant,eique
2343 2888 2545 2946 dicunt
2571 2908 2702 2948 cum
2717 2893 2861 2951 forte
2874 2896 2933 2951 in
2947 2898 3146 2970 aliqua
3160 2887 3497 2977 temporalia
3512 2910 3664 2967 mala

2014 2973 2327 3046 devenerit,
2372 2979 2473 3035 Ubi
2499 2986 2576 3036 est
2609 2983 2751 3039 Deus
2781 2993 2908 3041 tuus
2939 2990 3107 3058 (Psat.
3141 3009 3256 3062 xu,
3276 2973 3337 3067 ir)
3362 2995 3390 3050 ?
3423 2997 3536 3070 ipsi
3567 3001 3658 3055 di-

2013 3069 2168 3130 cant,
2211 3067 2309 3122 ubi
2350 3067 2470 3122 sint
2498 3069 2576 3124 dii
2609 3087 2830 3142 eorum,
2865 3093 2999 3132 cum
3033 3080 3166 3137 talia
3196 3067 3522 3156 patiuntur,
3557 3105 3660 3160 pro

2011 3152 2226 3224 quibus
2257 3155 2538 3213 evitandis
2577 3175 2676 3216 eos
2715 3162 2800 3218 vel
2833 3164 3051 3237 colunt,
3094 3152 3663 3236 vel—colendose-sse

2011 3243 2370 3300 contendunt
2393 3247 2496 3319 (α).
2518 3248 2663 3306 Nam
2679 3250 2788 3307 ista
2809 3258 3155 3327 respondet:
3180 3266 3333 3318 Deus
3351 3280 3514 3322 meus
3540 3268 3664 3324 ubi-

2012 3349 2125 3403 que
2140 3351 2389 3402 prasens
2408 3343 2517 3406 est,
2535 3339 2749 3412 ubique
2764 3350 2942 3410 totus,
2959 3363 3243 3422 nusquam
3260 3353 3541 3424 inclusus,
3558 3366 3660 3430 qui

2011 3425 2193 3493 possit
2224 3428 2426 3481 adesse
2455 3435 2729 3493 secretus,
2765 3432 2968 3490 abesse
2999 3455 3112 3493 non
3139 3447 3329 3498 motus
3355 3460 3367 3497 :
3393 3444 3490 3501 ille
3520 3425 3654 3504 cum

2012 3528 2103 3566 me
2120 3514 2375 3570 adversis
2391 3517 2565 3573 rebus
2583 3522 2856 3589 exagitat,
2877 3530 2973 3580 aut
2997 3528 3204 3584 merita
3223 3533 3534 3601 examinat,
3554 3545 3656 3594 aut

2013 3606 2520 3675 peccatacastigat,
2539 3611 2980 3684 mercedemque
2996 3618 3136 3671 mihi
3153 3625 3426 3676 aternam
3445 3641 3546 3693 pro
3563 3632 3654 3682 to-

2012 3689 2492 3759 leratispiemalis
2513 3698 2936 3764 temporalibus
2966 3715 3151 3758 servat
3178 3723 3306 3762 :vos
3338 3689 3530 3766 autem
3555 3716 3657 3785 qui

2012 3778 2319 3843 estis,cum
2338 3779 2557 3850 quibus
2589 3782 2740 3851 loqui
2761 3785 2999 3854 dignum
3026 3791 3097 3844 sit
3122 3794 3324 3850 saltem
3348 3797 3418 3850 de
3441 3778 3657 3857 diisve-

2011 3866 2164 3934 stris,
2199 3875 2417 3937 quanto
2434 3868 2709 3926 minusde
2734 3876 2846 3928 Deo
2879 3893 3028 3945 meo,
3053 3881 3148 3949 qui
3175 3883 3660 3944 terribilisestsu-

2012 3972 2110 4027 per
2124 3972 2329 4012 omnes
2346 3958 2518 4024 deos;
2541 3960 2817 4030 quoniam
2833 3965 3188 4038 diigentium
3222 3972 3529 4044 damonis,
3549 3979 3655 4036 Do-

2013 4046 2208 4100 minus
2235 4057 2428 4102 autem
2462 4051 2636 4105 calos
2668 4053 2801 4108 fecit
2831 4055 3003 4127 (Psal.
3028 4075 3153 4128 xcv,
3173 4062 3225 4128 4,
3267 4062 3325 4133 5)
3348 4065 3376 4119 ?

2010 4160 2241 4217 CAPUT
2277 4162 2440 4218 XXX.
2484 4195 2552 4206 —
2584 4167 2759 4234 Quam
2784 4171 3054 4240 pudendis
3082 4181 3540 4248 prosperitatibus
3566 4187 3654 4256 af-

2081 4253 2252 4320 ﬂuere
2280 4253 2447 4308 velint
2469 4258 2566 4325 qui
2593 4257 2659 4312 de
2693 4260 3015 4318 christiani:
3054 4270 3384 4338 temporibus
3422 4253 3653 4347 conque-

2082 4349 2302 4396 runtur.

2081 4447 2139 4502 Si
2153 4447 2364 4502 Nasica
2378 4447 2472 4505 ille
2488 4450 2682 4523 Scipio
2697 4458 3195 4529 vesterquondam
3223 4465 3476 4535 pontifex
3499 4468 3659 4527 vive-

2010 4542 2114 4605 ret,
2149 4554 2323 4608 quem
2357 4541 2466 4594 sub
2497 4545 2713 4599 terrore
2753 4544 2883 4600 belli
2929 4548 3123 4604 Punici
3157 4551 3214 4606 in
3266 4555 3658 4627 suscipiendis

2011 4626 2274 4698 Phrygiis
2305 4630 2508 4697 sacris,
2554 4647 2688 4687 cum
2722 4633 2803 4688 vir
2832 4637 3088 4706 Optimus
3121 4626 3496 4714 quaereretur,
3535 4650 3657 4704 uni-

2008 4732 2208 4771 versus
2228 4722 2462 4773 senatus
2488 4720 2659 4792 elegit
2684 4722 2774 4793 (b),
2807 4727 2978 4795 cujus
3000 4744 3065 4784 os
3081 4729 3324 4788 fortasse
3347 4750 3460 4790 non
3485 4738 3658 4794 aude-

2070 4890 2086 4923 ‘
2121 4897 2212 4945 Ms.
2235 4896 2345 4952 766,
2378 4898 2539 4945 nullo
2568 4901 2725 4949 modo
2753 4903 3012 4957 potuerit.
3046 4906 3112 4954 M.

2071 4961 2090 5035 ἓ
2120 4961 2274 5035 Vind.
2453 4961 2627 5035 Ernac
2656 4965 3285 5035 pleriquemanuscripti,
3317 4974 3595 5035 probitati.

2072 5028 2148 5080 (α)
2179 5025 2320 5089 Quod
2338 5025 2661 5089 reipublicae
2680 5025 3002 5089 temporibus
3018 5032 3132 5080 fieri
3154 5025 3370 5084 solitum
3400 5051 3512 5086 esse
3531 5040 3661 5088 satis

2006 5088 2229 5158 constat.
2256 5085 2354 5158 Sed
2390 5088 2632 5158 {Noricus
2651 5085 2803 5158 _cum'
2830 5093 3103 5158 obsidione
3133 5102 3392 5158 premeret
3419 5085 3657 5155 Romam:

2006 5149 2272 5218 pestisque
2296 5150 2356 5218 et
2377 5149 2769 5218 famesllrbem
2799 5156 3077 5218 affligeret,
3108 5149 3287 5208 visum
3331 5164 3412 5209 est
3455 5149 3660 5212 senato;

2004 5213 2171 5283 ribus.
2208 5214 2268 5283 ut
2293 5212 2350 5260 in
2367 5212 2964 5283 gapitolio_templisque
2984 5222 3202 5283 reliquis
3232 5225 3542 5272 numinibus
3571 5239 3660 5274 sa-

2005 5276 2350 5348 crificaretur:
2367 5275 2599 5348 Narrant
2613 5275 2950 5348 So‘zomenus,
2965 5275 3115 5335 lib.9.'
3131 5297 3240 5346 cap.
3256 5285 3287 5332 6
3309 5301 3320 5342 ;
3338 5286 3658 5348 Nicephorus

2006 5338 2263 5392 Calixtus,
2295 5338 2385 5386 lib.
2422 5339 2498 5393 13,
2529 5353 2640 5402 cap.
2675 5341 2770 5400 35;
2803 5345 3054 5400 Zosimus,
3091 5338 3262 5401 lib-5,
3300 5338 3411 5408 cap.
3443 5338 3523 5397 i1.

3236 5409 3494 5456 COOUABUS.

3275 5424 3332 5461 00
3336 5424 3480 5458 UABUS
3487 5449 3494 5456 .

2066 5461 2119 5519 (ὁ
2132 5471 2140 5501 ‘:
2151 5461 2368 5529 Defessa
2380 5464 2532 5512 Italia
2547 5465 2742 5529 Punico
2758 5467 2895 5518 bello
2909 5473 3136 5519 secundo
3147 5473 3306 5529 atque
3318 5472 3385 5520 ab
3403 5474 3664 5529 Annibale

2004 5528 2199 5572 vexata
2222 5526 2446 5597 ascitum
2461 5530 2539 5574 est
2553 5541 2616 5575 ex
2631 5527 2941 5597 Pessinunte
2953 5534 3168 5597 civitate
3179 5526 3425 5597 Phrygia
3447 5526 3664 5591 simula:

2003 5599 2152 5656 erum
2187 5587 2369 5656 matris
2394 5590 2568 5656 deum.
2585 5592 2727 5656 quod
2756 5595 3000 5644 videlicet
3025 5587 3305 5656 Sibyllinis
3327 5587 3666 5654 versibusqu-

2005 5649 2701 5724 tellexer‘antcollocand'um
2725 5656 3013 5724 Rom_ae.u_t
3044 5649 3222 5724 hostes
3255 5649 3663 5724 expellerentur.

2002 5713 2083 5781 Ad_
2093 5713 2148 5781 id
2167 5713 2267 5762 rite
2278 5714 2794 5781 excipiendumcum
2810 5719 2894 5767 vir
2904 5719 3133 5781 Optimus
3143 5720 3295 5781 jussu
3307 5713 3666 5781 Deipﬁiéidﬁil

2002 5776 2108 5827 culi
2146 5779 2502 5840 quaereretur,
2525 5781 2721 5831 electus
2749 5783 2827 5831 est
2861 5776 3032 5845 Scipio
3060 5776 3262 5837 Nasica.
3294 5789 3371 5840 Ex
3398 5776 3662 5853 ciééiéiié,

3085 5865 3335 5960 (om)
