4142 6186
321 346 405 408 ιδ
1733 344 1966 404 LIBER

2116 345 2326 407 IMUS.
3645 349 3724 416 ss

325 478 688 536 scenicorum
721 477 964 533 delicata
991 477 1338 533 subintravit
1367 477 1620 532 insania:
1662 477 1761 532 sed
1803 481 1973 532 astu-

322 569 405 625 tia
431 569 747 638 spirituum
769 569 1149 624 nefandorum
1169 568 1488 637 praevidens
1510 567 1668 622 illam
1697 568 1975 640 pestilen-

324 660 470 714 tiam
489 659 610 726 jam
632 657 742 712 fine
763 657 956 713 debito
977 663 1202 713 cessatu
1215 675 1360 725 ram,
1377 658 1549 712 aliam
1575 658 1738 727 longe
1757 658 1976 727 gravio-

331 762 477 813 rem,
514 763 630 816 qua
664 745 976 813 plurimum
1015 747 1250 815 gaudet,
1281 763 1349 800 ex
1385 746 1491 801 hac
1525 748 1824 801 occasione
1860 763 1973 800 non

329 834 808 906 corporibus,sed
829 838 1324 890 moribuscuravit
1348 837 1974 904 immittere;qu:eani-

335 941 464 980 mos
492 925 828 978 miserorum
855 929 1031 977 tantts
1057 924 1363 978 obczecavit
1394 925 1673 985 tenebris,
1700 931 1858 978 tanta
1875 925 1977 977 de-

335 1015 624 1070 formitate
651 1013 905 1075 l'mdavit,
940 1013 1200 1068 utetiam
1241 1017 1408 1068 motio
1441 1014 1621 1085 (quod
1645 1012 1981 1068 incredibile

338 1104 579 1159 forsitan
602 1102 731 1163 erit.
756 1103 857 1157 sia
880 1102 1086 1157 nostris
1111 1104 1353 1172 posteris
1386 1103 1700 1173 audietur),
1725 1103 1983 1157 Romana

337 1197 478 1248 urbe
511 1198 756 1257 vastata,
792 1208 938 1263 quos
981 1191 1309 1261 pestilentia
1348 1193 1462 1246 ista
1495 1193 1776 1259 possedit,
1808 1199 1982 1262 atque

335 1283 474 1337 inde
500 1281 784 1352 fugientes
815 1281 1219 1351 Carthaginem
1247 1282 1538 1347 pervenire
1571 1289 1899 1350 potuerunt,
1925 1281 1982 1334 in

336 1373 580 1429 theatris
595 1371 852 1443 quotidie
865 1374 1125 1426 certatim
1144 1389 1244 1442 pro
1267 1371 1529 1426 histrioni
1542 1373 1651 1426 bus
1665 1373 1680 1425 i
1692 1373 1989 1426 nsanirent

336 1491 570 1548 CAPUT
624 1487 883 1543 XXXIII.
947 1517 1015 1528 -—
1073 1489 1146 1542 De
1199 1489 1351 1542 vitiis
1414 1489 1806 1554 Romanorum,
1858 1503 1988 1558 quos

731 1580 931 1648 patriae
958 1593 1067 1632 non
1093 1582 1341 1632 correxit
1365 1577 1596 1633 ecersio.

415 1688 460 1744 0
483 1691 704 1744 mentes
724 1685 1016 1741 amentes!
1051 1685 1149 1757 qui
1182 1690 1270 1741 est
1293 1685 1386 1740 hic
1419 1691 1640 1753 tantus,
1661 1701 1776 1740 non
1808 1701 1989 1750 error,

349 1778 449 1832 sed
468 1777 645 1843 furor,
663 1775 974 1830 utexilium
990 1780 1241 1830 vestrum
1259 1776 1432 1845 (sicut
1447 1775 1801 1846 audivimus)
1823 1774 1990 1846 plan-

342 1865 618 1937 gentibus
637 1865 1018 1921 orientalibus
1039 1865 1286 1934 populis,
1302 1869 1359 1918 et
1377 1864 1643 1919 maximis
1659 1863 1990 1919 civitatibus

342 1955 405 2010 in
423 1953 832 2010 remotissimis
847 1953 1016 2008 terris
1030 1953 1328 2022 publicum
1345 1952 1561 2008 luctum
1575 1967 1989 2024 mmroremqus

344 2043 716 2108 ducentibus,
752 2059 850 2098 vos
884 2043 1108 2096 theatra
1138 2045 1496 2112 quaereretis,
1529 2042 1849 2106 intraretis,
1873 2041 1988 2095 im-

346 2131 606 2203 pleretis,
643 2137 699 2186 et
747 2130 928 2185 multo
973 2131 1289 2199 insaniora,
1335 2147 1506 2202 quam
1543 2133 1767 2187 fuerant
1798 2137 1991 2198 antea,

347 2221 661 2276 faceretis?
699 2221 858 2274 Hanc
896 2219 1224 2274 animorum
1269 2220 1452 2274 labem
1486 2236 1552 2275 ac
1587 2225 1803 2290 pestem
1846 2220 1992 2273 hanc

346 2309 655 2380 probitatis
686 2320 737 2365 et
770 2308 1090 2364 honestatis
1114 2310 1473 2364 eversionem
1500 2310 1663 2363 vobis
1684 2308 1876 2376 Scipio
1899 2306 1994 2361 ille

344 2403 651 2466 metuebat,
676 2398 908 2469 quando
924 2398 1183 2451 construi
1200 2398 1426 2452 theatra
1443 2397 1804 2466 prohibebat,
1821 2412 1999 2465 quan-

345 2489 426 2542 do
452 2488 626 2543 rebus
658 2485 953 2558 prosperis
983 2501 1083 2561 vos
1115 2485 1277 2538 facile
1309 2485 1602 2555 corrumpi
1631 2490 1800 2555 atque
1823 2484 1996 2538 everti

340 2592 532 2649 posse
557 2575 849 2640 cernebat,
873 2573 1109 2645 quando
1133 2589 1232 2628 vos
1265 2573 1336 2627 ab
1371 2573 1566 2628 hostili
1590 2577 1804 2628 terrore
1831 2589 1996 2628 secn-

341 2681 450 2721 ros
481 2679 612 2719 esse
643 2663 893 2718 nolebat.
919 2662 1111 2732 Neque
1143 2661 1300 2716 enim
1337 2662 1610 2716 censebat
1643 2661 1738 2716 ille
1771 2661 1996 2717 felicem

348 2769 476 2810 esse
491 2750 910 2822 rempublicam
928 2750 1222 2805 stantibus
1239 2751 1862 2818 mcenibus,ruentibus
1879 2767 1998 2806 mo-

351 2843 535 2898 ribus.
561 2841 668 2895 Sed
695 2841 753 2894 in
776 2839 940 2894 vobis
973 2839 1101 2908 plus
1130 2839 1307 2892 valuit
1334 2841 1480 2907 quod
1511 2840 1806 2892 daemones
1831 2837 1995 2908 impii

349 2933 730 2995 seduxerunt,
764 2943 940 2999 quam
973 2927 1128 2998 quod
1163 2927 1428 2982 homines
1459 2927 1676 2997 providi
1711 2943 1996 2996 priscave-

354 3025 510 3078 runt.
537 3019 679 3074 Hinc
701 3023 790 3073 est
811 3017 964 3088 quod
988 3016 1136 3070 mala
1157 3033 1280 3085 quis
1306 3016 1510 3082 facitis,
1530 3016 1694 3071 vobis
1722 3017 1994 3087 imputari

354 3125 470 3164 non
491 3107 692 3172 vultis;
715 3108 867 3160 mala
883 3122 1015 3160 vero
1037 3122 1163 3176 quas
1187 3105 1474 3175 patimini,
1497 3105 1831 3160 christianis
1853 3110 1999 3159 tem-

353 3198 598 3270 poribus
621 3193 946 3261 imputatis.
978 3195 1177 3266 Neque
1200 3193 1354 3248 enim
1388 3193 1445 3247 in
1477 3200 1658 3248 vestra
1682 3195 1995 3248 securitate

349 3293 622 3358 pacatam
648 3283 1088 3352 rempublicam,
1107 3283 1204 3336 sed
1223 3281 1516 3337 luxuriam
1536 3283 1789 3351 quaeritis
1811 3283 1998 3352 impn-

349 3375 560 3435 nitam,
583 3372 682 3443 qui
703 3371 998 3443 depravati
1025 3372 1197 3424 rebus
1219 3371 1529 3440 prosperis,
1552 3388 1652 3426 nec
1669 3373 1877 3440 corrigi
1903 3388 2000 3441 po-

347 3462 548 3518 tuistis
586 3461 866 3516 adversis.
906 3459 1145 3514 Volebat
1182 3476 1284 3513 vos
1321 3459 1414 3514 ille
1449 3461 1644 3530 Scipio
1680 3460 1880 3515 terreri
1923 3460 1996 3514 ah

346 3552 540 3620 hoste,
575 3568 644 3606 ne
675 3553 731 3605 in
769 3551 1055 3605 luxuriam
1088 3548 1379 3615 ﬂueretis;
1417 3566 1515 3603 vos
1545 3565 1648 3604 nec
1673 3550 1898 3604 contriti
1925 3550 1998 3604 ab

345 3641 518 3696 hoste
544 3640 830 3695 luxuriam
873 3638 1273 3708 repressistis:
1314 3637 1652 3708 perdidistis
1685 3637 1995 3694 utilitatem

345 3729 724 3795 calamitatis,
754 3740 806 3785 et
844 3727 1150 3784 miserrimi
1178 3727 1312 3782 facti
1344 3727 1508 3792 estis,
1531 3733 1587 3782 et
1607 3729 1838 3796 pessimi
1868 3743 1996 3798 per-

349 3819 682 3875 mansistis.

348 3933 588 3992 CAPUT
616 3931 861 3990 XXXIV.
883 3961 951 3974 —
980 3933 1051 3988 De
1068 3931 1358 3987 clementia
1384 3930 1500 3998 Dei,
1525 3947 1644 4003 qua
1669 3931 1824 3988 Urbis
1853 3931 2000 3987 exci-

913 4021 1069 4077 dium
1099 4024 1435 4089 temperavit.

430 4135 496 4186 Et
513 4135 704 4186 tamen
723 4130 878 4201 quod
898 4129 1108 4196 vivitis,
1138 4129 1230 4183 Dei
1262 4135 1376 4195 est;
1401 4130 1502 4201 qui
1526 4129 1690 4185 vobis
1715 4130 1998 4196 parcendo

350 4223 656 4289 admonet,
677 4217 1119 4290 utcorrigamini
1139 4219 1500 4290 pmnitendo;
1523 4219 1617 4289 qui
1642 4218 1803 4272 vobis
1824 4221 1998 4274 etiam

349 4311 600 4384 ingratis
622 4309 911 4381 praestitit,
939 4307 1099 4363 utvel
1123 4309 1230 4362 sub
1263 4308 1492 4362 nomine
1518 4323 1818 4362 servorum
1849 4309 1998 4376 eius,

349 4401 440 4457 vel
458 4402 514 4454 in
539 4400 676 4455 locis
699 4407 947 4469 martyru
961 4413 1012 4451 m
1029 4399 1151 4464 ejus
1166 4395 1404 4450 hostiles
1424 4412 1634 4450 manus
1654 4395 1997 4461 evaderetis,

353 4488 646 4565 [XXXIV]
681 4486 963 4544 Romulus
1003 4492 1059 4540 et
1105 4485 1320 4540 Remus
1361 4485 1586 4556 asylum
1629 4485 2002 4538 constituisse

356 4581 758 4653 perhibentur,
781 4594 892 4648 quo
915 4576 1180 4647 quisquis
1203 4573 1648 4646 confugeret,ah
1670 4573 1829 4628 omni
1857 4589 2005 4628 noxa

356 4670 506 4725 liber
521 4678 918 4738 esset,augere
936 4672 1260 4736 quaerentes
1273 4665 1536 4718 creandas
1563 4663 2002 4718 multitudinem

358 4758 633 4814 civitatis.
667 4756 994 4812 Mtrandnm
1030 4754 1085 4807 in
1123 4753 1397 4808 honorem
1428 4751 1639 4807 Christi
1671 4753 1958 4818 praecessit
1983 4753 2000 4787 ¹

361 4846 716 4915 exemplum.
746 4847 858 4902 lloc
881 4845 1314 4900 constituerunt
1334 4858 1630 4898 eversores
1650 4841 1836 4908 Urbis,
1851 4841 2006 4910 quod

359 4935 783 4993 constituerant
797 4940 965 4990 antea
979 4933 1323 4988 conditores.
1342 4930 1484 4996 Quid
1503 4937 1692 4986 autem
1711 4945 1978 5000 magnum
1991 4973 2004 4997 ,

362 5026 414 5084 si
438 5025 546 5082 hoc
570 5026 828 5080 fecerunt
848 5022 954 5087 illi,
983 5029 1042 5077 ut
1062 5021 1277 5078 civium
1302 5036 1545 5076 suorum
1571 5036 1849 5074 numerus
1871 5036 2007 5091 sup-

363 5114 646 5188 plerstnr.
666 5113 819 5186 quod
846 5114 1107 5167 fecerunt
1127 5111 1246 5178 isti,
1263 5115 1325 5165 ut
1347 5125 1589 5165 suorum
1617 5108 1871 5164 hostium
1904 5125 2010 5164 nu-

364 5207 677 5262 merositas
700 5210 1030 5260 servaretur
1051 5202 1080 5259 ?

360 5293 602 5352 CAPUT
633 5291 844 5349 XXXV.
876 5322 945 5334 —
983 5291 1047 5345 De
1078 5288 1374 5344 latentibus
1403 5287 1553 5343 inter
1582 5289 1781 5358 impios
1813 5286 2010 5346 Eccle-

432 5387 532 5440 sia
562 5384 720 5453 filiis,
753 5387 805 5438 et
837 5382 902 5438 de
929 5381 993 5451 fu
1007 5380 1105 5436 Isis
1136 5384 1293 5435 intra
1337 5378 1640 5435 Ecclesium
1669 5379 2007 5432 rhrislianis.

433 5473 567 5530 Haec
597 5479 654 5528 et
684 5471 840 5539 talia,
864 5473 909 5526 si
945 5488 1057 5542 qua
1081 5471 1317 5526 uberius
1339 5476 1394 5524 et
1417 5469 1780 5524 commodius
1809 5474 2008 5538 potue-

429 5659 442 5690 ί
481 5653 722 5714 Plerique
755 5651 874 5701 Mss.
907 5664 1026 5702 cum
1065 5647 1240 5704 Vind,
1284 5647 1568 5710 processit.
1619 5674 1675 5685 —
1723 5647 1807 5698 Sic
1853 5647 2015 5697 etiam

361 5715 537 5771 nostri
565 5713 685 5766 uss.
723 5713 788 5765 Μ.

2083 480 2177 549 rit,
2195 484 2541 550 respondeat
2561 485 2816 542 inimicis
2837 487 2963 543 suis
2978 489 3276 559 redempta
3295 489 3728 546 familiaDomi-

2084 569 2138 623 ni
2156 571 2390 638 Christi,
2407 577 2463 627 et
2483 577 2998 644 peregrinacivitas
3019 579 3170 648 regis
3199 581 3437 637 Christi.
3453 579 3723 654 [XXXV.]

2084 659 2407 715 Meminerit
2430 680 2590 727 sane,
2607 664 2662 719 in
2681 667 2822 733 ipsis
2847 667 3282 726 inimicislutere
3305 671 3456 726 cives
3477 672 3728 736 futuros,

2085 767 2156 804 ne
2187 751 2608 808 infructuosum
2648 755 2733 808 vel
2767 760 2917 823 apud
2961 760 3118 828 ipsos
3149 767 3308 824 putet
3339 761 3517 831 quod,
3541 761 3727 816 donec

2088 839 2376 906 perveniat
2406 841 2474 894 ad
2501 843 2800 900 confessos
2830 847 2930 913 (τι),
2976 855 3161 916 portat
3194 849 3452 904 infensos
3486 850 3640 904 sirut
3662 866 3730 904 ex

2087 927 2318 983 illorum
2374 946 2609 985 numero
2658 933 2832 989 etiam
2886 935 2984 989 Dei
3035 937 3236 992 civitas
3284 939 3453 992 habet
3503 954 3729 1002 secum,

2089 1019 2366 1088 quamdiu
2397 1022 2791 1090 peregrinatur
2811 1025 2865 1077 in
2893 1026 3134 1090 mundo,
3159 1042 3448 1081 connexos
3467 1042 3730 1082 commn-

2091 1106 2261 1161 ninne
2284 1107 2812 1176 Sacramentorum,
2834 1130 2935 1167 nec
2963 1130 3159 1168 secum
3189 1117 3415 1170 futuros
3437 1115 3494 1169 in
3520 1122 3734 1169 aeterna

2091 1204 2246 1251 sorte
2282 1204 2650 1266 sanctorum;
2689 1202 2782 1270 qui
2821 1203 3026 1274 partim
3065 1203 3122 1257 in
3163 1203 3410 1269 occulto,
3441 1206 3648 1274 partim
3675 1205 3734 1258 in

2092 1296 2286 1355 aperto
2313 1300 2479 1352 sunt;
2514 1289 2611 1358 qui
2636 1289 2805 1344 etiam
2834 1307 2962 1346 cum
2996 1291 3135 1361 ipsis
3167 1292 3424 1347 inimicis
3458 1293 3736 1348 adversus

2095 1377 2297 1441 Deum,
2319 1379 2488 1444 cujus
2517 1386 2943 1435 sacramentum
2968 1391 3197 1450 gerunt,
3223 1397 3592 1436 murmurare
3617 1398 3732 1436 non

2094 1464 2384 1531 dubitant,
2402 1467 2572 1519 modo
2591 1483 2722 1521 cum
2740 1467 2858 1521 illis
2884 1470 3128 1531 theatra,
3145 1471 3315 1524 modo
3340 1468 3615 1524 ecclesias
3640 1485 3736 1524 no-

2094 1553 2322 1608 biscum
2346 1553 2651 1624 replentes.
2670 1555 3320 1612 Decorrectioneautem
3347 1557 3737 1628 quorumdam

2095 1643 2270 1696 etiam
2298 1642 2499 1698 talium
2526 1644 2705 1700 multo
2729 1645 2921 1700 minus
2940 1647 3557 1718 estdesperandum,si
3583 1646 3737 1716 apud

2097 1731 2496 1800 apertissimos
2519 1734 2881 1789 adversarios
2898 1735 3282 1804 praedestinati
3299 1735 3471 1790 amici
3489 1735 3740 1800 latitant,

2098 1820 2290 1876 adhuc
2314 1821 2494 1892 ignoti
2529 1824 2702 1878 etiam
2741 1824 2870 1880 sibi.
2908 1824 3195 1895 Perplexa:
3218 1825 3436 1896 quippe
3458 1828 3596 1880 sunt
3616 1825 3742 1880 ista

2099 1909 2225 1965 duae
2257 1911 2518 1966 civitates
2554 1911 2610 1967 in
2646 1911 2754 1968 hoc
2774 1913 3009 1980 saeculo,
3035 1913 3403 1984 invicemque
3425 1913 3745 1984 permixta,

2101 2000 2284 2055 donec
2307 1999 2508 2055 ultimo
2525 2002 2744 2069 judicio
2766 2003 3149 2060 dirimantur:
3177 2003 3247 2058 de
3267 2019 3514 2074 quarum
3538 2007 3742 2059 exortu

2100 2091 2159 2142 et
2184 2104 2456 2157 procursu
2481 2095 2538 2144 et
2557 2090 2768 2146 debitis
2802 2091 3040 2156 ﬁnibus,
3075 2093 3224 2163 quod
3259 2092 3568 2146 dicendum
3593 2091 3744 2146 arbi-

2100 2182 2242 2239 tror,
2266 2185 2553 2247 quantum
2586 2179 2864 2235 divinitus
2886 2180 3228 2250 adjuvabor,
3261 2180 3586 2249 expediam,
3612 2195 3747 2250 pro.

2103 2275 2230 2338 pler
2251 2267 2492 2337 gloriam
2525 2268 2781 2323 civitatis
2815 2269 2933 2334 Dei,
2959 2286 3086 2340 quas
3109 2269 3316 2324 alienis
3343 2269 3354 2302 ¹
3378 2286 3408 2321 a
3448 2267 3746 2324 contrario

2104 2355 2458 2424 comparatis
2488 2357 2705 2410 clarius
2736 2357 3037 2410 eminebit.

2107 2528 2344 2586 CAPUT
2365 2530 2626 2586 XXXVI.
2650 2562 2721 2571 —
2735 2531 2807 2585 De
2823 2531 3019 2602 quibus
3039 2532 3222 2586 causis
3236 2532 3489 2604 sequenti
3509 2531 3750 2603 disputa-

2569 2621 2716 2676 tione
2759 2619 2833 2674 sit
2871 2622 3290 2677 disserendum.

2180 2795 2289 2850 Sed
2321 2795 2512 2850 adhuc
2540 2796 2810 2866 quasdam
2844 2795 2987 2851 mihi
3023 2795 3270 2852 dicenda
3298 2801 3440 2852 sunt
3469 2797 3752 2853 adversus

2106 2900 2226 2952 eos,
2246 2884 2346 2955 qui
2371 2884 2645 2939 Romanae
2661 2884 2991 2956 reipublicae
3005 2884 3198 2942 clades
3219 2886 3278 2942 in
3297 2884 3638 2958 religionem
3660 2901 3756 2942 no-

2109 2977 2288 3026 stram
2338 2974 2616 3041 referunt,
2675 2989 2790 3044 qua
2841 2972 2954 3028 diis
2999 2973 3122 3028 suis
3169 2974 3501 3030 sacriﬁcare
3549 2973 3752 3044 prohi-

2108 3063 2333 3116 bentur.
2378 3061 2894 3116 Commemoranda
2926 3061 3083 3118 enim
3117 3068 3257 3118 sunt
3287 3080 3418 3133 quas
3445 3069 3504 3118 et
3539 3066 3754 3133 quanta

2107 3166 2410 3207 occurrere
2436 3150 2749 3220 potuerint,
2780 3150 2868 3205 vel
2886 3151 3028 3205 satis
3053 3167 3181 3207 esse
3199 3153 3574 3216 videbuntur,
3600 3150 3754 3207 mala

2109 3257 2232 3311 qua:
2265 3239 2364 3294 illa
2394 3240 2596 3294 civitas
2628 3239 2885 3309 pertulit,
2921 3239 3006 3294 vel
3034 3241 3104 3294 ad
3135 3241 3262 3312 ejus
3294 3240 3604 3311 imperium
3632 3254 3753 3310 per-

2109 3335 2358 3386 tinentes
2376 3331 2530 3402 provi
2543 3330 2704 3398 nciaa,
2719 3344 3030 3402 antequam
3046 3347 3246 3387 eorum
3262 3331 3544 3388 sacrificia
3560 3329 3754 3399 prohi-

2109 3421 2230 3476 bita
2254 3421 2524 3477 fuissent:
2552 3438 2676 3485 qua»
2696 3422 2895 3476 omnia
2920 3421 3317 3490 proculdubio
3343 3419 3508 3476 nobis
3533 3420 3752 3474 tribue-

2110 3516 2256 3578 rent,
2292 3511 2339 3564 si
2366 3513 2488 3580 jam
2524 3512 2610 3563 vel
2647 3509 2761 3563 illis
2791 3510 3032 3565 clarerst
3067 3515 3268 3566 nostra
3306 3509 3529 3579 religio,
3552 3509 3637 3562 vel
3671 3507 3754 3563 ita

2109 3614 2208 3653 eos
2229 3616 2262 3652 a
2283 3599 2466 3654 sacris
2491 3598 2790 3670 sacrilegis
2816 3600 3164 3669 prohiberet.
3187 3598 3402 3654 Deinde
3427 3603 3754 3652 monstran-

2111 3688 2249 3741 dum
2280 3696 2390 3754 est,
2413 3705 2559 3756 quos
2580 3703 2776 3742 eorum
2803 3703 3008 3752 mores,
3032 3693 3089 3741 et
3109 3703 3280 3757 quam
3305 3687 3378 3740 ob
3401 3702 3640 3740 causam
3665 3701 3755 3740 ve-

2111 3793 2208 3831 rus
2235 3778 2382 3832 Deus
2403 3778 2470 3830 ad
2499 3776 2829 3844 augendum
2846 3776 3158 3843 imperium
3182 3776 3452 3840 adjuvare
3473 3773 3750 3844 dignatus

2109 3878 2214 3933 est,
2239 3868 2296 3921 in
2321 3866 2490 3935 cujus
2528 3869 2807 3935 potestate
2841 3870 2979 3919 sunt
3001 3879 3174 3928 regna
3195 3865 3429 3930 omnia;
3457 3878 3749 3933 quamque

2112 3957 2252 4012 nihil
2275 3971 2377 4010 eos
2401 3953 2729 4021 adjuverint
2759 3952 2838 4017 hi,
2876 3969 3025 4024 quos
3055 3953 3194 4008 deos
3221 3957 3448 4020 putant.
3484 3950 3625 4022 quin
3652 3968 3751 4021 po-

2111 4050 2225 4104 tius
2255 4052 2541 4120 quantum
2569 4044 2904 4113 decipienda
2941 4050 2997 4098 et
3023 4043 3274 4098 fallendo
3299 4043 3622 4098 nocuerint.
3649 4041 3753 4097 Po-

2111 4146 2328 4194 stremo
2345 4137 2617 4192 adversus
2637 4150 2734 4189 eos
2755 4133 3110 4201 dicetur,qui
3135 4129 3636 4188 manifestissimis
3659 4131 3758 4186 do-

2112 4244 2178 4283 cu
2190 4228 2400 4282 mentis
2422 4224 2698 4280 confutati
2714 4230 2890 4294 atque
2903 4221 3152 4278 convicti
3173 4229 3461 4276 conantur
3475 4236 3756 4288 asserere,

2115 4334 2226 4373 non
2255 4323 2487 4388 prOpter
2515 4317 2642 4369 vitis
2686 4312 2984 4384 praesentis
3025 4312 3358 4378 utilitatem,
3393 4313 3487 4366 sed
3525 4315 3761 4382 propter

2113 4423 2264 4470 eam,
2307 4422 2433 4476 quas
2478 4409 2603 4474 post
2639 4409 2876 4457 mortem
2912 4403 3106 4456 futura
3144 4409 3248 4465 est,
3290 4399 3563 4455 colendos
3595 4398 3758 4455 deos.

2116 4498 2272 4562 Quae,
2313 4496 2422 4549 nisi
2472 4493 2656 4556 fallor,
2691 4492 2933 4564 quaestio
2972 4490 3156 4546 multo
3192 4489 3302 4543 erit
3341 4488 3663 4554 Operosior,
3706 4491 3764 4544 et

2118 4585 2457 4641 sublimiore
2475 4585 2498 4618 ²
2519 4583 2908 4652 disputatione
2939 4582 3208 4651 dignior;
3241 4583 3380 4632 utet
3405 4583 3607 4632 contra
3633 4577 3758 4648 phi-

2120 4675 2395 4744 losophos
2436 4673 2493 4727 in
2534 4689 2600 4728 ea
2636 4672 2980 4738 disseratur,
3022 4686 3132 4723 non
3177 4667 3491 4738 quoslibet,
3524 4665 3622 4720 sed
3668 4664 3766 4735 qui

2121 4764 2274 4834 apud
2301 4762 2426 4816 illus
2449 4760 2933 4816 excellentissima
2954 4757 3134 4827 gloria
3157 4756 3296 4812 clari
3317 4762 3472 4820 sunt,
3497 4760 3554 4810 et
3577 4753 3770 4809 nobis-

2121 4867 2254 4906 cum
2314 4850 2500 4904 multa
2552 4849 2830 4912 sentiunt,
2881 4846 3104 4901 scilicet
3149 4847 3218 4899 de
3267 4843 3478 4899 animae
3526 4843 3771 4896 immor-

2121 4939 2357 5003 talitate,
2391 4944 2448 4993 et
2497 4939 2646 5008 quod
2688 4953 2858 4991 verus
2903 4935 3052 4989 Deus
3094 4933 3383 4987 mundum
3419 4929 3770 4996 condiderit,

2125 5031 2180 5082 et
2209 5027 2281 5080 de
2313 5025 2668 5096 providentia
2711 5023 2858 5095 ejus,
2901 5039 3016 5095 qua
3048 5022 3408 5088 universum,
3449 5017 3602 5091 quod
3635 5031 3773 5072 con-

2194 5251 2209 5286 ί
2243 5247 2364 5296 Mss.
2401 5259 2508 5294 non
2537 5243 2710 5306 pauci.
2738 5240 2994 5289 alternis.

2191 5312 2211 5345 ‘3
2243 5311 2394 5358 Vind.
2434 5297 2556 5356 Am?
2578 5309 2632 5356 et
2661 5306 2781 5353 Mss.
2806 5317 2996 5364 magno
3023 5315 3304 5353 consensu.
3337 5297 3651 5364 subtiliore.
3673 5298 3780 5364 Eg.

2127 5373 2340 5422 subtili.
2356 5373 2593 5420 —Juxta
2607 5369 2728 5417 Cdd.
2749 5359 2958 5417 nostros
2974 5367 3252 5429 legendum
3274 5367 3374 5419 est,
3397 5359 3782 5415 subtilior¢.M.

2194 5455 2261 5512 (α)
2289 5453 2719 5516 Confessos._non
2764 5449 3118 5516 declarations
3162 5444 3371 5516 ultima.
3391 5453 3543 5516 ‘cntn
3572 5446 3787 5516 apertae

2130 5503 2289 5566 erunt
2321 5512 2673 5563 conscientiae
2706 5512 2758 5559 in
2801 5511 2983 5559 futura
3026 5510 3157 5560 vita.
3207 5509 3268 5554 ut
3299 5503 3786 5556 Ludovicus—Vives

2129 5579 2511 5640 interpretatur
2533 5590 2546 5630 ;
2569 5577 2656 5622 sed
2696 5575 3013 5640 professione
3024 5569 3358 5640 christianag
3373 5567 3515 5640 fidei.
3532 5582 3693 5640 Aquae.
3717 5569 3787 5616 ab

2132 5642 2197 5690 iis
2230 5630 2288 5687 in
2315 5640 2430 5686 vita
2463 5630 2726 5700 praesenti
2757 5637 2872 5688 ﬁeri
2911 5636 3081 5691 debet,
3119 5633 3179 5680 ut
3210 5630 3276 5680 ad
3306 5630 3503 5683 Christi
3527 5631 3789 5682 {amittam
