4128 6190
377 310 454 366 4'7
1455 301 1556 362 DE
1602 299 1971 360 CIVITATE
2016 297 2168 362 DEI.
2217 296 2280 356 S.
2328 297 2746 359 AUGUSTINI
3703 303 3788 365 48

381 438 552 508 didit,
586 441 749 514 regit.
783 440 893 496 Sed
929 436 1207 508 quoniam
1233 439 1290 490 et
1312 434 1423 507 ipsi
1445 435 1503 489 in
1528 433 1646 488 illis
1681 448 1807 504 quae
1830 437 2028 486 contra

382 544 488 584 nos
519 532 799 595 sentiunt,
849 526 1151 582 refellendi
1205 529 1380 589 sunt;
1428 523 1631 577 deesse
1675 521 1807 576 huic
1837 519 2027 575 officio

382 636 498 674 non
523 620 838 674 debemus:
866 623 925 671 ut
955 615 1219 670 refutatis
1243 612 1442 683 impiis
1465 610 2027 666 contradictionibus

381 724 484 778 pro
514 709 756 774 viribus,
800 722 939 777 quas
982 703 1133 757 Deus
1171 701 1490 772 impertiet,
1524 715 1858 755 asseramus
1890 697 2025 753 civi-

2138 433 2316 485 tatem
2358 429 2479 497 Dei,
2515 445 2830 502 veramque
2870 429 3171 502 pietatem,
3210 436 3268 488 et
3299 434 3396 490 Dei
3443 434 3692 504 cultum,
3722 437 3784 494 in

2139 534 2251 589 quo
2272 535 2385 573 uno
2409 519 2690 574 veraciter
2710 521 3063 590 sempiterna
3081 520 3379 579 beatitudo
3399 525 3783 596 promittitur.

2139 609 2242 664 Hic
2265 609 2459 679 itaque
2483 611 2690 666 modus
2729 612 2806 666 sit
2836 611 3010 680 hujus
3044 611 3376 684 voluminis,
3410 625 3473 672 ut
3506 617 3787 690 deinceps

2137 699 2418 770 disposita
2439 704 2509 756 ab
2535 701 2646 757 alio
2668 718 2976 758 sumamus
2999 704 3254 762 exordio.

1259 965 1824 1102 LIBER
1927 963 2909 1108 SECUNDUS.

377 1215 438 1265 In
456 1230 574 1286 _quo
601 1216 964 1286 disputatione
991 1215 1242 1264 instituta
1267 1217 1332 1264 de
1360 1215 1518 1264 malis
1546 1229 1665 1286 quae
1696 1214 2134 1286 ante_Chris_t_i_1_m.
2158 1216 2370 1276 vigente
2386 1218 2617 1286 deorum
2638 1219 2904 1286 talsorum
2923 1223 3090 1277 cultu.
3121 1225 3355 1286 perpessi
3384 1228 3510 1276 sunt
3544 1228 3788 1284 Romani,

441 1277 840 1328 demonstratur
867 1279 1111 1348 primum
1131 1292 1456 1348 eosmorum
1486 1278 1643 1348 malis
1671 1279 1724 1325 et
1753 1277 1934 1348 animi
1949 1277 2116 1340 vitiis,
2147 1292 2267 1340 quae
2296 1281 2440 1328 mala
2461 1282 2547 1329 vel
2577 1282 2689 1330 sola
2713 1283 2798 1330 vel
2822 1285 3062 1334 maxima
3089 1277 3396 1348 deputanda
3423 1291 3567 1346 sunt,
3597 1277 3794 1339 eumn;

442 1342 579 1392 latos
606 1342 1016 1404 procurantibus
1043 1341 1144 1389 diis
1168 1341 1334 1398 taleis,
1357 1342 1554 1390 nedum
1581 1339 1834 1389 liberatos
1863 1339 2042 1390 fuisse.

1818 1463 2367 1516 -υέθωεδο-

385 1583 613 1641 CAPUT
646 1583 956 1639 PRIMUM.
982 1614 1047 1623 —
1078 1585 1154 1640 De
1173 1583 1351 1651 modo,
1377 1584 1477 1654 qui
1496 1583 1811 1639 necessitati
1841 1583 2030 1655 dispu-

831 1672 1055 1729 tationis
1094 1673 1452 1729 adhibendus
1481 1678 1582 1729 est.

460 1789 519 1846 Si
551 1789 758 1846 rationi
806 1791 1126 1862 perspicuae
1168 1790 1420 1845 veritatis
1459 1789 1728 1844 infirmus
1760 1788 2028 1844 humana

389 1878 834 1935 consuetudinis
857 1894 1067 1934 sensus
1090 1896 1204 1935 non
1226 1879 1462 1934 auderet
1480 1878 1782 1946 obsistere,
1805 1879 1899 1932 sed
1924 1879 2025 1932 do-

387 1970 590 2024 ctrinae
611 1967 829 2023 salubri
853 1967 1192 2038 languorem
1221 1985 1391 2023 suum
1418 1973 1699 2039 tanquam
1732 1966 2032 2021 medicinas

390 2058 683 2125 subderet,
710 2058 893 2112 donec
926 2058 1121 2113 divino
1143 2058 1431 2128 adiutorio
1456 2058 1567 2112 fide
1593 2059 1819 2129 pietatis
1846 2059 2034 2130 impe-

390 2150 583 2201 trante
613 2151 944 2212 sanaretur;
978 2162 1094 2202 non
1129 2147 1312 2202 multo
1336 2163 1604 2202 sermone
1626 2163 1771 2213 Opus
1792 2154 1940 2202 esset
1961 2148 2034 2202 ad

393 2235 848 2291 convincendum
863 2238 1176 2306 quemlibet
1189 2253 1344 2291 vanae
1357 2238 1711 2307 opinationis
1727 2240 1742 2272 ¹
1760 2253 2034 2308 errorem,

393 2323 487 2380 his
509 2326 607 2396 qui
633 2331 784 2379 recte
805 2328 1086 2392 sentiunt,
1110 2331 1164 2380 et
1187 2342 1360 2381 sensa
1385 2325 1572 2380 verbis
1605 2327 2035 2381 sul‘ticientibus

395 2414 706 2484 explicant.
731 2412 897 2467 Nunc
936 2429 1068 2469 vero
1104 2415 1380 2485 quoniam
1420 2413 1515 2468 ille
1550 2421 1638 2469 est
1674 2416 1858 2486 major
1874 2426 1923 2469 et
1950 2419 2035 2469 te-

395 2502 540 2558 trior
559 2503 580 2536 ³
603 2501 998 2572 insipientium
1027 2505 1264 2558 morbus
1287 2504 1642 2570 animorum,
1666 2521 1782 2574 quo
1806 2504 2032 2559 irratio-

397 2590 622 2646 nabiles
647 2598 834 2645 motus
865 2607 1020 2656 suos,
1054 2595 1219 2647 etiam
1259 2601 1385 2662 post
1411 2595 1686 2646 rationem
1715 2593 1880 2662 plene
1907 2593 2038 2647 red-

396 2681 598 2746 ditam,
617 2691 830 2751 quanta
846 2680 1068 2734 homini
1090 2683 1160 2733 ab
1181 2681 1416 2735 homine
1439 2683 1700 2745 debetur,
1720 2681 1837 2736 sive
1857 2683 2039 2738 nimia

395 2769 668 2832 cmcitate,
691 2785 806 2839 qua
826 2784 928 2822 nec
952 2776 1148 2838 aperta
1170 2775 1505 2832 cernuntur,
1547 2771 1662 2825 sive
1696 2771 2040 2827 obstinatis-

396 2855 543 2912 sima
578 2856 916 2925 pervicacia,
952 2874 1067 2929 qua
1098 2862 1154 2912 et
1185 2874 1251 2913 ea
1281 2874 1407 2928 quis
1437 2867 1774 2925 cernuntur,
1812 2877 1924 2915 non
1959 2862 2038 2916 fe-

395 2957 621 3010 runtur,
647 2951 924 3016 tanquam
958 2947 1144 3016 ipsam
1178 2947 1459 3001 rationem
1493 2948 1907 3019 veritatemque
1937 2950 2034 3005 de-

398 3036 665 3101 fendunt,
691 3035 754 3088 fit
779 3039 1091 3090 necessitas
1113 3037 1408 3107 capiosius
1439 3037 1670 3093 dicendi
1696 3040 2038 3110 plerumque

399 3139 489 3179 res
512 3122 719 3186 claras,
738 3122 894 3178 velut
917 3139 1014 3179 eas
1034 3141 1143 3178 non
1170 3127 1572 3196 spectantibus
1593 3128 2036 3188 intuendas,sed

399 3211 834 3283 quodammodo
859 3213 1180 3282 tangendos
1205 3215 1580 3286 palpantibus
1599 3222 1655 3269 et
1677 3216 2037 3270 conniventi-

398 3299 508 3355 bus
539 3301 872 3357 otl'eramus.
902 3301 969 3356 Et
998 3309 1191 3357 tamen
1223 3320 1356 3374 quis
1387 3305 1750 3364 disceptandi
1776 3307 1908 3359 finis
1930 3307 2040 3361 erit

398 3396 454 3444 et
483 3389 758 3460 loquendi
794 3394 1021 3457 modus,
1055 3392 1101 3446 si
1139 3393 1604 3461 respondendum
1645 3410 1771 3449 esse
1805 3411 2036 3465 respon-

399 3477 672 3534 dentibus
711 3493 942 3548 semper
970 3481 1414 3536 existimemus?
1463 3483 1600 3536 Nam
1651 3483 1750 3552 qui
1796 3484 1881 3537 vel
1925 3501 2036 3538 non

400 3566 996 3638 possuntintelligere
1018 3569 1168 3639 quod
1197 3569 1427 3637 dicitur,
1471 3569 1556 3624 vel
1592 3576 1708 3624 tam
1741 3571 1869 3625 duri
1903 3577 2039 3628 sunt

399 3659 468 3713 ad
479 3658 750 3713 versitate
765 3661 1000 3725 mentis,
1020 3661 1342 3727 ut,etiamsi
1356 3659 1764 3729 intellexerint,
1785 3679 1895 3716 non
1912 3666 2040 3717 obe-

398 3746 560 3801 diant
585 3765 598 3814 ;
625 3748 1374 3820 respondent,utscriptum
1399 3753 1576 3817 est,et
1598 3749 2042 3821 loquunturini-

395 3838 677 3907 quitatem
711 3837 883 3907 (Psal.
918 3853 1076 3904 xcm,
1110 3838 1186 3908 4),
1231 3844 1404 3909 atque
1438 3838 1877 3910 inl'atigabiliter
1910 3840 2039 3895 vani

393 3931 549 3982 sunt.
569 3927 824 3990 Quorum
849 3927 999 3981 dicta
1021 3929 1314 3982 contraria
1336 3931 1384 3981 si
1410 3929 1574 3983 toties
1596 3929 1842 3983 velimus
1866 3930 2038 3984 refel-

396 4015 532 4082 lere,
567 4015 794 4085 quoties
825 4016 1036 4070 obnixa
1070 4017 1258 4071 fronte
1300 4017 1613 4071 statuerint
1646 4035 1757 4072 non
1795 4035 1995 4074 curare
2017 4019 2037 4053 ³

396 4105 530 4172 quid
553 4104 920 4168 dicant,dum
945 4119 1316 4174 quocumque
1343 4107 1513 4158 modo
1537 4107 1750 4161 nostris
1772 4107 2037 4177 disputa-

397 4189 654 4245 tionibus
676 4191 1112 4260 contradicant;
1138 4208 1308 4262 quam
1329 4193 1405 4246 sit
1427 4193 2034 4262 inﬁnitum,etaérum-

396 4294 628 4342 nosum,
653 4284 708 4334 et
738 4279 1189 4345 infructuosum,
1215 4280 1390 4336 vides.
1424 4281 1808 4344 Quamobrem
1845 4301 1948 4339 nec
1980 4291 2034 4339 te

393 4366 610 4438 ipsum,
635 4368 714 4422 mi
739 4367 815 4422 fili
845 4368 1193 4434 Marcelline,
1217 4386 1320 4423 nec
1340 4370 1502 4437 alios,
1520 4371 1736 4442 quibus
1760 4371 1852 4427 hic
1873 4373 2035 4428 labor

395 4462 593 4512 noster
618 4457 677 4511 in
708 4456 920 4512 Christi
949 4457 1223 4513 charitate
1248 4458 1465 4513 utiliter
1486 4477 1551 4514 ac
1582 4460 1893 4516 liberaliter
1913 4479 2031 4517 ser-

389 4548 492 4612 vit,
549 4546 692 4600 tales
738 4561 994 4600 meorum
1036 4547 1388 4617 scriptorum
1426 4547 1600 4602 velim
1635 4549 1890 4618 judices,
1931 4551 2032 4620 qui

390 4637 825 4706 responsionem
859 4651 1088 4704 semper
1121 4635 1470 4703 desiderent,
1503 4654 1637 4692 cum
1672 4639 1764 4694 his
1797 4656 1923 4709 qua
1959 4643 2033 4695 le-

389 4723 1165 4796 guntur,audierintaliquid
1187 4726 1536 4793 contradici;
1564 4743 1634 4782 ne
1654 4727 2029 4785 fiantsimiles

387 4829 590 4869 earum
625 4813 1125 4885 muliercularum,
1151 4832 1298 4886 quas
1329 4822 1748 4872 commemorat
1778 4819 2024 4888 Aposto-

386 4902 1021 4974 lus,semperdiscentes,
1035 4913 1086 4959 et
1096 4905 1165 4959 ad
1178 4905 1431 4961 veritatis
1443 4905 1732 4962 scientiam
1744 4924 2027 4978 nunquam

383 4992 756 5065 pervenientes
787 4992 859 5057 (ll
894 4994 1025 5048 Tim.
1053 5010 1140 5063 ιιι,
1172 4995 1250 5065 7).

383 5115 617 5173 CAPUT
647 5116 715 5173 ll.
748 5148 818 5157 —
857 5118 930 5174 De
954 5119 1040 5174 his
1079 5135 1199 5190 quas
1235 5121 1412 5189 primo
1455 5121 1730 5175 volumine
1767 5122 2026 5190 expedita

1126 5213 1276 5266 sunt.

448 5324 970 5400 Superioreitaque
997 5325 1165 5393 libro,
1197 5343 1329 5382 cum
1354 5327 1424 5382 de
1458 5327 1686 5382 civitate
1711 5327 1808 5383 Dei
1833 5327 2023 5386 dicere

378 5484 459 5596 M‘
491 5486 927 5597 etbponnulli
955 5487 1318 5549 manuscripti,
1340 5487 1637 5548 opinionis.
1662 5513 1722 5523 —
1752 5487 1835 5538 Sic
1861 5489 2022 5537 etiam

432 5561 476 5596 s.
603 5585 614 5595 .
705 5585 717 5597 .

432 5561 476 5596 S.
506 5561 614 5596 100.
651 5561 717 5598 Μ.

343 5659 354 5666 ,
441 5609 463 5644 ²
493 5610 739 5661 Nonnulli
768 5615 910 5672 Mss,
943 5613 1197 5662 deterior.

443 5675 465 5707 ³
495 5673 706 5724 Veteres
736 5675 873 5726 libri.
899 5694 1003 5724 ιιοη
1037 5676 1296 5738 cogitare.
1329 5703 1385 5712 --
1409 5675 1489 5724 Sic
1510 5677 1668 5725 etiam
1688 5679 1762 5728 Ms
1812 5676 1920 5725 766.
1953 5677 2019 5725 M.

2139 1586 2547 1654 instituissem,
2581 1592 2736 1647 unde
2767 1592 2878 1648 hoc
2909 1594 3242 1651 universum
3277 1613 3442 1670 Opus,
3483 1597 3583 1655 illo
3615 1600 3785 1671 adju-

2140 1685 2324 1744 vante,
2342 1677 2399 1731 in
2428 1695 2638 1736 manus
2657 1688 2960 1754 sumptum
2986 1690 3069 1739 est
3088 1705 3102 1753 ;
3119 1688 3369 1743 occurrit
3392 1688 3529 1743 mihi
3554 1705 3789 1760 respon-

2139 1765 2392 1822 dendum
2423 1771 2440 1802 ¹
2480 1784 2605 1824 esse
2635 1771 2911 1841 primitus
2941 1774 3023 1828 eis
3066 1775 3167 1846 qui
3209 1774 3329 1830 haec
3362 1777 3533 1847 bella,
3565 1779 3784 1849 quibus

2140 1857 2396 1911 mundus
2418 1857 2528 1913 iste
2559 1862 2896 1928 conteritur,
2923 1865 3290 1936 maximeque
3324 1866 3595 1923 Romanae
3628 1868 3788 1925 urbis

2145 1955 2432 2002 recentem
2477 1965 2511 2004 a
2551 1949 2816 2006 Barbarie
2859 1952 3232 2010 vastationem
3279 1956 3611 2014 christiana:
3651 1959 3788 2014 reli-

2145 2035 2299 2105 gioni
2329 2037 2615 2107 tribuunt,
2641 2057 2758 2111 qua
2780 2041 3162 2112 prohibentur
3188 2046 3454 2102 nefandis
3485 2048 3786 2104 sacrificiis

2146 2123 2361 2179 servire
2382 2126 2772 2184 daemonibus:
2789 2145 2918 2185 cum
2943 2131 3132 2199 potius
3154 2134 3258 2188 hoc
3277 2135 3556 2190 deberent
3573 2137 3789 2192 tribue-

2147 2227 2208 2266 re
2229 2211 2476 2282 Christo,
2500 2217 2651 2285 quod
2681 2225 2912 2287 propter
2937 2219 3062 2288 ejus
3084 2223 3783 2289 nomen,contrainstitu-

2150 2306 2276 2356 tum
2301 2319 2638 2376 moremque
2664 2306 2967 2372 bellorum,
2989 2309 3093 2375 eis,
3112 2327 3226 2381 quo
3245 2313 3638 2383 confugerent,
3659 2313 3786 2368 reli-

2146 2391 2303 2461 giosa
2322 2399 2377 2448 et
2399 2395 2757 2465 amplissima
2784 2397 2906 2451 loca
2929 2399 3161 2453 Barbari
3185 2399 3367 2456 libera
3387 2402 3780 2471 praebuerunt;

2148 2487 2318 2552 atque
2341 2484 2396 2535 in
2420 2483 2617 2538 multis
2637 2485 2982 2542 famulatum
3002 2489 3258 2544 deditum
3278 2489 3298 2523 ²
3315 2490 3542 2545 Christo
3565 2508 3677 2546 non
3701 2509 3788 2548 so-

2151 2569 2266 2624 lum
2303 2587 2526 2642 verum,
2550 2573 2648 2627 sed
2672 2575 2845 2629 etiam
2872 2575 3072 2631 timore
3099 2579 3411 2634 confictum
3438 2580 3522 2634 sic
3544 2581 3785 2636 honora-

2149 2667 2375 2726 verunt,
2403 2668 2462 2714 ut
2484 2663 2636 2732 quod
2668 2663 2724 2716 in
2762 2681 2860 2719 eos
2893 2665 3024 2720 belli
3053 2667 3178 2735 jure
3212 2668 3334 2722 fieri
3372 2667 3653 2737 licuisset,
3681 2670 3787 2724 illi-

2150 2749 2327 2802 citum
2352 2750 2462 2803 sibi
2487 2753 2977 2821 essejudicarent.
3004 2755 3138 2810 lnde
3161 2757 3364 2810 incidit
3395 2757 3656 2828 quaestio,
3681 2775 3786 2814 cur

2149 2836 2270 2892 biec
2301 2838 2496 2892 divina
2527 2840 2808 2896 beneficia
2848 2845 3018 2897 etiam
3051 2845 3118 2898 ad
3154 2845 3364 2913 impios
3407 2847 3786 2918 ingratosque

2150 2928 2549 2996 pervenerint;
2583 2934 2640 2982 et
2660 2947 2764 2984 cur
2797 2930 2894 2986 illa
2929 2934 3120 2987 itidem
3154 2936 3318 2995 dura.
3345 2951 3472 3005 qua:
3497 2937 3790 2992 hostiliter

2149 3016 2297 3070 facta
2314 3017 2612 3087 sunt,pios
2635 3036 2767 3074 cum
2794 3021 2990 3091 impiis
3018 3023 3225 3092 pariter
3248 3024 3576 3081 alflixerint.
3602 3028 3785 3092 Quam

2149 3107 2522 3176 quaestionem
2564 3125 2661 3176 per
2700 3110 2887 3165 multa
2918 3112 3189 3166 dill‘usam
3220 3113 3301 3184 (in
3335 3115 3610 3169 omnibus
3631 3117 3784 3171 enim

2149 3195 2506 3265 quotidianis
2522 3197 2604 3250 vel
2629 3198 2726 3252 Dei
2747 3200 3085 3254 muneribus
3107 3201 3191 3256 vel
3210 3202 3507 3258 hominum
3525 3203 3790 3260 cladibus

2149 3300 2394 3353 quorum
2423 3290 2667 3355 utraque
2697 3286 2842 3342 bene
2874 3305 2939 3343 ac
2973 3289 3120 3344 male
3151 3290 3478 3346 viventibus
3511 3295 3791 3361 permixte

2150 3379 2322 3443 atque
2348 3375 2657 3429 indiscrete
2691 3392 2841 3445 saepe
2876 3378 3172 3443 accidunt,
3198 3380 3383 3434 solet’
3425 3380 3634 3436 multos
3667 3397 3790 3436 mo-

2148 3462 2300 3532 vere)
2344 3469 2406 3516 ut
2449 3479 2550 3534 pro
2590 3468 2844 3533 suscepti
2885 3466 3077 3536 operis
3117 3469 3465 3523 necessitate
3505 3469 3788 3525 dissolve-

2150 3566 2289 3618 rem,
2310 3551 2677 3620 aliquantum
2697 3556 3042 3609 immoratus
3057 3572 3180 3610 sum
3201 3575 3215 3624 ;
3239 3559 3487 3612 maxime
3502 3560 3570 3613 ad
3588 3575 3789 3615 conso-

2149 3639 2354 3695 landas
2386 3647 2617 3696 sanctas
2651 3644 2897 3698 feminas
2928 3651 2984 3698 et
3017 3647 3106 3716 pie
3139 3653 3351 3715 castas,
3385 3647 3441 3701 in
3471 3649 3687 3719 quibus
3716 3649 3786 3704 ab

2150 3728 2315 3785 hoste
2337 3731 2559 3802 aliquid
2586 3738 2980 3804 perpetratum
3003 3741 3109 3799 est,
3127 3737 3278 3806 quod
3306 3737 3499 3792 intulit
3519 3754 3791 3794 verecun-

2149 3819 2254 3871 diae
2278 3820 2558 3886 dolorem,
2577 3824 2684 3876 etsi
2707 3839 2816 3876 non
2842 3823 3086 3878 abstulit
3104 3826 3392 3894 pudicitiae
3416 3826 3780 3895 firmitatem;

2150 3922 2221 3961 ne
2247 3911 2512 3975 paeniteat
2535 3925 2634 3963 eas
2658 3909 2803 3970 vitae.
2827 3927 2971 3981 quas
2998 3911 3021 3944 ⁴
3043 3929 3155 3966 non
3179 3918 3267 3968 est
3290 3914 3443 3969 unde
3468 3917 3652 3986 possit
3673 3932 3788 3984 pa:-

2149 3995 2330 4050 nitere
2355 3998 2639 4065 nequitiae.
2686 3999 2897 4054 Deinde
2921 4017 3100 4069 pauca
3131 4001 3246 4056 dixi
3281 4003 3336 4056 in
3366 4018 3464 4058 eos
3495 4005 3591 4074 qui
3615 4003 3787 4058 Chri—

2146 4084 2365 4138 stianos
2387 4087 2643 4140 adversis
2673 4086 2788 4141 illis
2818 4090 2986 4143 rebus
3017 4089 3274 4156 allectos,
3295 4096 3353 4146 et
3378 4092 3661 4164 praecipue
3684 4109 3790 4164 pu-

2147 4173 2344 4228 dorem
2366 4173 2806 4231 humiliatarum
2829 4179 3195 4244 feminarum,
3211 4182 3480 4250 quamvis
3499 4191 3787 4237 castarum

2147 4269 2320 4334 atque
2351 4270 2708 4335 sanctarum,
2735 4268 3102 4336 protei-vitate
3126 4271 3637 4339 impudentissima
3657 4287 3788 4327 esa-

2142 4354 2345 4421 gitant,
2360 4369 2492 4407 cum
2511 4356 2627 4408 sint
2647 4357 3062 4425 nequissimiet
3078 4359 3601 4424 irreverentissimi,
3619 4360 3789 4432 longe

2145 4444 2214 4495 ab
2251 4441 2338 4496 eis
2369 4445 2513 4512 ipsis
2547 4442 2822 4498 Romanis
2863 4446 3195 4515 degeneres,
3231 4463 3479 4518 quorum
3515 4448 3787 4520 praeclara

2145 4530 2330 4584 multa
2348 4532 2661 4587 laudantur
2677 4534 3070 4590 etlitterarum
3097 4537 3372 4592 memoria
3393 4537 3780 4607 celebrantur,

2142 4622 2258 4678 imo
2304 4624 2534 4679 illorum
2580 4625 2776 4696 glorias
2822 4628 3193 4684 vehementer
3236 4628 3482 4685 adversi.
3539 4631 3782 4686 Romam

2141 4711 2353 4784 quippe
2378 4715 2641 4785 partam5
2675 4722 2923 4771 veterum
2950 4725 3297 4790 auctamque
3330 4720 3646 4787 laboribus,
3681 4724 3780 4778 frs-

2140 4801 2357 4855 diorem
2375 4807 2629 4858 stantem
2644 4804 3082 4875 fecerantquam
3101 4813 3363 4862 ruentem
3385 4825 3396 4862 :
3416 4811 3785 4881 quandoqui-

2137 4889 2264 4944 dem
2291 4891 2346 4944 in
2375 4892 2544 4946 ruina
2566 4894 2690 4961 ejus
2717 4893 2938 4964 lapides
2959 4899 3015 4949 et
3037 4893 3218 4964 ligna,
3236 4896 3293 4951 in
3319 4897 3563 4953 istorum
3584 4905 3777 4955 autem

2134 5114 2228 5222 7οὲ
2251 5111 2600 5221 ῙῗῙΡῙΘινὶεᾳιιθ
2627 5114 2770 5172 Mss,
2801 5115 3191 5170 resistendum.
3242 5144 3302 5152 -
3350 5118 3433 5167 Sic
3478 5121 3637 5169 etiam
3685 5121 3780 5172 Ms.

2195 5236 2216 5304 ἓ
2246 5235 2331 5304 Sic
2360 5238 2601 5304 meliores
2630 5241 2993 5304 manuscripti.
3026 5244 3095 5292 At
3121 5246 3265 5302 editi.
3297 5245 3556 5292 debitum.

2197 5301 2215 5332 ³
2246 5300 2328 5348 Er.
2363 5304 2413 5369 et
2457 5301 2603 5369 Lov‘,
2651 5304 2845 5369 argent.
2899 5300 3087 5356 Melius
3136 5300 3285 5358 Vind.
3331 5309 3445 5354 Am.
3497 5311 3549 5357 et
3578 5309 3784 5369 aliquot

2130 5363 2272 5444 gis},
2298 5364 2433 5410 solet
2456 5363 2760 5444 isnbaudi.‘
2784 5369 3032 5444 quaestio
3079 5370 3203 5444 ιιιᾳ,
3250 5384 3429 5444 quam,
3464 5385 3569 5430 per
3597 5363 3781 5418 multa

2129 5425 2418 5486 diffusam.
2450 5427 2593 5475 dicit.
2625 5454 2685 5462 —-
2715 5425 2816 5478 Mss
2869 5433 3054 5482 nostri.
3091 5425 3284 5482 solent:
3321 5433 3388 5481 M.
3464 5425 3484 5430 ’

2191 5489 2213 5520 ι
2355 5492 2406 5535 et
2435 5490 2540 5558 I_.0v
2571 5525 2582 5542 ,
2612 5495 2758 5558 apud
2790 5509 2949 5558 quas.
2992 5496 3096 5544 Non
3129 5509 3261 5558 opus
3307 5497 3422 5543 erat
3446 5495 3638 5543 addere
3670 5495 3778 5554 hic,

2129 5551 2294 5611 apud.
2328 5553 2466 5611 quod
2496 5567 2528 5600 a
2557 5551 2776 5603 caeteris
2795 5551 2954 5606 libris
2981 5559 3146 5607 abest.

2191 5615 2211 5647 ὖ
2235 5614 2378 5666 L0v..
2403 5629 2541 5663 cura
2562 5627 2801 5674 partam.
2825 5621 2976 5668 Vind.
2999 5624 3112 5669 Am.
3135 5623 3187 5670 et
3204 5621 3307 5673 Er.,
3325 5635 3466 5668 cura
3483 5627 3777 5671 structam.

2129 5677 2214 5723 At.
2255 5677 2356 5725 Mss
2398 5682 2702 5730 constanter
2724 5683 2921 5732 habent
2936 5693 3156 5744 partam
3177 5685 3230 5732 et
3257 5685 3439 5734 carent
3465 5696 3773 5740 vocemura.
