4128 6190
330 333 414 393 49
1689 327 1921 390 LIBER
1966 328 2396 393 SECUNDUS.
3667 341 3748 402 50

330 465 451 520 vita
482 462 708 530 omnia,
733 477 849 517 non
882 474 1202 524 murorum,
1230 461 1328 516 sed
1365 477 1591 516 morum
1627 461 1997 516 munimenta

334 560 512 626 atque
535 556 880 608 ornamenta
901 551 1264 614 ceciderunt;
1291 567 1424 605 cum
1453 551 1873 606 funestioribus
1899 567 1991 605 eo—

333 662 468 702 rum
500 645 674 700 corda
707 641 1147 712 cupiditatibus,
1181 657 1354 711 quam
1390 643 1626 711 ignibus
1661 647 1808 697 tecta
1840 641 1994 696 illius

336 736 504 791 urbis
538 734 831 788 arderent.
857 731 1075 796 Quibus
1105 730 1291 792 dictis
1321 732 1573 801 primum
1599 731 1898 785 terminavi
1921 730 1995 784 li-

333 827 531 881 brum.
555 821 843 892 Deinceps
868 820 1061 890 itaque
1080 819 1272 874 dicere
1295 818 1550 885 institui,
1577 835 1704 889 qua:
1741 818 1892 872 mala
1915 820 1996 873 ci-

330 914 490 970 vitas
525 911 627 967 illa
660 926 932 982 perpessa
964 909 1039 964 sit
1069 908 1139 964 ab
1172 907 1394 979 origine
1425 924 1554 975 sua,
1586 907 1707 962 sive
1751 907 1904 979 apud
1937 923 1996 962 se

337 1004 560 1074 ipsam,
587 999 707 1056 sive
732 999 792 1054 in
818 997 1128 1069 provinciis
1148 997 1258 1053 sibi
1279 998 1398 1068 jam
1422 997 1696 1052 subditis:
1722 1012 1847 1067 quae
1871 1013 1996 1051 om-

341 1093 443 1148 nia
459 1091 791 1146 Christianas
809 1087 1069 1157 religioni
1092 1087 1436 1152 tribuerent,
1454 1086 1500 1141 si
1521 1089 1635 1155 jam
1659 1091 1800 1141 tunc
1821 1103 1993 1142 evan-

341 1181 535 1254 gelica
583 1179 844 1235 doctrina
897 1179 1177 1232 adversus
1219 1176 1393 1230 falsos
1423 1184 1478 1230 et
1509 1175 1745 1231 fallaces
1794 1192 1993 1230 eorum

341 1272 489 1326 deos
519 1268 916 1324 testificatione
951 1266 1252 1321 liberrima
1283 1273 1642 1337 personaret.

337 1386 576 1442 CAPUT
606 1385 705 1442 Ill.
731 1416 796 1426 —
822 1385 891 1439 De
911 1384 1248 1439 assumenda
1273 1384 1528 1448 historia,
1552 1399 1657 1454 qua
1682 1381 1998 1438 ostendatur

408 1493 528 1548 quae
558 1475 708 1529 mala
745 1473 1047 1528 acciderint
1080 1474 1356 1537 Romanis,
1387 1489 1515 1526 cum
1559 1473 1682 1527 deos
1729 1474 1995 1540 colerent,

409 1573 702 1636 antequam
733 1561 930 1634 religio
951 1563 1253 1618 christiana
1283 1563 1644 1618 obcresceret.

414 1673 706 1728 Memento
731 1676 946 1737 autem,
968 1685 1055 1725 me
1079 1670 1194 1725 ista
1215 1678 1790 1735 commemorantem,
1807 1668 1998 1723 adhuc

335 1770 545 1817 contra
576 1760 874 1831 imperitos
912 1776 1100 1830 agere,
1135 1776 1202 1814 ex
1232 1775 1478 1830 quorum
1523 1759 1814 1824 imperitia
1855 1756 1995 1811 illud

335 1867 572 1923 quoque
588 1861 779 1905 ortum
799 1855 885 1904 est
901 1848 1135 1919 vulgare
1155 1849 1552 1919 proverbium:
1577 1847 1778 1902 Pluvia
1794 1847 1934 1901 deﬁt
1955 1845 1996 1911 ¹,

333 1956 518 1996 causa
547 1937 865 1994 Christiani
899 1940 994 2007 (a).
1029 1937 1179 1992 Sunt
1222 1953 1473 2006 namque
1506 1936 1602 2008 qui
1635 1953 1837 1991 eerum
1869 1940 1999 1988 stu-

334 2029 453 2084 diis
472 2027 1288 2084 liberalibusinstitutiamant
1311 2026 1636 2093 historiam,
1655 2043 1769 2096 qua
1794 2023 1996 2078 facilli-

338 2133 436 2172 me
467 2119 575 2172 ista
600 2123 916 2172 noverunt:
942 2117 1044 2171 sed
1073 2119 1132 2170 ut
1155 2115 1322 2170 nobis
1343 2116 1766 2169 ineruditorum
1796 2115 1998 2168 turbas

340 2206 765 2262 infestissimas
798 2205 1063 2270 reddant,
1086 2221 1149 2259 se
1179 2220 1352 2258 nosse
1383 2202 1793 2268 dissimulant;
1823 2209 1999 2272 atque

339 2295 457 2351 hoc
480 2299 632 2367 apud
658 2294 868 2366 vulgus
891 2293 1238 2350 confirmare
1257 2295 1548 2359 nituntur,
1567 2293 1760 2347 clades
1782 2293 1999 2362 quibus

341 2401 452 2457 per
474 2390 634 2439 certa
659 2381 959 2438 intervalla
979 2381 1240 2437 locorum
1265 2388 1321 2435 et
1341 2387 1669 2451 temporum
1692 2396 1876 2452 genus
1902 2380 1999 2434 hu-

338 2490 596 2529 manum
621 2477 850 2543 oportet
870 2471 1070 2542 afﬂigi,
1095 2487 1265 2525 causa
1285 2471 1544 2525 accidere
1569 2470 1824 2525 nominis
1851 2470 1998 2523 chri-

338 2564 550 2632 etiani,
570 2566 722 2635 quod
746 2571 942 2618 contra
961 2564 1096 2618 deos
1117 2579 1257 2617 suos
1275 2562 1491 2633 ingenti
1515 2563 1665 2616 fama
1687 2567 1742 2615 et
1768 2562 2000 2632 praecla-

339 2653 589 2709 rissima
621 2652 957 2708 celebritate
989 2668 1090 2722 per
1110 2657 1317 2706 cuncta
1338 2651 1794 2721 ditl‘unditur(b).
1823 2651 1996 2706 Reco-

342 2743 474 2799 lant
503 2758 640 2812 ergo
674 2743 1337 2810 notiiscum,antequam
1370 2740 1630 2794 Christus
1663 2740 1910 2795 venisset
1938 2741 1996 2795 in

341 2847 538 2897 carne,
573 2836 885 2901 antequam
938 2830 1066 2897 ejus
1123 2845 1334 2884 nomen
1366 2846 1452 2892 ea,
1482 2829 1568 2883 cui
1603 2831 1814 2884 frustra
1845 2828 1996 2882 invi-

342 2922 507 2987 dent,
531 2917 716 2991 gloria
737 2917 962 2990 populis
987 2919 1394 2981 innotesceret,
1416 2917 1630 2988 quibus
1648 2917 1999 2972 calamitati-

344 3010 456 3066 bus
470 3025 562 3064 res
577 3007 853 3063 Romane
870 3006 1824 3079 multiplicitervariequecontritm
1847 3008 1991 3074 sint;

341 3105 401 3155 et
432 3100 489 3153 in
533 3096 626 3152 his
674 3097 1007 3162 defendant,
1041 3097 1086 3150 si
1122 3102 1384 3166 possunt,
1418 3098 1558 3152 deos
1588 3113 1747 3163 suos,
1779 3096 1827 3150 si
1862 3112 1996 3168 pro-

340 3192 547 3260 pterea
578 3185 870 3255 coluntur,
896 3201 968 3241 ne
991 3186 1103 3241 ista
1126 3185 1276 3241 mala
1301 3188 1594 3257 patiantur
1623 3188 1874 3240 cultores
1895 3201 1995 3240 eo-

339 3291 500 3342 rum,
519 3291 767 3347 quorum
792 3273 999 3345 siquid
1021 3290 1176 3330 nunc
1196 3274 1352 3357 passi
1373 3274 1790 3357 fuerint,_n_obis
1811 3274 2000 3357 impiu-

339 3368 593 3422 taudum
627 3382 754 3422 esse
785 3365 1162 3420 contendunt.
1188 3347 1303 3447 ῤίῦ
1322 3356 1568 3420 c'nit'n'ea
1590 3347 1996 3437 qu'ce‘diciurhs

343 3455 896 3525 sum,permiserunt
915 3454 1174 3510 accidere
1188 3455 1512 3510 cultoribus
1527 3455 1668 3519 suis,
1685 3459 1993 3524 antequam

342 3563 447 3602 eos
469 3544 823 3600 declaratum
847 3544 1064 3599 Christi
1087 3560 1299 3625 nomen
1322 3544 1658 3625 offenderet,
1678 3529 1994 3625 seruiit-{ue

343 3634 638 3692 sacrificia
669 3633 1048 3705 prohiberet?
1177 3617 1225 3651 ’⁵
1275 3632 1333 3652 ι·
1381 3626 1391 3642 ι
1445 3617 1562 3663 ονε
1616 3615 1632 3651 τ
1709 3618 1742 3652 ιτ

343 3751 581 3808 CAPUT
616 3749 706 3806 ιν.
739 3781 809 3792 -
839 3749 989 3819 Quod
1014 3751 1253 3806 cultores
1275 3750 1499 3805 deorum
1521 3747 1676 3802 nulla
1697 3764 1940 3818 unquam
1961 3764 1995 3803 a

415 3841 523 3897 diis
549 3843 669 3896 sui:
693 3845 963 3911 praecepta
991 3841 1285 3909 probitatis
1314 3841 1642 3909 acceperint,
1664 3847 1714 3894 et
1736 3840 1792 3892 in
1822 3839 1996 3893 sacris

412 3947 605 3988 eorum
635 3929 825 4002 turpia
853 3944 1080 4002 quaeque
1106 3930 1522 3986 celebraverint.

415 4037 612 4094 Primo
642 4038 806 4110 ipsos
836 4053 1024 4094 mores
1055 4054 1124 4094 ne
1157 4037 1444 4108 pessimos
1483 4036 1780 4101 haberent,
1815 4051 1994 4106 quare

337 4129 424 4186 dii
456 4144 661 4184 eorum
693 4143 895 4183 curare
926 4127 1285 4184 noluerunt?
1307 4128 1456 4183 Deus
1485 4127 1640 4182 enim
1674 4143 1841 4181 verus
1872 4142 1990 4192 eos,

337 4236 372 4275 a
402 4218 627 4289 quibus
659 4233 773 4272 non
805 4215 1126 4282 colebatur,
1150 4218 1356 4272 merito
1387 4215 1673 4288 neglexit;
1696 4215 1774 4270 dii
1798 4225 1992 4270 autem

340 4309 458 4376 illi,
481 4324 516 4362 a
536 4295 782 4377 quorum
802 4307 963 4362 cultu
986 4323 1047 4362 se
1069 4306 1356 4377 prohiberi
1380 4306 1643 4362 homines
1665 4306 1994 4376 ingratissi-

343 4397 430 4453 mi
461 4401 924 4469 conqueruntur,
957 4395 1208 4452 cultores
1237 4412 1373 4452 suos
1404 4395 1472 4450 ad
1511 4395 1654 4450 bene
1681 4394 1992 4450 vivendum

343 4503 521 4558 quare
545 4486 720 4542 nullis
744 4485 972 4556 legibus
994 4485 1382 4556 adjuverunt?
1395 4485 1601 4556 Utique
1615 4483 1856 4556 dignum
1873 4489 1995 4539 erat

345 4584 415 4632 ut.
444 4576 740 4648 quomodo
768 4575 864 4630 isti
888 4574 1122 4631 illorum
1155 4575 1438 4642 sacra,ita
1460 4574 1541 4628 illi
1567 4575 1810 4629 istorum
1849 4573 1996 4628 facta

412 4723 430 4756 ι
461 4717 619 4769 Editi.
655 4717 881 4778 defecit;
909 4720 964 4766 et
994 4731 1059 4767 ex
1088 4717 1156 4767 iis
1189 4719 1312 4775 tres,
1349 4719 1547 4767 scilicet
1575 4719 1733 4767 Vind.
1762 4720 1876 4766 Am.
1909 4717 1992 4764 Er.

343 4783 761 4846 prosequuntur,
776 4795 943 4846 causa.
963 4780 1262 4846 christiani
1284 4782 1546 4846 nominis.
1560 4783 1627 4846 At
1640 4783 1852 4846 veteres
1871 4779 1995 4827 libri

342 4843 455 4894 non
485 4845 704 4893 addunt.
742 4843 983 4891 nominis
1003 4857 1020 4889 :
1051 4846 1103 4892 et
1147 4843 1279 4897 loco.
1324 4843 1534 4903 defecit.
1566 4844 1766 4892 habent
1792 4856 1992 4897 omnes.

339 4907 474 4966 deﬁt
516 4905 700 4955 Plures
722 4919 932 4968 quoque
952 4919 1019 4954 ex
1037 4907 1222 4954 iisdem
1258 4907 1632 4967 manuscriptis
1653 4907 1883 4967 Optimae
1904 4918 1994 4954 no-

339 4973 433 5018 tae
456 4969 621 5017 verba
657 4971 1036 5031 consequentia
1072 4970 1346 5016 nonnullis
1383 4969 1591 5016 omissis
1626 4969 1897 5029 particulis
1922 4969 1997 5016 sic

335 5032 683 5091 distinguunt
715 5045 726 5079 :
759 5047 928 5080 causa
959 5031 1272 5081 Christiani
1299 5040 1432 5079 sunt
1489 5031 1624 5079 Nam
1675 5032 1772 5093 qui
1801 5045 1992 5078 eorum

334 5094 548 5142 studiix
568 5094 890 5142 libera’ibus
914 5095 1166 5142 instituti
1184 5104 1377 5142 amant
1395 5094 1996 5153 historiamfacillime

340 5159 453 5206 ista
483 5166 775 5205 noverunt.
808 5183 865 5193 —
897 5156 981 5205 Sic
998 5159 1158 5205 etiam
1187 5158 1355 5205 nostri
1391 5157 1548 5205 Codd.
1587 5157 1650 5204 M.

399 5221 484 5277 (α)
512 5219 658 5268 Istud
689 5221 743 5268 in
773 5218 1102 5268 Christianos
1130 5221 1468 5281 proverbium
1501 5220 1656 5281 paulo
1684 5219 1804 5267 aliis
1820 5218 1997 5267 verbis

336 5287 814 5333 commemoratum
845 5284 1008 5330 habes
1038 5283 1217 5330 Enarr.
1249 5283 1302 5330 in
1338 5285 1452 5332 l’sal
1502 5283 1579 5336 90,
1613 5297 1646 5330 n
1702 5285 1742 5328 l.

399 5345 471 5400 (ὁ)
511 5346 655 5394 Inter
682 5346 915 5394 eruditos
944 5346 1063 5392 illos
1091 5345 1510 5394 dissimulaturos
1542 5346 1898 5394 accenscndus
1919 5346 1996 5391 est

338 5408 590 5456 Aurelius
611 5407 981 5470 Symmachus.
1003 5407 1092 5455 ille
1112 5408 1234 5455 Urbi
1255 5410 1545 5469 praefectus
1575 5409 1663 5468 qui
1691 5408 1816 5455 talia
1839 5407 1998 5454 habet

337 5473 394 5519 in
420 5471 696 5519 Relations
714 5471 892 5518 oblata
911 5471 1282 5518 Valentiniano
1325 5485 1465 5520 anno
1496 5471 1602 5522 394.
1634 5484 1790 5531 (uiam
1809 5470 1998 5517 conlu—

341 5534 484 5583 tavit
505 5533 556 5581 S.
573 5535 898 5583 Ambrosius.
914 5533 1040 5580 Vide
1063 5548 1187 5581 num
1222 5536 1271 5581 t4
1313 5535 1366 5580 in
1383 5534 1611 5581 editione
1627 5533 1993 5580 Ambrosiana.

343 5597 424 5646 Ad
444 5611 561 5646 eam
583 5597 908 5646 calumniam
944 5597 1339 5654 confutandam,
1361 5599 1544 5656 rogatu
1564 5595 1862 5655 Augustini.
1887 5594 1997 5641 llis-

344 5662 611 5710 toriarum
657 5672 789 5721 Opus
835 5659 1063 5708 scribere
1108 5671 1384 5720 aggressus
1421 5661 1500 5707 est
1525 5658 1722 5708 Paulus
1764 5656 1995 5706 Orosius.

347 5723 484 5773 Vide
512 5723 630 5785 ejus
651 5722 1035 5786 praelationem
1062 5721 1129 5770 ad
1158 5721 1529 5782 Augustinum.

2111 470 2398 520 curarent.
2435 465 2544 521 Sed
2581 469 2982 540 respondetur,
3007 471 3158 540 quod
3194 473 3490 532 voluntate
3520 478 3755 550 propria

2105 553 2349 623 quisque
2375 556 2562 610 malus
2583 564 2689 612 est.
2707 559 2848 622 Quis
2871 558 2979 614 hoc
3003 562 3332 626 negaverit?
3348 567 3753 623 Verumtamen

2108 645 2438 711 pertinebat
2469 647 2536 699 ad
2562 650 2924 703 consultores
2955 651 3114 715 deos,
3137 651 3261 706 vitae
3285 653 3448 709 bonae
3471 662 3756 727 praecepta

2108 748 2219 786 non
2246 734 2537 790 occultare
2561 738 2791 806 populis
2809 739 3130 795 cultoribus
3151 743 3296 810 suis,
3313 745 3412 798 sed
3435 743 3587 801 clara
3607 763 3757 818 prte—

2105 820 2395 876 dicatione
2418 825 2668 893 praebere
2691 843 2706 894 ;
2732 843 2834 898 per
2855 833 3009 882 vates
3030 831 3202 884 etiam
3227 834 3555 902 convenire,
3579 839 3754 908 atque

2105 925 2343 980 arguere
2367 919 2702 982 peccantes;
2721 914 2910 986 palam
2931 917 3141 974 minari
3159 937 3356 989 pinnas
3373 922 3519 979 male
3534 923 3754 996 agenti-

2105 999 2234 1066 bus,
2253 1001 2490 1071 praemia
2512 1008 2664 1058 recte
2685 1003 3008 1062 viventibus
3029 1007 3309 1078 polliceri.
3329 1011 3474 1076 Quid
3495 1029 3754 1085 unquam

2107 1087 2222 1143 tale
2245 1089 2300 1142 in
2326 1090 2566 1145 deorum
2592 1091 2827 1148 illorum
2847 1093 3083 1166 templis
3103 1103 3372 1170 prompta
3394 1104 3451 1156 et
3472 1099 3755 1158 eminenti

2103 1195 2240 1232 voce
2267 1181 3068 1250 concrepuit?Veniebamus
3100 1187 3272 1241 etiam
3306 1205 3410 1244 nos
3440 1189 3756 1261 aliquando

2105 1268 2499 1324 adolescentes
2527 1271 2596 1324 ad
2631 1273 2966 1341 spectacula
3011 1273 3382 1346 ludibriaque
3427 1279 3757 1351 sacrilegio-

2105 1374 2229 1411 rum
2257 1359 2358 1427 (u);
2384 1365 2796 1430 spectabamus
2820 1362 3169 1431 arreptitios,
3196 1367 3582 1421 audiebamus
3606 1384 3760 1439 sym-

2107 1447 2451 1518 phoniacus;
2477 1449 2628 1503 ludis
2655 1451 3034 1522 turpissimis.
3060 1455 3286 1524 quidiis
3309 1456 3649 1529 deabusque
3669 1474 3763 1514 ex-

2106 1537 2480 1603 hibebantur,
2531 1539 2984 1609 oblectabamur,
3033 1541 3264 1598 leesti
3308 1545 3516 1616 virgini
3569 1547 3664 1617 (b),
3706 1550 3764 1603 et

2106 1625 2502 1698 Berecynthiae
2530 1629 2700 1682 matri
2723 1629 2986 1686 omnium
3007 1646 3019 1685 :
3039 1636 3170 1686 ante
3194 1632 3360 1702 cujus
3381 1633 3644 1690 lecticam
3669 1635 3762 1690 die

2107 1715 2350 1770 solemni
2377 1714 2683 1772 lavationis
2705 1717 2831 1788 ejus
2852 1718 2942 1789 (ε),
2965 1719 3103 1775 talia
3129 1737 3230 1791 per
3253 1721 3548 1791 publicum
3573 1722 3762 1779 canti-

2107 1805 2425 1860 tabantura
2447 1807 2820 1878 aequissimis
2843 1810 3106 1877 scenicis,
3123 1810 3336 1880 qualia,
3355 1829 3465 1868 non
3487 1813 3614 1868 dico
3631 1829 3759 1868 ma-

2105 1898 2250 1947 trem
2285 1895 2549 1962 deorum,
2577 1895 2674 1951 sed
2703 1905 2944 1952 matrem
2979 1897 3498 1971 qualiumcumque
3529 1905 3759 1957 senato-

2108 1999 2233 2037 rum
2259 1984 2342 2038 vel
2369 1985 2762 2054 quurumltbet
2782 1985 3158 2042 honestorum
3185 1989 3462 2057 virorum,
3484 1991 3601 2046 imo
3625 2007 3758 2047 vero

2107 2071 2302 2143 qualia
2336 2089 2437 2127 nec
2463 2079 2702 2129 matrem
2729 2075 2989 2146 ipsorum
3015 2080 3379 2134 scenicorum
3404 2079 3632 2136 deceret
3653 2097 3756 2136 au-

2107 2163 2250 2219 dire.
2287 2163 2468 2217 Habet
2499 2168 2653 2218 enim
2686 2165 2964 2236 quidlam
3007 2183 3143 2238 erga
3188 2174 3455 2239 parentes
3503 2170 3759 2225 humana

2107 2251 2474 2313 verecundia,
2507 2255 2659 2322 quod
2696 2271 2798 2308 nec
2831 2257 2958 2322 ipsa
2990 2256 3251 2326 nequitia
3286 2262 3473 2328 pussut
3505 2262 3752 2312 auferre.

2109 2339 2272 2394 lllam
2316 2341 2556 2410 proinde
2588 2344 3011 2412 turpitudinem
3045 2346 3430 2400 obscenorum
3466 2345 3754 2401 dictorum

2105 2434 2279 2499 atque
2304 2430 2888 2495 t’acturum,sceuicos
2908 2431 3068 2501 ipsos
3090 2433 3241 2486 domi
3265 2449 3386 2488 sum
3411 2434 3755 2503 proludendi

2108 2534 2283 2572 causa
2305 2534 2496 2572 coram
2526 2518 2806 2573 matribus
2829 2521 2951 2574 suis
2974 2536 3145 2592 agere
3170 2528 3430 2592 puderet,
3457 2538 3628 2593 quam
3656 2540 3758 2594 per

2108 2609 2408 2678 publicum
2439 2609 2705 2677 agebant,
2731 2625 2922 2664 coram
2947 2613 3118 2665 deum
3147 2617 3351 2680 matre,
3375 2618 3676 2682 spectante
3698 2617 3756 2668 et

2106 2697 2371 2750 audiente
2403 2697 2701 2767 utriusque
2721 2714 2888 2753 sexus
2922 2699 3392 2769 frequentissima
3418 2699 3756 2755 multitudi-

2107 2801 2196 2839 ne.
2223 2786 2358 2849 Quae
2387 2788 2434 2840 si
2461 2786 2654 2841 illecta
2685 2788 3019 2844 curiositate
3049 2789 3250 2844 adesse
3282 2791 3472 2860 potuit
3501 2790 3755 2846 circum-

2107 2874 2248 2941 fusa,
2288 2877 2489 2930 saltem
2522 2877 2740 2932 offensa
2773 2880 3039 2932 castitate
3071 2879 3269 2933 debuit
3301 2879 3458 2936 abire
3491 2880 3752 2938 confusa.

2106 2965 2240 3028 Qua
2271 2971 2405 3019 sunt
2435 2965 2758 3036 Sacrilegia,
2781 2967 2828 3021 si
2860 2965 2958 3021 illa
2987 2975 3126 3022 sunt
3160 2969 3366 3024 sacra?
3387 2974 3487 3024 aut
3517 2986 3647 3040 quae
3669 2970 3758 3024 in-

2105 3054 2388 3124 quinatio,
2410 3055 2454 3108 si
2482 3053 2576 3108 illa
2601 3054 2853 3110 lavatio?
2875 3060 2939 3110 Et
2970 3056 3089 3111 haec
3117 3057 3356 3114 Fercula
3385 3057 3756 3130 appellaban-

2105 3150 2219 3210 tur,
2251 3146 2420 3213 quasi
2472 3144 2862 3199 celebraretur
2905 3146 3256 3213 convivnum,
3293 3163 3404 3216 quo
3450 3148 3604 3202 velut
3635 3147 3756 3202 suis

2096 3233 2630 3302 ,epuksimmunda
2659 3235 2948 3289 dmmonia
2981 3243 3380 3306 pascerentur.
3415 3237 3554 3302 Quis
3595 3237 3752 3292 enim

2098 3317 2219 3406 iraa
2236 3323 2789 3405 se‘hti'atcujusmodi
2807 3323 3048 3393 spiritus
3064 3327 3159 3379 tali
3172 3325 3754 3382 busobscenitatibus

2104 3410 2478 3477 delectentur,
2499 3413 2611 3466 nisi
2629 3413 2711 3467 vel
2740 3414 3005 3469 nesciens
3029 3424 3221 3469 utrum
3248 3417 3486 3472 omnino
3508 3415 3625 3471 sint
3648 3415 3753 3470 ulli

2097 3497 2652 3578 immundislﬁritus
2666 3501 2902 3556 deorum
2923 3502 3157 3557 nomine
3173 3503 3551 3573 decipientes,
3569 3505 3653 3560 vel
3671 3511 3753 3559 ta-

2101 3571 2643 3671 lemaéensvjtam,
2663 3591 2718 3644 in
2746 3607 2862 3660 qua
2883 3591 3021 3646 istos
3045 3593 3236 3661 potius
3259 3571 3436 3663 quam
3463 3593 3638 3648 Deum
3665 3611 3755 3651 ve-

2106 3692 2236 3729 rum
2271 3684 2329 3729 et
2359 3683 2519 3747 optet
2553 3680 2854 3746 prOpitios,
2888 3686 2944 3732 et
2976 3680 3247 3733 formidet
3280 3681 3502 3735 iratos?

2103 3763 2330 3820 CAPUT
2360 3765 2426 3822 V.
2460 3797 2528 3808 --
2559 3767 2630 3822 De
2649 3767 3092 3832 obscenitatibus,
3127 3769 3325 3839 quibus
3369 3771 3540 3825 Mater
3585 3771 3751 3826 daum

2460 3872 2493 3910 a
2524 3855 2825 3911 cultoribus
2853 3859 2966 3910 suis
2997 3858 3391 3914 honorabatur.

2173 3943 2552 4016 Nequaquam
2577 3945 2742 4014 istos,
2759 3945 2857 4018 qui
2881 3945 3348 4018 ﬂagitiosissima;
3370 3948 3752 4004 consuetudi-

2103 4033 2194 4088 nis
2209 4033 2363 4089 vitiis
2383 4033 2651 4090 oblectari
2673 4035 2858 4105 magis
2874 4051 3048 4106 quam
3069 4035 3353 4092 obluctari
3373 4036 3633 4101 student.
3648 4039 3748 4094 sed

2103 4123 2271 4180 illum
2305 4124 2497 4193 ipsum
2524 4125 2790 4180 Nasicam
2824 4126 3297 4199 Scipionem,qui
3320 4128 3406 4181 vir
3435 4127 3694 4198 optimus
3715 4146 3751 4186 a

2100 4217 2303 4268 senatu
2329 4214 2548 4269 electus
2570 4215 2862 4285 est,cujus
2885 4217 3159 4271 manibus
3179 4217 3440 4287 ejusdem
3466 4218 3750 4276 daemonis

2103 4304 2482 4360 simulacrum
2499 4310 2838 4378 susceptum
2853 4311 2965 4375 est,
2980 4306 3036 4360 in
3056 4307 3380 4379 Urbemque
3395 4313 3749 4378 pervectum.

2163 4464 2240 4524 (α)
2271 4465 2503 4530 invertit
2527 4466 2719 4530 falsam
2752 4466 3174 4530 appellationem,
3224 4479 3331 4528 qua
3380 4465 3504 4515 ludi
3540 4465 3693 4517 sacri
3718 4477 3753 4516 a

2098 4528 2341 4588 paganis,
2362 4531 2457 4577 aut
2485 4529 2750 4577 ludorum
2780 4528 2944 4578 sacra.
2971 4530 3300 4579 dicebantur.

2165 4591 2217 4654 to
2228 4621 2232 4632 ι
2251 4591 2466 4640 Cwlesti
2479 4591 2601 4640 huic
2619 4592 2837 4654 virgini
2861 4593 3174 4654 praecipuus
3192 4593 3249 4640 in
3271 4591 3447 4641 Africa
3467 4591 3644 4654 cultus
3660 4590 3750 4640 tri-

2102 4652 2378 4706 buebatur.
2399 4656 2532 4702 teste
2551 4652 2880 4702 Tertulliano
2891 4655 2946 4702 in
2965 4652 3317 4716 Apologetico.
3334 4667 3446 4716 cap.
3467 4653 3545 4704 24,
3568 4655 3640 4704 De
3658 4654 3754 4704 illa

2105 4669 2378 4706 DueDatur.
2399 4669 2532 4702 teste
2561 4669 2876 4702 rertumano
2891 4669 2946 4702 in
2965 4669 3317 4716 Aponogeuco.
3334 4669 3396 4704 ca
3435 4690 3446 4703 .
3467 4669 3545 4704 τι,
3568 4669 3640 4704 ue
3658 4669 3754 4704 tua

2100 4716 2239 4763 idem
2257 4716 2367 4776 ipse
2387 4717 2442 4764 in
2458 4717 2692 4778 ejusdem
2712 4717 2836 4766 libri
2855 4718 3022 4778 capite
3041 4717 3118 4768 23.
3137 4720 3190 4766 et
3205 4669 3532 4766 multisiocis
3552 4717 3754 4778 Augus-

2102 4779 2332 4841 tipus.ut
2347 4779 2594 4841 Enarrin
2611 4779 2730 4828 Psal
2752 4779 3002 4832 62.n.7.et
3017 4780 3075 4828 in
3096 4781 3233 4828 Psal.
3259 4779 3340 4832 98,
3358 4780 3504 4837 n.14,
3516 4782 3569 4828 et
3584 4781 3750 4830 Serm.

2105 4839 2213 4897 105,
2232 4855 2285 4889 n.
2308 4840 2380 4889 t2.
2402 4842 2546 4889 Hanc
2561 4842 2858 4891 Ludovicus
2874 4841 3032 4890 Vives
3047 4843 3199 4891 nulla
3211 4845 3425 4892 coactus
3440 4842 3756 4891 auctoritate

2102 4907 2196 4951 aut
2216 4904 2419 4952 ratione
2439 4904 2715 4952 contundit
2738 4905 2821 4952 hic
2841 4904 2942 4953 loci
2963 4918 3082 4952 cum
3118 4905 3276 4953 deum
3305 4907 3475 4952 matre
3503 4903 3756 4964 Berecyn-

2103 4967 2218 5012 thia
2241 4981 2252 5014 :
2283 4967 2612 5021 Augustinus
2632 4970 2815 5015 contra
2835 4966 3112 5016 manifeste
3129 4967 3424 5028 distinguit.
3439 4965 3757 5026 Interposita

2103 5029 2323 5089 cepulan
2335 5032 2381 5076 te
2399 5028 2658 5088 particula
2669 5029 2970 5089 subjiciens.
2985 5037 3032 5077 et
3053 5027 3447 5091 Berecynthiae
3459 5027 3632 5076 matri
3647 5041 3756 5091 om-

2105 5087 2287 5141 nium.
2307 5091 2356 5137 id
2371 5087 2467 5141 est.
2486 5091 2702 5138 deorum
2717 5087 3025 5140 etidearnm:
3048 5092 3186 5152 quod
3213 5087 3562 5153 supplendum
3591 5087 3755 5135 relin-

2103 5154 2433 5214 quebaturin
2449 5155 2839 5216 manuscriptis.
2857 5155 2983 5202 Nam
2997 5155 3053 5202 in
3074 5156 3232 5203 editis
3253 5156 3494 5202 additum
3519 5153 3617 5207 est,
3639 5153 3756 5196 deo-

2104 5232 2172 5264 ru
2183 5232 2233 5264 m
2243 5254 2252 5264 .

2168 5287 2239 5334 in)
2265 5279 2437 5328 Pridie
2455 5280 2573 5327 idus
2593 5279 2789 5336 apriles
2809 5281 2979 5328 mater
2997 5279 3153 5328 deum
3178 5291 3370 5339 magna
3387 5273 3758 5339 pompaasnis

2106 5343 2464 5390 sacerdotibus
2485 5344 2547 5390 ad
2573 5343 2844 5390 Almooem
2866 5336 3326 5402 fluvium.quin6n
3353 5336 3608 5402 proculab
3620 5336 3758 5387 Urbe

2103 5405 2158 5450 in
2193 5406 2420 5451 Tiberim
2455 5405 2636 5451 influit
2687 5405 3071 5464 producebatur
3108 5401 3284 5464 ibique
3305 5401 3368 5448 ad
3401 5401 3755 5464 confluentem

2105 5467 2327 5514 duorum
2352 5467 2586 5514 amnium
2618 5463 2935 5515 abluebatur
2971 5471 3149 5515 vetere
3186 5463 3448 5513 instituto.
3490 5463 3615 5512 Nam
3650 5478 3756 5525 quo

2107 5530 2333 5590 primum
2353 5529 2437 5576 die
2454 5544 2518 5575 rx
2540 5530 2659 5577 Asia
2674 5531 2801 5579 illuc
2819 5533 2900 5579 est
2920 5531 3158 5579 advecta.
3177 5543 3208 5576 a
3239 5528 3506 5576 sacerdote
3527 5527 3637 5575 lota
3657 5530 3755 5583 est,

2105 5593 2255 5652 isque
2276 5605 2387 5640 mos
2406 5595 2589 5654 postea
2609 5606 2756 5641 sacer
2775 5593 2875 5640 fuit
2894 5597 2946 5641 et
2965 5592 3188 5652 singulis
3205 5591 3362 5654 anguis
3387 5591 3657 5654 repetitus.
3686 5591 3760 5638 Ue

2105 5669 2210 5716 quo
2232 5667 2375 5702 more
2392 5652 2628 5717 Ovidius,
2651 5657 2706 5703 in
2731 5656 2966 5704 Fast.lib.
2989 5655 3037 5707 4,
3061 5666 3184 5717 v_e_rs
3205 5652 3297 5702 337
3318 5652 3493 5717 seqqi;
3515 5655 3759 5717 Lucanus

2103 5715 2198 5766 lib.
2229 5718 2274 5774 1,
2304 5730 2442 5766 vers.
2473 5715 2600 5776 600;
2633 5718 2966 5770 Prudentius.
3002 5717 3058 5764 in
3091 5715 3348 5780 Martyrio
3381 5715 3619 5767 Romani.
