4128 6190
344 315 415 374 ⁵1

344 449 561 506 habere
611 451 684 505 de
733 449 843 505 hac
874 464 935 505 re
958 449 1210 520 judicem
1270 445 1497 500 vellem.
1535 443 1764 500 Diceret
1807 437 1992 504 nobis,

344 543 544 593 utrum
571 543 811 594 matrem
837 553 999 592 suam
1027 545 1141 591 tam
1168 535 1386 606 optime
1410 534 1480 588 de
1502 531 1798 604 republica
1820 527 1991 583 vellet

345 629 572 694 mereri,
609 639 665 682 ut
707 628 756 682 ei
799 628 975 681 divini
1025 626 1272 681 honores
1323 626 1806 678 decernerentur:
1841 620 1992 673 sicut

346 723 404 772 et
431 717 659 772 Graecos
682 724 738 771 et
763 717 1052 771 Romanos
1076 715 1338 784 aliasque
1358 723 1561 784 gentes
1592 717 1819 766 constat
1849 708 1989 778 qui-

349 806 598 862 busdam
633 807 957 860 decrevisse
980 805 1348 865 mortalibus,
1373 819 1620 874 quorum
1646 817 1783 868 erga
1805 816 1865 854 se
1890 804 1992 851 be-

351 896 560 949 nelicia
591 895 1124 962 magntpenderant.
1147 909 1364 962 eosque
1396 895 1756 946 immortales
1787 892 1990 951 tactos,

350 991 520 1054 atque
552 986 606 1036 in
641 984 879 1036 deorum
915 999 1220 1037 numerum
1267 989 1527 1049 receptos
1571 998 1696 1035 esse
1735 979 1994 1033 credide-

349 1082 474 1127 rant
503 1073 602 1141 (a).
626 1071 883 1126 Prol’ecto
908 1071 1000 1126 ille
1034 1079 1255 1126 tantam
1289 1073 1617 1127 felicitatem
1647 1087 1764 1124 suae
1799 1067 1992 1122 matri,

349 1164 398 1217 si
434 1160 558 1215 ﬁeri
591 1167 808 1232 posset,
834 1168 1076 1231 optaret.
1104 1163 1278 1218 Porro
1301 1164 1345 1216 si
1372 1165 1443 1216 ab
1477 1162 1573 1215 illo
1605 1160 1813 1215 deinde
1844 1175 1998 1230 quie-

350 1266 634 1317 reremus,
657 1259 849 1305 utrum
876 1253 1025 1306 inter
1043 1253 1170 1320 ejus
1197 1252 1421 1306 divinos
1446 1250 1692 1304 honores
1713 1250 1878 1303 vellet
1899 1246 1998 1301 illa

351 1341 548 1411 turpia
589 1341 889 1408 celebrari,
927 1358 1116 1396 nonne
1147 1358 1208 1397 se
1240 1341 1412 1396 malle
1463 1341 1761 1401 clamaret.
1798 1346 1860 1393 ut
1890 1355 1999 1393 sua

355 1436 547 1484 mater
577 1429 699 1484 sine
732 1431 850 1484 ullo
883 1446 1057 1484 sensu
1095 1431 1572 1499 mortuajaceret,
1596 1445 1772 1500 quam
1797 1430 1864 1482 ad
1893 1429 1998 1482 hoc

353 1520 461 1574 dea
493 1518 722 1584 viveret,
749 1526 810 1573 ut
840 1518 940 1572 illa
970 1519 1214 1574 libenter
1243 1518 1513 1574 audiret?
1536 1522 1700 1574 Absit
1737 1525 1800 1572 ut
1829 1533 2002 1572 sena-

354 1613 446 1663 tor
470 1608 665 1678 populi
691 1608 932 1663 Romaui
957 1626 1024 1663 ea
1047 1616 1236 1663 mente
1260 1609 1555 1680 praeditus,
1580 1626 1698 1680 qua
1717 1608 2000 1662 theatrum

357 1697 627 1753 aediﬁcari
653 1698 710 1753 in
737 1699 877 1754 urbe
899 1700 1132 1754 fortium
1157 1702 1409 1755 virorum
1437 1699 1754 1771 prohibuit,
1773 1699 1859 1752 sic
1883 1696 2001 1752 vel-

358 1789 438 1843 let
467 1786 576 1842 coli
611 1793 850 1843 matrem
884 1805 1075 1854 suam,
1105 1797 1168 1843 ut
1198 1789 1414 1844 talibus
1446 1791 1550 1843 dea
1602 1790 1782 1843 sacris
1814 1786 2003 1858 propi-

361 1878 629 1947 tiaretur,
655 1879 929 1952 qualibus
957 1886 1217 1936 matrona
1239 1881 1429 1936 verbis
1459 1881 1868 1937 offenderetur.
1891 1877 2004 1934 Nec

360 1967 481 2024 ullo
515 1970 684 2024 modo
711 1970 969 2025 crederet
997 1971 1403 2026 verecundiam
1435 1969 1747 2026 laudabilis
1779 1968 2005 2024 feminae

364 2058 447 2114 ita
477 2058 535 2111 in
570 2059 922 2113 contrarium
973 2059 1272 2115 divinitate
1322 2061 1552 2124 mutari,
1587 2065 1652 2114 ut
1691 2057 2006 2114 honoribus

364 2163 488 2203 eam
513 2146 727 2202 talibus
750 2148 1094 2203 advocarent
1117 2147 1371 2204 cultores
1393 2148 1506 2217 sui,
1525 2147 1794 2218 qualibus
1817 2147 2008 2202 convi-

365 2234 473 2291 ciis
497 2236 552 2291 in
578 2237 912 2308 quempiam
931 2237 1226 2307 jaculatis,
1249 2254 1382 2293 cum
1403 2241 1552 2292 inter
1574 2237 1839 2292 homines
1855 2237 2007 2290 vive-

363 2330 470 2392 ret,
505 2324 616 2380 nisi
659 2341 827 2380 aures
871 2327 1166 2382 clauderet
1197 2343 1435 2396 seseque
1466 2326 1853 2394 subtraheret,
1887 2341 2010 2379 eru-

369 2415 674 2470 bescerent
697 2432 798 2486 pro
824 2415 926 2471 illa
946 2421 1001 2471 et
1024 2419 1354 2489 propinqui,
1374 2422 1430 2472 et
1453 2418 1716 2480 maritus,
1741 2423 1799 2472 et
1823 2415 2007 2469 liberi.

374 2502 621 2559 Proinde
652 2503 783 2559 talis
815 2512 995 2560 mater
1025 2507 1220 2574 deum,
1253 2507 1483 2578 qualem
1519 2507 1730 2561 habere
1764 2511 2007 2560 matrem

364 2594 609 2664 puderet
625 2592 944 2664 quemlibet
960 2594 1132 2648 etiam
1155 2597 1467 2664 pessimum
1490 2595 1700 2659 virum,
1720 2594 2011 2648 Romanas

365 2689 720 2753 occupatura
755 2689 975 2737 mentes
1019 2683 1286 2753 quaesivit
1315 2683 1601 2753 optimum
1652 2684 1863 2748 virum,
1897 2697 2011 2736 non

369 2786 539 2842 quem
574 2771 862 2824 monendo
884 2777 940 2824 et
961 2771 1291 2838 adjuvando
1323 2773 1554 2838 faceret,
1581 2771 1682 2826 sed
1706 2787 1873 2841 quem
1907 2771 2011 2824 fal-

367 2860 539 2914 lendo
569 2858 878 2928 deciperet,
899 2859 949 2912 ei
973 2859 1185 2913 similis
1215 2859 1286 2916 de
1316 2877 1429 2931 qua
1457 2864 1737 2931 scriptum
1770 2866 1878 2926 est,
1903 2859 2013 2914 Mu-

372 2949 476 3004 lier
503 2951 685 3003 autem
707 2950 956 3004 virorum
984 2952 1249 3019 pretiosas
1278 2954 1492 3005 animas
1521 2957 1702 3022 captat
1725 2949 1908 3019 (Prov.
1935 2965 2012 3014 vr,

369 3038 494 3109 26):
521 3037 703 3093 utille
734 3054 956 3110 magnae
989 3040 1201 3094 indolis
1235 3041 1466 3094 animus
1498 3040 1606 3094 hoe
1635 3039 1792 3094 velut
1823 3039 2016 3092 divino

371 3129 711 3185 testimonio
761 3129 1184 3196 sublimatus‘,
1218 3139 1271 3186 et
1299 3147 1428 3186 vere
1469 3147 1530 3186 se
1572 3131 1858 3202 optimum
1905 3129 2018 3184 exi-

375 3221 638 3282 stimans.
661 3235 849 3275 veram
876 3221 1145 3291 pietatem
1183 3221 1634 3288 religionemque
1659 3225 2015 3311 magna?

2348 3251 2903 3329 ἷξεψὶιῑ,θᾴζιύμιιιγοι
2920 3274 2934 3312 :
2952 3257 3198 3312 maxime
3211 3273 3344 3314 cum
3359 3275 3495 3314 eoru
3507 3275 3558 3314 m
3576 3276 3637 3314 su
3649 3275 3771 3328 per-

376 3318 484 3376 ret,
507 3315 634 3366 sine
655 3328 772 3382 qua
791 3328 964 3367 omne
985 3313 1252 3385 quamvis
1287 3311 1573 3366 laudabile
1599 3311 1890 3380 ingentium
1905 3321 2015 3371 :sc-

2140 3336 2403 3415 ῠῖωοὶυϊείέ
2423 3324 2790 3416 providentia
2809 3345 3002 3402 divina
3020 3350 3334 3413 resisteret,
3352 3348 3579 3404 utviam
3597 3349 3771 3418 pieta-

381 3399 580 3469 perbia
612 3402 1188 3456 Vanescitetdecidit.
1211 3401 1504 3464 Quomodo
1529 3401 1702 3472 igitur
1737 3399 1844 3453 nisi
1870 3398 2016 3453 insi-

377 3490 538 3545 diose
569 3496 851 3560 queereret
880 3495 984 3546 dea
1017 3492 1113 3547 illa
1143 3491 1423 3561 optimum
1458 3485 1665 3566 virum;
1686 3490 2022 3566 .c'ir,rn"t,a§id_
2055 3503 2102 3531 -'

378 3587 597 3649 quierat.
626 3578 682 3632 in
717 3579 842 3634 suis
877 3579 1079 3641 sacris.
1114 3581 1304 3651 qualia
1335 3579 1439 3634 viri
1471 3561 2023 3652 optinii‘aiilior’réni

378 3668 504 3724 suis
537 3668 797 3724 adhiberi
831 3669 1110 3724 conviviis
1129 3670 1159 3723 ?

378 3755 612 3814 CAPUT
640 3756 738 3815 Vl.
770 3788 839 3799 --
871 3759 1002 3815 Deos
1050 3765 1402 3830 Paganorum
1443 3774 1726 3830 nunquam
1776 3757 1908 3813 bene
1943 3757 2023 3811 vi-

805 3849 968 3904 vendi
995 3851 1245 3905 sanxisse
1271 3849 1600 3905 doctrinam.

451 3937 595 3995 Ilinc
625 3944 713 3995 est
742 3941 894 4010 quod
930 3941 1001 3995 de
1021 3941 1138 3994 vita
1159 3945 1214 3994 et
1236 3940 1496 3995 moribus
1526 3939 1820 3994 civitatum
1853 3940 2027 4007 atque

380 4027 759 4102 populorum,
793 4044 827 4082 a
857 4029 1075 4098 quibus
1118 4028 1458 4083 colebantur
1487 4025 1588 4082 illa
1621 4027 1878 4094 numina,
1913 4040 2027 4080 non

381 4120 688 4180 curarunt,
712 4119 777 4170 ut
795 4119 914 4169 tam
941 4115 1247 4170 horrendis
1269 4116 1290 4149 ²
1308 4121 1365 4171 et
1384 4114 1816 4170 detestabilibus
1837 4113 2028 4180 malis,

389 4222 504 4260 non
539 4204 596 4259 in
628 4221 766 4274 agro
789 4210 846 4260 et
871 4205 1110 4273 vitibus,
1134 4223 1245 4260 non
1275 4206 1328 4261 in
1354 4205 1528 4261 domo
1557 4213 1730 4276 atque
1763 4206 2029 4274 pecunia»

387 4311 506 4351 non
543 4295 792 4364 denique
821 4293 876 4348 in
913 4295 1040 4366 ipso
1071 4311 1330 4366 corpore,
1357 4296 1505 4366 quod
1530 4295 1704 4350 menti
1737 4295 2028 4361 subditur,

390 4387 487 4438 sed
528 4387 581 4436 in
610 4384 736 4454 ipsa
769 4393 986 4449 mente,
1013 4387 1066 4438 in
1092 4387 1217 4456 ipso
1243 4395 1460 4440 rectore
1482 4388 1672 4440 carnis
1696 4385 1913 4449 animo,
1937 4399 2032 4437 eos

387 4473 613 4545 impleri
643 4489 707 4527 ac
735 4481 1017 4538 pessimos
1051 4477 1171 4530 ﬁeri
1199 4477 1323 4530 sine
1349 4480 1462 4530 ulla
1491 4494 1594 4528 sua
1629 4473 1869 4528 terribili
1904 4491 2028 4544 pro-

395 4563 677 4616 hibitione
696 4565 1222 4632 perniitterent.Aut
1242 4566 1286 4619 si
1309 4566 1708 4632 prohibebant,
1729 4565 1828 4618 hor
1845 4572 2034 4617 osten-

394 4653 567 4704 datur
601 4652 810 4720 potius,
847 4655 951 4708 huc
987 4655 1275 4722 probetur.
1317 4656 1425 4708 Nec
1464 4656 1628 4708 nobis
1661 4656 1853 4708 nescio
1887 4670 2033 4722 quos

391 4758 664 4795 susurros
682 4744 1168 4811 paucissimorum
1190 4745 1426 4798 auribus
1442 4762 1510 4798 an
1524 4746 1742 4798 helatus
1757 4754 1806 4796 et
1825 4760 2033 4796 arcana

389 4834 548 4886 velut
570 4831 847 4900 religione
868 4835 1110 4889 traditos
1127 4838 1370 4903 jactent.
1387 4836 1601 4904 quibus
1623 4835 1749 4887 vitae
1776 4834 2033 4904 probitas

393 4921 742 4992 castitasque
763 4921 1158 4978 discaturzsed
1185 4926 1657 4979 demonstrentur
1678 4924 1760 4974 vel
1787 4938 2031 4975 enmine-

394 5019 691 5066 morentur
709 5010 826 5065 loca
848 5012 1060 5067 talibus
1075 5013 1388 5079 aliquando
1402 5011 1814 5067 conventiculis
1831 5025 2033 5066 conse-

395 5110 543 5156 crata
561 5120 575 5168 ;
595 5117 704 5155 non
733 5099 829 5155 ubi
851 5103 967 5155 ludi
986 5115 1290 5169 agerentur
1311 5106 1577 5157 obscenis
1603 5102 1836 5155 vocibus
1851 5113 1896 5154 el
1919 5116 2036 5153 mo-

394 5192 552 5245 tibus
585 5189 956 5256 histrionum,
982 5208 1084 5246 nec
1120 5193 1213 5246 ubi
1243 5193 1471 5260 [iugalia
1501 5191 1576 5261 (ὁ)
1607 5190 2037 5243 celebrarentur

461 5337 475 5366 ’
514 5333 692 5383 Plures
726 5335 829 5383 MSS
867 5373 878 5387 .
910 5335 1226 5382 subleralus
1276 5363 1338 5372 —-
1371 5335 1454 5384 Sic
1485 5336 1576 5383 Ms.
1608 5333 1702 5382 766
1751 5334 1799 5381 M

462 5394 483 5428 ²
515 5397 602 5444 llic
632 5399 734 5445 Mss
771 5399 994 5456 addunt,
1013 5414 1096 5445 cos
1119 5416 1135 5457 ,-
1158 5413 1251 5448 nec
1284 5410 1456 5448 tamen
1481 5399 1736 5448 omittunt
1756 5397 1896 5445 intra
1915 5398 2040 5444 ante

398 5458 636 5505 verbum.
674 5464 771 5520 im)
794 5461 859 5508 ιρι
880 5462 916 5510 ί.

463 5529 515 5574 ta
551 5522 758 5592 .tlicero,
789 5525 864 5572 lib
993 5524 1056 5572 de
1085 5523 1280 5592 I_\'ntura
1317 5525 1530 5592 deorum
1592 5539 1703 5586 cap.
1736 5523 1792 5571 2t
1820 5537 1890 5592 :_«
1924 5522 2044 5569 Sus-

401 5602 424 5624 .
452 5585 591 5642 cepit
619 5589 814 5639 autem,
839 5605 862 5630 ι
894 5589 988 5643 ait,
1010 5606 1035 5630 α
1059 5587 1171 5635 vita
1199 5588 1473 5636 hominum
1494 5592 1545 5634 et
1564 5585 1888 5636 consuetudo
1909 5599 2045 5633 com-

401 5663 426 5688 α
457 5644 652 5703 munis,
685 5649 744 5694 ut
790 5649 1060 5700 beneficiis
1087 5650 1403 5698 excellentes
1441 5650 1584 5698 viros
1609 5651 1667 5698 in
1696 5650 1868 5698 cmlun
1902 5649 2045 5695 tama

401 5729 425 5752 α
456 5711 509 5758 et
538 5708 817 5759 voluntate
848 5713 1106 5761 tollerent.
1146 5731 1166 5758 ιο

463 5749 539 5832 :3)
553 5749 817 5834 ᾖ)ξῖἳῖἆῖ
828 5749 1200 5823 iBiKiB‘éi-hﬁt
1211 5777 1406 5826 Romae
1415 5777 1470 5826 in
1486 5749 2045 5834 memorianiexpulso-

1402 315 1505 376 DE
1549 309 1906 374 CIVITATE
1951 307 2104 384 DEI,
2151 309 2213 369 Β.
2261 311 2692 376 AUGUSTINI

3675 319 3753 377 52

2105 439 2288 494 eﬂ‘usa
2313 444 2470 498 omni
2493 443 3174 516 licentiaturpitudinum
3199 445 3218 478 ί
3236 448 3319 514 (et
3339 462 3468 502 vere
3493 446 3756 518 Fugalia,

2104 531 2200 584 sed
2241 532 2475 601 pudoris
2505 540 2560 589 et
2591 534 2975 606 honestatis);
3001 535 3099 589 sed
3127 535 3223 589 ubi
3259 536 3452 606 populi
3486 537 3759 592 audirent

2106 622 2242 690 quid
2279 622 2356 676 dii
2394 625 2769 694 praeciperent
2791 624 2814 658 τ
2833 629 2901 679 de
2925 625 3248 678 cohibenda
3279 626 3541 694 avaritia,
3565 627 3756 681 ambi-

2109 711 2261 765 tione
2279 714 2752 783 l'rangenda,|uxu
2765 717 2845 768 ria
2861 713 3200 768 refrenanda
3218 732 3231 779 ;
3251 715 3340 768 ubi
3357 715 3760 770 discerentmi-

2109 803 2242 866 seri,
2275 804 2424 868 quod
2474 803 2814 856 discendum
2864 802 3088 856 Persius
3129 806 3468 871 increpavit.
3513 806 3752 860 dicens:

2107 889 2417 951 Disciteque.
2450 905 2482 939 ο
2516 891 2711 940 miseri.
2744 892 2797 939 et
2823 904 3012 939 causas
3040 892 3309 952 agnoscite
3339 893 3361 925 ³
3390 906 3587 950 rerum,

2109 952 2240 1010 Quid
2273 967 2472 1001 sumus.
2505 957 2601 1002 aut
2627 955 2882 1016 quidnam
2913 955 3109 1002 victuri
3145 955 3162 988 ⁴
3193 955 3463 1015 gignimur
3493 970 3506 1013 ;
3537 957 3665 1005 ordo

2109 1017 2236 1072 Quis
2269 1017 2443 1064 datus.
2471 1020 2565 1065 aut
2593 1021 2761 1066 metae
2784 1031 2893 1078 qua
2922 1018 3096 1065 mollis
3125 1018 3146 1050 ε
3178 1018 3371 1070 flexus.
3397 1021 3449 1066 et
3483 1020 3623 1067 unde
3654 1020 3692 1075 ⁸.

2109 1078 2236 1142 Quis
2267 1081 2453 1126 modus
2481 1081 2708 1140 argenti,
2733 1081 2857 1141 quid
2890 1081 2972 1128 fas
2998 1084 3199 1142 Optare.
3229 1081 3357 1141 quid
3385 1094 3542 1142 asper

2109 1141 2245 1206 Utile
2275 1155 2527 1206 nummus
2557 1144 2743 1198 habet;
2776 1142 2974 1204 patriae
3004 1141 3283 1204 charisque
3311 1141 3625 1206 propinquis

2111 1204 2377 1260 Quantum
2406 1205 2617 1265 elargiri
2646 1207 2827 1254 deceat
2856 1218 2870 1261 ;
2900 1219 3057 1266 quem
3089 1208 3139 1254 te
3168 1207 3303 1254 Deus
3330 1204 3446 1256 esse

2109 1267 2294 1322 Jussit.
2326 1270 2378 1316 et
2407 1268 2644 1316 humana
2670 1281 2778 1329 qua
2806 1272 2956 1330 parte
2985 1269 3190 1316 locatus
3218 1282 3274 1317 es
3304 1269 3357 1316 in
3389 1283 3460 1318 re.

2811 1332 3030 1390 (Satira
3057 1330 3104 1387 3,
3142 1345 3280 1379 vers.
3309 1331 3500 1393 66-72.)

2116 1410 2352 1465 Dicatur
2373 1410 2429 1465 in
2452 1411 2669 1482 quibus
2692 1411 2833 1465 locis
2856 1413 2976 1466 haec
2997 1411 3326 1466 docentium
3349 1415 3588 1468 deorum
3613 1411 3760 1469 sole-

2115 1499 2256 1553 bant
2275 1508 2552 1570 priecepta
2574 1500 2821 1567 recitari,
2837 1506 2894 1555 et
2910 1519 2941 1553 a
2959 1501 3284 1555 cultoribus
3302 1516 3505 1556 eorum
3533 1502 3762 1572 populis

2115 1589 2445 1658 frequenter
2476 1590 2688 1653 audiri,
2713 1594 2861 1644 sicut
2894 1607 2999 1644 nos
3029 1591 3396 1644 ostendimus
3427 1595 3493 1645 ad
3531 1592 3636 1646 hoc
3666 1607 3762 1646 ec-

2116 1677 2324 1734 clesias
2355 1679 2671 1746 institutas,
2703 1694 3171 1749 quaquaversum
3210 1679 3410 1750 religio
3443 1681 3760 1735 christiana

2118 1767 2477 1822 dilTunditur.

2118 1855 2355 1910 CAPUT
2379 1854 2474 1909 νη
2485 1898 2496 1910 .
2535 1886 2595 1896 -
2621 1855 2843 1910 Inutilia
2867 1872 2976 1911 esse
2997 1855 3219 1910 inventa
3239 1855 3621 1926 philosophica
3640 1859 3761 1912 sine

2189 1936 2520 1990 auctoritate
2548 1935 2758 2002 divina,
2785 1936 2880 1990 ubi
2909 1952 3241 2007 quamquam
3264 1937 3336 1990 ad
3370 1936 3505 1991 vitia
3529 1954 3762 2001 pronum

2191 2017 2364 2087 magis
2394 2022 2564 2070 movet
2596 2020 2742 2086 quod
2772 2019 2853 2071 dii
2870 2019 3122 2084 fecerint,
3149 2033 3314 2087 quam
3344 2022 3489 2087 quod
3519 2017 3766 2072 homines

2192 2097 2549 2167 dispularinl.

2191 2188 2273 2240 An
2328 2187 2470 2240 forte
2515 2185 2681 2240 nobis
2736 2184 3215 2256 philosophorum
3250 2185 3476 2241 scholas
3505 2187 3769 2259 disputa-

2121 2276 2428 2346 tionesque
2444 2273 3089 2330 memorabunt7Primo
3107 2275 3226 2329 haec
3242 2292 3355 2330 non
3373 2275 3653 2343 Romana,
3669 2277 3768 2332 sed

2122 2365 2319 2420 Graeca
2349 2371 2521 2431 sunt;
2556 2370 2655 2418 aut
2686 2365 2732 2418 si
2771 2367 3076 2435 propterea
3098 2365 3224 2434 jam
3260 2364 3536 2434 Romana,
3558 2367 3697 2436 quia
3716 2372 3772 2421 et

2123 2453 2341 2508 Graecia
2363 2455 2509 2508 facta
2528 2461 2615 2507 est
2631 2454 2883 2508 Romana
2900 2452 3194 2523 provincia
3212 2471 3224 2513 ;
3248 2470 3356 2510 non
3374 2455 3612 2510 deorum
3631 2471 3770 2526 prie-

2123 2550 2288 2616 cepta
2309 2543 2583 2613 sunt,sed
2606 2545 2909 2598 hominum
2939 2544 3302 2614 inventa,qui
3330 2552 3651 2616 utcumque
3671 2561 3768 2601 co-

2123 2634 2244 2687 nati
2278 2640 2415 2688 sunt
2446 2634 2697 2702 ingeniis
2728 2633 3081 2687 acutissimis
3114 2633 3333 2700 ρηφαὶιὶ
3367 2635 3768 2691 ratiocinando

2122 2722 2565 2792 vestigare,quid
2584 2723 2641 2775 in
2659 2738 2847 2776 rerum
2867 2733 3061 2776 natura
3082 2721 3501 2793 latitaret,quid
3517 2725 3571 2777 in
3591 2724 3766 2777 mori-

2125 2812 2236 2866 bus
2258 2814 2647 2882 appetendum
2664 2816 2815 2866 esset
2835 2816 3010 2882 atque
3029 2809 3534 2882 fugiendum,quid
3550 2819 3604 2865 in
3620 2811 3766 2883 ipsis

2125 2900 2508 2956 ratiocinandi
2531 2901 2750 2970 regulis
2771 2915 2924 2955 certa
2945 2900 3298 2956 connexione
3320 2899 3650 2955 traheretur
3668 2905 3771 2957 aut

2125 2991 2264 3062 quid
2293 3006 2403 3045 non
2427 3001 2571 3044 esset
2595 3005 2983 3060 consequens,
3008 2989 3092 3043 vel
3113 2988 3283 3044 etiam
3311 2995 3676 3060 repugnaret.
3705 2991 3772 3045 Et

2127 3081 2363 3151 quidam
2397 3096 2597 3135 eorum
2632 3088 2895 3150 quaedam
2929 3095 3163 3148 magna,
3186 3085 3469 3149 quantum
3495 3079 3770 3135 divinitus

2125 3171 2311 3257 adiuti
2337 3175 2495 3237 sunt,
2515 3170 3189 3239 invenerunt;quantum
3215 3169 3770 3225 autembumanitus

2127 3437 2627 3521 tis.ab.httmi|itate
2640 3439 2696 3491 in
2713 3454 2779 3492 su
2791 3453 2968 3508 perna
2980 3454 3044 3492 su
3057 3442 3511 3506 rgentem,etiam
3525 3441 3770 3494 istorum

2267 3513 3153 3602 paratioh'émmstrarﬂ-:'tinde
3176 3539 3370 3598 postea
3395 3529 3563 3584 nobis
3585 3531 3690 3584 erit
3712 3531 3770 3583 in

2107 3615 2636 3677 "llei‘verizDo'mini
2664 3617 2958 3675 iniluttticte
2976 3621 3009 3674 ὁ
3023 3619 3341 3692 isquirendi
3367 3636 3432 3676 ac
3447 3620 3774 3677 disserendi

2132 3709 2312 3766 locus.
2331 3710 2740 3765 Verumtamen
2756 3710 2802 3764 si
2822 3708 3150 3780 philosOphi
3167 3709 3387 3780 aliquid
3409 3711 3772 3777 invenerunt,

2133 3800 2288 3870 quod
2309 3801 2542 3871 agenda:
2569 3800 2730 3854 bonis
2754 3797 2886 3854 vitae
2909 3799 3205 3871 beataeque
3227 3798 3612 3870 adipiscendae
3636 3799 3778 3856 satis

2134 3904 2258 3944 esse
2273 3888 2484 3959 possit;
2505 3891 2718 3957 quanto
2733 3887 2956 3958 justius
2973 3886 3187 3943 talibus
3203 3887 3384 3943 divini
3407 3888 3653 3944 honores
3668 3888 3777 3943 de-

2134 3977 2547 4034 cernerentur?
2562 3977 2789 4041 Quanto
2809 3975 3020 4032 melius
3042 3982 3099 4034 et
3123 3977 3424 4034 honestius
3446 3978 3502 4033 in
3519 3976 3778 4033 Platonis

2137 4065 2350 4137 templo
2370 4065 2501 4120 libri
2523 4066 2647 4135 ejus
2670 4063 3016 4135 legerentur,
3032 4081 3208 4137 quam
3229 4065 3286 4120 in
3309 4065 3544 4134 templis
3565 4065 3780 4122 deamo-

2137 4174 2276 4212 num
2297 4156 2444 4211 Galli
2471 4155 2909 4211 absciderentur
2930 4160 3029 4225 (a).
3057 4156 3258 4211 molles
3279 4163 3778 4224 consecrarentur,

2139 4247 2326 4300 insani
2361 4251 2719 4314 secarentur,
2744 4252 2798 4298 et
2821 4246 2959 4316 quid
2991 4245 3123 4316 quid
3151 4245 3305 4301 aliud
3332 4248 3671 4315 velcrudele,
3694 4245 3786 4302 vel

2137 4341 2326 4406 turre.
2362 4334 2443 4388 vel
2481 4334 2727 4403 turpiter
2757 4334 3008 4399 crudele,
3042 4337 3128 4390 vel
3172 4337 3481 4392 crudeliter
3523 4343 3691 4407 turpe
3723 4340 3781 4392 in

2141 4427 2319 4480 Sacris
2342 4426 2544 4477 talioni
2574 4423 2807 4478 deorum
2837 4425 3113 4478 celebrari
3140 4424 3326 4478 solet?
3347 4427 3572 4488 Quanto
3599 4427 3784 4481 satius

2139 4530 2256 4563 rum
2308 4528 2486 4572 regum
2546 4516 2599 4561 et
2644 4513 2899 4561 liberatae
2969 4513 3288 4575 reipublicae
3338 4514 3604 4566 instituta.
3655 4528 3795 4576 quae

2139 4591 2317 4626 mense
2348 4576 2612 4624 februario
2654 4576 3059 4625 celebrabantur
3091 4580 3208 4637 post
3235 4581 3421 4625 exacta
3450 4577 3788 4627 Terminalia.

2207 4645 2218 4676 ι
2256 4640 2388 4686 Vind
2441 4641 2554 4685 Am.
2589 4639 2671 4702 Er.
2721 4653 2838 4686 cum
2890 4639 3095 4699 aliquot
3141 4640 3284 4693 Mss,
3327 4641 3501 4702 aﬂusa
3530 4655 3788 4689 omnium

2142 4704 2369 4750 licentia
2400 4701 2820 4760 (iu-piludinmn

2202 4769 2222 4801 ³
2260 4767 2364 4812 MSS
2417 4763 2526 4814 766.
2557 4763 2698 4815 2050,
2730 4763 2853 4810 2052
2877 4766 2933 4812 et
2961 4763 3085 4811 2033
3133 4765 3531 4825 praeceperint.
3565 4766 3629 4813 M.

2205 4830 2224 4862 3
2257 4830 2374 4876 Mss.
2408 4827 2594 4879 nostri,
2644 4827 2710 4872 di.
2732 4827 2851 4881 circ,
2888 4826 3090 4889 omissa
3112 4829 3320 4881 vocula.
3351 4843 3472 4889 que,
3513 4841 3675 4889 quam
3703 4841 3791 4876 re-

2141 4891 2306 4953 quirit
2336 4903 2587 4938 numerus
2618 4889 2869 4950 poeticus.
2893 4889 3013 4936 Cod.
3036 4888 3147 4942 766,
3179 4888 3464 4950 agnoscite.
3492 4888 3554 4939 ut
3585 4892 3678 4939 PP.
3705 4891 3794 4940 Be-

2141 4953 2394 5002 nediclini
2427 4967 2439 5004 ς
2472 4953 2664 5000 caeteri
2694 4965 2891 4999 omnes.
2925 4953 3242 5006 cominsciie,
3288 4953 3355 5000 M.

2203 5019 2222 5051 δ
2255 5017 2468 5088 Aliquot
2496 5016 2598 5062 Mss
2625 5051 2639 5072 ,
2658 5030 2727 5076 qu
2741 5014 2924 5060 iiiuam
2949 5014 3189 5062 venturi.
3213 5015 3273 5061 Et
3293 5015 3527 5076 quidam,
3547 5029 3796 5078 quonam

2141 5095 2236 5126 ten
2247 5089 2260 5122 1
2273 5096 2302 5125 u
2315 5094 2362 5124 rt
2373 5115 2383 5125 .

2205 5145 2223 5175 τι
2259 5143 2314 5188 ln
2349 5141 2419 5194 Β..
2454 5152 2618 5199 quam
2651 5137 2856 5185 mo’lis.
2891 5137 2972 5185 Sic
3006 5138 3164 5185 etiam
3189 5138 3241 5184 in
3274 5139 3366 5186 Ms.
3403 5138 3542 5189 2050.
3576 5139 3800 5189 Praetu-

2141 5205 2302 5254 limus
2335 5203 2606 5250 lectionem
2642 5201 2743 5248 Mss
2795 5200 2933 5248 2051.
2965 5199 3108 5255 2052,
3146 5200 3282 5248 2053.
3322 5202 3385 5249 M.

2207 5272 2227 5302 ὃ
2263 5265 2504 5312 Nonnulli
2542 5264 2682 5313 Mss..
2715 5265 2915 5318 undae,
2965 5278 3083 5311 cum
3118 5265 3408 5325 diphtongo
3460 5264 3514 5311 in
3566 5266 3800 5314 secunda

2147 5330 2357 5393 syllaba
2413 5329 2509 5374 Nec
2539 5327 2696 5393 male.
2726 5327 2766 5372 si
2802 5328 2934 5393 forte
2969 5327 3162 5374 alludit
3191 5331 3365 5393 poeta
3408 5329 3471 5393 ad
3521 5330 3714 5375 metam
3740 5328 3800 5376 in

2146 5390 2424 5441 nomarhia
2453 5390 2809 5437 constitutam.
2845 5391 2908 5438 ad
2939 5403 3098 5450 quam
3124 5391 3299 5437 subito
3321 5391 3474 5438 navis
3497 5395 3634 5439 esset
3676 5404 3801 5439 con-

2146 5456 2417 5505 vertenda,
2438 5452 2514 5499 uti
2549 5452 2725 5500 videre
2751 5457 2830 5500 est
2858 5453 2911 5501 in
2944 5453 3141 5501 Alneid.
3173 5453 3218 5500 5.

2209 5521 2225 5549 τ
2262 5519 2363 5564 Lov
2391 5553 2401 5565 .
2438 5516 2533 5562 Dei
2566 5519 2746 5562 τηθίσι
2787 5520 2832 5560 Ι)
2866 5518 3012 5562 mini
3060 5514 3260 5562 Caeteri
3289 5514 3408 5561 libri
3441 5517 3622 5562 carent
3646 5527 3802 5576 copu-

2146 5583 2291 5630 lente
2321 5578 2598 5641 particula,
2634 5593 2677 5624 et
2701 5593 2718 5637 ;
2748 5581 2807 5627 ut
2835 5579 3176 5640 adjectivum,
3209 5577 3344 5634 veri,
3376 5578 3532 5625 cadat
3560 5578 3615 5625 in
3646 5577 3797 5625 subs-

2149 5643 2433 5694 tantivum.
2472 5641 2718 5688 Domini.

2214 5707 2283 5767 ta)
2320 5703 2626 5767 Sacerdotes
2654 5706 2840 5753 matris
2867 5704 3020 5754 deum
3041 5702 3260 5766 Cybeles
3281 5701 3402 5767 sive
3423 5701 3806 5765 Berecynthiao

2153 5785 2185 5821 ι
2214 5765 2362 5818 Gallo
2391 5766 2560 5816 ﬂuvio
2589 5765 2726 5816 Gelli
2754 5765 3102 5829 vocabantur,
3132 5769 3188 5816 et
3210 5765 3411 5818 excocti
3435 5767 3607 5815 erant.
