4128 6190
384 301 466 361 55
1458 303 1558 364 DE
1602 303 1966 366 CIVITATE
2011 305 2163 379 DEI,
2213 309 2276 368 S.
2326 306 2750 370 AUGUSTINI
3713 304 3791 364 56

383 439 694 512 explicare,
717 440 766 497 si
789 443 1008 514 potero.
1025 440 1177 498 Dicit
1199 439 1408 496 deinde
1423 440 1559 508 alia,
1573 445 1628 495 et
1642 439 1726 496 sic
1744 440 2034 496 concludit

386 530 420 585 b
433 547 545 585 unc
560 530 1126 597 locum,utostendat
1140 529 1435 585 veteribus
1449 527 1817 592 displicuisse
1835 530 2037 584 Roma-

389 621 502 686 nis,
523 621 606 674 vel
625 619 848 675 laudari
871 635 1228 692 quemquam
1246 621 1300 673 in
1321 635 1492 672 scena
1507 619 1694 673 vivum
1716 619 2033 684 hominem,

387 709 476 765 vel
494 710 824 781 vituperari.
846 710 978 773 Sed,
1004 717 1066 762 ut
1089 709 1227 774 dixi,
1257 708 1362 762 hoc
1385 707 1564 764 Graeci
1591 725 1922 779 quanquam
1947 708 2037 761 in-

390 800 796 866 verecundius,
828 805 1018 853 tamen
1048 798 1485 853 convenientius
1517 798 1688 853 licere
1709 797 2034 863 voluerunt,

389 905 518 945 cum
553 890 812 944 viderent
842 889 955 942 diis
986 889 1104 943 suis
1141 896 1378 961 accepta
1407 895 1463 943 et
1493 895 1649 958 grata
1681 905 1809 944 esse
1825 905 2036 960 oppro-

397 980 548 1046 bria,
581 995 692 1034 non
746 982 973 1032 tantum
1034 977 1365 1043 hominum,
1407 993 1603 1034 verum
1661 985 1717 1034 et
1774 979 2037 1048 ipsorum

398 1067 639 1120 deorum
673 1064 732 1120 in
764 1065 1012 1121 scenicis
1035 1066 1249 1121 fabulis
1273 1085 1289 1134 ;
1313 1067 1431 1122 sive
1454 1084 1488 1122 a
1508 1067 1695 1137 poetis
1725 1071 1920 1122 essent
1940 1063 2040 1119 illa

391 1153 658 1221 conﬁcta,
679 1155 796 1210 sive
819 1155 1039 1227 ﬂagitia
1069 1172 1265 1211 eorum
1293 1171 1424 1211 vera
1445 1160 2040 1211 commemorarentur

388 1250 446 1299 et
476 1253 787 1316 agerentur
818 1246 875 1299 in
907 1245 1170 1310 theatris,
1206 1251 1378 1316 atque
1401 1246 1472 1301 ab
1503 1263 1697 1300 eorum
1723 1244 2042 1300 cultoribus

393 1335 622 1390 utinam
681 1333 802 1390 solo
834 1335 972 1404 risu,
1006 1351 1071 1390 ac
1103 1352 1215 1390 non
1263 1338 1434 1390 etiam
1481 1335 1810 1391 imitatione
1867 1335 2044 1405 digna

396 1424 750 1480 viderentur.
785 1425 973 1480 Nimis
1003 1427 1158 1481 enim
1193 1426 1510 1494 superbum
1546 1427 1674 1491 fuit,
1711 1426 1874 1482 fama
1910 1443 2043 1496 par-

391 1529 521 1570 cere
553 1514 875 1585 principum
938 1516 1185 1570 civitatis
1224 1520 1281 1570 et
1321 1514 1558 1582 civium,
1595 1515 1692 1570 ubi
1724 1533 1842 1572 suae
1878 1517 2045 1572 fama

389 1605 550 1675 parci
581 1604 820 1658 numina
845 1604 1180 1662 noluerunt.

397 1720 637 1777 CAPUT
676 1724 748 1777 X.
782 1755 850 1762 —
883 1724 1002 1792 Qua
1039 1723 1268 1780 nocendi
1297 1733 1417 1779 arte
1455 1725 1725 1780 da'mones
1755 1723 1932 1780 velint
1961 1724 2048 1780 vel

645 1814 790 1882 falsa
820 1813 885 1868 de
904 1829 960 1868 se
981 1816 1240 1878 crimina,
1273 1814 1355 1869 vel
1387 1830 1511 1870 vera
1543 1814 1796 1869 narrari.

471 1921 616 1975 Nam
641 1922 799 1992 quod
817 1919 1053 1976 affertur
1079 1937 1181 1992 pro
1201 1921 1556 1988 defensione,
1574 1939 1685 1977 non
1713 1921 1812 1976 illa
1833 1937 1966 1976 vera
1986 1923 2047 1976 in

401 2010 538 2065 deos
567 2009 700 2077 dici,
734 2010 832 2064 sed
870 2009 1011 2066 falsa
1043 2017 1214 2080 atque
1243 2012 1511 2077 conﬁcta,
1534 2010 1789 2080 idipsum
1813 2018 1901 2066 est
1923 2027 2048 2066 sce-

402 2097 632 2167 lestius,
649 2101 695 2154 si
713 2100 982 2170 pietatem
995 2102 1268 2157 consulas
1286 2101 1620 2172 religionis;
1643 2101 1898 2156 siautem
1925 2117 2047 2156 ma-

393 2186 581 2243 litiam
604 2191 931 2244 dmmonum
955 2190 1194 2261 cogites,
1222 2191 1360 2262 quid
1387 2191 1640 2246 astutius
1662 2191 1735 2246 ad
1757 2191 2048 2260 decipien-

398 2276 539 2333 dum
563 2284 738 2350 atque
769 2278 1239 2335 callidius?Cum
1261 2281 1416 2336 enim
1451 2281 1728 2352 probrum
1755 2280 1968 2348 jacitur
1991 2279 2048 2334 in

395 2365 720 2439 principem
755 2368 954 2440 patriae
987 2367 1204 2425 bonum
1227 2375 1403 2442 atque
1424 2369 1648 2439 utilem,
1683 2386 1876 2425 nonne
1891 2373 2050 2423 tanto

400 2461 491 2512 est
521 2457 845 2528 indignius,
879 2463 1096 2530 quanto
1131 2476 1163 2513 a
1195 2459 1432 2514 veritate
1464 2459 1765 2526 remotius,
1793 2467 1847 2513 et
1877 2476 1909 2514 a
1937 2459 2052 2513 vita

400 2545 561 2602 illius
583 2546 876 2603 alienius?
905 2549 1038 2614 Quae
1063 2548 1240 2620 igitur
1267 2550 1549 2620 supplicia
1582 2550 2048 2612 sulficiunt,cum

401 2636 518 2692 Deo
546 2637 739 2692 ﬁtista
757 2645 874 2692 tam
900 2640 1138 2708 nefaria,
1157 2645 1268 2692 tam
1286 2637 2051 2709 insignisinjuria‘?[X.]Sed

399 2727 637 2799 maligni
655 2728 920 2799 spiritus,
944 2729 1204 2800 quosisti
1229 2730 1368 2784 deos
1393 2729 1806 2800 putant,etiam
1833 2727 2054 2799 flagitia

399 2833 531 2889 qua
561 2835 676 2874 non
707 2819 1095 2887 admiserunt,
1116 2819 1185 2874 de
1206 2835 1268 2873 se
1297 2818 1413 2874 dici
1444 2819 1665 2884 volunt,
1690 2819 1828 2872 dum
1864 2826 2049 2872 tamen

399 2905 692 2964 humanas
707 2915 936 2964 mentes
958 2908 1048 2962 his
1071 2907 1448 2978 opinionibus
1465 2907 1622 2962 velut
1638 2908 1859 2962 retibus
1875 2908 2051 2961 indu-

403 2995 597 3065 cant‘,
625 3002 681 3052 et
711 2997 781 3052 ad
821 2997 1294 3068 praedestinatum
1329 2995 1685 3066 supplicium
1717 3012 1909 3052 secum
1939 3002 2051 3050 tra-

400 3083 541 3140 hant
557 3102 570 3139 :
589 3086 709 3140 sive
724 3085 1118 3140 hominesista
1131 3087 1552 3153 commiserint,
1569 3102 1714 3155 quos
1729 3087 1866 3140 deos
1887 3086 2054 3139 babe-

403 3173 450 3228 ri
464 3174 720 3244 gaudent
733 3174 831 3245 qui
849 3173 1119 3228 humanis
1134 3174 1429 3230 erroribus
1442 3179 1833 3245 gaudent.pro
1847 3175 2055 3244 quibus

401 3278 463 3317 se
493 3263 668 3316 etiam
701 3263 972 3317 colendos
1003 3261 1160 3318 mille
1187 3265 1427 3319 nocendi
1454 3264 1810 3334 fallendique
1830 3266 2052 3317 artibus

403 3349 820 3419 interponunt;
846 3351 962 3407 sive
984 3351 1156 3406 etiam
1183 3370 1299 3408 non
1332 3353 1586 3408 ullorum
1622 3353 1926 3406 hominum
1953 3351 2053 3405 illa

405 3439 649 3494 crimina
670 3457 801 3496 vera
823 3443 961 3511 sint,
984 3460 1109 3512 qu
1129 3451 1322 3498 tamen
1355 3445 1426 3497 de
1451 3444 1793 3499 numinibus
1819 3442 1953 3510 fingi
1979 3441 2052 3496 li-

403 3529 605 3584 benter
633 3530 928 3600 accipiunt
950 3531 1312 3588 fallacissimi
1335 3532 1601 3601 spiritus,
1629 3537 1692 3586 ut
1712 3533 1781 3587 ad
1807 3531 2054 3586 scelesta

408 3632 474 3673 ac
491 3619 685 3690 turpia
715 3623 1121 3692 perpetranda,
1145 3623 1298 3677 velut
1323 3623 1396 3677 ab
1417 3621 1542 3692 ipso
1565 3623 1706 3677 caelo
1739 3621 1968 3676 traduci
1993 3620 2050 3674 in

404 3712 591 3765 terras
623 3709 761 3765 satis
800 3709 1009 3766 idonea
1034 3711 1296 3766 videatur
1325 3711 1664 3768 auctoritas.
1698 3712 1841 3766 Cum
1874 3711 2055 3781 igitur

405 3797 582 3853 Graeci
599 3799 798 3854 talium
826 3801 1137 3856 numinum
1158 3817 1352 3858 servos
1367 3818 1565 3858 seesse
1578 3800 1884 3869 sentirent,
1907 3802 2056 3854 inter

403 3890 491 3943 tot
502 3893 726 3945 ettanta
739 3905 932 3946 eorum
951 3889 1232 3947 theatrica
1244 3891 1554 3963 opprobria
1569 3889 1925 3962 parcendum
1941 3888 2051 3944 sibi

401 3992 436 4032 a
459 3977 644 4050 poetis
675 3978 835 4035 nullo
868 3980 1041 4036 modo
1076 3985 1451 4051 putaverunt,
1481 3981 1565 4036 vel
1601 3980 1714 4034 diis
1732 3979 1856 4034 suis
1878 3978 2052 4033 etiam

400 4066 488 4122 sic
521 4067 878 4123 consimilari
915 4072 1275 4138 appetentes,
1309 4068 1396 4124 vel
1432 4073 1749 4123 metuentes
1781 4084 1852 4121 ne
1878 4067 2054 4122 hone-

403 4155 638 4209 stiorem
663 4156 880 4210 famam
915 4157 1022 4226 ipsi
1059 4155 1429 4226 requirendo,
1457 4160 1513 4210 et
1541 4156 1627 4210 eis
1659 4171 1720 4210 se
1751 4155 1861 4210 hoc
1885 4157 2052 4210 modo

401 4243 780 4315 praeferendo,
814 4243 946 4298 illos
979 4244 1046 4299 ad
1081 4244 1445 4300 iracundiam
1477 4248 1871 4317 provocarent.

401 4359 637 4417 CAPUT
663 4359 756 4414 XI.
787 4391 859 4400 —
881 4361 952 4416 De
980 4362 1210 4417 scenicis
1229 4360 1374 4432 apud
1402 4360 1611 4418 Graecos
1641 4362 1698 4415 in
1732 4360 2051 4431 reipublicae

473 4448 1014 4505 administrationem
1046 4454 1292 4521 receptis,
1326 4467 1385 4507 eo
1415 4452 1554 4521 quod
1580 4451 1904 4522 placatores
1926 4450 2051 4505 deo-

393 4616 398 4620 ,
469 4554 597 4593 rum
628 4538 830 4608 injuste
858 4540 924 4594 ab
957 4539 1270 4594 hominibus
1285 4547 1693 4612 sperneientur.

471 4646 556 4700 Ad
586 4645 734 4702 hanc
748 4647 1207 4702 convenientiam
1228 4649 1496 4719 pertinet,
1511 4648 1662 4720 quod
1678 4649 1850 4702 etiam
1868 4648 2050 4703 sceni-

397 4751 496 4790 cos
518 4741 742 4789 actores
766 4737 1104 4792 earumdem
1134 4737 1458 4792 fabularum
1478 4754 1589 4792 non
1608 4754 1780 4807 parvo
1803 4736 2048 4792 civitatis

399 4823 616 4881 honore
645 4825 852 4896 dignos
877 4826 1287 4882 existimarunt
1307 4828 1346 4881 ³.
1369 4826 1696 4898 Siquidem,
1719 4825 1877 4896 quod
1901 4825 1956 4879 in
1982 4843 2048 4880 eo

400 4929 628 4986 quoque
645 4915 715 4970 de
730 4915 1044 4988 Republica
1063 4915 1210 4971 libro
1226 4921 1735 4981 commemoratur,
1761 4914 2049 4969 et/Eschi-

399 5022 502 5062 nes
534 5005 910 5060 Atheniensis
943 5008 984 5075 ³,
1016 5007 1104 5060 vir
1134 5006 1672 5078 eloquentissimus,
1695 5022 1828 5060 cum
1856 5005 2048 5060 adole-

400 5111 570 5151 scens
601 5097 906 5166 tragoedias
965 5096 1337 5167 actitavisset,
1370 5095 1793 5167 rempublicam
1845 5110 2044 5165 capes-

463 5288 476 5320 1
512 5286 665 5336 Vind.
697 5287 795 5335 Am
843 5285 948 5343 Er.,
984 5285 1274 5334 inducant.

458 5365 650 5415 2Iidem
664 5367 1186 5423 editi,cit°ilatissm‘e
1202 5366 1400 5412 honore
1411 5364 1541 5425 dign
1552 5378 1607 5409 ns
1619 5363 2038 5410 existimarunt.

461 5430 480 5462 ³
515 5430 573 5477 ln
604 5432 789 5480 iisdem
821 5430 994 5484 editis,
1028 5429 1317 5476 Aeschines
1347 5429 1482 5476 ciris
1513 5427 1689 5474 Arnen
1718 5441 1809 5473 eno
1823 5427 1882 5473 is.

458 5519 529 5578 (αθ
559 5521 629 5582 De
657 5523 910 5572 Aischine
939 5523 992 5570 id
1023 5524 1343 5582 compertum
1375 5520 1537 5568 etiam
1565 5533 1629 5582 ex
1652 5519 1948 5582 Plutarcho
1978 5518 2041 5582 die

393 5581 570 5646 decem
599 5581 997 5646 Rhetoribusjn
1025 5580 1160 5634 Vita
1173 5580 2041 5646 £schinis,pag.840,84t,ubiAri-

393 5644 617 5694 stodemi
644 5660 854 5707 quoque
880 5644 1141 5699 meminit.
1189 5646 1318 5695 Vide
1365 5645 1785 5701 Demosthenem,
1812 5645 1944 5694 orat.
1977 5644 2041 5690 de

389 5718 619 5758 corona:
656 5711 715 5756 Α.
747 5709 993 5771 Gellium,
1022 5712 1115 5762 lib.
1151 5709 1225 5766 11,
1257 5722 1352 5771 cap
1399 5709 1445 5757 9.

2145 441 2279 497 sivit
2308 444 2411 514 (a);
2448 447 2505 499 et
2533 442 2992 507 Aristodemum,
3023 440 3310 511 tragicum
3343 440 3482 496 item
3509 443 3786 508 actorem,

2143 531 2414 586 maximis
2429 534 2499 586 de
2513 533 2686 587 rebus
2702 533 2855 602 pacis
2873 546 2936 585 ac
2953 529 3081 584 belli
3099 530 3352 599 legatum
3367 530 3436 584 ad
3460 529 3788 602 Philippum

2142 621 2522 676 Athenienses
2535 638 2686 692 saepe
2704 620 3005 676 miserunt.
3021 617 3142 673 Non
3158 619 3309 674 enim
3329 625 3789 676 consentaneum

2145 714 2625 782 putabatur,cum
2642 713 2872 765 easdem
2889 718 3045 764 artes
3063 710 3413 778 eosdemque
3428 709 3791 764 scenicoslu-

2145 802 2251 855 dos
2281 802 2449 854 etiam
2474 800 2587 854 diis
2611 801 3014 868 suisacceptos
3045 799 3328 866 viderent,
3349 799 3500 867 illos,
3535 815 3795 870 perquos

2144 897 2476 961 agerentur,
2500 890 2805 944 infamiam
2831 890 2951 944 loco
2975 904 3040 943 ac
3065 905 3309 944 numero
3332 891 3628 959 deputare.
3653 887 3794 959 [XL]

2145 979 2276 1035 Haec
2298 979 2476 1035 Graeci
2501 982 2744 1050 turpiter
2773 979 3029 1049 quidem,
3065 980 3163 1033 sed
3198 993 3340 1032 sane
3369 978 3482 1033 diis
3512 978 3637 1033 suis
3670 994 3798 1032 om-

2147 1068 2284 1123 nino
2316 1079 2718 1138 congruenter,
2743 1070 2836 1137 qui
2862 1085 2966 1124 nec
2988 1068 3163 1122 vitam
3199 1067 3409 1122 civium
3440 1068 3798 1122 lacerandam

2147 1155 2363 1226 linguis
2379 1171 2607 1226 poetaru
2621 1172 2672 1210 m
2688 1167 2738 1211 et
2758 1157 3042 1211 histrionu
3055 1171 3110 1210 m
3140 1155 3478 1209 subtrahere
3493 1156 3617 1209 ausi
3638 1159 3798 1221 sunt,

2149 1264 2182 1302 a
2203 1246 2416 1317 quibus
2446 1248 2760 1302 cernebant
2791 1248 3029 1302 deorum
3055 1246 3238 1301 vitam
3269 1247 3488 1302 eisdem
3521 1245 3666 1317 ipsis
3688 1245 3802 1300 diis

2147 1337 2475 1391 volentibus
2498 1343 2554 1390 et
2573 1336 2888 1390 libentibus
2909 1335 3070 1406 carpi
3099 1342 3186 1400 ;et
3210 1336 3367 1406 ipsos
3393 1334 3680 1399 homines,
3702 1350 3802 1405 per

2150 1443 2297 1498 quos
2314 1432 2426 1480 ista
2444 1427 2501 1480 in
2519 1426 2759 1480 theatris
2779 1427 3124 1494 agebantur,
3145 1441 3274 1494 quae
3301 1423 3806 1495 numinibus,qui-

2150 1516 2260 1570 bus
2274 1516 2494 1572 subditi
2509 1522 2694 1576 erant.
2711 1524 2876 1587 grata
2899 1531 3027 1569 esse
3051 1520 3468 1586 cognoverant,
3485 1531 3596 1569 non
3613 1513 3800 1570 solum

2154 1603 2394 1660 minime
2414 1607 2774 1675 spernendos
2795 1605 2850 1657 in
2871 1603 3123 1670 civitate,
3139 1618 3336 1657 verum
3353 1604 3526 1656 etiam
3554 1603 3802 1658 maxime

2153 1692 2525 1748 honorandos
2542 1697 2844 1764 putarunt.
2863 1692 3005 1755 Quid
3027 1695 3183 1746 enim
3200 1707 3391 1748 cauete
3410 1692 3660 1761 reperire
3679 1708 3806 1764 pos-

2153 1789 2300 1844 sent.
2317 1799 2420 1838 cur
2433 1785 2765 1838 sacerdotes
2782 1782 3147 1843 honorarent,
3167 1782 3300 1850 quia
3319 1798 3417 1853 per
3428 1798 3528 1836 eos
3543 1783 3802 1838 victimae

2157 1874 2268 1928 diis
2299 1873 2682 1943 acceptabiles
2711 1873 3034 1928 offerebant
3067 1886 3080 1939 ;
3111 1875 3169 1926 et
3191 1871 3458 1927 sceniccs
3490 1872 3799 1942 probrosos

2157 1963 2458 2029 haberent,
2485 1979 2584 2032 per
2615 1979 2761 2032 quos
2795 1962 2956 2016 illam
2989 1960 3351 2030 voluptatem
3383 1960 3502 2016 sive
3525 1960 3802 2016 honorem

2157 2054 2267 2108 diis
2297 2052 2573 2122 exhiberi,
2596 2052 2950 2123 petentibus,
2971 2059 3044 2117 et,
3073 2051 3183 2104 nisi
3201 2050 3804 2115 fieret,irascentibus,

2157 2159 2353 2198 eorum
2379 2141 2774 2196 admonitione
2794 2141 3168 2196 didicerant?
3189 2140 3326 2194 Cum
3355 2142 3670 2211 praesertim
3695 2144 3804 2194 La-

2157 2235 2264 2289 beo
2280 2235 2377 2304 (a),
2403 2248 2576 2302 quem
2594 2231 3000 2300 hujuscemodi
3017 2247 3211 2285 rerum
3232 2230 3646 2302 peritissimum
3665 2245 3806 2300 prae-

2159 2323 2381 2390 dicant,
2401 2323 2639 2378 numina
2655 2321 2805 2376 bona
2829 2338 2861 2374 a
2877 2320 3219 2376 numinibus
3242 2319 3414 2376 malis
3436 2318 3602 2374 istam
3627 2319 3802 2374 etiam

2159 2413 2354 2470 cultus
2371 2412 2708 2467 diversitate
2724 2411 3138 2482 distinguat,ut
3155 2409 3340 2466 malos
3354 2411 3494 2465 deos
3510 2408 3811 2482 propitiari

2159 2503 2416 2560 caedibus
2430 2508 2487 2557 et
2509 2502 2779 2556 tristibus
2803 2500 3335 2572 supplicationibus
3355 2504 3610 2569 asserat;
3632 2500 3814 2556 bonos

2159 2599 2352 2649 autem
2368 2592 2667 2662 obsequiis
2687 2592 2831 2646 laetis
2851 2590 3336 2660 atquejucundis:
3359 2588 3552 2660 qualia
3573 2593 3732 2658 sunt,
3753 2591 3815 2643 ut

2158 2684 2282 2754 ipse
2313 2682 2414 2750 ait,
2438 2681 2577 2749 ludi,
2607 2679 2887 2746 convivia,
2925 2678 3283 2734 lectisternia
3307 2678 3403 2747 (b).
3438 2679 3598 2742 Quod
3627 2683 3816 2733 totum

2157 2771 2323 2842 quale
2353 2772 2682 2839 sit,postea,
2713 2770 2760 2824 si
2787 2771 2938 2824 Deus
2962 2767 3189 2838 iuverit,
3213 2767 3551 2837 diligentius
3569 2767 3816 2823 dissere-

2159 2875 2313 2912 mus.
2332 2863 2494 2912 Nunc
2521 2859 2588 2912 ad
2609 2873 2719 2912 rem
2752 2863 3088 2927 praesentem
3113 2856 3265 2927 quod
3292 2854 3519 2924 attinet,
3540 2853 3662 2909 sive
3679 2869 3815 2909 om-

2160 2948 2334 3003 nibus
2357 2947 2555 3003 omnia
2572 2951 2849 3016 tanquam
2867 2947 3030 3000 bonis
3046 2945 3328 3018 permixte
3343 2944 3812 3015 tribuantur(ne-

2159 3054 2270 3107 que
2301 3038 2455 3092 enim
2492 3053 2616 3092 esse
2648 3039 2810 3093 decet
2850 3037 2988 3092 deos
3020 3035 3229 3102 malos,
3267 3051 3396 3090 cum
3445 3035 3640 3105 potius
3688 3034 3809 3101 isti,

2159 3129 2299 3197 quia
2320 3131 2334 3164 ¹
2362 3127 2647 3182 immundi
2669 3131 2807 3181 sunt
2833 3125 3099 3196 spiritus,
3121 3141 3327 3180 omnes
3346 3125 3464 3180 sint
3487 3123 3673 3192 mali),
3693 3123 3814 3178 sive

2159 3224 2311 3272 certa
2335 3217 2709 3283 discretione,
2740 3215 2892 3270 sicut
2923 3214 3175 3270 Labeoni
3207 3215 3396 3269 visum
3428 3216 3535 3278 est,
3556 3210 3670 3267 illis
3691 3211 3809 3278 illa,

2160 3308 2254 3362 isti
2289 3307 2402 3362 ista
2450 3308 2883 3361 distribuantur
2913 3304 3193 3375 obsequia
3228 3321 3240 3358 :
3275 3301 3812 3375 competentissime

2160 3397 2339 3452 Greci
2375 3403 2652 3467 utrosque
2685 3396 2901 3450 honore
2919 3395 3130 3465 dignos
3165 3394 3446 3458 ducunt”,
3463 3398 3520 3450 et
3541 3391 3810 3448 sacerdo-

2161 3493 2271 3553 tes,
2299 3503 2395 3557 per
2426 3503 2576 3557 quos
2599 3487 2849 3541 victima-
2869 3485 3306 3549 ministrentur,
3331 3489 3388 3538 et
3405 3483 3686 3550 scenicos,
3710 3497 3814 3553 per

2161 3595 2304 3648 quos
2327 3577 2444 3631 ludi
2468 3577 2815 3632 exhibentur
2840 3595 2854 3642 ;
2883 3591 2951 3630 ne
2969 3577 3049 3630 vel
3075 3575 3351 3629 omnibus
3375 3574 3486 3627 diis
3517 3573 3660 3640 suis,
3680 3570 3731 3626 si
3753 3574 3810 3626 et

2163 3668 2280 3722 ludi
2303 3667 2576 3722 omnibus
2596 3667 2742 3737 grati
2765 3671 2921 3730 sunt,
2945 3663 3054 3729 vel,
3079 3665 3230 3734 quod
3261 3670 3350 3719 est
3370 3661 3693 3734 indignius,
3715 3660 3810 3716 his

2160 3774 2307 3828 quos
2332 3757 2508 3810 bonos
2525 3761 2750 3823 putant,
2765 3757 2810 3809 si
2828 3755 2948 3810 ludi
2963 3755 3034 3810 ab
3058 3754 3141 3809 eis
3153 3753 3292 3808 solis
3305 3759 3600 3819 amantur,
3623 3752 3808 3806 facere

2159 3848 2581 3902 convincantur
2609 3845 2905 3912 injuriam.

2159 3934 2389 3991 CAPUT
2429 3934 2546 3989 ΧΠ.
2580 3965 2646 3976 -
2678 3933 2828 4002 Quod
2878 3932 3120 3989 Romani
3166 3930 3463 4003 auferendo
3495 3930 3802 3986 libertatem

2228 4025 2403 4094 poetis
2438 4025 2493 4078 in
2535 4024 2804 4090 homines,
2837 4039 3006 4093 quam
3040 4021 3310 4077 dederunt
3344 4022 3404 4076 in
3433 4020 3576 4085 deos,
3607 4017 3806 4074 melius

2228 4113 2293 4168 de
2318 4128 2393 4179 se,
2430 4129 2596 4184 quam
2625 4112 2688 4169 de
2716 4112 2825 4168 diis
2848 4113 2968 4169 suis
2997 4112 3289 4168 senserint.

2228 4205 2296 4257 At
2330 4203 2595 4272 Romani,
2622 4202 2768 4258 sicut
2801 4201 2977 4258 inilla
3006 4203 3076 4257 de
3092 4199 3389 4271 republica
3409 4196 3808 4270 disputatione

2160 4293 2351 4365 Scipio
2370 4293 2671 4363 gloriatur,
2697 4294 2925 4366 probris
2947 4291 3256 4364 etinjuriis
3283 4295 3585 4361 poetarum
3609 4289 3806 4359 subje-

2157 4389 2304 4439 ctam
2321 4385 2496 4438 vitam
2515 4385 2848 4455 famamque
2863 4383 3074 4438 habere
3094 4381 3429 4449 noluerunt,
3446 4378 3810 4450 capileetiam

2159 4474 2522 4543 plectendum
2543 4473 2872 4529 sancientes
2893 4472 2936 4541 ³,
2955 4474 3068 4527 tale
3084 4486 3316 4526 carmen
3334 4470 3582 4524 condere
3600 4467 3646 4522 si
3673 4467 3808 4539 quis

2157 4566 2413 4618 auderet.
2448 4563 2610 4627 Quod
2636 4579 2767 4634 erga
2801 4579 2862 4617 se
2893 4563 3123 4634 quidem
3156 4561 3293 4616 satis
3323 4559 3564 4614 honeste
3581 4556 3806 4614 consti-

2159 4658 2414 4720 tuerunt,
2447 4653 2542 4708 sed
2577 4669 2714 4724 erga
2745 4652 2883 4707 deos
2917 4668 3052 4707 suos
3085 4653 3332 4722 superbe
3361 4655 3417 4705 et
3440 4646 3798 4720 irreligioso:

2156 4759 2298 4814 quos
2322 4759 2451 4797 cum
2483 4743 2694 4798 scirent
2719 4759 2830 4796 non
2849 4741 3038 4796 solum
3064 4739 3370 4812 patienter,
3403 4753 3604 4794 verum
3627 4737 3798 4794 etiam

2219 4927 2230 4988 1
2267 4925 2324 4972 In
2354 4925 2497 4978 Mss.
2528 4923 2645 4988 qui.
2676 4950 2738 4959 —
2766 4923 2850 4988 Sic
2879 4921 3038 4970 etiam
3054 4921 3158 4988 bis.
3187 4917 3294 4967 766.
3316 4918 3394 4988 illi.

2215 4987 2236 5020 2
2253 4988 2371 5036 MSS.
2399 4987 2508 5041 alii,
2525 4979 2727 5035 lionore
2746 4986 2994 5044 ducunt;
3019 4984 3111 5032 alii
3129 4981 3326 5030 honori
3342 4981 3556 5044 ducunt
3571 4993 3588 5028 .‘
3607 4979 3805 5044 omissa

2152 5064 2296 5105 voce,
2329 5051 2545 5110 dignos.
2576 5076 2638 5084 —
2666 5050 2836 5097 Nostri
2865 5042 3230 5110 manuscripti,
3263 5044 3461 5110 honori
3487 5043 3717 5110 ducunt.
3735 5042 3803 5090 ll.

2215 5117 2234 5147 ³
2269 5105 2410 5160 Vind
2448 5115 2546 5160 Am
2590 5112 2672 5159 Er.
2695 5116 2748 5160 et
2765 5125 2919 5173 prOpe
2935 5123 3115 5159 omnes
3130 5108 3272 5156 Mss.
3291 5106 3467 5173 capite
3487 5105 3809 5173 etiamsun-

2152 5175 2267 5223 cien
2278 5177 2572 5237 Ies:absque
2586 5167 3018 5237 verbofplectend
3029 5187 3113 5218 um
3124 5183 3237 5237 ;pro
3251 5183 3356 5231 quo
3375 5169 3477 5237 Lov
3506 5182 3595 5228 ,ρει
3607 5167 3813 5237 τιὴ-ἰς-

2151 5230 2910 5287 Ξοινὶῡαλ·ιε.76εὸειᾱᾱὶᾱίιἰηιοΓ
2939 5235 3107 5283 lineas
3122 5230 3345 5281 verbum
3371 5230 3810 5293 plectemlumlii.

2216 5329 2265 5385 (α
2319 5328 2582 5375 Labeones
2611 5327 2860 5373 exstilerc
2889 5328 3009 5375 lares.
3047 5323 3180 5384 juris
3210 5322 3384 5370 civilis
3406 5321 3626 5385 scientia
3647 5321 3808 5385 clari:

2150 5383 2235 5439 sed
2261 5404 2401 5437 unus
2436 5390 2672 5437 omnium
2698 5388 3035 5436 doctissimus
3058 5387 3319 5433 Antistius
3360 5383 3657 5447 l.nhco,__qui
3689 5397 3809 5447 cum

2148 5454 2367 5500 Caesare
2399 5455 2633 5510 Augusto
2665 5453 2819 5499 vixit.
2857 5466 2957 5497 non
2980 5451 3114 5511 juris
3147 5450 3317 5498 modo.
3350 5448 3437 5511 sed
3473 5445 3636 5511 totius
3665 5446 3812 5511 anti-

2147 5517 2367 5580 quitatis
2401 5515 2766 5580 peritissimus,
2798 5516 2861 5562 de
2894 5509 2999 5580 quo
3034 5513 3119 5580 hic
3151 5509 3476 5580 angustique
3523 5509 3597 5580 ‘De
3627 5509 3809 5580 eodem

2146 5569 2430 5640 Suetonius
2444 5577 2501 5625 in
2521 5579 2778 5640 Augusto,
2801 5569 2928 5640 cap:
2944 5576 3004 5625 54
3029 5589 3041 5633 ;
3066 5578 3124 5622 A.
3149 5573 3368 5623 Gellius.
3400 5571 3492 5617 lib.
3517 5569 3561 5624 1,
3585 5585 3700 5631 cap.
3728 5569 3807 5632 12,

2147 5592 2430 5626 δυθιοωυε
2444 5592 2501 5625 in
2521 5592 2778 5640 augusw,
2801 5592 2862 5628 ca

2146 5643 2197 5689 et
2223 5641 2319 5688 lib.
2352 5638 2428 5700 13,
2465 5653 2612 5702 capp.
2647 5639 2705 5688 10
2738 5645 2792 5690 et
2821 5592 2896 5688 1;.

2203 5704 2272 5765 (ὸ)
2304 5703 2464 5761 Intra,
2616 5702 2664 5761 3,
2696 5717 2808 5766 cap.
2845 5701 2922 5752 17.
