4128 6190
276 334 343 392 57
1566 333 1798 394 LIBER
1839 331 2267 396 SECUNDUS.
3584 334 3665 394 58

278 465 511 522 libenter
528 466 827 534 poetarum
847 463 1073 536 probris
1092 463 1536 537 maledictisque
1552 465 1791 522 lacerari
1809 483 1824 534 ;
1845 482 1908 523 se

279 553 456 624 potius
481 570 657 624 quam
696 553 825 608 illos
849 554 1182 623 hujusmodi
1213 553 1449 623 injuriis
1483 555 1754 626 indignos
1779 572 1908 612 esse

281 645 577 708 duxerunt,
594 643 848 707 sequeab
864 641 947 698 eis
961 643 1132 698 etiam
1152 644 1276 714 lege
1295 645 1654 711 munierunt,
1671 645 1907 700 illorum

282 739 462 786 autem
489 730 602 784 ista
623 731 792 784 etiam
820 733 1002 786 Sacris
1025 732 1496 786 solemnitatibus
1521 734 1904 788 miscuerunt.

279 820 425 876 Itane
456 822 716 889 tandem,
748 821 961 891 Scipio,
997 823 1199 878 laudas
1233 824 1381 877 hanc
1421 824 1605 895 poetis
1637 823 1908 880 Romanis

281 917 533 981 negatam
559 927 687 966 esse
709 910 1107 980 licentiam,ut
1126 916 1397 983 cuiquam
1422 913 1796 984 opprobrium
1821 914 1908 968 in-

285 998 536 1072 ﬂigerent
557 1001 976 1069 Romanorum,
1001 1018 1133 1057 cum
1158 1003 1353 1058 videas
1375 1019 1474 1058 eos
1499 1003 1644 1057 nulli
1665 1004 1908 1057 deorum

278 1089 592 1158 pepercisse
614 1089 978 1144 vestrorum?
1000 1091 1152 1146 [lane
1173 1091 1357 1163 pluris
1379 1092 1479 1146 tibi
1507 1092 1768 1146 habenda
1790 1092 1910 1147 visa

277 1184 360 1232 est
379 1178 732 1233 existimatio
753 1195 821 1233 cu
833 1196 928 1232 riae
950 1189 1149 1235 vestra)
1173 1197 1349 1251 quam
1373 1180 1644 1250 Capitolii
1667 1181 1766 1252 (a),
1793 1180 1909 1235 imo

279 1267 464 1322 Roma:
480 1269 651 1322 unius
665 1284 836 1334 quam
853 1269 980 1322 εωΙὶ
996 1270 1197 1334 totius;
1215 1276 1277 1324 ut
1292 1269 1552 1341 linguam
1571 1269 1908 1324 maledicam

275 1354 328 1409 in
354 1356 502 1411 cives
525 1362 651 1410 tuos
668 1373 930 1413 exercere
953 1359 968 1392 ι
998 1363 1176 1427 poeta?
1195 1358 1368 1414 etiam
1391 1359 1516 1428 lege
1536 1359 1912 1430 prohiberen-

273 1449 380 1510 tur,
396 1451 449 1500 et
470 1445 530 1500 in
554 1446 692 1502 deos
714 1455 845 1502 tuos
865 1450 1049 1502 securi
1077 1452 1240 1503 tanta
1265 1447 1545 1514 convicia,
1566 1447 1722 1503 nullo
1743 1463 1908 1503 sena-

271 1538 403 1602 tore,
439 1535 603 1590 nullo
634 1553 893 1606 censore,
927 1537 1088 1593 nullo
1119 1538 1402 1610 principe,
1448 1537 1606 1592 nullo
1639 1537 1913 1608 pontifice

273 1625 1081 1695 prohibente,jacularentur?
1096 1627 1403 1699 Indignum
1418 1627 1691 1683 videlicet
1704 1628 1832 1694 fuit,
1851 1631 1916 1682 ut

271 1712 525 1780 Plautus,
560 1721 662 1769 aut
690 1715 914 1771 Naevius
959 1717 1160 1773 Publio
1203 1723 1260 1772 et
1302 1717 1453 1772 Cneo
1495 1716 1777 1788 Scipioni,
1811 1721 1914 1772 aut

269 1802 527 1858 Caecilius
551 1803 624 1859 M.
653 1805 856 1862 Catoni
891 1807 1288 1875 malediceret;
1322 1813 1380 1862 et
1408 1807 1651 1878 dignum
1687 1807 1813 1865 fuit,
1848 1810 1912 1860 ut

269 1892 573 1949 Terentius
623 1900 811 1950 vester
850 1898 928 1964 (b)
967 1895 1183 1964 ﬂagitio
1234 1897 1391 1952 Jovis
1429 1896 1632 1967 optimi
1678 1893 1913 1951 maximi

265 1981 720 2040 adolescentium
755 1985 1071 2056 nequitiam
1105 1985 1469 2041 concitaret?

263 2163 492 2221 CAPUT
523 2165 680 2222 XIII.
719 2198 786 2206 —
820 2165 1080 2222 Debuisse
1110 2167 1418 2237 intelligere
1453 2168 1742 2234 Romanos,
1775 2165 1916 2238 quod

331 2253 412 2310 dii
431 2270 648 2319 eorum.
679 2257 776 2325 qui
795 2272 852 2309 se
872 2257 1125 2326 turpibus
1149 2256 1292 2310 ludis
1319 2255 1430 2312 coli
1453 2257 1800 2327 expetebant,
1821 2257 1879 2310 in
1892 2284 1917 2295 -

329 2341 491 2411 digni
519 2347 696 2397 essent
728 2341 929 2396 honore
958 2341 1167 2397 divino.

330 2516 457 2573 Sed
478 2519 854 2587 responderet
878 2518 1016 2573 mihi
1044 2519 1313 2578 fortasse.
1338 2518 1388 2573 si
1407 2518 1652 2573 viveret:
1679 2520 1920 2584 Quomo«

257 2606 332 2660 do
358 2604 1041 2677 nosistaimpunitaesse
1059 2605 1366 2671 nollemus,
1387 2623 1514 2677 quin
1530 2607 1636 2675 ipsi
1654 2607 1732 2661 dii
1755 2623 1919 2662 sacra

263 2709 391 2750 esse
416 2695 751 2758 voluerunt,
775 2711 910 2749 cum
946 2695 1117 2750 ludos
1157 2699 1439 2762 scenicos,
1479 2695 1575 2750 ubi
1605 2695 1743 2751 talia
1765 2695 1919 2751 cele-

267 2782 534 2850 brantur,
561 2782 922 2849 dictitantur,
941 2784 1276 2845 actitantur.
1295 2791 1351 2839 et
1367 2784 1642 2840 Romanis
1659 2786 1918 2840 moribus

262 2872 628 2938 invexerunt,
646 2876 701 2927 et
720 2873 841 2926 suis
865 2871 1188 2928 honoribus
1211 2872 1394 2928 dicari
1416 2874 1919 2946 exhiberiquejus-

269 2961 511 3018 serunt?
532 2963 646 3017 Cur
667 2978 804 3035 ergo
823 2980 936 3019 non
971 2963 1106 3020 hinc
1135 2964 1320 3036 magis
1343 2965 1454 3036 ipsi
1482 2965 1758 3021 intellecti
1785 2971 1922 3020 sunt

268 3067 381 3108 non
419 3068 554 3108 esse
576 3051 656 3107 dii
681 3053 820 3118 veri,
851 3069 957 3109 nec
987 3054 1222 3110 omnino
1255 3053 1416 3124 digni
1447 3055 1663 3125 quibus
1693 3054 1920 3111 divinos

265 3139 512 3197 honores
532 3141 782 3198 deferret
803 3141 899 3197 illa
923 3142 1290 3214 respublica?
1310 3145 1464 3208 Quos
1487 3145 1641 3200 enim
1668 3143 1777 3200 coli
1809 3145 1916 3200 mi-

266 3231 418 3286 nime
439 3232 694 3299 deceret,
716 3232 1070 3302 minimeque
1093 3237 1404 3304 Oporteret,
1431 3233 1480 3290 si
1505 3234 1675 3290 ludos
1693 3239 1923 3304 expete-

265 3327 386 3376 rent
408 3323 669 3392 agendos
691 3321 966 3377 conviciis
984 3323 1412 3391 Romanorum;
1437 3325 1748 3395 quomodo,
1764 3341 1918 3394 quae-

263 3425 350 3476 so,
384 3409 619 3467 colendi
647 3410 671 3445 ³
705 3412 887 3482 putati
919 3418 1078 3479 sunt,
1107 3413 1400 3483 quomodo
1437 3431 1553 3470 non
1586 3413 1923 3470 detestandi

270 3499 510 3569 spiritus
533 3499 838 3568 intellecti,
864 3503 966 3570 qui
997 3501 1311 3572 cupiditate
1348 3502 1583 3558 fallendi
1607 3502 1759 3557 inter
1782 3518 1921 3557 suos

277 3587 522 3644 honores
539 3606 649 3644 sua
662 3588 1200 3645 celebraricrimina
1217 3592 1642 3662 poposcerunt?
1662 3592 1921 3660 Itemque

278 3680 540 3747 Romani,
556 3679 964 3751 quamvisjam
980 3682 1396 3751 superstitione
1412 3679 1579 3735 noxia
1598 3696 1924 3751 premeren-

274 3771 383 3833 tur,
398 3770 613 3824 utillos
633 3770 772 3825 deos
791 3770 1072 3839 colerent,
1087 3786 1234 3842 quos
1250 3769 1526 3824 videbant
1543 3768 1654 3824 sibi
1668 3768 1921 3826 voluisse

274 3858 524 3914 scenicae
540 3857 934 3929 turpitudines
951 3859 1301 3926 consecrari,
1321 3875 1439 3914 sua:
1459 3864 1652 3914 tamen
1671 3857 1922 3929 dignita-

273 3946 342 4000 tis
369 3963 661 4003 memores
700 3964 765 4004 ac
801 3949 1058 4020 pudoris,
1098 3954 1325 4004 actores
1356 3948 1559 4004 talium
1593 3947 1919 4005 fabularum

274 4051 634 4108 nequaquam
655 4037 1081 4094 honoraverunt
1105 4053 1262 4094 more
1277 4037 1631 4105 Graecorum,
1647 4039 1744 4094 sed
1770 4038 1922 4094 sicut

271 4127 415 4196 apud
436 4125 776 4182 Ciceronem
796 4126 952 4182 idem
973 4126 1164 4198 Scipio
1189 4126 1466 4198 loquitur,
1481 4126 1616 4183 Cum
1637 4137 1812 4184 artem
1832 4129 1918 4184 lu-

273 4214 478 4272 dicram
517 4232 854 4290 saeuamque
873 4220 1044 4273 totam
1073 4217 1272 4288 probro
1299 4217 1554 4273 durarent
1583 4218 1626 4287 ³,
1656 4235 1824 4287 genus
1864 4219 1922 4274 id

274 4304 555 4362 hominum
582 4323 688 4363 non
709 4306 865 4363 modo
892 4308 1096 4364 honore
1115 4309 1317 4364 civium
1345 4309 1685 4381 reliquorum
1707 4326 1919 4379 carere,

271 4396 353 4450 sed
364 4400 534 4453 etiam
549 4399 702 4452 tribu
715 4397 925 4454 moveri
941 4398 1009 4469 (c)
1029 4399 1314 4454 notatione
1337 4403 1585 4455 censoria
1605 4400 1918 4456 voluerunt.

277 4484 550 4544 Prmelara
582 4503 742 4552 sane,
778 4494 835 4542 et
866 4488 1140 4543 Romanis
1171 4487 1446 4544 laudibus
1478 4490 1923 4545 annumeranda

274 4577 608 4644 prudentia:
634 4577 734 4632 sed
759 4577 963 4633 vellem
999 4593 1061 4633 se
1088 4577 1218 4648 ipsa
1251 4583 1608 4648 sequeretur,
1638 4594 1700 4634 se
1728 4579 1918 4634 imita-

275 4671 442 4720 retur.
459 4666 607 4721 Ecce
625 4663 778 4720 enim
799 4673 970 4734 recte,
996 4665 1268 4737 quisquis
1288 4667 1496 4722 civium
1529 4666 1920 4723 Romanorum

274 4768 392 4810 esse
410 4757 679 4811 scenicos
693 4755 990 4827 elegisset,
1008 4772 1124 4812 non
1142 4755 1329 4814 solum
1353 4755 1403 4812 ei
1425 4756 1622 4813 nullus
1646 4757 1716 4813 ad
1739 4757 1920 4814 hono-

331 4903 346 4964 ξ
375 4901 606 4964 Aliquot
634 4901 780 4958 Mss,
809 4914 1081 4953 exserere.

302 4963 525 5074 ᾕέςῐῐοκὲἱἱ
539 4964 839 5039 ⁸ᾳιιοηιοιίο,
856 4979 1077 5027 quaeso.
1099 4964 1182 5013 dii
1212 4964 1443 5014 colendi.
1468 4964 1510 5013 A
1532 4965 1751 5016 caeteris
1769 4966 1920 5016 libris

418 5065 430 5074 .
505 5043 568 5074 ιι.

270 5029 430 5086 abest,
463 5029 568 5076 dii.

328 5091 348 5123 ³
378 5091 530 5139 Vind.
564 5090 678 5137 Am.
710 5089 793 5137 Er.
823 5092 878 5139 et
904 5090 1047 5144 Mss..
1080 5089 1142 5137 in
1165 5090 1368 5151 probro
1389 5091 1667 5140 ducerent.

329 5157 400 5205 (αι
435 5152 632 5209 Curia,
663 5154 811 5216 locus
839 5153 1022 5216 iniquo
1042 5156 1260 5216 senatus
1274 5154 1584 5204 habebatur.
1618 5155 1704 5203 hic
1731 5168 1826 5216 pro
1843 5169 1919 5205 se«

271 5216 559 5280 ueteribus
586 5215 836 5280 ponitur;
884 5215 1245 5277 Capitolium,
1281 5218 1421 5279 quod
1474 5215 1919 5280 templum’Jovis

271 5281 390 5332 erat,
423 5291 518 5340 pro
546 5278 677 5339 ipsis
709 5278 829 5326 diis.

322 5341 389 5406 tbi
427 5342 927 5406 Terentiustestet'.
961 5341 1075 5406 ait:
1103 5342 1197 5402 qui
1226 5343 1475 5392 nimirum
1515 5345 1670 5404 gente
1702 5343 1916 5406 quidem

269 5403 400 5455 Mer.
433 5404 526 5452 sed
569 5403 1017 5452 familiarissimus
1047 5404 1279 5466 Scipioni
1308 5407 1424 5458 fuit.
1471 5403 1609 5456 sieut
1637 5409 1689 5454 et
1722 5403 1913 5461 Laelio.

269 5477 296 5512 a
323 5465 518 5527 quibus
543 5466 724 5514 ierunt
753 5467 994 5527 adjutum
1022 5465 1221 5516 esse’in
1242 5470 1530 5519 scribendis
1557 5469 1769 5517 fabulis.

326 5529 384 5589 (ο)
423 5528 591 5593 Tribu
622 5532 831 5593 moveri
873 5543 1011 5591 quae
1051 5544 1207 5592 poena
1255 5534 1369 5581 erat
1408 5532 1684 5580 hominum
1726 5531 1914 5593 plebeii

269 5601 352 5654 seu
377 5591 518 5639 tertii
549 5591 768 5644 ordinis.
798 5591 937 5640 idem
967 5591 1128 5641 fuisse
1159 5595 1318 5654 atque
1352 5607 1418 5642 ex
1454 5608 1562 5642 una
1592 5591 1916 5643 tribu—nobi—

267 5651 388 5717 liora
416 5654 695 5717 transferri
721 5655 776 5702 in
806 5655 1174 5715 ignobiliorem
1200 5651 1518 5717 intelligitur
1541 5670 1606 5705 ex
1625 5657 1789 5715 Livio,
1821 5657 1913 5704 lib.

267 5715 542 5778 45,cap.15.
563 5716 752 5767 Canter
774 5717 1176 5780 Tertullianum,
1200 5719 1264 5768 de
1280 5715 1617 5782 Spectaculis,
1639 5732 1750 5782 cap.
1780 5718 1860 5769 22.

2019 482 2137 523 rem
2157 467 2593 537 dabaturlocus,
2609 481 2805 523 verum
2821 466 2995 522 etiam
3011 464 3272 522 censoris
3289 467 3426 520 nota
3439 463 3662 520 tribum

2017 561 2210 611 tenere
2229 557 2521 627 pr0priam
2539 557 2780 612 minime
2795 557 3110 611 sinebatur.
3127 555 3170 610 Ο
3185 555 3449 609 animum
3465 552 3664 608 civita-

2018 646 2096 699 tis
2118 644 2309 700 laudis
2341 645 2601 710 avidum,
2630 661 3015 715 germaneque
3047 644 3123 714 (ιι)
3164 640 3519 698 Romanum!
3553 640 3662 696 Sed

2017 738 2441 806 respondeatur
2457 736 2620 798 mihi.
2637 754 2750 807 qua
2764 740 3155 791 consentanea
3170 735 3385 788 ratione
3400 731 3666 787 homines

2021 824 2232 880 scenici
2267 827 2338 880 ab
2370 825 2526 881 omni
2561 825 2780 881 honore
2811 825 3187 896 repelluntur,
3221 831 3276 877 et
3307 823 3424 876 ludi
3447 819 3659 876 scenici

2018 916 2260 970 deorum
2277 914 2669 970 honoribusad
2682 915 3028 970 miscentur?
3045 913 3176 968 Illas
3193 911 3662 966 theatricasartes

2018 1004 2117 1059 diu
2143 1005 2323 1060 virtus
2347 1006 2609 1060 Romana
2634 1020 2747 1059 non
2782 1012 3016 1060 noverat
3037 1004 3151 1072 (b):
3185 1018 3312 1073 quae
3334 1002 3383 1056 si
3404 1001 3472 1054 ad
3499 998 3665 1055 oble—

2019 1088 3666 1165 ctamentumvoluptatishumanasqutererentur,vitiomo-

2019 1199 2149 1237 rum
2174 1183 2494 1254 irreperent
2517 1187 2928 1238 humanorum.
2945 1181 3145 1236 Diieas
3165 1178 3545 1233 sibiexhiberi
3567 1192 3664 1246 pe-

2019 1273 2198 1326 tiveru
2211 1279 2300 1327 nt:
2327 1274 2618 1342 quomodo
2633 1289 2766 1344 ergo
2781 1271 3052 1341 abjicitur
3069 1269 3355 1333 scenicus,
3373 1283 3474 1336 per
3490 1282 3664 1337 quem

2019 1361 2483 1418 coliturDeus?et
2499 1358 3238 1430 theatriceilliusturpitudi
3251 1356 3338 1411 nis
3353 1373 3385 1427 q
3399 1356 3668 1410 uaironte

2021 1458 2254 1506 notatur
2275 1458 2454 1513 actor,
2470 1452 2516 1505 si
2541 1451 2818 1505 adoretur
2835 1449 3102 1504 exactor?
3123 1447 3183 1500 In
3211 1446 3317 1500 hac
3340 1451 3666 1499 controver-

2019 1541 2109 1595 sia
2126 1541 2306 1596 Graeci
2333 1539 2697 1611 Romanique
2719 1543 3078 1595 concertant.
3099 1535 3279 1590 Graeci
3299 1539 3503 1604 putant
3517 1539 3669 1587 recte

2021 1646 2082 1686 se
2105 1630 2388 1685 honorare
2412 1629 2678 1684 homines
2701 1630 2984 1691 scenicos,
3009 1627 3149 1697 quia
3169 1624 3368 1680 colunt
3389 1621 3667 1677 Indorum

2021 1723 2378 1774 scenicorum
2412 1718 2766 1788 ﬂagitatores
2789 1718 2957 1772 deos:
2985 1715 3231 1770 Romani
3263 1728 3396 1766 vero
3423 1709 3670 1766 homini-

2022 1808 2133 1863 bus
2156 1808 2403 1863 scenicis
2429 1823 2534 1864 nec
2556 1807 2838 1878 plebeiam
2870 1806 3103 1872 tribum,
3124 1807 3340 1875 quanto
3361 1802 3554 1856 minus
3584 1815 3672 1855 se-

2023 1895 2310 1950 natoriam
2330 1896 2549 1950 curiam
2570 1893 3246 1950 dehonestarisinunt?ln
3265 1892 3369 1945 hac
3385 1890 3670 1958 discepta-
3772 1952 3774 1954 ν

2020 1985 2181 2040 tione
2198 1984 2596 2053 hujuscemodi
2620 1982 2984 2040 ratiocinatio
3007 1997 3300 2037 summam
3323 1976 3668 2051 quaestionis

2023 2072 2291 2128 absolvit.
2317 2077 2655 2144 Proponunt
2675 2072 2857 2127 Graeci
2877 2088 2890 2127 :
2913 2073 2969 2126 Si
2991 2072 3069 2125 dii
3093 2071 3233 2126 tales
3255 2070 3481 2126 colendi
3505 2075 3665 2135 sunt,

2025 2163 2279 2232 profecto
2300 2164 2474 2218 etiam
2499 2163 2645 2217 tales
2676 2161 2940 2217 homines
2970 2161 3308 2216 honorandi.
3345 2160 3671 2214 Assumunt

2025 2251 2265 2306 Romani
2293 2268 2305 2306 :
2331 2251 2440 2306 Sed
2477 2251 2636 2306 nullo
2673 2254 2842 2307 modo
2879 2250 3025 2305 tales
3057 2249 3322 2305 homines
3346 2244 3672 2304 honorandi

2025 2346 2184 2397 sunt.
2210 2341 2584 2397 Concludunt
2606 2340 2926 2396 Christiani
2953 2355 2966 2394 :
2989 2339 3157 2394 Nullo
3182 2339 3354 2393 modo
3376 2337 3558 2407 igitur
3589 2334 3669 2390 dii

2022 2429 2168 2485 tales
2199 2429 2425 2485 colendi
2460 2435 2612 2484 sunt.

2024 2518 2258 2575 CAPUT
2284 2518 2424 2574 XIV.
2457 2549 2526 2559 —
2548 2518 2818 2574 Meliorem
2845 2519 3020 2589 fuisse
3048 2517 3363 2584 Platonem,
3385 2514 3491 2588 qui
3508 2515 3678 2586 poetis

2099 2609 2274 2664 locum
2305 2608 2367 2664 in
2399 2609 2531 2664 bene
2563 2612 2775 2664 morata
2808 2609 2943 2662 urbe
2981 2622 3090 2661 non
3119 2606 3348 2676 dederit,
3380 2622 3551 2677 quam
3584 2607 3679 2660 hos

2095 2697 2243 2759 deos.
2275 2701 2371 2768 qui
2399 2715 2457 2754 se
2485 2698 2632 2753 ludis
2660 2696 2890 2753 scenicis
2922 2697 3194 2752 voluerint
3226 2697 3508 2752 honorari.

2098 2787 2148 2840 1.
2167 2788 2385 2842 Deinde
2405 2788 2874 2859 quaerimustsi
2900 2785 3319 2858 poetze,talium
3346 2785 3675 2840 fabularum

2032 2875 2471 2946 compositores.
2499 2878 2596 2947 qui
2623 2875 2927 2930 duodecim
2951 2874 3303 2930 Tabularum
3333 2873 3456 2944 lege
3481 2871 3678 2944 prohi-

2031 2963 2240 3018 bentur
2262 2965 2477 3019 famam
2499 2965 2702 3020 laedere
2725 2965 2960 3032 civium,
2994 2969 3113 3018 tam
3141 2965 3420 3035 probrosa
3452 2964 3511 3018 in
3540 2963 3680 3017 deos

2029 3051 2292 3108 convicia
2316 3051 2675 3121 jaculantes.
2706 3069 2811 3108 cur
2851 3070 2965 3109 non
3001 3058 3063 3108 ut
3106 3052 3322 3108 scenici
3353 3052 3686 3107 habeantur

2028 3139 2350 3196 inhonesti.
2367 3145 2486 3209 Qua
2511 3143 2727 3200 ratione
2746 3147 2960 3200 rectum
2985 3149 3093 3210 est,
3113 3149 3175 3198 ut
3198 3145 3555 3215 poeticorum
3583 3142 3686 3213 tig-

2031 3237 2364 3287 mentorum
2397 3235 2453 3287 et
2483 3233 3007 3304 ignominiosorum
3050 3234 3290 3289 deorum
3327 3232 3682 3288 infamantur

2030 3327 2276 3389 actores,
2294 3323 2614 3379 honorentu
2627 3341 2648 3379 r
2661 3331 2924 3380 auctores
2938 3324 2968 3378 ?
2984 3341 3055 3379 an
3074 3326 3219 3379 forte
3235 3322 3432 3379 Graeco
3455 3319 3678 3378 Platoni

2031 3411 2225 3481 potius
2249 3413 2441 3482 palma
2469 3414 2660 3468 danda
2691 3420 2800 3482 est,
2825 3414 2922 3485 qui
2957 3429 3088 3470 cum
3126 3412 3349 3468 ratione
3382 3416 3676 3478 l’ormaret,

2033 3498 2224 3569 qualis
2250 3516 2378 3556 esse
2399 3502 2606 3558 civitas
2632 3503 2860 3568 debeat,
2890 3507 3174 3574 tanquam
3199 3501 3558 3557 adversarios
3585 3516 3680 3554 ve-

2031 3591 2223 3644 ritatis
2243 3590 2284 3657 ί,
2310 3597 2504 3660 poetas
2535 3592 2768 3647 censuit
2803 3593 2946 3646 urbe
2971 3591 3309 3660 pellendos?
3333 3590 3443 3645 Isle
3466 3606 3598 3646 vero
3627 3595 3682 3644 et

2030 3678 2266 3731 deorum
2293 3678 2542 3748 injurias
2560 3679 2799 3748 indigne
2822 3679 2976 3745 tulit,
2993 3686 3050 3733 et
3070 3681 3250 3733 fucari
3269 3678 3682 3746 corrumpique

2031 3766 2327 3836 figmentis
2341 3769 2568 3824 animos
2585 3769 2802 3824 civium
2823 3768 3242 3824 noluit.Confer
3258 3785 3412 3822 nunc
3428 3768 3682 3822 Platonis

2030 3858 2460 3914 humanitatem
2485 3859 2754 3914 acivibus
2775 3859 3134 3929 decipiendis
3163 3863 3365 3929 poetas
3389 3857 3532 3912 urbe
3564 3856 3679 3925 pel-

2028 3948 2268 4015 lentem,
2285 3964 2420 4004 cum
2437 3949 2676 4003 deorum
2692 3947 2994 4004 divinitate
3007 3947 3210 4003 honori
3227 3945 3549 4002 euosludos
3562 3961 3682 4000 sce-

2031 4038 2193 4094 nicos
2216 4043 2541 4108 expetente.
2581 4037 2703 4108 Ille,
2744 4055 2814 4093 ne
2846 4037 2982 4093 talia
3020 4037 3107 4092 vel
3132 4037 3547 4103 scriberentur,
3571 4033 3676 4090 etsi

2032 4144 2147 4183 non
2169 4128 2454 4200 persuasit
2473 4127 2844 4199 disputando,
2860 4132 3057 4184 tamen
3075 4127 3260 4183 suasit
3276 4126 3490 4182 levitati
3509 4124 3679 4182 lasci-

2030 4219 2253 4289 viaeque
2270 4217 2635 4274 Graecorum:
2660 4218 2781 4285 isti,
2800 4223 2866 4274 ut
2885 4218 3024 4274 talia
3047 4218 3224 4274 etiam
3255 4217 3685 4288 agerentur,ju-

2030 4307 2219 4364 bendo
2235 4312 2603 4364 extorserunt
2616 4307 2880 4380 gravitati
2896 4313 2952 4365 et
2965 4307 3681 4364 modestiieRomanorum.

2031 4396 2144 4452 Nec
2168 4401 2400 4453 tantum
2423 4397 2444 4432 ³
2465 4397 2588 4453 haec
2611 4397 2703 4468 agi
2725 4396 3057 4466 voluerunt,
3089 4397 3188 4453 sed
3214 4396 3324 4452 sibi
3348 4396 3549 4461 dicari,
3574 4395 3684 4450 sibi

2031 4487 2270 4554 sacrari,
2295 4487 2403 4543 sibi
2430 4486 2770 4543 solemniter
2797 4487 3075 4545 exhiberi.
3098 4485 3200 4542 Cui
3225 4486 3455 4541 tandem
3489 4484 3678 4540 hone-

2032 4576 2178 4632 stius
2194 4577 2423 4631 divinos
2446 4577 2697 4631 honores
2715 4579 3048 4632 decerneret
3068 4576 3270 4630 civitas
3285 4574 3314 4628 ‘?
3336 4581 3528 4629 utrum
3554 4573 3681 4627 Pla-

2032 4665 2152 4720 toni
2171 4665 2289 4720 haec
2304 4670 2362 4720 tu
2373 4666 2566 4736 rpiaet
2583 4665 2832 4722 nefanda
2846 4665 3172 4736 prohibenti
3190 4682 3204 4732 ;
3221 4681 3294 4719 an
3313 4663 3679 4720 daemonibus

2032 4753 2140 4809 hac
2183 4752 2491 4809 hominum
2529 4754 2866 4826 deceptione
2900 4752 3312 4826 gaudentibus,
3350 4754 3564 4825 quibus
3584 4751 3682 4808 ille

2030 4859 2161 4900 vera
2192 4844 2542 4915 persuadere
2575 4861 2692 4900 non
2725 4843 2960 4916 potuit?

2101 4936 2154 4988 2.
2189 4933 2353 4990 Hunc
2376 4934 2674 4990 Platonem
2701 4934 2888 4989 Labeo
2921 4932 3074 4989 inter
3103 4932 3393 4989 semideos
3425 4932 3490 5002 (c)
3516 4948 3678 4987 com-

2094 5094 2108 5125 1
2130 5088 2214 5138 Sic
2228 5101 2419 5148 magno
2435 5100 2696 5136 consensu
2716 5088 2911 5137 Mss.At
2923 5087 3423 5141 editi.adversarios
3435 5083 3680 5135 civitatis

2093 5153 2113 5186 ²
2145 5151 2268 5201 Sola
2294 5151 2454 5200 editio
2483 5151 2630 5205 Lov.,
2663 5166 2758 5199 nec
2789 5160 2971 5198 tamen
2995 5167 3012 5209 ;
3041 5151 3216 5199 minus
3247 5152 3394 5199 bene.

2089 5217 2164 5275 (αι
2199 5216 2598 5275 Germaneque.
2637 5213 2691 5260 id
2734 5217 2830 5266 est.
2870 5227 3012 5266 vere.
3055 5213 3231 5262 laudis
3275 5214 3549 5268 aviditate,
3580 5211 3678 5260 Ro-

2028 5292 2266 5335 manum,
2297 5278 2425 5340 quia
2454 5278 2690 5325 Romana
2717 5290 2847 5337 gens
2873 5277 2975 5325 fuit
3001 5277 3176 5325 laudis
3204 5276 3528 5340 avidissima.

2086 5343 2164 5402 (ὁ)
2193 5337 2614 5400 Quadringentos
2643 5340 2750 5402 fere
2793 5353 2886 5401 per
2927 5352 3129 5388 annos:
3168 5337 3676 5402 inamﬁﬂintroductos

2025 5399 2151 5451 illos
2170 5404 2327 5451 ludos
2355 5399 2495 5451 anno
2525 5402 2678 5450 Urbis
2711 5399 2820 5454 392.
2858 5406 3041 5451 narrat
3068 5401 3248 5449 Livius
3295 5399 3387 5447 lib.
3419 5399 3467 5450 7.
3489 5413 3599 5462 cap.
3625 5399 3674 5450 2.

2093 5467 2154 5524 (σι
2187 5465 2406 5513 Ordines
2435 5465 2652 5512 deorum
2685 5477 2751 5514 ex
2779 5466 3013 5514 Varrone
3031 5467 3083 5513 et
3107 5462 3227 5512 aliis
3256 5462 3522 5511 habentur
3552 5466 3675 5513 tres.

2027 5528 2290 5585 Quosdam
2321 5528 2444 5574 deos
2473 5539 2710 5575 summos
2732 5528 3079 5576 nominabant
3103 5524 3495 5575 :medioxumos
3524 5528 3674 5580 alios.

2066 5590 2118 5638 ui
2144 5592 2196 5637 et
2225 5587 2457 5652 semidei.
2489 5602 2553 5652 ex
2583 5591 2748 5638 altero
2765 5595 2983 5652 parente
3012 5588 3299 5652 immortali
3323 5591 3599 5652 progeniti.
3617 5592 3680 5638 ut

2069 5653 2297 5707 omulus,
2329 5651 2591 5706 Hercules.
2623 5655 2719 5702 etc.
2751 5649 2856 5701 Alii
2885 5651 3027 5715 tertii
3047 5649 3250 5700 ordinis
3273 5649 3677 5715 et'ex'utroque

2023 5715 2238 5767 mortali
2263 5717 2483 5779 parente
2506 5715 2641 5776 nati,
2669 5715 2982 5765 dicebantur
3000 5713 3204 5764 heroes.
