4142 6186
405 299 484 358 39
1463 295 1567 357 DE
1610 291 1972 356 CIVITATE
2013 293 2172 370 DEI,
2217 295 2283 358 S.
2329 295 2764 360 AUGUSTINI
3734 306 3817 368 ω

406 432 854 488 memorandum
879 429 1125 502 putavit,
1144 429 1296 486 sicut
1312 426 1644 494 Herculem,
1663 426 1819 482 sicut
1839 430 2056 484 Romu-

408 519 562 576 lum:
583 522 868 577 semideos
891 526 1081 576 autem
1108 519 1383 574 hercibus
1403 521 1536 571 ante
1554 517 1839 585 ponit,sed
1870 523 2058 572 utros-

409 610 1214 681 queinternuminacollocat.
1234 606 1643 661 Verumtamen
1661 605 1864 673 istum,
1883 623 2054 676 quem

411 698 666 769 appellat
687 702 1156 760 semideum,non
1185 696 1456 751 heroibus
1478 700 1728 760 tantum,
1753 697 1852 750 sed
1877 695 2053 751 etiam

411 787 682 856 diisipsis
705 790 1120 858 praeferendum
1137 802 1262 841 esse
1283 801 1393 839 non
1414 785 1638 838 dublto.
1657 784 2058 856 Pr0piuquant

413 881 602 931 autem
627 876 1020 931 Romanorum
1058 876 1213 946 leges
1249 873 1745 945 disputationibus
1780 873 2056 938 Platonis,

415 966 645 1038 quando
674 964 768 1019 ille
789 973 996 1020 cuncta
1024 963 1243 1032 poetica
1267 965 1542 1036 figmenta
1573 962 2057 1030 condemnat,isti

414 1062 608 1110 autem
627 1053 1307 1124 poetisadimuntsallem
1325 1057 1381 1110 in
1397 1054 1664 1110 homines
1680 1050 2058 1107 maledicendi

413 1140 708 1198 licentiam
737 1160 751 1210 ;
777 1142 877 1198 ille
909 1150 1110 1215 poetas
1131 1144 1204 1198 ab
1231 1144 1392 1198 urbis
1413 1143 1604 1213 ipsius
1635 1142 1994 1197 habitatione
2017 1142 2057 1203 ι,

413 1231 509 1286 isti
531 1233 740 1288 saltem
765 1239 988 1288 actores
1027 1234 1381 1304 poeticarum
1418 1232 1745 1288 fabularum
1768 1234 2062 1286 removent

413 1337 446 1376 a
467 1322 742 1377 societate
757 1322 1030 1390 civitatis,
1044 1328 1120 1389 et,
1135 1323 1181 1377 si
1199 1329 1398 1378 contra
1417 1323 1556 1378 deos
1579 1321 1852 1377 ludorum
1877 1319 2064 1376 sceni-

413 1427 612 1465 corum
629 1413 975 1478 expetitores
988 1411 1207 1483 aliquid
1226 1412 1686 1476 auderent,forte
1703 1411 1818 1464 und
1833 1412 1963 1481 ique
1979 1426 2064 1464 re-

413 1505 732 1554 moverent.
757 1499 1137 1572 Nequaquain
1172 1501 1352 1572 igitur
1382 1501 1536 1572 leges
1565 1501 1633 1555 ad
1669 1499 2060 1554 instituendos

415 1587 596 1643 bonos
637 1594 739 1643 aut
764 1591 1137 1661 corrigendos
1161 1590 1343 1644 malos
1366 1606 1618 1651 mores,a
1641 1590 1752 1644 diis
1771 1591 1896 1644 suis
1922 1604 2062 1658 pos-

415 1685 546 1733 sent
561 1679 821 1748 accipere
845 1695 952 1734 seu
973 1695 1205 1750 sperare
1239 1679 1504 1745 Romani,
1527 1695 1676 1748 quos
1700 1678 1920 1750 leg=bus
1943 1677 2066 1731 suis

414 1767 837 1839 vincuntalque
856 1769 1227 1824 convincunt.
1247 1768 1331 1822 illi
1353 1769 1508 1824 enim
1530 1767 1734 1822 honori
1755 1783 1862 1822 suo
1883 1767 2062 1837 depo-

417 1863 591 1911 scunt
612 1855 781 1912 ludos
806 1860 1092 1925 scenicos,
1115 1858 1214 1913 isti
1236 1858 1308 1912 ab
1331 1857 1650 1911 honoribus
1671 1854 1942 1910 omnibus
1974 1869 2065 1909 re-

418 1941 646 2013 pellunt
678 1944 946 1999 homines
979 1947 1277 2000 scenicos:
1313 1943 1394 1998 illi
1427 1943 1708 1998 celebrari
1730 1941 2070 2012 sibijubent

420 2031 716 2103 figmentis
748 2031 989 2103 poeticis
1020 2032 1331 2104 opprobria
1359 2033 1624 2098 deorum,
1650 2031 1746 2086 isti
1769 2033 1841 2085 ab
1862 2046 2069 2102 oppro-

421 2119 562 2174 briis
577 2121 878 2176 hominum
895 2121 1618 2194 deterrentimpudentiam
1639 2127 1962 2193 poetarum.
1976 2121 2070 2175 Se-

419 2208 646 2264 mideus
677 2217 874 2265 autem
918 2211 1013 2265 ille
1044 2210 1204 2267 Plito
1225 2218 1283 2265 et
1313 2210 1518 2266 talium
1554 2211 1795 2265 deorum
1837 2209 2066 2264 libidini

422 2300 660 2365 restitit,
682 2300 830 2354 etab
855 2299 1050 2356 indole
1074 2301 1464 2356 Romanorum
1489 2299 1626 2370 quid
1653 2299 2069 2372 perliciendum

415 2389 880 2457 esset,05tendit;
909 2391 1008 2461 qui
1033 2397 1228 2461 poetas
1247 2391 1402 2459 ipsos
1427 2389 1508 2445 vel
1535 2407 1634 2462 pro
1654 2390 1892 2444 arbitrio
1918 2405 2072 2443 men-

417 2476 651 2546 tientes,
685 2479 768 2533 vel
807 2478 1148 2536 hominibus
1180 2479 1411 2535 miseris
1441 2480 1610 2551 quasi
1642 2480 1885 2534 deorum
1918 2479 2072 2534 facta

417 2567 676 2639 pessima
692 2567 982 2624 imitanda
996 2571 1653 2640 proponentes,omnino
1670 2569 1726 2623 in
1741 2569 1965 2623 civitate
1980 2568 2073 2623 be-

421 2673 492 2711 ne
513 2655 780 2712 instituta
798 2655 988 2712 vivere
1013 2657 1215 2713 noluit.
1238 2657 1353 2713 Nos
1382 2659 1620 2729 quidem
1646 2658 1942 2713 Platonem
1969 2673 2072 2713 nee

424 2744 622 2814 deum,
641 2761 745 2800 nec
759 2746 1080 2801 semideum
1098 2746 1502 2818 perhibemus;
1522 2762 1624 2802 nec
1638 2745 1736 2801 ulli
1751 2754 1952 2802 sancto
1966 2763 2069 2801 an-

421 2835 551 2906 gelo
574 2835 788 2890 summi
813 2834 937 2897 Dei.
954 2852 1058 2891 nec
1079 2835 1332 2890 veridico
1356 2836 1672 2907 prephetaa,
1693 2852 1794 2891 nec
1812 2833 2073 2906 apostolo

423 2922 621 2988 alicui,
638 2940 741 2979 nec
757 2923 998 2979 cuilibet
1015 2925 1226 2980 Christi
1246 2924 1507 2997 martyri.
1522 2941 1625 2980 nec
1637 2924 1910 2996 cuiquam
1926 2923 2073 2978 chri-

424 3013 616 3068 stiano
636 3013 853 3068 homini
877 3029 1321 3084 comparamus;
1346 3015 1516 3085 cujus
1539 3020 1748 3070 nostrai
1772 3013 2074 3069 sententiis

427 3101 597 3168 ratio,
636 3101 753 3158 Deo
792 3109 1192 3174 prosperante,
1224 3120 1330 3158 suo
1362 3103 1488 3159 loco
1518 3103 1930 3175 explicabitur:
1971 3103 2072 3158 sed

429 3207 562 3248 eum
590 3196 810 3258 tamen,
835 3193 1312 3264 quandoquidem
1342 3193 1448 3264 ipsi
1471 3193 1673 3249 volunt
1695 3194 1868 3249 fuisse
1898 3192 2075 3249 semi-

430 3281 632 3346 deum,
657 3282 1078 3350 prmt‘erendum
1103 3297 1232 3338 esse
1252 3297 1582 3348 censemus,
1607 3283 1656 3338 si
1691 3299 1803 3338 non
1831 3283 2073 3339 Romulo

427 3377 485 3426 et
506 3369 735 3425 Herculi
763 3372 1054 3443 (quamvis
1076 3372 1251 3428 istum
1279 3388 1380 3429 nec
1405 3373 1640 3428 fratrem
1659 3373 2073 3440 occidisse,nec

427 3460 2072 3538 aliquodperpetrassellagitiumquisquamhistoricorum

425 3553 512 3608 vel
553 3563 848 3623 poetarum
882 3552 1028 3612 dixit
1059 3561 1160 3610 aut
1190 3555 1357 3610 tinxit
1381 3556 1509 3628 [(4),
1545 3562 1696 3611 certe
1728 3555 1814 3610 vel
1853 3555 2073 3625 Priapo,

427 3640 516 3696 vel
548 3641 723 3698 alicui
757 3641 1162 3716 Cynocephalo
1193 3645 1294 3716 (b),
1334 3655 1628 3716 postremo
1663 3643 1749 3699 vel
1786 3647 1946 3701 Febri
1977 3645 2072 3716 (e),

429 3747 556 3804 qua:
591 3730 835 3788 Romani
868 3733 1113 3790 numina
1146 3735 1352 3804 partim
1389 3735 1681 3805 peregrina
1713 3740 2073 3806 receperunt,

429 3822 641 3894 partim
656 3839 764 3878 sua
777 3821 1009 3894 propria
1022 3835 1383 3880 sacraverunt
1397 3825 2078 3896 .Ouomodoigiturtanta

429 3909 608 3965 animi
629 3917 688 3966 et
709 3927 938 3966 morum
965 3912 1118 3968 mala
1141 3913 1306 3968 bonis
1341 3915 1642 3985 praceptis
1665 3923 1719 3969 et
1739 3913 1966 3984 legibus
1987 3911 2076 3968 vel

431 3996 805 4053 imminentia
821 3998 1216 4068 prohiberent,
1232 4001 1316 4056 vel
1338 4001 1509 4057 insita
1521 4000 1892 4073 exstirpanda
1908 4017 2072 4056 cura-

433 4089 564 4140 rent
584 4085 666 4139 dii
688 4085 853 4151 tales,
870 4085 1160 4156 quietiam
1177 4089 1524 4144 seminanda
1545 4097 1602 4144 et
1619 4091 1883 4161 augenda
1908 4089 2074 4160 ﬂagi-

431 4175 516 4228 tia
534 4182 904 4240 curaverunt,
941 4175 1074 4232 talia
1108 4177 1193 4234 vel
1225 4195 1330 4234 sua
1351 4177 1435 4236 vel
1467 4180 1634 4250 quasi
1667 4195 1774 4234 sua
1797 4180 1946 4235 facta
1978 4195 2079 4249 per

428 4261 747 4320 theatricas
761 4264 1125 4322 celebritates
1143 4268 1371 4339 populis
1385 4268 1735 4324 innotescere
1752 4285 1818 4324 cu
1830 4269 2074 4340 pientes,

431 4359 490 4407 ut
505 4358 780 4422 tanquam
799 4355 1143 4410 auctoritate
1156 4356 1372 4423 divina,
1387 4374 1496 4413 sua
1507 4362 1709 4428 sponte
1725 4357 2077 4428 nequissima

427 4438 610 4495 libido
623 4442 1033 4498 accenderetur
1064 4443 1343 4501 humana:
1363 4455 1574 4502 trustra
1590 4446 1698 4502 hoc
1719 4451 2076 4504 exclamante

429 4528 724 4596 Cicerone,
749 4531 847 4602 qui
879 4548 1010 4588 cum
1038 4538 1106 4589 de
1127 4536 1316 4606 poetis
1339 4542 1554 4607 ageret,
1579 4537 1655 4592 Ad
1675 4552 1808 4606 quos
1829 4552 1949 4592 cum
1981 4553 2076 4592 nc-

425 4622 588 4673 cesst't
613 4619 656 4685 ³,
683 4620 894 4690 inquit,
916 4623 1125 4678 clamor
1139 4637 1189 4680 et
1211 4627 1530 4697 approbatio
1549 4628 1762 4697 populi,
1785 4627 1939 4697 quasi
1953 4643 2074 4682 ma-

734 4824 802 4871 ab
837 4825 992 4873 urbis
1017 4826 1209 4902 ipsius
1239 4826 1580 4875 habitatione
1626 4825 1864 4888 repellit.
1896 4827 2074 4878 Abest.

426 4884 1192 5059 νιξεξιξξξά,εζΑιὲἒῐὲἒδὲξίῗιξάἰ
1221 4967 1345 5000 cum
1376 4952 1439 5000 de
1465 4952 1641 5014 poetis
1670 4967 1841 5014 agens
1882 4951 1954 4999 ad
1991 4966 2077 5000 eos

426 5021 710 5057 accesstsxe
740 5049 750 5059 .

425 5023 750 5059 ασοεςςειεκεε.

491 5075 568 5133 (α)
595 5071 820 5128 Scilicet.
853 5089 950 5123 nec
974 5077 1217 5135 fratrem
1251 5077 1524 5127 ocriiixse.
1557 5078 1696 5127 sicut
1722 5079 1786 5126 de
1816 5077 2072 5133 Romulo;

424 5149 523 5200 nec
568 5135 799 5200 aliquod
839 5147 1179 5200 perpetrasse
1223 5139 1529 5200 ﬂagitium.
1577 5141 1712 5189 sicut
1753 5141 1817 5188 de
1861 5139 2079 5188 Hercule

425 5197 692 5263 plurajel
730 5197 966 5250 historici
1001 5197 1268 5250 dixerunt.
1302 5197 1382 5250 vel
1414 5205 1598 5263 poetae
1631 5204 1919 5250 tinxerunt.

487 5263 556 5328 tjy
588 5261 720 5328 Hinc
743 5264 811 5310 ad
841 5265 1138 5328 Aigyptum
1180 5261 1440 5318 Lucanus}
1462 5265 1537 5313 lib
1587 5264 1636 5320 8.
1657 5279 1792 5315 vers.
1819 5263 1929 5328 831.
1947 5261 2040 5311 832
2062 5275 2074 5311 :

489 5322 597 5389 lyr):
627 5324 687 5389 in
724 5322 1106 5388 templa—tuam
1137 5328 1392 5376 Rmnana
1419 5331 1730 5389 accepimus
1756 5327 1907 5378 Isim.

490 5384 909 5452 Semicanesque
943 5392 1085 5442 deos.
1115 5400 1164 5436 et
1192 5390 1377 5452 sistra
1411 5384 1686 5440 moventia
1717 5390 1929 5438 luctum

491 5447 552 5514 (ο)
591 5447 837 5514 infinitus
873 5465 1056 5502 essem.
1090 5452 1135 5500 si
1172 5451 1237 5499 de
1267 5452 1426 5502 Febre
1459 5455 1594 5514 apud
1647 5455 1907 5503 Romanos
1935 5451 2081 5501 culta

425 5510 799 5577 veterumloca
827 5517 1130 5577 proferrem.
1154 5515 1426 5562 Adeantur
1448 5510 1664 5576 Plinius,
1697 5517 1825 5565 Hist.
1848 5516 1960 5564 Nat.
1983 5515 2076 5563 lib.

424 5568 473 5641 ξε
505 5582 617 5641 ραι).
741 5568 963 5633 (Elian.
995 5578 1113 5641 var.
1148 5577 1274 5626 Hist.
1298 5578 1400 5641 lib.
1438 5568 1725 5641 i2.cap.'il
1755 5595 1767 5633 ;
1792 5577 2081 5641 Cicero._de

426 5631 625 5707 Natura
653 5635 888 5698 deorum,
919 5631 1010 5690 lib.
1042 5640 1090 5697 3,
1118 5653 1232 5707 cap.
1266 5639 1362 5687 25:
1402 5655 1424 5686 α
1454 5631 1634 5707 ξθὺτῖε
1663 5631 1844 5691 ianum
1888 5642 1944 5688 in
1974 5631 2078 5687 'Pa-

429 5713 456 5738 α
485 5694 677 5748 latio...
708 5694 1084 5754 consecratum
1107 5694 1370 5763 videmus,
1401 5721 1430 5747 »
1461 5703 1694 5753 Laneus.

2165 431 2266 498 gni
2292 429 2580 501 cujusdam
2601 439 2652 488 et
2668 433 2934 502 sapienti:
2965 433 3240 504 magistri,
3262 451 3401 508 qua:
3415 435 3518 493 illi
3536 437 3815 498 obducunt

2170 520 2459 576 tenebras!
2487 536 2620 591 quo:
2648 523 2912 578 invehunt
2935 529 3110 580 metu:
3133 530 3305 596 lquas
3327 525 3689 600 inﬂammant
3715 547 3819 586 cu-

2170 610 2425 681 piditate:
2454 613 2529 681 (ιι)
2553 612 2575 666 Ι

2244 743 2474 800 CAPUT
2503 743 2613 798 XV.
2642 775 2708 786 —
2733 747 2883 815 Quod
2906 748 3136 804 Romani
3151 751 3412 821 quosdam
3435 751 3544 808 sibi
3563 752 3687 810 deos
3709 769 3816 809 non

2445 835 2681 903 ratione,
2703 837 2796 891 sed
2827 838 3145 896 adulatione
3174 839 3538 896 instituerint.

2244 960 2380 1023 Quae
2401 969 2592 1015 autem
2616 959 2736 1015 illic
2755 960 3184 1032 ‘eligendorum
3201 963 3442 1020 deorum
3463 967 3633 1020 etiam
3659 965 3815 1037 ipso-

2173 1065 2303 1104 rum
2349 1049 2627 1104 falsorum
2674 1050 2840 1116 ratio,
2882 1067 2948 1106 ac
2987 1068 3100 1107 non
3148 1052 3340 1123 potius
3388 1053 3647 1111 adulatio
3684 1055 3818 1110 est?

2175 1140 2406 1207 quando
2447 1139 2623 1194 istum
2658 1138 2976 1204 Platonem,
3009 1155 3183 1210 quem
3227 1139 3548 1196 semideum
3592 1141 3816 1212 volunt,

2174 1229 2352 1283 tantis
2382 1227 2879 1297 disputationibus
2910 1227 3268 1284 laborantem
3301 1245 3371 1285 ne
3405 1229 3586 1285 animi
3620 1231 3817 1297 malis,

2175 1334 2298 1388 quae
2323 1317 2609 1388 praecipue
2629 1318 2884 1373 cavenda
2904 1322 3063 1384 sunt,
3090 1335 3274 1374 mores
3302 1327 3821 1392 corrumperentur

2176 1406 2438 1469 humani,
2475 1406 2634 1462 nulla
2661 1423 2824 1464 sacra
2865 1405 3107 1463 aedicula
3139 1409 3382 1480 dignum
3419 1415 3732 1479 putarunt;
3763 1415 3825 1466 et

2177 1496 2489 1552 Romulum
2539 1513 2710 1551 suum
2759 1497 2875 1551 diis
2921 1497 3120 1552 multis
3168 1497 3564 1566 praetulerunt,
3603 1515 3824 1568 quam-

2177 1587 2263 1642 vis
2289 1596 2341 1640 et
2373 1585 2560 1656 ipsum
2583 1588 2904 1640 semideum
2933 1586 3120 1656 potius
3141 1603 3316 1657 quam
3342 1587 3515 1640 deum
3540 1587 3698 1642 velut
3728 1603 3822 1642 se-

2177 1674 2386 1729 cretior
2415 1691 2612 1729 eorum
2646 1675 2914 1729 doctrina
2947 1675 3313 1731 commendet
3342 1675 3436 1744 (b).
3469 1675 3610 1730 Nam
3644 1676 3820 1731 etiam

2177 1764 2470 1820 ﬂaminem
2488 1763 2568 1819 illi
2583 1763 2978 1832 instituerunt,
2993 1763 3143 1834 quod
3161 1765 3464 1820 sacerdotii
3480 1780 3663 1834 genus
3677 1766 3821 1821 adeo

2179 1854 2235 1908 in
2263 1852 2539 1908 Romanis
2567 1853 2716 1908 sacri
2745 1857 2995 1906 testante
3017 1851 3180 1921 apice
3199 1852 3272 1921 (e)
3301 1851 3592 1919 excelluit,
3618 1859 3684 1909 ut
3704 1860 3823 1909 tres

2179 1942 2334 1998 solos
2348 1942 2616 1997 flamines
2634 1939 3111 1996 haberenttribus
3134 1942 3478 1997 numinibus
3501 1943 3821 2009 institutos,

2181 2031 2396 2086 Dialem
2419 2031 2568 2096 Jovi,
2594 2029 2915 2086 Martialem
2945 2029 3138 2098 Marti,
3169 2029 3520 2093 Quirinalem
3555 2031 3823 2088 Romulo.

2179 2124 2320 2180 Nam
2355 2121 2754 2179 benevolentia
2785 2122 2997 2178 civium
3023 2122 3180 2176 velut
3207 2127 3469 2192 receptus
3501 2124 3556 2177 in
3587 2122 3820 2192 calum,

2180 2213 2455 2277 Quirinus
2487 2212 2564 2283 (d)
2604 2223 2686 2267 est
2731 2217 2930 2284 postea
2969 2209 3330 2266 nominatus.
3371 2214 3449 2267 Ac
3496 2229 3598 2284 per
3627 2212 3734 2268 hoc
3763 2219 3822 2268 et

2178 2304 2442 2375 Neptuno
2464 2308 2519 2357 et
2542 2301 2790 2366 Plutoni,
2817 2301 3098 2356 iratribus
3127 2299 3308 2366 Jovis,
3331 2310 3384 2357 et
3406 2303 3514 2373 ipsi
3547 2303 3820 2369 Saturno,

2183 2393 2331 2463 patri
2362 2407 2587 2459 eorum,
2622 2392 2732 2446 isto
2765 2389 3054 2445 Romulus
3076 2389 3297 2446 honore
3327 2389 3600 2462 praelatus
3632 2400 3740 2459 est,
3766 2396 3826 2446 ut

2182 2497 2285 2552 pro
2319 2497 2529 2552 magno
2553 2479 2965 2543 sacerdotium,
2988 2479 3143 2549 quod
3169 2481 3288 2534 ,Ιονὶ
3327 2481 3687 2546 tribuerunt,
3719 2481 3826 2536 hoc

2181 2570 2357 2626 etiam
2393 2570 2531 2625 huic
2564 2569 2976 2634 tribuerent,et
3007 2568 3171 2625 Marti
3205 2581 3484 2640 tanquam
3519 2570 3669 2643 patri
3702 2586 3827 2642 ejus

2183 2657 2424 2712 fortisan
2459 2662 2692 2727 propter
2721 2656 2934 2728 ipsum.

2181 2799 2413 2858 CAPUT
2443 2799 2586 2856 XVI.
2617 2831 2686 2842 ——
2717 2799 2870 2869 Quod
2895 2802 2951 2855 si
2979 2800 3085 2856 dii:
3117 2801 3236 2855 ulla
3257 2809 3392 2856 esset
3408 2817 3543 2857 cura
3551 2801 3827 2871 justitiae,

2255 2893 2320 2946 ab
2349 2894 2428 2947 eis
2465 2893 2693 2946 Romani
2732 2890 2978 2960 accipere
3007 2890 3294 2945 debuerint
3322 2896 3588 2961 precepts
3609 2891 3830 2948 vivendi

2253 2983 2451 3052 potius,
2484 2997 2648 3051 quam
2679 2979 2818 3051 leges
2849 2979 2915 3034 ab
2945 2977 3079 3034 aliis
3108 2978 3421 3035 hominibus
3451 2982 3722 3036 mutuari.

2254 3107 2311 3164 Si
2335 3111 2525 3162 autem
2549 3125 2581 3162 a
2602 3106 2716 3162 diis
2738 3105 2862 3162 suis
2880 3105 3122 3161 Romani
3148 3105 3374 3161 vivendi
3400 3105 3556 3179 leges
3575 3105 3833 3177 accipere

2185 3193 3442 3266 potuissent,nonaliquotannospostRomam
3460 3194 3831 3264 conditam(e)

2183 3285 2255 3340 ab
2271 3285 2725 3340 Atheniensibus
2760 3290 3170 3340 mutuarentur
3200 3285 3354 3356 leges
3385 3283 3647 3340 Solonis:
3682 3298 3828 3354 quas

2183 3379 2378 3430 tamen
2395 3391 2508 3429 non
2524 3380 2586 3428 ut
2603 3381 2950 3445 acceperunt
2978 3373 3344 3436 tenuerunt’.
3366 3375 3464 3430 sed
3487 3373 3756 3429 meliores
3774 3376 3835 3428 et

2184 3465 2605 3521 emendatiores
2630 3465 2816 3519 facere
2836 3465 3024 3520 conati
3048 3474 3206 3519 sunt.
3233 3463 3512 3528 Quamvis
3533 3463 3830 3531 Lycurgus

2187 3553 2643 3610 Lacedaemoniis
2664 3555 2820 3625 leges
2835 3569 2904 3608 ex
2918 3553 3201 3624 Apollinis
3220 3554 3561 3607 auctoritate
3583 3567 3646 3606 se
3665 3550 3834 3606 insti-

2183 3643 2368 3699 tuisse
2416 3642 2796 3698 conlinxerit:
2845 3641 3000 3712 quod
3053 3641 3370 3713 prudenter
3417 3640 3660 3696 Romani
3712 3656 3834 3696 cre-

2185 3733 2318 3788 dere
2347 3733 2674 3802 noluerunt,
2700 3739 3002 3804 propterea
3024 3749 3136 3786 non
3163 3731 3296 3786 inde
3317 3741 3685 3802 acceperunt.
3711 3729 3832 3785 Nu-

2188 3838 2282 3876 ma
2328 3821 2667 3892 Pompilius,
2721 3822 2820 3891 qui
2871 3819 3120 3876 Romulo
3159 3819 3440 3875 successit
3471 3818 3531 3873 in
3566 3835 3830 3890 regnum,

2187 3910 2468 3982 quasdam
2491 3908 2670 3981 leges,
2688 3924 2810 3980 quae
2829 3910 3066 3980 quidem
3095 3908 3354 3978 regendae
3372 3906 3588 3964 civitati
3616 3922 3832 3978 nequa-

2186 4015 2363 4072 quam
2398 3999 2754 4065 sui‘ficerent,
2791 3997 3123 4054 condidisse
3151 3998 3365 4064 fertur;
3397 3997 3497 4068 qui
3528 3996 3611 4052 eis
3643 3996 3832 4052 multa

2183 4091 2356 4145 etiam
2373 4105 2539 4145 sacra
2551 4089 2852 4144 constituit
2873 4105 2886 4143 :
2910 4105 3022 4143 non
3043 4093 3234 4144 tamen
3255 4086 3829 4159 perhibetureasdem

2186 4178 2384 4250 legesa
2405 4179 2748 4234 numinibus
2761 4177 3071 4250 accepisse.
3096 4176 3248 4232 Mala
3265 4177 3442 4248 igitur
3467 4175 3833 4244 animi,mala

2185 4267 2337 4336 vita,
2355 4269 2507 4323 mala
2523 4284 2772 4332 morum,
2788 4284 2915 4338 quas
2934 4271 3015 4322 ita
3034 4282 3242 4338 magna
3259 4271 3420 4330 sunt,
3437 4271 3498 4319 ut
3513 4264 3604 4320 his
3621 4265 3833 4320 dontis-

2186 4359 2321 4416 simi
2341 4376 2543 4415 eorum
2569 4359 2675 4413 viri
2698 4361 2874 4414 etiam
2895 4358 3192 4413 stantibus
3207 4355 3452 4411 urbibus
3474 4355 3836 4425 respublicas

2247 4512 2283 4616 ᾗ
2297 4505 2566 4616 κὶξιιᾶῆιιζιι.
2597 4509 2650 4556 et
2678 4505 2827 4562 Lov.,
2859 4503 2996 4554 illis.
3027 4503 3096 4551 At
3140 4502 3256 4550 Am.
3304 4502 3359 4549 et
3386 4499 3626 4563 plerique
3652 4512 3838 4549 manu.

2291 4585 2320 4616 ῐ)
2349 4584 2383 4616 1.
2419 4585 2439 4616 ι
2494 4583 2560 4616 ιο.

2183 4571 2383 4624 scripti.
2419 4569 2560 4618 illia.

2245 4636 2267 4669 2
2292 4625 2542 4689 Verbum.
2575 4629 3054 4691 tenuerunt,abest
3079 4641 3112 4676 a
3139 4626 3498 4691 Mssa-Abest
3507 4625 3673 4691 etiam
3700 4637 3841 4691 ano-

2183 4699 2308 4748 stris
2331 4708 2343 4743 :
2362 4697 2418 4744 in
2429 4697 2658 4746 codicem
2673 4699 2711 4744 Α
2728 4689 2892 4744 manu
2902 4692 3098 4742 saeculi
3118 4690 3304 4739 decimi
3315 4689 3491 4750 quinti
3504 4689 3717 4737 illatum
3737 4690 3835 4738 est.

2239 4766 2318 4821 (α)
2351 4759 2558 4807 Similia
2587 4759 2834 4820 leguntur
2862 4757 2918 4821 in
2947 4755 3230 4821 Tusculau.
3253 4752 3300 4800 3.

2243 4813 2314 4880 ibi
2345 4823 2416 4871 De
2444 4823 2543 4872 hac
2571 4813 2849 4871 secretiore
2877 4819 3135 4869 doctrina.
3166 4829 3277 4880 qua
3315 4813 3463 4863 Genii
3484 4813 3755 4880 ‘tutelaris
3785 4814 3841 4861 et

2180 4876 2350 4949 ipsius
2378 4885 2533 4949 Urbis
2568 4898 2757 4949 nomen
2807 4895 3016 4949 sacrum
3049 4876 3339 4949 celabatur,
3374 4877 3555 4949 confer
3585 4876 3836 4949 Plinium,

2182 4941 2313 4998 Hist.
2332 4949 2445 4997 Nat.
2465 4948 2556 4996 lib.
2579 4947 2657 5001 2%,
2675 4961 2787 5008 cap.
2804 4944 3216 5008 t;Plutarcht_im,
3237 4941 3448 5008 Quaest.
3472 4941 3616 5008 Rom.
3631 4941 3836 5008 quaest.

2180 5011 2504 5064 eezt-iacrob
2531 5049 2542 5070 ,
2565 5001 2938 5076 Saturn._lib.__3
2973 5019 3073 5076 cap
3104 5004 3136 5052 9
3157 5019 3170 5060 ;
3195 5003 3502 5076 praesertim
3526 5001 3841 5076 Dignygiqm

2182 5063 2541 5124 Halicarnass'
2578 5069 3001 5133 Antiquitatibus
3041 5063 3309 5133 iterm—lib.
3341 5067 3386 5113 4.
3421 5079 3534 5128 cap.
3563 5063 3842 5123 62;‘Vale-

2181 5139 2319 5188 rium
2351 5138 2489 5185 Max.
2520 5137 2611 5200 lib.
2648 5141 2691 5188 1,
2720 5130 2981 5200 caput}
3035 5130 3109 5200 13.
3143 5130 3400 5200 Caunians.
3451 5191 3460 5200 _
3555 5188 3567 5200 .

2245 5206 2314 5255 (σι
2337 5200 2404 5248 De
2420 5199 2702 5248 sanctitate
2719 5191 2883 5258 apicis
2901 5194 2970 5258 (id
3001 5197 3099 5258 est,
3119 5193 3303 5258 virgae
3311 5191 3532 5258 lanatae
3552 5191 3840 5258 it_i_sum_mo

2220 5251 2321 5313 ileo
2353 5263 2614 5319 flaminis)
2631 5251 2856 5308 testatur
2873 5257 3098 5306 historia
3117 5251 3255 5318 apud
3283 5252 3551 5319 Valerium
3583 5252 3719 5299 Max.
3744 5251 3838 5300 lib.

2218 5363 2230 5379 .
2261 5339 2373 5388 cap.
2409 5325 2454 5375 1.
2483 5325 2510 5388 §
2542 5327 2570 5373 4
2597 5315 2616 5371 ἐ
2651 5341 2673 5364 αι
2705 5321 2938 5388 Sulpicio
2987 5323 3128 5388 inter
3152 5315 3583 5388 sacrificandum
3630 5327 3768 5377 apex
3812 5326 3843 5363 e

2186 5377 2413 5451 (capite
2443 5377 2719 5450 prolapsus
2746 5377 2916 5451 eidem
2950 5383 3303 5451 sacerdotium
3333 5377 3582 5451 abstulit:
3611 5393 3632 5451 η

2243 5439 2324 5509 (di
2353 5439 2624 5503 Quirina}
2653 5462 2721 5497 ex
2766 5445 3082 5495 Sabinorum
3127 5445 3380 5494 idiomate
3409 5439 3842 5509 appellatuspet.

2184 5500 2386 5576 ex‘q'uo'
2407 5515 2567 5562 etiam
2598 5511 2821 5560 Romani
2850 5511 2977 5560 dicti
3011 5512 3138 5560 sunt
3169 5500 3579 5560 oue-nesjvm.
3611 5500 3760 5550 Ovid.
3793 5502 3844 5559 2,

2185 5577 2324 5624 Fast.
2358 5592 2370 5624 :
2403 5577 2536 5624 Liv..
2568 5575 2659 5624 lib.
2693 5581 2738 5622 2.

2225 5585 2324 5624 ast.
2358 5592 2370 5632 ζ
2406 5585 2536 5631 ΙιΝ..
2568 5585 2659 5624 ιη).
2693 5585 2738 5622 κ.
2883 5638 2887 5639 ν
3019 5636 3032 5639 _
3081 5634 3122 5639 __
3154 5633 3166 5639 Α
3360 5629 3416 5639 υ,
3512 5629 3522 5639 ,
3593 5628 3604 5639 ,
3674 5628 3726 5639 ,,

2245 5641 2314 5701 (e)
2345 5627 2534 5688 Annos
2555 5639 2662 5701 iere
2683 5638 2957 5701 trecentos
2985 5636 3052 5684 ab
3081 5633 3216 5682 Urbe
3246 5629 3475 5680 condita,
3510 5628 3643 5676 teste
3673 5627 3840 5679 Livio.

2183 5701 2274 5750 lib.
2299 5699 2355 5760 '3,
2387 5715 2534 5765 capp.
2564 5699 2646 5764 33,
2675 5699 2754 5748 34.
