4128 6190
431 316 508 376 63
1489 319 1588 378 DE
1632 316 1993 380 CIVITATE
2037 313 2197 390 DEI,
2241 316 2308 378 S.
2355 317 2778 380 AUGUSTINI
3760 307 3843 368 64

421 446 654 514 dixerit,
678 469 706 497 «
734 450 880 504 Nam
912 445 1160 518 injuriae,
1183 468 1213 498 »
1236 446 1442 518 inquit,
1467 471 1495 498 ‹‹
1529 449 1972 520 validiorum,et
1991 451 2064 506 ob

427 551 527 592 eas
557 536 829 592 discessio
857 536 1041 607 plebis
1061 536 1648 609 apatribus,alia:que
1671 539 2069 595 dissensiones

424 627 580 682 domi
599 629 756 682 fuere
770 627 890 696 jam
907 627 1042 681 inde
1064 643 1096 680 a
1112 625 1611 698 principio,neque
1624 630 1882 701 amplius
1896 646 2069 701 quam

426 717 661 787 regibus
687 717 927 782 exactis,
960 718 1095 769 dum
1141 719 1329 769 metus
1358 733 1390 770 a
1420 717 1738 786 Tarquinio
1768 724 1824 774 et
1858 719 2068 774 bellum

425 821 594 875 grave
617 821 747 862 cum
775 805 1090 872 Etruria(u)
1115 804 1364 871 positum
1393 811 1502 871 est,
1527 822 1610 878 aeq
1624 824 1695 862 uo
1721 813 1777 862 et
1809 808 2072 863 modesto

414 893 1083 965 jureagitatum.»Vides
1100 894 1594 962 quemadmodum
1612 896 1709 952 illo
1724 896 1897 952 etiam
1915 895 2071 951 brevi

426 989 704 1051 tempore,
731 986 794 1034 ut
816 980 1052 1051 regibus
1073 982 1316 1047 exactis,
1342 982 1396 1036 id
1423 989 1512 1039 est
1543 986 1766 1055 ejectis,
1799 985 2034 1056 aliquae
2053 1016 2074 1024 -

427 1077 551 1125 tum
594 1087 758 1140 aequo
798 1074 853 1125 et
887 1072 1147 1126 modesto
1181 1073 1316 1142 jure
1365 1080 1655 1145 ageretur,
1681 1089 1898 1130 metum
1931 1075 2076 1130 dixit

422 1159 597 1215 fuisse
625 1176 894 1226 causam;
927 1162 1203 1231 quoniam
1246 1165 1613 1218 metuebatur
1645 1163 1885 1230 bellum,
1918 1165 2072 1235 quod

424 1265 524 1303 rex
545 1248 902 1319 Tarquinius
923 1267 1094 1320 regno
1119 1261 1289 1321 atque
1305 1250 1455 1306 Urbe
1472 1252 1970 1321 pulsus,Etruscis
1989 1270 2075 1308 so-

425 1338 841 1404 ciatus,contra
857 1339 1148 1394 Romanos
1167 1341 1423 1410 gerebat.
1440 1343 1690 1397 Attende
1713 1342 1910 1414 itaque
1933 1342 2074 1414 quid

429 1428 638 1483 deinde
668 1433 937 1484 contexet
962 1445 975 1482 ε
1000 1450 1027 1477 ‹‹
1064 1429 1226 1495 Dein,
1255 1451 1282 1478 »
1308 1430 1522 1503 inquit,
1546 1453 1574 1481 ‹‹
1609 1432 1799 1486 servili
1834 1433 2077 1502 imperio

428 1525 618 1589 patres
650 1516 874 1588 plebem
906 1533 1189 1587 exercere,
1222 1519 1293 1573 de
1323 1521 1436 1574 vita
1467 1527 1645 1591 atque
1679 1529 1835 1593 tergo
1867 1524 1884 1556 ί
1920 1522 2077 1592 regio

431 1623 590 1662 more
620 1607 942 1671 consulere,
968 1624 1102 1677 agro
1137 1607 1367 1679 pellere,
1401 1615 1459 1665 et
1489 1612 1713 1666 caeteris
1743 1611 2078 1682 expertibus

425 1695 532 1750 soli
566 1698 620 1750 in
676 1695 920 1766 imperio
969 1711 1157 1768 agere.
1190 1697 1414 1762 Quibus
1445 1699 1683 1754 saevitiis
1725 1709 1778 1755 et
1829 1699 2080 1754 maxime

426 1784 656 1840 fenore’
675 1801 952 1855 oppressa
975 1786 1132 1854 plebs
1155 1801 1288 1841 cum
1313 1787 1570 1843 assiduis
1594 1787 1761 1844 bellis
1790 1788 2078 1842 tributum

426 1879 483 1929 et
513 1871 687 1928 simul
721 1871 991 1927 militiam
1012 1873 1303 1942 toleraret,
1319 1882 1542 1930 armata
1565 1887 1816 1932 montem
1839 1876 2078 1932 Sacrum

433 1967 604 2032 atque
622 1963 971 2017 Aventinum
990 1963 1199 2017 insedit
1217 1963 1323 2035 (b):
1347 1969 1594 2035 tumque
1613 1965 1880 2022 tribunos
1894 1964 2080 2034 plebis

432 2055 489 2105 et
519 2049 632 2104 alia
659 2050 767 2104 sibi
796 2053 929 2119 jura
953 2052 1194 2122 paravit.
1221 2053 1648 2108 Discordiarum
1676 2060 1730 2108 et
1747 2053 2080 2109 certaminis

434 2139 725 2211 utrimque
757 2139 888 2194 finis
939 2141 1048 2195 t’uit
1082 2141 1406 2197 secundum
1454 2143 1668 2198 bellum
1718 2143 2027 2198 Punicum.
2053 2165 2080 2192 »

438 2227 641 2284 Cernis
671 2245 739 2284 ex
771 2245 882 2298 quo
901 2234 1181 2298 tempore,
1216 2230 1270 2284 id
1305 2241 1385 2286 est
1420 2249 1591 2304 parvo
1623 2233 1922 2288 intervallo
1955 2239 2083 2303 post

438 2334 600 2388 reges
659 2322 911 2386 exactos,
947 2317 1150 2392 quales
1203 2319 1450 2376 Romani
1501 2322 1737 2390 fuerint,
1770 2323 1840 2378 de
1871 2323 2082 2391 quibus

439 2407 542 2475 ait,
577 2429 604 2458 «
643 2407 753 2464 Jus
784 2408 1122 2480 bonumque
1149 2411 1302 2481 apud
1343 2427 1440 2467 eos
1485 2428 1599 2467 non
1639 2411 1867 2484 legibus
1896 2414 2083 2484 magis

439 2513 613 2568 quam
643 2510 847 2554 natura
875 2498 1125 2555 valebat.
1161 2521 1190 2551 ››

502 2589 553 2641 2.
594 2585 764 2642 Porro
795 2590 842 2641 si
877 2585 977 2641 illa
1011 2595 1263 2658 tempora
1287 2589 1428 2645 talia
1451 2590 1840 2660 reperiuntur,
1866 2589 2082 2660 quibus

436 2674 830 2747 pulcherrima
843 2681 1018 2746 atque
1031 2677 1250 2748 optima
1271 2678 1445 2732 fuisse
1462 2679 1804 2748 prmdicatur
1821 2677 2083 2734 Romana

437 2764 1070 2835 respublica,quidjam
1091 2765 1161 2819 de
1177 2768 1557 2837 consequenti
1574 2773 1740 2821 aetate
1767 2768 2081 2823 dicendum

439 2853 818 2923 autcogitand
831 2869 928 2906 um
943 2855 1222 2909 arbitram
1235 2872 1322 2920 ur,
1335 2879 1354 2902 α
1373 2872 1506 2910 cum
1523 2855 1800 2926 paulatim
1819 2861 2041 2912 mutata
2054 2879 2081 2905 »

443 2944 504 2995 ut
533 2941 787 3008 ejusdem
829 2940 1093 2998 historici
1134 2944 1323 2999 verbis
1356 2950 1506 3011 utar,
1532 2966 1562 2996 ‹‹
1593 2961 1663 3001 ex
1693 2944 2086 3016 pulcherrima

437 3035 614 3100 atque
644 3030 884 3100 optima,
915 3032 1166 3102 pessima
1189 3049 1254 3088 ac
1285 3033 1737 3105 ﬂagitiosissima
1773 3035 1922 3089 facta
1952 3039 2083 3090 est»

438 3117 697 3189 (Sallust.
729 3118 795 3175 de
849 3121 1252 3188 Coniuratinne
1309 3123 1589 3190 Catilinas,
1620 3141 1741 3196 cap.
1795 3124 1894 3193 5);
1954 3126 2088 3194 post

437 3208 800 3280 Carthaginis
821 3210 1110 3280 videlicet,
1143 3219 1206 3267 ut
1232 3214 1725 3282 commemoravit,
1757 3215 2088 3270 excidium?

441 3298 576 3362 Qum
651 3302 918 3371 tempora
1003 3301 1125 3372 ipse
1205 3302 1520 3358 Sallustius
1589 3305 2085 3374 quemadmodum

445 3386 694 3442 breviter
723 3388 936 3445 recolat
978 3395 1035 3446 et
1082 3392 1391 3458 describat,
1424 3394 1483 3448 in
1515 3394 1644 3463 ejus
1693 3393 1946 3449 Historia
1978 3393 2087 3466 legi

449 3482 660 3548 potest,
692 3479 928 3549 quantis
961 3479 1133 3536 malis
1166 3497 1421 3551 morum,
1453 3500 1576 3553 qua
1610 3484 1883 3538 secundis
1915 3484 2088 3540 rebus

443 3576 639 3621 exorta
688 3573 848 3633 sunt,
883 3585 1066 3641 usque
1095 3570 1167 3624 ad
1218 3570 1365 3626 bella
1402 3572 1593 3627 civilia
1623 3572 1692 3643 (ο)
1728 3571 2091 3629 demonstret

443 3671 569 3712 esse
628 3664 964 3729 perventum
1023 3659 1064 3713 ³.
1103 3682 1131 3710 ‹‹
1192 3661 1266 3716 Ex
1326 3678 1442 3732 quo
1486 3667 1817 3734 tempore,»
1873 3668 1932 3718 ut
1985 3664 2088 3731 ait,

444 3766 474 3797 α
506 3747 796 3818 majorum
829 3763 1021 3804 mores
1054 3767 1167 3806 non
1201 3750 1503 3822 paulatim,
1538 3757 1599 3807 ut
1629 3758 1818 3821 antea,
1851 3753 1952 3808 sed
1977 3759 2090 3808 tor-

442 3837 623 3892 rentis
650 3837 821 3893 modo
853 3839 1232 3910 praecipitati;
1268 3841 1411 3896 adeo
1437 3843 1716 3910 juventus
1748 3841 1886 3897 luxu
1919 3846 2090 3913 atque

442 3926 685 3982 avaritia
731 3934 1019 4000 corrupta,
1066 3937 1124 3984 ut
1175 3932 1380 3986 merito
1420 3930 1649 3986 dicatur
1689 3932 1914 4004 genitos
1963 3946 2092 3988 esse

447 4015 548 4087 qui
603 4031 786 4085 neque
842 4016 955 4088 ipsi
1026 4017 1239 4073 habere
1297 4024 1533 4089 possent
1590 4037 1679 4076 res
1753 4021 2088 4090 familiares,

447 4119 636 4174 neque
666 4105 812 4160 alios
845 4105 958 4173 pati
989 4126 1018 4156 »
1051 4107 1147 4176 (ἀ).
1172 4107 1319 4162 Dicit
1350 4107 1560 4163 deinde
1580 4107 1750 4179 plura
1779 4109 2092 4166 Sallustius

446 4191 516 4246 de
545 4192 714 4263 Syllae
762 4191 918 4248 vitiis
959 4201 1274 4265 ceteraque
1322 4195 1579 4253 fmditate
1629 4197 1960 4268 reipublicw
1989 4215 2002 4255 :
2035 4203 2093 4255 et

444 4279 542 4335 alii
565 4281 877 4352 scriptores
909 4285 969 4337 in
1002 4281 1122 4339 haec
1150 4285 1553 4355 consentiunt,
1572 4286 1836 4358 quamvis
1859 4286 2091 4360 eloquio

450 4369 698 4426 multum
736 4371 966 4443 impari.

509 4525 526 4559 ί
557 4523 732 4577 Vind...
763 4539 826 4573 ac
854 4525 1035 4586 quiete
1063 4539 1197 4585 erga
1221 4543 1294 4575 se.
1321 4525 1505 4576 Verius
1534 4529 1726 4578 caeteri
1754 4529 1898 4583 libri,
1928 4538 2092 4586 atque

445 4594 596 4664 tergo
617 4587 826 4664 ,fidiest,
849 4589 1160 4664 verberibus
1188 4591 1550 4664 supplicioque
1576 4593 1868 4664 virgarum,
1897 4587 2092 4655 quibus

443 4649 673 4712 liberum
702 4663 891 4712 corpus
920 4652 1142 4700 Romani
1175 4649 1308 4703 civis
1336 4649 1485 4704 caedi
1513 4655 1617 4703 fuit
1645 4649 1888 4705 v'etitum.

510 4710 531 4779 ξ
561 4710 872 4779 _S_ola~e‘ditio
909 4715 1054 4770 Lov.,
1087 4725 1136 4763 et
1165 4723 1416 4766 maxime
1442 4720 1658 4779 fenoris
1685 4734 1864 4767 onere.

509 4775 531 4840 ἓ
561 4775 654 4840 Ms.
689 4775 794 4828 766.
828 4788 1177 4840 proventum.
1213 4781 1279 4828 M.

504 4838 588 4912 (ρ).
609 4839 738 4887 Cum
770 4838 1035 4912 Porsenna
1062 4842 1277 4900 scilicet,
1307 4843 1646 4912 Etruscorum
1674 4857 1813 4912 rege,
1841 4843 1934 4912 qui
1951 4844 2092 4912 Iar-

441 4905 687 4967 quinium
715 4905 924 4954 restitui
953 4906 1009 4953 in
1042 4920 1262 4967 regnum
1297 4907 1527 4963 volebat,
1558 4909 1611 4955 et
1639 4907 1790 4966 gravi
1819 4905 2092 4955 obsidione

441 4962 726 5030 Romanos,
756 4967 1042 5029 premebat.
1080 4962 1150 5018 De
1180 4970 1277 5018 hoc
1306 4962 1705 5020 Livius.lib.'2.
1741 4983 1852 5030 cap.
1886 4970 1917 5016 9
1945 4981 2090 5030 seqq.

502 5027 578 5104 (ὁ)
609 5027 982 5104 Anno—decimo
1012 5035 1164 5104 sexto
1183 5034 1476 5104 postnreges
1505 5027 1888 5104 arrectos‘facta
1915 5033 1995 5079 est
2015 5027 2089 5078 ss.

443 5092 610 5138 cessio
638 5092 734 5140 illa
754 5093 920 5154 plebis
947 5095 1002 5142 in
1025 5092 1257 5143 montem
1288 5093 1506 5143 Sacrum
1535 5097 1684 5143 trans
1710 5095 1962 5144 Anienem
1984 5107 2093 5143 am-

443 5165 610 5228 nem}
641 5154 820 5228 ibique
842 5157 1069 5228 primum
1093 5158 1294 5228 tribuni
1322 5158 1485 5228 creati
1511 5158 1605 5219 qui
1642 5158 1778 5228 plebi
1809 5160 1986 5228 essent
2007 5170 2095 5205 ve-

443 5215 545 5280 luti
575 5215 795 5267 tutores.
832 5215 1011 5267 Altera
1028 5221 1256 5280 quadam
1279 5215 1570 5269 secessione
1598 5215 1824 5280 primum
1854 5220 1909 5266 in
1939 5232 2095 5266 mon-

446 5279 552 5326 tem
581 5281 923 5330 Aventinum.
955 5279 1059 5342 qui
1089 5285 1170 5330 est
1211 5296 1335 5341 pars
1384 5282 1548 5331 urbis.
1583 5282 1776 5330 Deinde
1813 5295 1957 5337 vero.
1987 5295 2095 5342 quo

445 5343 615 5402 major
642 5345 873 5393 solitudo
907 5346 959 5392 et
983 5345 1173 5393 exinde
1209 5347 1377 5393 terror
1413 5348 1552 5394 esset
1595 5345 1737 5398 urbi,
1785 5344 1840 5392 in
1877 5343 2092 5393 Sacrum

446 5408 684 5476 montem
706 5408 988 5476 itumesse
1015 5407 1207 5476 ferunt.
1232 5407 1359 5456 Vide
1375 5407 1476 5457 Cic.
1509 5407 1650 5457 Orat.
1683 5407 1840 5470 prior.
1865 5421 1958 5470 pro
1975 5406 2096 5456 Cor-

445 5465 588 5514 nelio
619 5483 632 5524 ;
664 5469 774 5517 Liv.
812 5469 905 5518 lil).
940 5469 984 5523 i,
1017 5473 1114 5518 etc.

509 5532 573 5575 to.
609 5531 751 5580 Bella
778 5533 916 5581 inter
951 5533 1130 5581 Patres
1176 5535 1229 5582 et
1274 5533 1553 5587 Gracchos.
1602 5535 1744 5584 inter
1789 5534 2015 5583 Marium
2044 5535 2098 5582 et

449 5585 674 5668 Syllum;
705 5595 846 5668 inter
872 5595 1148 5668 Caesarem
1175 5599 1229 5646 et
1256 5585 1578 5668 ifompeium.

514 5652 586 5730 (ἐ)
616 5654 734 5730 Qui
763 5658 1017 5730 nimirum
1061 5659 1196 5710 luxu
1236 5652 1572 5710 effunderent
1615 5672 1978 5722 quaecumque
2019 5671 2098 5706 ra-

452 5727 577 5776 pere
603 5717 725 5769 aliis
754 5724 986 5782 possent.

2247 449 2517 506 3.Cernis
2538 453 2756 514 tamen,
2780 451 2847 502 ut
2875 444 3101 517 opinor,
3123 445 3181 498 et
3221 439 3490 512 quisquis
3518 440 3840 496 adverterit

2189 539 2458 595 facillime
2474 537 2748 610 perspicit
2769 535 3036 592 colluvie‘
3066 547 3290 587 morum
3313 529 3697 600 pessimorum
3715 547 3839 602 quo

2188 627 2280 682 illa
2315 630 2518 684 civitas
2542 626 2814 698 prolapsa
2835 624 3167 691 fuerit,ante
3189 621 3371 675 nostri
3396 620 3633 691 superni
3662 619 3842 691 Regis

2188 716 2656 772 adventum.Haac
2679 714 2830 770 enim
2847 719 3010 783 gesta
3031 717 3170 766 sunt
3185 726 3294 764 non
3313 708 3502 764 solum
3521 715 3837 779 antequam

2189 806 2451 863 Christus
2480 807 2539 861 in
2573 822 2744 862 carne
2787 820 3036 876 prmsens
3064 804 3267 858 docere
3307 799 3599 872 caspisset,
3635 817 3838 856 verum

2190 901 2362 952 etiam
2396 900 2708 967 antequam
2740 895 2811 950 de
2832 892 3072 964 Virgine
3097 895 3265 947 natus
3285 898 3458 944 esset.
3485 893 3625 944 Cum
3649 889 3832 961 igitur

2189 990 2264 1041 tot
2294 991 2349 1041 et
2380 991 2540 1041 tanta
2557 985 3054 1055 malatemporum
3071 980 3302 1035 illorum
3325 978 3413 1034 vel
3438 978 3835 1034 tolerabiliora

2191 1073 2583 1146 superius,vel
2609 1083 2735 1146 post
2757 1087 3014 1129 eversam
3038 1069 3444 1139 Carthaginem
3469 1067 3836 1123 intoleranda

2191 1171 2244 1219 et
2273 1163 2562 1219 horrenda
2583 1165 2694 1219 diis
2717 1161 2842 1218 suis
2859 1162 3153 1231 imputare
3175 1175 3288 1213 non
3311 1161 3580 1228 audeant,
3605 1157 3836 1228 opinio-

2192 1270 2296 1309 nes
2329 1253 2602 1308 humanis
2621 1251 3095 1318 mentibus,unde
3123 1248 3260 1304 talia
3281 1248 3420 1302 vitia
3441 1247 3837 1316 silvescerent,

2195 1341 2448 1409 maligna
2479 1342 2694 1397 astutia
2727 1340 3154 1406 inserentibus;
3205 1354 3309 1392 cur
3342 1336 3498 1391 mala
3529 1336 3842 1407 presentia

2191 1431 2411 1486 Christo
2439 1430 2860 1503 imputant,qui
2891 1429 3154 1484 doctrina
3174 1426 3563 1482 saluberrima
3582 1431 3638 1482 et
3666 1425 3842 1481 falsos

2191 1538 2256 1576 ac
2287 1520 2522 1577 fallaces
2553 1521 2691 1576 deos
2721 1519 2829 1575 coli
2860 1524 3037 1585 vetat,
3059 1525 3114 1573 et
3161 1517 3274 1571 ista
3303 1515 3606 1570 hominum
3638 1513 3842 1570 noxias

2193 1609 2623 1682 ﬂagitiosasque
2661 1608 3017 1680 cupiditates
3057 1606 3254 1661 divina
3284 1603 3626 1660 auctoritate
3652 1604 3841 1660 detes-

2196 1708 2322 1755 tans
2350 1705 2522 1771 atque
2551 1700 2972 1766 condemnans,
2996 1696 3087 1751 bis
3121 1693 3284 1750 malis
3313 1693 3634 1749 tabescenti
3668 1709 3734 1748 ac
3762 1691 3844 1748 la-

2193 1789 2354 1844 benti
2387 1791 2603 1844 mundo
2638 1788 2854 1859 ubique
2894 1784 3178 1842 familiam
3228 1799 3397 1840 suam
3453 1782 3672 1838 sensim
3700 1783 3842 1837 sub-

2194 1878 2393 1944 trahit,
2427 1895 2545 1949 qua
2587 1881 2800 1933 condat
2828 1881 3125 1942 sternam,
3157 1879 3214 1929 et
3267 1889 3381 1928 non
3433 1871 3640 1943 plausu
3672 1869 3840 1925 vani-

2195 1968 2352 2032 tatis,
2367 1969 2463 2022 sed
2479 1967 2702 2037 judicio
2726 1965 2986 2021 veritatis
3007 1962 3490 2036 gloriosissimam
3505 1961 3792 2017 civitatem
3811 1958 3842 2014 Ἰ

2196 2101 2428 2158 CAPUT
2454 2102 2601 2158 XIX.
2637 2132 2705 2142 —-
2737 2102 2805 2156 De
2833 2101 3183 2171 corruptione
3213 2100 3462 2154 Romanae
3492 2095 3842 2165 reipublicae,

2311 2194 2642 2264 priusquam
2671 2191 2883 2247 cultum
2910 2192 3139 2245 deorum
3175 2189 3423 2244 Christus
3453 2190 3716 2258 auferret.

2267 2325 2411 2382 Ecce
2449 2325 2707 2381 Romana
2747 2323 3076 2394 respublica
3108 2323 3290 2395 (quod
3333 2337 3445 2377 non
3481 2335 3586 2393 ego
3611 2319 3843 2391 primus

2196 2413 2450 2481 dico,srd
2476 2419 2980 2479 auctoreseorum,
2999 2411 3152 2467 unde
3183 2412 3300 2466 haec
3333 2410 3596 2466 mercede
3625 2407 3843 2464 didici-

2199 2519 2352 2568 mus,
2396 2509 2554 2558 tanto
2594 2509 2728 2558 ante
2767 2503 3038 2557 dixerunt
3071 2505 3205 2556 ante
3241 2500 3452 2555 Christi
3504 2494 3843 2566 adventum)

2197 2615 2224 2643 α
2257 2592 2535 2664 paulatim
2553 2595 2867 2655 mutata,ex
2883 2590 3272 2663 pulcherrima
3286 2594 3456 2658 atque
3468 2588 3840 2660 Optima,pes-

2198 2684 2346 2738 sima
2377 2698 2442 2737 ac
2474 2681 2934 2747 flagitiosissima
2964 2682 3108 2736 facta
3130 2685 3269 2734 est.»
3289 2679 3432 2733 Ecce
3461 2684 3596 2732 ante
3626 2675 3842 2732 Christi

2197 2772 2534 2838 adventum,
2570 2776 2701 2841 post
2738 2771 2988 2825 deletam
3029 2768 3506 2836 Carthaginem,«
3550 2766 3844 2834 majorum

2197 2879 2531 2927 mores,non
2549 2861 2912 2932 paulatim,ut
2924 2859 3213 2924 antea,sed
3228 2857 3500 2913 torrentis
3516 2857 3687 2910 modo
3701 2872 3848 2926 prte-

2201 2974 2226 3004 α
2258 2952 2482 3023 cipitati
2510 2969 2524 3020 ;
2557 2951 2699 3008 adeo
2725 2952 2998 3020 juventus
3027 2948 3158 3004 luxu
3181 2953 3353 3019 atque
3374 2945 3614 3001 avaritia
3644 2960 3848 3000 corru-

2199 3046 2297 3114 pta
2325 3047 2432 3096 est.
2459 3062 2486 3090 »
2540 3045 2755 3112 Legant
2786 3041 2954 3096 nobis
2984 3043 3187 3095 contra
3219 3038 3417 3092 luxum
3451 3040 3507 3090 et
3548 3033 3846 3089 avaritiam

2199 3133 2486 3203 praecepta
2517 3130 2758 3184 deorum
2787 3144 3026 3185 suorum
3061 3127 3276 3200 populo
3300 3125 3561 3181 Romano
3579 3121 3844 3180 data.Cui

2202 3219 2427 3275 utinam
2453 3223 2683 3274 tantum
2715 3222 2876 3274 casta
2904 3221 2964 3274 et
2996 3217 3260 3272 modesta
3283 3214 3611 3277 reticerent,
3633 3228 3698 3267 ac
3730 3227 3843 3268 non

2200 3307 2373 3364 etiam
2405 3307 2476 3362 ab
2507 3307 2606 3364 illo
2639 3307 2916 3377 probrosa
2944 3311 3004 3362 et
3031 3303 3426 3377 ignominiosa
3441 3302 3843 3373 deposcerent,

2201 3398 2414 3468 quibus
2447 3413 2545 3468 per
2575 3396 2780 3452 falsam
2826 3394 3192 3451 divinitatem
3226 3391 3608 3464 perniciosam
3643 3387 3850 3444 conci-

2201 3486 2413 3541 liarent
2463 3486 2891 3541 auctoritatem.
2935 3484 3152 3555 Legant
3198 3489 3420 3546 nostra,
3451 3486 3510 3536 et
3557 3495 3656 3549 per
3702 3483 3850 3534 Pro-

2203 3577 2501 3646 phetas,et
2535 3592 2635 3646 per
2664 3580 2928 3632 sanctum
2966 3572 3365 3644 Evangelium,
3389 3575 3446 3626 et
3486 3583 3586 3641 per
3617 3573 3847 3638 aposto-

2199 3666 2344 3723 licos
2383 3668 2582 3732 Actus,
2633 3670 2690 3721 et
2738 3681 2839 3738 per
2882 3662 3191 3735 Epistolas,
3233 3667 3353 3716 tam
3404 3661 3594 3715 multa
3645 3664 3848 3714 contra

2202 3757 2502 3813 avaritiam
2554 3761 2728 3826 atque
2769 3754 3083 3819 luxuriam,
3117 3752 3335 3822 ubique
3367 3749 3597 3822 papulis
3627 3749 3696 3803 ad
3736 3747 3847 3802 hoc

2201 3846 2586 3917 congregatis,
2618 3860 2790 3912 quam
2841 3842 3207 3908 excellenter,
3241 3857 3418 3913 quam
3467 3839 3680 3902 divine,
3725 3853 3842 3893 non

2200 3940 2476 4006 tanquam
2507 3950 2575 3990 ex
2607 3931 3088 4004 philosophorum
3131 3927 3661 3987 concertationibus
3691 3932 3846 3981 stre-

2203 4041 2357 4096 pere,
2401 4023 2502 4079 sed
2562 4029 2840 4094 tanquam
2892 4037 2962 4076 ex
3009 4019 3262 4076 oraculis
3319 4027 3374 4074 et
3429 4016 3528 4073 Dei
3587 4014 3844 4071 nubibus

2199 4113 2483 4168 intonare.
2521 4111 2588 4168 Et
2619 4116 2809 4167 tamen
2861 4111 3000 4166 luxu
3040 4114 3214 4181 atque
3243 4108 3487 4164 avaritia
3515 4106 3790 4176 atavisque
3819 4104 3844 4138 ²

2199 4218 2263 4258 ac
2295 4201 2562 4273 turpibus
2611 4200 2871 4256 moribus
2919 4205 3052 4255 ante
3091 4199 3401 4254 adventum
3445 4195 3660 4251 Christi
3691 4209 3847 4249 rem-

2202 4291 2490 4363 publicam
2511 4289 2826 4360 pessimam
2847 4305 2912 4343 ac
2934 4285 3451 4360 flagitiosissimam
3478 4285 3710 4349 factam,
3727 4299 3844 4338 non

2200 4381 2498 4452 imputant
2528 4377 2642 4434 diis
2671 4377 2797 4434 suis
2830 4394 2845 4433 :
2878 4375 3252 4432 al‘ﬂictionem
3285 4390 3416 4430 vero
3445 4374 3594 4444 ejus,
3625 4387 3844 4444 quam-

2201 4487 2454 4543 cumque
2485 4470 2594 4526 isto
2643 4477 2901 4541 tempore
2949 4466 3224 4540 superbia
3271 4465 3610 4536 deliciasque
3639 4477 3844 4518 eorum

2202 4577 2487 4632 perpessas
2533 4559 2768 4626 fuerint,
2802 4558 3065 4629 religioni
3098 4555 3452 4626 increpitant
3483 4552 3840 4609 christiana.

2202 4650 2382 4719 Cujus
2443 4654 2730 4722 praecepta
2786 4648 2857 4704 de
2897 4647 3075 4720 justis
3125 4645 3435 4718 probisque
3473 4643 3762 4708 moribus,
3793 4639 3845 4697 si

2202 4739 2379 4797 simul
2408 4741 2864 4808 audirentatque
2886 4745 3337 4802 curarentreges
3357 4740 3522 4790 terra:
3553 4737 3612 4788 et
3641 4747 3847 4787 omnes

2202 4828 2424 4901 populi,
2457 4828 2744 4897 principes
2786 4835 2840 4882 et
2887 4842 3081 4881 omnes
3122 4826 3352 4892 judices
3392 4828 3576 4887 terrae,
3605 4822 3848 4890 juvenes

2202 4923 2258 4972 et
2291 4918 2565 4989 virgines,
2598 4917 2861 4971 seniores
2893 4931 3022 4970 cum
3062 4912 3400 4983 junioribus
3433 4909 3614 4977 (Paul.
3649 4923 3847 4978 CLVIII,

2205 5005 2291 5071 11,
2348 5008 2452 5076 12),
2512 5012 2650 5061 tetas
2709 5007 2900 5059 omnis
2974 5017 3154 5071 capax
3219 5006 3276 5055 et
3347 5004 3584 5068 uterque
3649 5013 3844 5064 sexus,

2203 5099 2259 5149 et
2285 5112 2430 5166 quos
2462 5095 2719 5154 Baptista
2749 5096 3004 5148 Joannes
3037 5089 3370 5160 alloquitur,
3403 5092 3699 5143 exactores
3731 5086 3843 5155 ipsi

2204 5189 2382 5255 atque
2440 5183 2652 5237 milites
2710 5193 2727 5252 t
2783 5183 2909 5238 Luc.
2969 5197 3055 5246 ιιι,
3108 5179 3324 5235 12-14
3370 5180 3386 5249 )
3436 5196 3450 5244 ;
3514 5181 3570 5231 et
3634 5181 3846 5242 terras,

2203 5274 2328 5327 vitae
2381 5274 2678 5342 praesentis
2739 5277 2973 5327 ornaret
3020 5288 3128 5326 sua
3186 5267 3450 5325 felicitate
3501 5263 3847 5331 respublica,

2204 5367 2259 5416 et
2288 5362 2415 5416 vitze
2463 5368 2688 5416 aeterna
2722 5360 2953 5416 culmen
2999 5359 3332 5414 beatissime
3366 5360 3675 5427 regnatura
3706 5369 3850 5408 con-

2205 5452 2526 5507 scenderet.
2583 5449 2689 5505 Sed
2747 5451 2882 5521 quia
2942 5450 3051 5504 iste
3123 5447 3306 5512 audit,
3351 5445 3450 5500 ille
3503 5441 3849 5508 contemnit,

2268 5595 2284 5629 ι
2318 5595 2434 5642 Am.
2452 5592 2595 5643 Er.et
2617 5594 2764 5652 Lov.,
2787 5593 3099 5642 colluviem.
3122 5589 3384 5644 Erratum.
3401 5587 3543 5649 quod
3567 5585 3858 5638 emendant

2204 5656 2358 5706 Vind.
2391 5660 2444 5706 et
2472 5657 2834 5720 manuscripti.

2268 5722 2291 5758 ²
2319 5720 2474 5772 Vind.
2501 5721 2620 5770 Am.
2650 5718 2761 5782 En;
2784 5718 3087 5781 uenisque.
