4128 6190
267 322 337 381 es
1613 321 1845 383 manu
1888 321 2315 388 sacuunus.
3587 345 3666 411 δε

268 452 575 526 pluresque
603 455 760 511 vitiis
793 456 942 512 male
972 455 1402 512 blandientibus
1432 471 1611 527 quam
1633 454 1761 510 utili
1785 455 1902 511 vir-

273 547 462 598 tutum
491 545 791 615 asperilati
810 550 949 600 sunt
976 546 1281 602 amiciores
1305 546 1384 618 (a)
1403 561 1418 612 ;
1439 544 1686 600 tolerare
1705 544 1919 601 Christi

271 632 782 702 famulijubentur,
817 638 936 690 sive
960 636 1079 691 sint
1101 651 1286 707 reges,
1313 635 1433 690 sive
1459 633 1773 706 principes,
1799 634 1919 690 sive

265 721 512 792 judices,
546 723 668 778 sive
699 723 933 789 milites,
966 725 1086 778 sive
1110 723 1514 795 provinciales,
1537 724 1655 778 sive
1685 724 1912 790 divites,

273 809 388 866 sive
436 827 741 882 pauperes,
793 811 915 868 sive
967 812 1156 881 liberi,
1207 813 1325 868 sive
1375 813 1523 867 servi
1581 812 1920 867 utriuslibet

273 915 462 968 sexus,
515 900 832 974 pessimam
868 901 1069 970 etiam,
1114 901 1164 957 si
1207 902 1287 958 ita
1326 917 1565 959 necesse
1606 907 1713 967 est,
1751 901 1912 972 ﬂagi-

267 989 756 1062 tiosissimamque
790 991 1212 1062 rempublicam
1232 1010 1246 1059 ;
1266 997 1323 1047 et
1345 993 1402 1046 in
1428 991 1529 1046 illa
1559 990 1913 1061 Angelorum

270 1079 521 1150 quadam
581 1079 954 1134 sanctissima
1026 1085 1203 1151 atque
1269 1080 1686 1150 augustissima
1753 1080 1917 1135 curia

268 1168 597 1240 caelestique
629 1167 948 1239 republica,
985 1169 1082 1222 ubi
1115 1169 1214 1224 Dei
1249 1169 1514 1224 voluntas
1545 1170 1636 1225 lex
1665 1173 1776 1236 est,
1801 1169 1916 1224 cla-

267 1255 568 1310 rissimum
586 1257 695 1310 sibi
712 1257 904 1311 locum
922 1257 1097 1312 etiam
1115 1257 1541 1313 istatoleranlia
1555 1274 1914 1328 comparare.

260 1344 497 1400 CAPUT
525 1345 645 1400 ΧΧ.
680 1345 849 1414 Quali
869 1347 1039 1401 uelint
1060 1345 1335 1416 felicitate
1361 1347 1624 1418 gaudere,
1646 1354 1699 1403 et
1721 1349 1917 1420 quibus

327 1435 572 1490 moribus
618 1439 820 1504 vivere,
853 1437 948 1506 qui
974 1439 1224 1508 tempora
1263 1436 1592 1493 christiana
1623 1436 1914 1506 religionis

328 1525 608 1579 incusant.

327 1611 546 1668 Verum
563 1613 712 1669 tales
726 1613 978 1670 cultores
992 1613 1371 1670 etdilectores
1386 1615 1625 1670 deorum
1640 1615 1910 1682 istorum,

260 1718 510 1774 quorum
564 1703 742 1758 etiam
791 1702 1117 1759 imitatores
1151 1703 1209 1759 in
1242 1703 1559 1760 sceleribus
1590 1709 1646 1760 et
1683 1704 1916 1773 ﬂagitiis

259 1806 318 1845 se
369 1806 503 1847 esse
554 1791 848 1857 liniantur,
896 1790 1055 1847 nullo
1108 1793 1280 1848 modo
1339 1801 1545 1848 curant
1597 1794 1911 1864 pessimam

259 1895 324 1934 ac
355 1879 882 1952 ﬂagitiosissimam
911 1897 1024 1936 non
1049 1897 1176 1937 esse
1200 1880 1636 1952 rempublicam.
1659 1882 1910 1938 Tantum

254 1972 388 2036 stet,
442 1969 745 2041 inquiunt,
793 1975 1023 2026 tantum
1075 1970 1274 2027 ﬂoreat
1322 1972 1504 2043 copiis
1553 1973 1784 2038 referta,
1824 1972 1906 2026 vi-

254 2057 459 2114 ctoriis
488 2057 782 2130 gloriosa;
809 2059 918 2127 vel,
952 2060 1107 2130 quod
1140 2065 1229 2116 est
1262 2059 1510 2129 felicius,
1540 2077 1678 2131 pace
1708 2078 1910 2117 secura

250 2148 342 2202 sit.
375 2147 451 2203 Et
497 2149 635 2220 quid
687 2149 761 2204 ad
806 2151 958 2205 nos?
995 2149 1110 2206 imo
1161 2151 1217 2205 id
1267 2153 1333 2205 ad
1384 2167 1492 2206 nos
1542 2153 1727 2221 magis
1775 2167 1907 2224 per-

249 2232 419 2298 tinet,
481 2238 532 2290 i
592 2235 824 2290 divitias
883 2236 1134 2307 quisque
1208 2253 1436 2308 semper
1491 2244 1721 2309 augeat,
1781 2255 1908 2308 quas

252 2322 620 2392 quotidianis
652 2323 1035 2379 effusionibus
1086 2329 1422 2396 suppetant,
1459 2343 1560 2395 per
1606 2342 1746 2396 quas
1795 2327 1906 2382 sibi

248 2411 432 2466 etiam
485 2412 842 2467 infirmiores
873 2413 1084 2467 subdat
1115 2415 1362 2484 quisque
1394 2416 1702 2484 potentior.
1729 2415 1908 2471 Obse-

249 2505 526 2570 quantur
555 2501 836 2555 divitibus
862 2517 1144 2571 pauperes
1168 2519 1342 2557 causa
1360 2503 1680 2558 saturitalis
1701 2521 1716 2572 ;
1739 2510 1911 2576 atque

246 2593 313 2642 nt
347 2603 563 2642 eorum
599 2589 936 2659 patrociniis
959 2591 1154 2660 quieta
1178 2591 1381 2646 inertia
1414 2591 1793 2662 perfruantur,
1817 2594 1902 2647 di-

249 2677 402 2732 vites
455 2679 810 2748 pauperibus
856 2679 927 2733 ad
973 2678 1272 2734 clientelas
1302 2690 1352 2734 et
1393 2682 1464 2734 ad
1520 2679 1907 2736 ministerium

250 2765 341 2819 sui
376 2766 570 2820 fastus
602 2765 939 2821 abutantur.
963 2766 1164 2836 Populi
1200 2767 1503 2838 plaudunt,
1528 2786 1642 2825 non
1675 2771 1908 2826 consul-

251 2855 484 2908 toribus
518 2853 836 2909 utilitatum
871 2871 1136 2923 suarum,
1161 2858 1259 2911 sed
1293 2855 1671 2928 largitoribus
1700 2859 1907 2931 volup-

254 2948 462 2998 tatum.
525 2943 651 2998 Non
701 2943 1025 3014 jubeantur
1084 2944 1250 3013 dura,
1310 2963 1425 3002 non
1490 2949 1910 3020 prohibeantur

255 3031 512 3103 impura.
549 3032 734 3104 Reges
784 3050 896 3088 non
929 3039 1140 3089 curent
1170 3051 1341 3106 quam
1378 3038 1563 3102 bonis,
1596 3040 1696 3094 sed
1729 3055 1907 3108 quam

257 3120 512 3176 subditis
559 3127 820 3190 regnent.
856 3123 1166 3178 Provinciae
1218 3125 1453 3197 regibus
1482 3143 1595 3182 non
1628 3133 1905 3198 tanquam

257 3210 589 3265 rectoribus
611 3227 862 3278 morum,
887 3212 990 3267 sed
1014 3220 1286 3284 tanquam
1314 3231 1505 3272 rerum
1528 3217 1908 3273 dominatori-

259 3299 366 3353 bus
382 3305 440 3354 et
453 3299 795 3355 deliciarum
812 3317 1052 3356 suarum
1077 3303 1469 3372 provisoribus
1483 3305 1770 3371 serviant;
1788 3324 1911 3363 eos-

257 3404 366 3460 que
441 3405 563 3444 non
625 3391 928 3446 sinceriter
997 3390 1306 3462 honorent,
1365 3394 1469 3449 sed
1524 3399 1787 3466 nequiter
1845 3414 1909 3452 ac

259 3477 550 3534 serviliter
576 3480 842 3535 timeant.
875 3480 1021 3544 Quid
1073 3481 1273 3537 alienae
1321 3483 1420 3537 viti
1454 3483 1470 3516 ί
1507 3488 1699 3555 potius
1739 3501 1905 3553 quam

262 3569 403 3640 quid
433 3585 558 3623 sua:
589 3570 715 3623 vita:
747 3571 995 3641 quisque
1048 3581 1268 3639 noceat,
1304 3573 1526 3637 legibus
1559 3578 1904 3632 advertatur.

261 3657 470 3713 Nullus
529 3659 775 3713 ducatur
819 3661 888 3714 ad
937 3660 1187 3728 judices,
1238 3661 1351 3715 nisi
1411 3662 1509 3732 qui
1561 3663 1760 3717 alienas
1807 3665 1904 3733 rei,

259 3747 479 3814 domui,
529 3746 728 3815 saluti,
771 3748 858 3803 vel
906 3749 1180 3820 cuiquam
1241 3749 1420 3806 invito
1472 3750 1644 3806 fuerit
1687 3751 1904 3823 impor-

262 3840 461 3904 tunus,
486 3841 584 3890 aut
619 3839 859 3892 noxius:
897 3843 1165 3893 caeterum
1201 3839 1270 3894 de
1303 3839 1444 3909 suis,
1479 3840 1562 3896 vel
1595 3857 1728 3896 cum
1759 3843 1904 3910 suis,

257 3925 335 3979 vel
369 3942 510 3980 cum
544 3927 870 3996 quibusque
896 3926 1222 3982 volentibus
1256 3929 1427 3983 faciat
1467 3930 1718 4002 quisque
1747 3933 1903 4002 quod

259 4012 414 4069 libet.
448 4013 767 4069 Abundent
807 4015 1040 4085 publica
1069 4021 1282 4084 scorta,
1315 4018 1400 4073 vel
1438 4025 1670 4089 propter
1700 4037 1904 4076 omnes

259 4103 470 4173 quibus
512 4102 620 4157 frui
654 4103 957 4175 placuerit,
990 4103 1078 4159 vel
1111 4111 1339 4175 prepter
1369 4123 1466 4161 eos
1500 4109 1767 4178 maxime,
1803 4110 1901 4180 qui

261 4194 475 4260 privata
492 4191 705 4248 habere
718 4209 828 4248 non
846 4198 1114 4264 possunt.
1132 4197 1512 4250 Exstruantur
1525 4197 1904 4267 amplissimas

261 4285 424 4352 atque
441 4281 827 4337 ornatissimae
844 4283 1074 4358 domus,
1093 4283 1334 4354 opipara
1355 4284 1618 4340 convivia
1642 4286 1903 4357 frequen-

261 4377 473 4438 lentur;
504 4369 602 4424 ubi
623 4372 836 4442 cuique
866 4370 1103 4426 libuerit
1123 4378 1178 4426 et
1201 4374 1467 4443 potuerit,
1493 4374 1586 4429 die
1609 4381 1902 4446 noctuque

257 4455 510 4526 ludatur,
562 4459 818 4526 bibatur,
869 4467 1158 4527 vomatur,
1201 4462 1518 4517 ditﬂuatur.
1554 4463 1903 4520 Saltationes

260 4550 516 4620 undique
545 4554 920 4620 concrepent,
953 4550 1179 4604 theatra
1210 4550 1530 4606 inhonestis
1564 4551 1774 4607 laetitiae
1805 4570 1900 4609 vo-

259 4636 413 4693 cibus
435 4645 618 4709 atque
638 4640 798 4694 omni
824 4655 1032 4710 genere
1054 4639 1174 4694 sive
1195 4639 1618 4696 crudelissimas
1641 4643 1762 4696 sive
1783 4647 1904 4697 tur-

258 4726 513 4795 pissimae
568 4726 886 4798 voluptatis
944 4733 1282 4786 exastuent.
1337 4728 1438 4784 Ille
1496 4730 1569 4784 sit
1629 4731 1900 4801 publicus

254 4812 550 4882 inimicus,
585 4816 678 4872 cui
713 4817 832 4871 hac
865 4817 1109 4873 felicitas
1137 4818 1399 4887 displicet
1427 4835 1440 4884 ;
1475 4818 1739 4889 quisquis
1770 4835 1898 4876 eam

258 4908 477 4959 mutare
497 4902 586 4959 vel
611 4905 836 4959 auferre
866 4905 1192 4972 tentaverit,
1217 4920 1348 4960 eum
1371 4904 1555 4959 libera
1586 4905 1900 4963 multitudo

256 4998 470 5048 avertat
518 4992 590 5048 ab
635 4993 894 5059 auribus,
943 5000 1160 5050 evertat
1206 5011 1240 5048 a
1287 4993 1548 5061 sedibus,
1602 4996 1828 5050 auferat
1867 5013 1900 5052 a

251 5079 596 5138 viventibus.
629 5083 716 5138 illi
751 5082 1076 5139 habeantur
1105 5083 1185 5139 dii
1220 5083 1356 5153 veri,
1389 5083 1486 5153 qui
1518 5083 1667 5140 hanc
1705 5085 1899 5157 adipi-

252 5170 518 5226 scendam
546 5172 779 5245 populis
802 5172 1254 5244 procuraverint,
1277 5177 1662 5246 adeptamque
1693 5191 1896 5230 serva-

313 5403 329 5437 ¹
360 5406 582 5469 Aliquot
607 5407 752 5465 Mss,
787 5406 945 5456 vitae.
978 5407 1130 5458 Vind.
1163 5409 1279 5458 Am.
1308 5410 1392 5459 Er.
1425 5409 1570 5467 Lov.,
1594 5408 1805 5458 vineae.
1837 5436 1896 5445 —

259 5467 334 5523 Sic
363 5467 525 5518 etiam
558 5471 722 5519 nostri
751 5471 898 5518 codd.
930 5470 994 5518 M.

313 5538 381 5597 (ai
412 5532 618 5597 Alludit
645 5534 717 5597 ad,
741 5533 874 5597 du‘as
901 5533 1022 5597 illas
1067 5533 1282 5597 virtutis
1325 5536 1380 5581 et
1421 5533 1540 5582 vitii
1563 5534 1718 5597 Avias,
1763 5547 1899 5596 quas

260 5594 507 5649 Hesiodus
526 5595 762 5644 finxitin
792 5594 1046 5659 Operibus
1075 5596 1362 5659 et_Diebusi.
1395 5610 1516 5646 vers
1555 5595 1648 5644 2κὸ
1679 5594 1806 5659 seqq
1845 5599 1899 5646 et

257 5660 498 5718 Prodicus
515 5660 668 5722 apud
696 5657 1110 5722 Xenophontem,
1134 5657 1225 5722 lib.
1258 5657 1289 5705 2
1312 5657 1894 5722 Μθζηοιιαῦἱὶίιιωξόαρ.

258 5724 296 5772 2.
324 5723 471 5774 Unde
498 5720 693 5782 Cicero,
715 5720 1020 5772 Officiorum
1048 5721 1139 5772 lib.
1174 5721 1218 5775 1.
1250 5734 1361 5784 cap.
1394 5720 1474 5771 32.

2015 456 2520 553 verint._Colantur
2544 469 2607 521 ut
2625 466 2929 540 voluerint,
2945 472 3111 530 ludos
3129 483 3443 548 exposcaut
3464 482 3665 553 quales

2025 547 2332 618 voluerint,
2359 568 2506 622 quos
2539 570 2670 611 cum
2695 559 2818 613 suis
2843 562 2925 615 vel
2953 565 3021 617 de
3051 566 3173 620 suis
3202 547 3428 636 possint
3458 547 3670 629 habere

2025 637 2386 695 cultoribus:
2422 648 2646 699 tantum
2699 649 2956 704 efficiant
2988 657 3050 707 ut
3080 654 3178 708 tali
3225 657 3480 714 felicitati
3527 663 3672 717 nihil

2025 726 2096 780 ab
2130 726 2317 794 hoste,
2343 729 2489 784 nihil
2517 749 2548 786 a
2573 741 2750 803 peste,
2776 737 2917 792 nihil
2942 740 3013 794 ab
3040 740 3157 796 ulla
3178 743 3341 800 clade
3374 748 3667 805 timeatur.

2024 817 2164 880 Quis
2199 817 2344 872 hanc
2379 822 2794 890 rempublicam
2828 843 3029 896 sanus,
3056 848 3170 886 non
3192 835 3378 891 dicam
3407 837 3666 896 Romano

2023 904 2289 1001 imperio,
2315 909 2413 962 sed
2451 910 2646 1001 domui
2679 913 3063 988 Sardanapali
3094 929 3544 994 comparaverit?
3567 931 3665 1001 qui

2023 997 2314 1064 quondam
2367 1012 2464 1051 rex
2507 997 2588 1053 ita
2637 1002 2745 1055 fuit
2793 1004 3183 1076 voluptatibus
3229 1013 3479 1083 deditus,
3515 997 3663 1076 utin

2022 1085 2289 1154 sepulcro
2348 1103 2454 1142 suo
2527 1091 2698 1145 scribi
2761 1092 2980 1162 fecerit,
3039 1113 3105 1152 ea
3158 1101 3281 1156 sola
3335 1118 3397 1160 se
3456 1106 3668 1168 habere

2022 1179 2344 1239 mortuum,
2395 1192 2523 1246 quae
2585 1176 2762 1234 libido
2820 1182 2947 1250 ejus
3001 1188 3175 1241 etiam
3237 1205 3369 1244 cum
3428 1194 3664 1261 viveret,

2021 1259 2826 1348 bauriendo,consumpserat
2843 1271 2940 1341 (a).
2961 1275 3139 1338 Quem
3161 1293 3348 1348 regem
3374 1280 3470 1336 isti
3490 1285 3537 1337 si
3563 1259 3666 1338 ha;

2021 1347 2228 1403 berent
2284 1349 2396 1405 sibi
2453 1351 2514 1407 in
2568 1355 2779 1410 talibus
2836 1347 3261 1432 indulgentem,
3311 1382 3416 1422 nec
3464 1369 3523 1425 in
3577 1373 3661 1428 eis

2018 1437 2295 1510 cuiquam
2346 1439 2462 1495 ulla
2491 1443 2795 1501 severitate
2824 1447 3229 1508 adversantem
3254 1472 3269 1521 ;
3303 1455 3438 1511 huic
3467 1457 3650 1515 liben-

2015 1526 2153 1594 tius,
2185 1543 2362 1598 quam
2415 1533 2656 1587 Romani
2709 1540 2927 1593 veteres
2977 1539 3246 1613 Romulo,
3280 1546 3558 1618 templum
3603 1554 3660 1605 et

2014 1614 2312 1671 ﬂaminem
2345 1629 2767 1678 consecrarunt.

2013 1704 2244 1760 CAPUT
2273 1708 2426 1765 XXI.
2461 1738 2520 1752 --
2561 1713 2697 1780 Quae
2731 1718 3005 1774 sententia
3047 1726 3218 1789 fuerit
3277 1725 3552 1784 Ciceronis
3598 1730 3664 1786 de

2553 1803 2792 1860 Romana
2820 1810 3119 1878 republica.

2087 1884 2136 1938 1.
2155 1885 2280 1976 Sed
2306 1885 2352 1940 si
2371 1892 2767 1948 contemnitur
2783 1895 2880 1966 qui
2901 1901 3212 1956 Romanam
3238 1907 3657 1976 rempublicam

2013 1974 2330 2042 pessimam
2363 1993 2429 2032 ac
2452 1978 2967 2050 ﬂagitiosissimam
3001 1989 3166 2060 dixit,
3191 2008 3296 2048 nec
3324 1974 3533 2052 curant
3562 1998 3658 2054 isti

2013 2069 2233 2133 quanta
2252 2081 2471 2123 morum
2498 2071 2882 2140 pessimorum
2904 2093 2968 2131 ac
2991 2077 3406 2151 ﬂagitiosorum
3440 2085 3568 2144 labe
3591 2107 3657 2147 ac

2013 2152 2292 2208 dedecore
2315 2156 2640 2227 impleatur,
2662 2164 2760 2217 sed
2786 2167 3194 2225 tantummodo
3215 2177 3278 2226 ut
3296 2175 3578 2232 consistat
3600 2183 3659 2234 et

2013 2247 2275 2310 maneat;
2301 2247 2538 2302 audiant
2555 2266 2700 2316 eam,
2721 2269 2853 2323 non,
2879 2261 2940 2308 ut
2956 2257 3266 2315 Sallustius
3287 2273 3497 2332 narrat,
3525 2283 3655 2334 pes-

2013 2331 2220 2386 simam
2246 2349 2312 2388 ac
2334 2334 2852 2405 ﬂagitiosissimam
2878 2344 3110 2412 factam,
3136 2349 3259 2416 sed,
3283 2349 3430 2405 sicut
3461 2331 3655 2411 Cicero

2012 2420 2296 2492 disputat,
2323 2426 2444 2493 jam
2479 2431 2615 2482 tunc
2649 2446 2887 2500 prorsus
2921 2437 3160 2505 perisse,
3193 2446 3248 2492 et
3281 2440 3497 2497 nullam
3533 2462 3658 2502 om-

2013 2510 2152 2564 nino
2176 2515 2523 2570 remansisse
2546 2520 2988 2588 rempublicam.
3009 2525 3237 2581 Inducit
3259 2530 3411 2586 enim
3435 2532 3657 2604 Scipio-

2014 2615 2167 2668 nem,
2182 2617 2314 2656 eum
2340 2603 2530 2670 ipsum
2547 2608 2641 2676 qui
2657 2607 3066 2683 Carthaginem
3090 2617 3466 2687 exstinxerat,
3484 2603 3551 2678 de
3567 2641 3654 2681 rs-

2014 2688 2245 2758 publica
2305 2693 2717 2764 disputantem,
2770 2703 3002 2771 quando
3061 2709 3537 2776 praasenliebatur
3589 2728 3657 2768 ea

2013 2782 2586 2872 corruptione,quam
2614 2787 2892 2846 describit
2923 2793 3260 2861 Sallustius,
3279 2800 3393 2868 jam
3412 2801 3653 2872 jamque

2013 2869 2289 2960 peritura.
2324 2871 2401 2927 Eo
2450 2878 2665 2946 quippe
2711 2884 2969 2951 tempore
3010 2884 3358 2954 disputatur,
3394 2869 3509 2960 quo
3535 2869 3657 2959 jam

2014 2972 2165 3012 unus
2195 2959 2583 3018 Gracchorum
2610 2967 2836 3022 occisus
2862 2971 2988 3040 fuit,
3011 2991 3042 3027 a
3065 2989 3178 3044 quo
3200 2959 3662 3035 scribitseditio-

2012 3061 2115 3139 nes
2144 3061 2350 3117 graves
2380 3051 2621 3119 ccapisse
2653 3055 2963 3113 Sallustius
2996 3061 3093 3130 (b).
3119 3062 3260 3118 Nam
3298 3071 3502 3123 mortis
3533 3069 3659 3139 ejus

2013 3134 2077 3189 fit
2097 3134 2155 3190 in
2174 3135 2386 3191 eisdem
2404 3139 2568 3196 libris
2587 3152 3088 3205 commemoratio.
3106 3151 3245 3208 Cum
3263 3162 3452 3210 autem
3469 3134 3658 3228 Scipio

2011 3224 2068 3278 in
2101 3227 2336 3282 secundi
2372 3228 2502 3284 libri
2537 3231 2651 3287 line
2683 3236 2940 3305 dixisset,
2978 3241 3040 3296 Ut
3069 3244 3124 3295 in
3157 3244 3360 3310 ﬁdibus
3407 3265 3470 3302 ac
3508 3224 3659 3305 tibiis

2009 3325 2170 3386 atque
2189 3324 2357 3371 cantu
2378 3321 2494 3386 ipso
2507 3337 2572 3376 ac
2590 3323 2804 3380 vocibus
2824 3339 3108 3384 concentus
3127 3339 3202 3386 est
3224 3335 3448 3403 quidam
3468 3342 3656 3393 tenen-

2009 3405 2110 3458 dus
2122 3406 2483 3464 exdistinctis
2501 3412 2666 3480 sonis,
2684 3431 2840 3484 quem
2858 3416 3205 3476 immutatum
3226 3430 3320 3477 aut
3338 3425 3656 3498 discrepan-

2007 3497 2114 3548 tem
2147 3513 2307 3551 aures
2337 3500 2567 3554 eruditae
2593 3506 2743 3569 ferre
2775 3521 2885 3560 non
2914 3515 3171 3576 possunt;
3197 3515 3347 3582 isque
3366 3497 3660 3574 concentus

2009 3598 2082 3638 ex
2110 3583 2620 3644 dissimillimarum
2644 3608 2834 3647 vocum
2853 3597 3222 3653 moderatione
3237 3617 3457 3658 concors
3479 3610 3659 3662 tamen

2009 3671 2254 3741 efﬁcitur
2281 3683 2333 3727 et
2359 3692 2706 3744 congruens:
2731 3680 2811 3734 sic
2839 3698 2909 3737 ex
2929 3690 3157 3739 summis
3177 3697 3230 3740 et
3251 3689 3455 3756 inﬁmis
3476 3702 3527 3746 et
3548 3711 3657 3748 me-

2010 3761 2118 3816 diis
2150 3763 2455 3832 interfectis
2481 3768 2791 3837 ordinibus,
2812 3778 2869 3825 ut
2898 3775 3064 3838 sonis,
3088 3777 3364 3832 moderata
3402 3783 3617 3836 ratione
3641 3786 3655 3819 ι

2009 3851 2282 3906 civitatem
2312 3867 2576 3910 consensu
2591 3857 3100 3916 dissimillimorum
3120 3868 3401 3922 concinere
3421 3884 3442 3928 ,'
3461 3879 3511 3924 et
3533 3886 3658 3939 quae

2009 3941 2298 3995 harmonia
2330 3960 2363 3997 a
2384 3947 2607 4000 musicis
2627 3947 2830 4002 dicitur
2851 3951 2909 4004 in
2935 3955 3122 4018 cantu,
3145 3969 3262 4008 eam
3293 3972 3408 4010 esse
3433 3957 3488 4012 in
3517 3961 3656 4014 civi-

2009 4040 2116 4087 tate
2143 4033 2513 4103 conconliam,
2545 4038 2920 4094 arctissimum
2940 4045 3104 4112 atque
3129 4047 3391 4114 optimum
3425 4051 3577 4103 omni
3597 4053 3657 4106 in

2008 4121 2291 4190 republica
2307 4121 2595 4180 vinculum
2614 4127 3032 4197 incolumitatis,
3059 4146 3286 4202 eamque
3302 4136 3421 4189 sine
3433 4137 3659 4206 justitia

2007 4209 2166 4264 nullo
2185 4221 2342 4278 pacto
2362 4228 2477 4267 esse
2492 4230 2675 4284 posse:
2691 4232 2755 4270 ac
2779 4216 2987 4272 deinde
3001 4233 3134 4274 cum
3149 4223 3458 4292 aliquando
3481 4227 3658 4283 latius

2008 4303 2065 4353 et
2097 4300 2331 4355 uberius
2361 4301 2755 4371 disseruisset,
2786 4311 3071 4376 quantum
3098 4311 3662 4384 prodessetjustitia

2009 4387 2250 4451 civitati,
2276 4395 2683 4463 quantumque
2712 4394 2960 4462 obesset,
2986 4396 3035 4449 si
3067 4398 3378 4468 abfuisset;
3405 4404 3661 4475 suscepit

2008 4474 2218 4530 deinde
2232 4477 2431 4532 Philus
2446 4478 2486 4546 ³,
2506 4495 2868 4536 unuseorum
2886 4498 2978 4552 qut
2993 4483 3373 4556 disputationi
3393 4491 3656 4557 aderant,

2009 4568 2066 4618 et
2089 4566 2350 4635 peposcit
2385 4572 2445 4620 ut
2465 4567 2586 4622 haec
2609 4569 2738 4639 ipsa
2759 4572 2996 4640 quaestio
3020 4574 3352 4646 diligentius
3382 4584 3654 4635 tractare-

2007 4656 2125 4717 tur,
2159 4669 2224 4708 ac
2257 4654 2575 4724 dejustitia
2620 4655 2789 4726 plura
2836 4659 3192 4730 dicerentur,
3227 4673 3459 4735 propter
3490 4666 3658 4737 illud,

2009 4742 2161 4811 quod
2187 4743 2310 4811 jam
2343 4743 2515 4815 vulgo
2548 4746 2860 4818 ferebatur,
2885 4751 3311 4820 rempublicam
3346 4755 3465 4825 regi
3488 4754 3510 4789 ³
3531 4755 3658 4812 sine

2073 4963 2086 4994 ί
2121 4959 2271 5007 Vind.
2304 4960 2419 5008 Am.
2456 4959 2538 5009 Er.
2571 4961 2624 5009 et
2646 4960 2851 5023 aliquot
2879 4963 3020 5023 Mss.,
3051 4966 3390 5016 moderatam
3422 4968 3656 5018 ratione.

2005 5022 2206 5071 Caeteri
2234 5023 2343 5071 fere
2371 5023 2513 5082 Mss,
2545 5022 2933 5073 moderatione.

2005 5149 2026 5196 Ι
2070 5086 2090 5118 ²
2121 5085 2206 5194 διὲξ
2231 5085 2394 5133 etiam
2424 5085 2544 5134 Mss.
2579 5087 2745 5135 nostri
2773 5100 2970 5138 omnes.
3007 5090 3156 5140 Forte
3184 5092 3482 5154 legendum,
3517 5091 3656 5141 Phi-

2033 5163 2112 5196 us.
2200 5184 2211 5194 .

2033 5163 2112 5196 us.
2146 5163 2211 5194 Μ.

2068 5212 2088 5244 ³
2117 5211 2300 5278 Plures
2329 5209 2452 5278 “inti
2470 5209 2566 5278 Pi?
2594 5210 2815 5278 031mm
2844 5213 2974 5278 1.09s.
3007 5215 3147 5278 regi.
3183 5217 3400 5275 habent.
3431 5215 3656 5278 seri.—

2004 5273 2089 5322 Sic
2116 5274 2278 5322 etiam
2306 5273 2437 5322 codd
2470 5271 2579 5326 766.
2611 5271 2731 5321 2051
2764 5278 2816 5324 et
2843 5275 2982 5323 2052.
3015 5271 3080 5324 ΜΣ

2062 5339 2120 5403 (a
2134 5365 2146 5403 ._
2157 5337 2549 5403 Sardanapalus
2560 5337 2766 5403 rex_lui_t
2783 5339 3115 5400 Assyriorum
3130 5341 3368 5403 ultimus.
3382 5341 3534 5403 cujus
3548 5342 3657 5403 epi-

2005 5399 2245 5468 taphium
2272 5399 2428 5468 affert
2455 5399 2636 5468 gicero
2648 5400 2703 5446 in
2725 5399 3035 5468 Tusculanis
3051 5401 3368 5468 Quaest_.l_ib.
3399 5399 3548 5468 ὄλπη)
3569 5399 3650 5458 35.

2065 5461 2133 5517 (ὁ)
2163 5461 2428 5530 Tiberium
2459 5460 2752 5530 Gracchum
2779 5463 3047 5530 intelligit.
3095 5477 3126 5511 τι
3174 5464 3416 5524 Scipione
3450 5460 3651 5530 Nasica,

2001 5523 2116 5584 ejus
2143 5522 2234 5594 qui
2252 5523 2587 5595 optimus‘vir
2605 5537 2636 5572 a
2653 5522 3123 5595 senatujudicatus
3137 5522 3487 5595 eratﬁiepote,
3508 5522 3652 5595 quod

2000 5586 2263 5646 agrariam
2293 5586 2458 5646 legem
2490 5587 2714 5641 tulisset.
2765 5593 2817 5637 et
2852 5589 3178 5636 tribunatum
3209 5588 3310 5638 sibi
3349 5586 3654 5646 continuari

1999 5649 2178 5704 vellet,
2209 5646 2474 5696 occisum:
2509 5648 2753 5708 Scipione
2796 5651 3042 5699 Africano
3072 5650 3296 5708 minore.
3327 5655 3392 5707 de
3432 5673 3538 5708 auo
3565 5660 3654 5708 hic

2167 5686 2178 5704 ,
2209 5661 2474 5696 OCCISllm:
2509 5661 2753 5709 Scipione
2796 5661 3042 5699 Atrtcano
3072 5663 3296 5708 minore.
3327 5661 3392 5707 de
3432 5673 3538 5709 auo
3565 5661 3654 5708 hic

1999 5665 2178 5704 veuet,
2209 5665 2474 5696 oculeum:
2509 5665 2753 5713 Delplone
2796 5665 3042 5699 Alrlcano
3072 5665 3296 5708 minore,
3327 5665 3392 5707 (le
3432 5673 3465 5721 q

1999 5711 2252 5775 loquitur,
2275 5709 2474 5760 bellum
2502 5712 2717 5762 interim
2745 5713 2809 5760 ad
2840 5713 3176 5764 Numantiam
3205 5722 3453 5782 gerente._
