4128 6190
419 311 497 372 σε,
1474 305 1576 364 ne
1620 303 1985 366 CIVITATE
2028 306 2182 372 nat.
2229 309 2296 369 s.
2341 310 2762 375 AUGUSTINI
3748 332 3834 392 es

421 446 642 519 injuria
672 459 789 501 non
815 459 1006 515 posse.
1031 445 1186 496 Hanc
1208 439 1450 510 proinde
1471 439 1848 509 quaestionem
1884 439 2075 496 discu-

422 537 677 592 tiendam
722 541 779 590 et
826 531 1193 588 enodandam
1241 544 1390 593 esse,
1423 543 1701 581 assensus
1732 534 1822 582 est
1855 529 2068 600 Scipio,

422 625 832 700 responditque
861 622 1005 676 nihil
1035 635 1166 684 esse,
1199 617 1338 688 quod
1366 616 1546 670 adhuc
1573 616 1640 672 de
1668 619 1951 688 republica
1980 619 2070 674 di-

421 726 565 775 ctum
611 723 846 784 putaret.
877 718 925 768 el
965 727 1067 781 quo
1115 713 1328 780 possent
1372 708 1591 775 longius
1643 712 1916 778 progredi,
1959 712 2076 766 nisi

424 818 556 863 esset
590 807 994 873 conﬁrmatum,
1027 815 1137 852 non
1174 799 1329 852 modo
1360 801 1562 858 falsum
1592 815 1728 859 esse,
1765 800 1922 866 illud,
1955 803 2074 854 sine

427 898 645 967 injuria.
676 910 782 946 non
813 905 998 959 posse;
1022 888 1113 942 sed
1135 889 1233 942 hoc
1262 890 1614 942 verissimum
1642 904 1757 942 esse
1786 892 1906 944 sine
1925 906 2073 943 sum-

426 1004 517 1040 ma
534 983 763 1053 justitia
783 979 1180 1048 rempublicam
1207 976 1360 1046 regi"
1379 994 1489 1032 non
1509 993 1659 1045 posse
1677 979 1931 1045 (Libro2,
1951 994 2071 1047 cap.

426 1075 534 1142 43).
562 1073 740 1139 Cujus
772 1068 1110 1140 quaestionis
1146 1066 1454 1134 explicatio
1495 1083 1626 1120 cum
1662 1069 1718 1121 in
1751 1070 1840 1120 die
1871 1083 2072 1121 conse-

426 1167 700 1234 quentem
724 1157 900 1212 dilata
920 1161 1096 1216 esset,
1116 1156 1170 1208 in
1193 1154 1357 1208 tertio
1378 1154 1524 1208 libro
1546 1171 1756 1226 magna
1776 1171 1879 1209 con
1891 1155 2073 1209 ilicis-

427 1258 580 1306 tione
601 1250 621 1282 ²
648 1264 741 1302 res
765 1253 885 1301 acta
911 1251 1018 1299 est.
1043 1243 1311 1314 Suscepit
1331 1246 1486 1298 enim
1515 1244 1707 1298 Philus
1732 1246 1854 1316 ipse
1879 1246 2078 1314 dispu-

428 1339 706 1395 tationem
724 1351 924 1391 eorum
941 1334 1036 1405 qui
1052 1334 1330 1388 sentirent
1346 1333 1772 1402 sineinjustitia
1792 1336 1907 1405 regi
1923 1332 1946 1366 ³
1963 1351 2074 1388 non

433 1445 602 1500 posse
633 1424 1053 1494 rempublicam
1091 1439 1364 1493 purgans,
1389 1424 1696 1492 praecipue,
1723 1439 1791 1478 ne
1814 1423 1920 1478 hoc
1953 1424 2077 1494 ipse

431 1519 646 1572 sentire
667 1514 1015 1570 credere-tur.
1032 1511 1275 1582 Egitque
1293 1511 1493 1566 sedulo
1519 1528 1617 1580 pro
1636 1511 1919 1581 iujustitia
1942 1528 2076 1566 con-

429 1614 517 1660 tra
542 1605 857 1675 justitiam,
880 1610 939 1656 ut
961 1601 1110 1655 hanc
1141 1617 1262 1654 esse
1296 1600 1494 1654 utilem
1530 1599 1885 1670 reipublicie,
1917 1600 2076 1654 illam

427 1711 562 1750 vero
594 1692 884 1757 inutilem,
908 1689 1328 1744 verisimilibus
1360 1688 1683 1744 rationibus
1713 1700 1766 1743 et
1794 1687 2079 1757 exemplis

427 1783 574 1838 velut
610 1789 918 1837 conaretur
947 1779 1274 1834 ostendere.
1308 1780 1455 1834 Tum
1499 1778 1706 1834 Laelius
1739 1778 2079 1849 rogantibus

431 1888 522 1928 om
534 1869 1014 1939 nibus,justitiam
1031 1867 1339 1922 defendere
1351 1883 1662 1938 aggressus
1675 1872 1788 1928 est;
1805 1870 2079 1921 asseruit-

429 1977 544 2033 que
561 1967 848 2032 quantum
868 1957 1071 2027 potuit,
1090 1956 1232 2010 nihil
1257 1963 1374 2011 tam
1397 1957 1700 2011 inimicum
1723 1973 1895 2028 quam
1921 1955 2082 2026 inju—

427 2049 642 2105 Stitiam
677 2048 910 2106 civitati,
937 2063 1040 2100 nec
1063 2046 1301 2100 omnino
1327 2045 1436 2100 nisi
1465 2044 1926 2117 magnajustitia
1956 2045 2079 2114 geri

430 2145 530 2195 aut
561 2146 714 2194 stare
745 2153 912 2208 posse
945 2135 1367 2207 rempublicam
1407 2137 1511 2207 (α).

498 2231 552 2284 2.
587 2231 711 2295 Qua
741 2227 1084 2298 quaestione,
1108 2234 1388 2296 quantum
1424 2227 1568 2280 satis
1600 2226 1790 2280 visum
1821 2229 1931 2289 est,
1957 2239 2083 2296 per-

426 2322 692 2382 tractata,
717 2315 909 2386 Scipio
941 2316 1009 2369 ad
1046 2312 1378 2368 intermissa
1410 2313 1732 2379 revertitur,
1765 2314 2084 2383 recolitque

431 2423 598 2465 suam
615 2412 788 2476 atque
802 2403 1162 2460 commendat
1182 2403 1414 2457 brevem
1437 2402 1596 2473 reipu
1609 2403 1768 2458 blica:
1791 2404 1897 2458 deti
1910 2404 2083 2458 uitio-

431 2513 586 2561 nem,
611 2512 725 2567 qua
747 2496 969 2549 dixerat
988 2509 1110 2548 eam
1135 2509 1263 2548 esse
1298 2509 1416 2546 rem
1456 2493 1649 2564 populi
1675 2492 1863 2562 (Libro
1884 2495 1901 2545 1
1922 2535 1934 2559 ,
1956 2509 2079 2562 cap.

429 2586 546 2655 25).
575 2584 859 2654 Populum
886 2589 1080 2637 autem
1110 2598 1222 2636 non
1249 2597 1481 2635 omnem
1505 2589 1719 2636 cretum
1750 2580 2080 2636 multitudi-

431 2676 548 2740 nis,
572 2673 668 2727 sed
702 2679 911 2726 coetum
940 2672 1094 2741 juris
1124 2685 1411 2724 consensu
1437 2675 1494 2723 et
1517 2670 1784 2724 utilitatis
1814 2687 2084 2725 commu-

433 2764 606 2818 nione
621 2765 900 2816 sociatum
917 2775 1041 2813 esse
1055 2756 1425 2812 determinat.
1447 2759 1610 2812 Docet
1635 2759 1722 2812 dei
1735 2759 1844 2814 nde
1869 2770 2085 2828 quanta

435 2851 513 2906 sit
543 2851 599 2904 in
633 2847 983 2916 disputando
1017 2847 1375 2901 definitionis
1399 2849 1651 2902 utilitas:
1676 2853 1849 2916 atque
1879 2864 1943 2902 ex
1968 2847 2084 2902 illis

434 2940 560 2994 suis
580 2935 1021 2993 definitionibus
1043 2935 1256 3007 colligit
1274 2943 1411 2991 tunc
1427 2953 1554 2991 esse
1574 2953 1686 2991 rem
1699 2935 2082 3007 publicam,id

435 3033 524 3084 est
555 3043 670 3082 rem
707 3025 926 3098 populi,
954 3040 1085 3080 cum
1121 3024 1264 3079 bene
1303 3026 1552 3095 acjuste
1581 3027 1827 3096 geritur,
1855 3027 1971 3080 sive
2014 3028 2085 3079 ab

440 3133 558 3174 uno
583 3132 734 3186 rege,
751 3116 869 3170 sive
890 3133 920 3167 a
947 3115 1145 3183 paucis
1168 3115 1700 3184 optimatibus,sive
1722 3116 1793 3170 ab
1816 3117 2084 3171 universo

441 3206 676 3277 populo.
701 3204 841 3260 Cum
867 3219 999 3258 vero
1022 3203 1278 3272 injustus
1298 3209 1383 3256 est
1406 3220 1520 3272 rex,
1547 3220 1719 3274 quem
1745 3211 2084 3272 tyrannum,

440 3311 596 3351 more
618 3309 825 3366 graeco,
852 3291 1163 3363 appellavit
1187 3309 1201 3356 ;
1226 3300 1325 3346 aut
1346 3291 1548 3360 iniusti
1584 3295 1916 3364 optimates,
1945 3309 2087 3364 quo-

439 3400 568 3440 rum
604 3398 952 3439 consensum
989 3383 1130 3436 dixn
1161 3397 1291 3437 esse
1325 3382 1626 3438 factionem
1659 3391 1800 3448 ;aut
1833 3384 2086 3453 injustus

435 3471 566 3543 ipse
598 3473 870 3544 populus,
894 3471 982 3524 cui
1011 3485 1219 3524 nomen
1248 3471 1530 3525 usitatum
1567 3489 1678 3526 non
1715 3476 1945 3539 reperit,
1973 3474 2083 3527 nisi

436 3562 684 3618 utetiam
703 3561 896 3630 ipsum
913 3565 1222 3630 tyrannum
1245 3566 1499 3614 vocaret:
1528 3577 1639 3615 non
1656 3563 1772 3628 jam
1792 3563 2081 3626 vitiosam,

435 3653 586 3706 sicut
620 3649 804 3722 pridie
837 3650 1023 3703 fuerat
1053 3648 1457 3719 disputatum;
1493 3651 1616 3714 sed,
1651 3651 1805 3706 sicut
1844 3653 1988 3706 ratio
2019 3668 2085 3708 ex

432 3740 551 3796 illis
582 3739 1026 3796 definitionibus
1052 3756 1313 3794 connexa
1339 3739 1656 3806 docuisset,
1678 3740 1919 3796 omnino
1945 3741 2082 3795 nul-

432 3829 545 3885 lam
579 3846 707 3885 esse
739 3829 1159 3900 rempublicam
1189 3845 1202 3882 :
1229 3830 1499 3898 quoniam
1527 3847 1637 3884 non
1672 3839 1828 3885 esset
1859 3847 1950 3884 res
1984 3846 2084 3900 po-

430 3921 577 3991 puli,
603 3936 733 3974 cum
762 3930 1044 3987 tyrannus
1067 3935 1193 3973 eam
1221 3918 1461 3973 factiove
1483 3921 1565 3990 (b)
1589 3927 1953 3988 capesseret;
1983 3935 2084 3974 nec

425 4009 554 4079 ipse
571 4005 946 4078 p0pulusjam
969 4006 1214 4073 populus
1229 4013 1404 4064 esset,
1421 4007 1464 4058 si
1481 4016 1629 4060 esset
1645 4006 1923 4074 iniustus,
1939 4023 2086 4077 quo-

435 4097 590 4149 niam
619 4111 730 4148 non
750 4098 906 4147 esset
929 4092 1405 4161 multitudojuris
1425 4109 1713 4148 consensu
1737 4100 1794 4149 et
1816 4095 2086 4151 utilitatis

435 4183 851 4239 communione
876 4183 1113 4246 sociata,
1131 4187 1282 4234 sicut
1307 4179 1559 4251 p0pulus
1583 4184 1766 4236 fuerat
1784 4184 2084 4240 definitus.

506 4273 558 4327 3.
583 4271 826 4338 Quando
849 4285 984 4341 ergo
1010 4271 1337 4339 respublica
1358 4269 1618 4324 Romana
1639 4273 1768 4327 talis
1791 4283 2087 4344 erat.qua-

430 4363 546 4417 lem
582 4359 740 4414 Illam
775 4359 1044 4413 describit
1075 4357 1428 4427 Sallustius;
1459 4377 1569 4414 non
1593 4364 1707 4430 jam
1747 4361 1994 4431 pessima
2017 4379 2085 4418 ac

433 4447 904 4519 ﬂagitiosissima,
931 4448 1074 4503 sicut
1101 4447 1227 4516 ipse
1245 4447 1347 4512 ait,
1372 4456 1468 4503 sed
1495 4454 1734 4505 omnino
1762 4449 1918 4503 nulla
1940 4456 2082 4518 erat,

431 4537 754 4594 secundum
783 4538 950 4591 istam
976 4537 1279 4604 rationem,
1299 4554 1474 4608 quam
1498 4539 1818 4609 disputatio
1836 4540 1905 4592 de
1924 4555 2088 4611 repu-

434 4628 588 4685 blica
619 4631 768 4682 inter
800 4644 1040 4694 magnos
1063 4630 1192 4698 ejus
1217 4635 1335 4682 tum
1361 4630 1647 4700 principes
1669 4633 1735 4702 (c)
1760 4632 1952 4686 habita
1980 4648 2085 4701 pa-

438 4719 648 4774 tefecit.
675 4719 836 4774 Sicut
863 4718 1034 4772 etiam
1072 4717 1194 4785 ipse
1223 4717 1465 4784 Tullius,
1499 4735 1610 4774 non
1646 4720 1954 4787 Scipionis,
1984 4737 2084 4775 nec

432 4809 784 4880 cujusquam
821 4806 1084 4874 alterius,
1120 4807 1218 4861 sed
1247 4823 1353 4863 suo
1385 4824 1652 4863 sermone
1684 4809 1928 4881 loquens
1959 4811 1999 4878 ‘,
2023 4809 2083 4864 in

493 5035 504 5068 ι
541 5030 626 5081 Sic
653 5031 815 5080 etiam
843 5031 991 5079 codd.
1022 5029 1134 5089 766,
1167 5028 1282 5078 2051
1319 5033 1372 5079 et
1402 5029 1543 5093 2053.
1573 5031 1699 5082 Alii.
1738 5033 1880 5093 geri.
1919 5033 1988 5082 Μ.

489 5095 511 5130 ²
539 5094 681 5148 Mss,
740 5093 1104 5153 conﬂictione.
1142 5120 1203 5128 —
1251 5093 1342 5140 Ms.
1384 5092 1524 5151 2050,
1557 5092 1984 5153 conﬂictatione.
2014 5096 2081 5142 M.

492 5159 513 5190 ³
531 5155 616 5205 Sic
630 5156 778 5205 codd.
798 5153 938 5210 205i,
957 5155 1078 5204 2052
1103 5157 1154 5202 et
1181 5153 1306 5203 2053
1333 5171 1342 5206 ;
1368 5157 1514 5205 codd.
1537 5155 1662 5202 2050
1677 5155 1995 5215 et76i,geri,
2017 5158 2081 5206 M.

494 5223 512 5254 ⁸
529 5219 622 5267 IIic
645 5219 776 5266 Vind
817 5220 930 5266 Arn.
949 5219 1016 5265 Er
1051 5219 1271 5268 addunt.
1297 5226 1562 5266 testatur:
1585 5218 1728 5269 Lov.,
1746 5219 2084 5267 denionstra-

429 5283 521 5330 cit.
569 5281 680 5338 Quo
707 5282 822 5330 loco
860 5281 917 5329 in
957 5279 1329 5342 manuscriptis
1358 5279 1712 5341 supplendum
1763 5281 2086 5342 relinquitur

426 5345 670 5394 verbum.
702 5342 972 5402 patefecit.

489 5406 563 5468 (ᾳ)
584 5404 1678 5468 [titiusconcertationismeminitCiceroin
1693 5405 1868 5456 Laelio
1905 5421 2016 5468 cap.
2034 5409 2080 5456 4.

488 5465 556 5527 (bi
588 5465 673 5516 Sic
698 5469 872 5519 Morel.
906 5468 1159 5515 Element.
1194 5467 1366 5514 Critic.
1400 5480 1515 5528 pag.
1551 5467 1656 5517 152.
1693 5468 1748 5516 In
1781 5470 1901 5520 B.et
1929 5465 1984 5518 in
2005 5484 2085 5518 co~

422 5529 632 5577 dicibus
663 5531 875 5580 nostris.
907 5531 1168 5589 faction".
1203 5529 1266 5575 M.

480 5594 558 5656 (ct
582 5592 720 5649 Quos
752 5593 804 5656 in
840 5607 917 5656 ea
950 5591 1309 5656 dieputatione
1337 5592 1613 5656 loquentes
1645 5591 1823 5643 Cicero
1855 5595 2078 5647 inducit.

423 5652 723 5768 gmem
741 5652 1053 5710 Atrioanum
1066 5655 1343 5718 minorem,
1373 5652 1428 5705 Cl
1459 5654 1694 5710 Laelium
1712 5660 1767 5708 et
1783 5657 1836 5708 L.
1863 5658 2083 5709 Furtum

2187 442 2470 515 principio
2516 448 2702 516 quinti
2753 449 2903 518 libri,
2950 464 3401 517 commemorato
3450 464 3612 532 prius
3660 466 3838 524 Ennii

2191 539 2376 603 poetae
2404 549 2595 600 versu,
2627 553 2743 607 quo
2773 541 3014 609 dixerat,

2342 643 2574 694 Moribus
2601 647 2837 711 antiquis
2866 664 2950 700 res
2983 655 3091 703 stat
3118 655 3356 708 Romana
3384 660 3647 724 virisque.

2189 741 2358 809 Quem
2387 743 2605 812 quidem
2635 748 2730 801 ille
2751 764 2984 820 versum,
3008 752 3224 824 inquit,
3249 765 3330 812 vel
3363 761 3624 817 brevitate
3645 765 3724 818 vel
3745 781 3839 821 ve-

2188 832 2353 885 ritate
2380 843 2636 903 tanquam
2669 853 2739 890 ex
2767 841 2987 894 oraculo
3036 845 3175 898 mihi
3222 848 3458 916 quodam
3487 867 3606 904 esse
3637 855 3842 925 eﬂatus

2188 920 2418 974 videtur.
2446 924 2585 976 Nam
2607 940 2779 994 neque
2799 931 2926 990 viri,
2946 932 3062 984 nisi
3083 935 3160 986 ita
3185 943 3390 991 morata
3411 942 3604 993 civitas
3621 920 3840 1010 fuisset,

2189 1024 2364 1079 neque
2393 1026 2587 1078 mores,
2610 1014 2721 1068 nisi
2743 1016 2800 1070 hi
2822 1019 2932 1072 viri
2956 1024 3322 1089 praefuissent.
3346 1033 3439 1081 aut
3458 1030 3719 1096 fundare,
3741 1043 3842 1086 aut

2189 1104 2302 1152 tam
2333 1099 2430 1154 diu
2459 1106 2646 1157 tenere
2673 1106 2978 1171 potuissent
3007 1116 3222 1166 tantam
3242 1122 3294 1168 et
3319 1122 3431 1169 tam
3450 1118 3597 1188 juste
3625 1121 3846 1192 lateque

2189 1188 2550 1258 imperantem
2581 1195 2999 1263 rempublicam.
3025 1201 3210 1272 Itaque
3232 1218 3357 1259 ante
3379 1215 3617 1262 nostram
3643 1188 3848 1266 memo-

2190 1276 2336 1331 riam
2361 1284 2411 1332 τι
2432 1295 2545 1334 mos
2567 1283 2683 1351 ipse
2697 1285 2915 1352 patrius
2935 1299 3259 1356 praestantes
3279 1297 3423 1350 viros
3445 1297 3769 1370 adhibebat,
3793 1305 3846 1358 et

2191 1372 2422 1424 veterem
2445 1388 2651 1428 morem
2674 1391 2739 1430 ac
2760 1377 3026 1444 maiorum
3051 1383 3306 1438 instituta
3328 1388 3645 1444 retinebant
3661 1393 3844 1447 excet-

2194 1457 2357 1512 lentes
2388 1461 2518 1516 viri.
2547 1467 2740 1518 Nostra
2773 1481 2895 1521 vero
2932 1479 3067 1523 aetas
3101 1488 3226 1526 cum
3264 1478 3656 1544 rempublicam
3697 1482 3845 1536 sicut

2190 1546 2469 1616 picturam
2498 1555 2786 1620 accepisset
2817 1561 3114 1626 egregiam,
3134 1561 3226 1616 sed
3255 1577 3656 1622 evanescentem
3687 1575 3847 1626 velu-

2191 1639 2350 1701 slate,
2383 1654 2490 1693 non
2521 1641 2676 1696 modo
2696 1658 2816 1696 eam
2845 1646 3125 1704 coloribus
3165 1651 3376 1719 iisdem,
3409 1656 3606 1725 quibus
3634 1661 3842 1728 fuerat,

2191 1743 2458 1781 renovare
2479 1731 2752 1796 neglexit;
2774 1733 2865 1787 sed
2886 1751 2954 1790 ne
2971 1736 3026 1791 id
3047 1738 3264 1809 quidem
3283 1748 3515 1812 curavit,
3532 1751 3587 1800 ut
3604 1749 3845 1813 formam

2191 1817 2378 1871 saltem
2407 1819 2524 1882 eius
2543 1825 2594 1874 el
2625 1832 2865 1877 extrema
2898 1829 3160 1896 tanquam
3191 1831 3533 1888 lineamenta
3571 1846 3844 1894 servaret.

2194 1905 2337 1973 Quid
2353 1907 2501 1962 enim
2522 1919 2704 1965 manet
2721 1927 2790 1966 ea:
2809 1913 3054 1985 antiquis
3074 1918 3337 1984 maribus,
3360 1922 3555 1991 quibus
3587 1925 3681 1980 ille
3695 1925 3846 1982 dixit

2195 2011 2308 2049 rem
2337 2002 2483 2053 stare
2515 1999 2834 2068 Romanam,
2859 2020 2995 2073 quos
3017 2007 3096 2061 ita
3117 2007 3389 2064 oblivione
3407 2012 3674 2068 obsoletos
3697 2016 3842 2070 vitle-

2192 2102 2335 2153 mus,
2350 2093 2533 2142 utnon
2557 2091 2712 2144 modo
2733 2108 2840 2146 non
2860 2094 3133 2162 colantur,
3146 2097 3234 2152 sed
3249 2102 3417 2154 etiam
3437 2105 3766 2172 ignorantur
3783 2104 3802 2139 ί
3817 2106 3847 2160 't‘

2195 2175 2331 2230 Nam
2360 2178 2428 2232 de
2450 2179 2581 2232 viris
2609 2180 2742 2251 quid
2772 2183 2948 2237 dicam
2965 2186 2994 2238 ?
3015 2187 3183 2242 Mores
3202 2191 3343 2243 enim
3368 2189 3478 2259 ipsi
3503 2191 3847 2249 interierunt

2194 2267 2441 2320 virorum
2469 2271 2725 2335 penuria,
2749 2271 2905 2340 cujus
2925 2277 3071 2328 tanti
3100 2279 3238 2331 mali
3258 2294 3361 2332 non
3385 2279 3538 2335 modo
3568 2280 3846 2337 reddenda

2194 2357 2338 2410 ratio
2353 2356 2530 2423 nobis,
2546 2362 2636 2412 sed
2653 2362 2823 2414 etiam
2835 2370 2887 2415 ta
2897 2379 3096 2434 nquam
3110 2368 3218 2421 reis
3230 2373 3425 2439 capitis
3446 2370 3843 2440 quodammodo

2193 2445 2418 2500 dicenda
2449 2464 2610 2503 causa
2633 2454 2727 2505 est.
2752 2450 2961 2506 Nostris
2981 2454 3130 2508 enim
3151 2455 3326 2518 vitiis.
3347 2473 3457 2511 non
3477 2475 3602 2513 casu
3634 2459 3844 2532 aliquo,

2194 2537 2588 2603 rempublicam
2632 2539 2789 2593 verba
2839 2544 3139 2598 retinemus
3158 2562 3181 2607 ;
3213 2549 3392 2618 reipsa
3421 2564 3555 2604 vero
3576 2550 3699 2620 jam
3725 2552 3843 2620 pri-

2194 2623 2315 2678 dem
2344 2624 2651 2681 amisimus.

2266 2716 2318 2767 4.
2354 2715 2482 2769 Haec
2514 2716 2706 2772 Cicero
2741 2717 3031 2776 fatebatur
3061 2721 3227 2795 longe
3257 2724 3486 2794 quidem
3525 2731 3657 2797 post
3689 2743 3847 2782 mor-

2195 2804 2309 2858 tem
2351 2803 2604 2858 Alricani
2648 2807 2730 2877 (ιι)
2763 2824 2932 2876 quem
2967 2811 3023 2864 in
3055 2813 3178 2865 suis
3208 2812 3371 2869 libris
3404 2815 3536 2869 fecit
3565 2817 3635 2870 de
3666 2832 3843 2881 repu-

2196 2892 2349 2947 blica
2375 2894 2695 2965 disputare,
2730 2897 2922 2953 adhuc
2951 2905 3144 2955 tamen
3175 2909 3306 2957 ante
3338 2904 3647 2958 adventum
3681 2905 3845 2960 Chri-

2195 2983 2268 3037 sti
2303 2983 2384 3053 (h)
2409 2999 2422 3036 :
2447 3000 2568 3055 quae
2600 2986 2644 3039 si
2677 2985 2978 3042 ditiamata
3005 2995 3060 3042 et
3095 2991 3536 3060 prmvalescente
3568 2993 3844 3064 religione

2196 3071 2516 3127 christiana
2563 3074 2917 3131 sentirentur
2965 3088 3138 3150 atque
3177 3081 3525 3144 dicerentur,
3559 3083 3693 3154 quis
3726 3099 3842 3139 non

2196 3163 2438 3216 istorum
2473 3179 2540 3217 ea
2567 3164 2910 3220 Christianis
2958 3167 3303 3239 imputanda
3353 3187 3479 3227 esse
3528 3173 3838 3227 censeret?

2195 3250 2581 3314 Quamobrem
2599 3269 2828 3308 curnon
2851 3259 3701 3327 curaruntdiieorum,netunc
3717 3278 3838 3331 per-

2193 3339 2300 3395 iret
2329 3348 2500 3411 atque
2530 3347 2892 3399 amitteretur
2923 3345 3019 3399 illa
3051 3348 3400 3418 reapublica,
3434 3367 3610 3420 quam
3642 3351 3836 3407 Cicero

2194 3429 2360 3494 longe
2392 3437 2699 3499 antequam
2734 3433 2997 3490 Christus
3025 3435 3083 3490 in
3114 3453 3288 3492 carne
3310 3440 3583 3506 venisset,
3608 3448 3721 3493 tam
3748 3439 3836 3493 lu-

2193 3520 3333 3592 gubriterdeploratamissam?Viderint
3348 3527 3838 3599 laudatoresejus,

2193 3614 2366 3666 etiam
2419 3609 2536 3665 illis
2583 3613 2836 3682 antiquis
2876 3613 3013 3669 viris
3043 3625 3094 3669 et
3124 3617 3383 3671 moribus
3412 3617 3602 3688 qualis
3636 3617 3836 3684 fuerit,

2194 3711 2390 3756 utrum
2425 3702 2483 3756 in
2508 3718 2573 3756 ea
2598 3702 2843 3772 viguerit
2871 3720 3003 3758 vera
3028 3705 3286 3772 justitia;
3312 3723 3383 3760 an
3410 3710 3552 3762 forte
3571 3723 3674 3762 nec
3700 3714 3838 3763 tunc

2197 3790 2367 3845 fuerit
2387 3794 2507 3844 viva
2531 3794 2924 3858 moribus,sed
2955 3793 3104 3861 picta
3125 3795 3437 3850 coloribus.
3458 3794 3617 3858 Quod
3636 3803 3692 3850 et
3715 3797 3840 3865 ipse

2192 3879 2386 3935 Cicero
2420 3881 2706 3944 nesciens,
2739 3897 2868 3935 cum
2903 3898 3029 3936 eam
3067 3886 3378 3954 praeferret,
3402 3884 3698 3951 eXpressit.
3722 3885 3836 3939 Sed

2192 3969 2357 4033 alias,
2390 3967 2439 4022 si
2471 3970 2623 4024 Deus
2654 3969 2915 4039 voluerit,
2950 3971 3056 4027 hoc
3087 3973 3432 4031 videbimus.
3462 3973 3652 4027 Enitar
3675 3977 3833 4028 enim

2191 4075 2297 4113 suo
2332 4057 2477 4123 loco,
2505 4066 2565 4112 ut
2585 4062 2888 4114 ostendam
2914 4063 3237 4116 secundum
3261 4063 3625 4118 definitiones
3647 4062 3836 4130 ipsius

2192 4146 2504 4215 Ciceronis,
2529 4147 2746 4219 quibus
2769 4148 2906 4218 quid
2928 4150 3004 4204 ait
3026 4151 3371 4219 respublica,
3395 4152 3613 4222 etquid
3638 4153 3714 4205 sit
3738 4168 3836 4222 po-

2195 4238 2385 4307 pulus,
2419 4236 2692 4308 loquente
2720 4241 3007 4308 Scipione,
3034 4239 3277 4293 breviter
3309 4241 3504 4310 posuit
3534 4240 3836 4313 (attestan-

2194 4326 2346 4380 tibus
2391 4327 2562 4382 etiam
2619 4327 2842 4397 multis,
2874 4331 2996 4382 sive
3033 4329 3237 4398 ipsius,
3270 4330 3393 4383 sive
3431 4345 3653 4396 eorum,
3688 4346 3837 4401 quos

2191 4413 2347 4484 loqui
2384 4416 2506 4470 fecit
2543 4416 2599 4470 in
2632 4419 2834 4471 eadem
2867 4418 3281 4482 disputatione.
3306 4420 3665 4489 sententiis),
3691 4435 3841 4473 nuu-

2192 4521 2363 4571 quam
2382 4505 2539 4560 illam
2570 4506 2741 4560 fuisse
2766 4507 3360 4580 rempublicam,quia
3377 4524 3672 4578 nunquam
3697 4509 3751 4562 in
3771 4524 3842 4563 ea

2195 4594 2300 4647 fuit
2330 4595 2702 4664 verojustitia
2725 4597 2816 4666 (ο).
2843 4596 3176 4650 Secundum
3205 4596 3620 4665 prohabiliores
3643 4601 3840 4651 autem

2193 4683 2583 4753 deﬁnitiones,
2607 4701 2703 4752 pro
2724 4702 2829 4738 sou
2855 4686 3020 4739 modo
3044 4685 3681 4756 quodam’respublica
3699 4686 3835 4740 fuit:

2191 4778 2249 4827 et
2279 4772 2493 4827 melius
2515 4775 2585 4828 ab
2609 4774 3042 4846 antiquioribus
3077 4773 3377 4838 Romanis,
3402 4792 3578 4845 quam
3601 4792 3632 4829 a
3654 4781 3842 4844 poste-

2193 4861 2444 4917 rioribus
2457 4863 3584 4935 administrataest.Veraautemjustitia
3600 4882 3709 4919 non
3726 4868 3836 4930 est,

2253 5095 2277 5156 ἦ
2302 5091 2485 5156 Plures
2511 5093 2655 5146 Mss..
2682 5092 2780 5156 sed
2797 5093 2928 5153 jam
2961 5092 3083 5156 (vel,
3132 5092 3224 5141 sed
3269 5102 3320 5142 et
3354 5095 3526 5155 μνη.)
3575 5120 3636 5133 -—
3664 5094 3843 5144 Nostri

2189 5154 2359 5207 codd..
2390 5154 2481 5202 sed
2499 5168 2648 5214 Jam.
2680 5155 2745 5202 M.

2252 5215 2272 5248 ²
2303 5215 2388 5283 Sic
2415 5218 2642 5280 potiores
2672 5218 2792 5268 Mss.
2840 5220 2908 5268 At
2952 5218 3106 5268 Vind.
3151 5222 3204 5269 et
3230 5219 3314 5268 Er.
3363 5219 3652 5283 quaedam.
3689 5219 3840 5276 Lov.,

2227 5280 2488 5328 umidam.

2187 5293 2333 5400 qua;
2342 5293 2521 5408 iungis
2536 5344 2655 5408 post
2668 5343 2904 5394 Africani
2919 5347 3160 5394 mortem.
3175 5358 3313 5408 quae
3332 5345 3399 5394 ad
3418 5345 3572 5395 Urbis
3591 5345 3840 5398 conditae

2187 5417 2389 5471 annum
2421 5405 2512 5454 624
2548 5405 2788 5471 refertur,
2820 5408 3027 5458 circiter
3053 5405 3406 5471 septuaginta.

2249 5467 2318 5524 (ὁ)
2348 5471 2503 5534 _Anno
2532 5469 2731 5519 scilicet
2759 5471 3086 5534 sexagesimo
3107 5467 3230 5519 ante
3250 5467 3533 5519 Christum.
3558 5471 3694 5534 Nam
3715 5483 3748 5519 a
3766 5468 3847 5534 Ci-

2188 5530 2392 5596 ceronis
2439 5534 2738 5596 consulatu,
2785 5530 3065 5595 quo'anno
3111 5535 3223 5596 ipse
3257 5533 3420 5581 libros
3462 5535 3526 5581 de
3556 5533 3846 5595 Republica

2187 5591 2368 5647 edidit,
2391 5594 2458 5641 ad
2496 5607 2698 5644 annum
2717 5591 3043 5658 trigesimum
3065 5591 3352 5646 secundum
3372 5596 3578 5658 imperii
3599 5591 3842 5656 Augusti,

2190 5667 2296 5720 quo
2324 5659 2485 5720 natus
2512 5660 2601 5720 est
2632 5660 2891 5715 Christus.
2943 5661 3354 5712 intercesserunt
3385 5659 3513 5709 anni
3544 5659 3843 5720 sexaginta.

2250 5719 2320 5780 (ο)
2349 5717 2478 5770 Vide
2504 5719 2662 5784 intra,
2694 5723 2787 5773 lib.
2822 5722 2893 5780 19,
2930 5731 3076 5790 capp.
3107 5721 3189 5782 21,
3217 5721 3296 5774 24.
