4128 6190
279 346 352 404 es
1371 377 1378 386 ς
1630 341 1859 403 LIBER
1905 341 2325 408 SECUNDUS.
3602 362 3676 424 7ο

276 477 385 534 nisi
415 476 476 532 in
498 493 568 533 ea
597 475 913 547 republica,
946 476 1118 544 cujus
1148 476 1414 532 conditor
1432 479 1732 546 rectorque
1749 475 1916 532 Chri-

279 574 397 623 stus
427 571 545 633 est;
565 566 875 638 sietipsam
892 565 1315 636 rempublicam
1349 565 1534 637 placet
1555 567 1768 633 dicere,
1785 582 1917 637 quo-

280 657 430 713 niam
463 673 591 712 eam
625 672 744 711 rem
775 646 1108 727 papuliesse
1124 671 1336 726 negare
1367 673 1482 710 non
1516 672 1842 724 possumus.
1860 654 1916 709 Si

278 754 462 802 autem
483 746 588 802 hoc
605 762 837 810 nomen,
854 746 1008 816 quod
1023 745 1160 799 alibi
1184 745 1467 816 aliterque
1489 745 1786 818 vulgatum
1811 749 1915 810 est,

280 839 348 892 ab
380 853 488 891 usu
525 843 730 891 uestras
761 834 1072 891 locutionis
1101 841 1193 890 est
1225 837 1368 890 forte
1406 835 1681 890 remotius
1711 855 1726 903 ;
1760 835 1816 889 in
1850 851 1918 890 ea

279 932 423 980 certe
451 926 682 980 civitate
736 929 824 980 est
867 940 1002 979 vera
1034 924 1284 993 justitia,
1319 925 1390 979 de
1448 941 1565 996 qua
1621 923 1920 992 Scriptura

277 1019 471 1070 sancta
512 1014 677 1082 dicit,
728 1012 978 1068 Gloriosa
1026 1014 1173 1067 dicta
1210 1018 1338 1068 sunt
1367 1013 1431 1069 de
1460 1024 1528 1078 te,
1587 1013 1782 1068 civitas
1817 1013 1924 1067 Dei

281 1103 443 1174 (Psal.
478 1118 698 1168 Lxxxw,
739 1103 818 1174 3).

277 1191 508 1248 CAPUT
532 1191 706 1248 XXII.
737 1223 804 1233 —
829 1189 977 1261 Quod
993 1191 1101 1247 dii:
1121 1194 1489 1248 Romanorum
1507 1192 1664 1247 nulla
1677 1209 1921 1264 unquam

347 1297 482 1336 cura
501 1282 697 1351 fuerit,
729 1297 798 1336 ne
815 1283 978 1336 mali:
1003 1282 1256 1337 moribus
1280 1281 1593 1352 reSpublica
1621 1282 1918 1353 dvperiret.

351 1373 401 1426 1.
433 1372 539 1426 Sed
574 1373 726 1442 quod
765 1371 1013 1442 pertinet
1039 1371 1109 1426 ad
1145 1378 1486 1442 presentem
1513 1372 1921 1443 quaestionem,

277 1459 602 1530 quamlibet
631 1459 986 1516 laudabilem
1028 1461 1227 1516 dicant
1248 1459 1421 1516 istam
1465 1461 1645 1516 fuisse
1675 1460 1762 1516 vel
1793 1476 1922 1516 esse

276 1549 1045 1620 rempublicam,secundnm
1062 1565 1259 1604 eorum
1273 1557 1536 1605 auctores
1550 1549 1923 1606 doctissimos

272 1638 388 1709 jam
415 1637 590 1709 longe
611 1647 746 1692 ante
771 1636 986 1693 Christi
1017 1640 1328 1694 adventum
1364 1638 1619 1710 pessima
1647 1654 1712 1693 ac
1754 1638 1920 1710 ﬂagi-

279 1727 600 1783 tiosissima
650 1728 795 1783 facta
825 1733 949 1783 erat
980 1745 994 1783 :
1038 1728 1155 1782 imo
1186 1744 1316 1783 vero
1366 1728 1525 1783 nulla
1555 1726 1701 1795 erat,
1754 1735 1926 1798 atque

272 1815 510 1871 omnino
529 1815 782 1886 perierat
814 1816 1228 1887 perditissimis
1255 1817 1539 1877 moribus,
1564 1817 1635 1873 Ut
1655 1833 1788 1889 ergo
1809 1833 1922 1872 non

275 1906 505 1976 periret,
539 1906 619 1961 dii
674 1909 948 1964 custodes
987 1909 1116 1978 ejus
1160 1906 1368 1976 p0pulo
1412 1907 1620 1962 cultori
1650 1923 1755 1962 suo
1785 1908 1926 1963 dare

279 1996 589 2068 praecipua;
612 1995 736 2051 vitae
765 2013 831 2052 ac
855 2013 1082 2052 morum
1100 1997 1787 2068 prteceptadeboerunt,a
1807 2012 1925 2068 quo

275 2089 363 2139 tot
395 2084 659 2158 templis,
690 2091 776 2141 tot
804 2087 1204 2142 sacerdotibus
1226 2093 1284 2141 et
1304 2086 1722 2141 sacrificiorum
1745 2103 1928 2158 gene-

279 2175 470 2243 ribus,
506 2185 622 2230 lam
661 2175 1090 2248 multiplicibus
1119 2177 1407 2248 variisque
1431 2177 1628 2240 sacris,
1646 2183 1729 2231 tot
1760 2176 1927 2232 festis

283 2261 782 2329 solemnitatibus,
807 2270 1317 2335 tottantorumque
1338 2264 1604 2319 ludorum
1629 2262 1930 2319 celebrita-

283 2351 445 2407 tibus
469 2352 844 2408 colebantur:
870 2353 970 2408 ubi
993 2353 1137 2408 nihil
1161 2355 1457 2408 daemones
1490 2352 1601 2407 nisi
1635 2352 1928 2424 negotium

279 2457 466 2496 suum
499 2447 761 2512 egerunt.
788 2458 901 2497 non
921 2449 1194 2497 curantes
1213 2442 1700 2512 quemadmodum
1734 2441 1814 2496 illi
1848 2441 1930 2495 vi-

275 2537 514 2593 verent,
539 2529 658 2584 imo
688 2536 963 2584 curantes
978 2538 1041 2584 ut
1057 2529 1230 2584 etiam
1254 2531 1474 2600 perdite
1495 2530 1768 2600 viverent,
1790 2532 1929 2586 dum

272 2621 487 2672 tamen
524 2617 726 2673 honori
747 2635 852 2674 suo
875 2618 974 2674 illa
994 2619 1190 2674 omnia
1217 2625 1374 2674 metu
1399 2620 1610 2674 subditi
1639 2622 1929 2675 ministra-

277 2712 432 2763 rent.
499 2706 623 2761 Aut
697 2709 746 2762 si
806 2708 1111 2771 dederunt,
1166 2711 1511 2778 proferatur,
1571 2710 1927 2776 ostendatur,

281 2797 534 2865 legatur,
571 2811 719 2865 quas
760 2795 1003 2850 deorum
1039 2795 1190 2865 leges
1229 2796 1312 2850 illi
1345 2797 1558 2851 civitati
1589 2797 1758 2852 datas
1789 2815 1929 2854 con-

279 2890 395 2940 tem
409 2884 636 2956 pserint
649 2884 890 2939 Gracchi
907 2886 1010 2955 (α),
1028 2886 1366 2941 utseditioni
1379 2889 1485 2941 bus
1498 2904 1566 2942 cu
1580 2894 1711 2943 ncta
1735 2872 1932 2944 turba-

280 2979 412 3030 rent
444 2990 458 3041 ;
495 2989 644 3044 quas
697 2973 911 3030 Marius
943 2974 1044 3046 (ὸ).
1084 2981 1140 3029 et
1167 2975 1354 3031 Cinna
1383 2975 1476 3048 (c),
1527 2984 1583 3033 et
1612 2979 1797 3033 Carbo
1829 2978 1929 3047 (ά),

279 3073 342 3120 ut
371 3066 432 3120 in
472 3064 623 3120 bella
654 3063 828 3118 etiam
856 3066 1344 3136 progrederemur
1364 3066 1576 3133 civilia,
1602 3067 1798 3122 causis
1821 3068 1931 3122 ini-

276 3155 581 3229 quissimis
609 3161 904 3226 suscepta,
927 3159 985 3210 et
1005 3156 1320 3211 crudeliter
1339 3163 1502 3228 gesta
1519 3158 1931 3228 crudeliusque

275 3246 445 3300 ﬁnita
480 3263 496 3312 ;
547 3261 696 3317 quas
728 3246 982 3316 denique
1025 3245 1183 3317 Sylla
1236 3249 1363 3317 ipse
1401 3246 1494 3317 (e),
1529 3250 1698 3316 cujus
1729 3247 1928 3314 vitam,

275 3351 494 3402 mores,
522 3335 1072 3397 l'acta,describente
1102 3333 1382 3390 Sallustio
1404 3335 1652 3406 aliisque
1678 3337 1929 3391 historias

276 3427 688 3496 scriptoribus,
722 3425 856 3496 quis
878 3440 994 3479 non
1027 3426 1336 3480 exhorreat
1365 3424 1393 3479 ?
1424 3424 1562 3491 Quis
1595 3426 1755 3480 illam
1778 3441 1928 3480 rem-

276 3515 576 3586 publicam
612 3531 726 3570 non
759 3521 900 3569 tunc
934 3517 1150 3583 perisse
1183 3515 1480 3570 fateatur?

345 3606 400 3659 2.
440 3612 530 3660 An
587 3606 732 3660 forte
765 3608 1000 3674 propter
1054 3603 1466 3672 hujuscemodi
1499 3603 1710 3657 civium
1748 3619 1931 3658 mores

279 3694 660 3766 Virgilianam
695 3693 858 3748 illam
880 3693 1256 3756 sententiam,
1281 3693 1434 3746 sicut
1466 3690 1671 3758 solent,
1697 3707 1794 3760 pro
1825 3692 1926 3749 de~

275 3782 543 3837 lensione
573 3796 810 3835 suorum
845 3780 1084 3834 deorum
1111 3795 1402 3850 opponere
1433 3779 1748 3847 audebunt,

334 3872 639 3920 Discessere
665 3882 848 3919 omnes
874 3869 1054 3932 adytis
1080 3869 1292 3930 arisque
1319 3867 1518 3917 relictis

335 3935 415 3990 Di,
449 3934 650 3996 quibus
675 3933 957 3996 imperium
988 3932 1089 3996 hoc
1102 3934 1336 3996 steterat
1367 3939 1388 3976 γ

835 3994 1059 4043 Λῖηεὶἀ.
1093 3994 1187 4042 lib.
1218 3993 1266 4052 2,
1297 4007 1434 4042 vere.
1466 3992 1575 4050 351,
1605 3992 1742 4055 352.)

271 4079 537 4135 Primum
564 4078 612 4134 si
637 4079 719 4134 ita
747 4085 853 4146 est,
880 4094 994 4134 non
1028 4077 1244 4132 habent
1272 4095 1376 4133 cur
1402 4085 1722 4148 querantur
1742 4080 1811 4134 de
1830 4096 1925 4134 re-

269 4169 488 4241 ligione
504 4168 846 4234 christiana,
881 4169 1035 4239 quod
1063 4167 1170 4222 hac
1190 4167 1391 4222 oil'ensi
1415 4184 1514 4223 eos
1542 4167 1622 4223 dii
1647 4169 1735 4222 sui
1760 4169 1922 4222 dese-

268 4262 530 4317 ruerint:
550 4259 825 4331 quoniam
842 4258 1079 4330 quidem
1099 4257 1348 4328 majores
1363 4259 1690 4327 eorumjam
1709 4258 1928 4328 pridem

271 4351 537 4405 moribus
555 4349 678 4404 suis
699 4348 770 4402 ab
793 4346 963 4403 Urbis
987 4347 1405 4401 altaribustam
1433 4348 1641 4400 multos
1657 4346 1925 4401 acniinu-

273 4444 360 4495 tos
390 4442 556 4502 deos,
591 4444 869 4508 tanquam
930 4452 1168 4490 muscas
1210 4437 1552 4506 abegerunt.
1588 4436 1693 4491 Sed
1733 4446 1926 4491 tamen

272 4528 387 4582 hsec
413 4527 726 4580 numinum
755 4527 922 4578 turba
957 4525 1055 4578 ubi
1078 4533 1219 4588 erat,
1244 4540 1373 4578 cum
1409 4524 1577 4593 longe
1608 4531 1923 4594 antequam

330 4615 685 4728 {agrian-ius
713 4614 980 4665 Gracchus
1007 4615 1060 4663 et
1074 4611 1232 4663 Caius
1259 4613 1372 4675 ejus
1398 4613 1578 4662 frater.
1610 4613 1738 4663 Vide
1767 4627 1930 4677 supra

273 4680 366 4730 col.
397 4680 481 4728 43.

333 4744 403 4805 (In
434 4741 638 4792 Marius
667 4739 936 4800 municeps
956 4739 1204 4805 _Arpin_as
1245 4738 1363 4805 fuit.
1393 4739 1487 4805 qui
1516 4739 1710 4805 Romae
1738 4740 1931 4800 septies

274 4800 456 4855 consul
491 4806 572 4853 est
599 4805 825 4856 creatus,
857 4814 919 4851 ac
945 4801 1281 4863 Jugurtham,
1311 4800 1549 4850 Cimbros
1585 4803 1639 4848 et
1668 4803 1930 4851 Teutonas

274 4868 416 4917 vicit.
452 4868 533 4916 Ad
563 4869 860 4915 extremum
891 4867 1071 4914 autem
1099 4867 1241 4913 moto
1269 4877 1389 4911 cum
1419 4863 1570 4926 Sylla
1596 4863 1734 4913 bello
1763 4865 1926 4925 civili,

271 4932 447 4982 victus
477 4931 592 4992 ipse
618 4929 780 4992 estet
806 4927 863 4974 in
891 4927 1119 4992 Africam
1149 4926 1300 4992 fugit.

333 4995 401 5054 (c)
426 4987 580 5042 Victo
595 4991 758 5054 Mario
781 5003 899 5054 cum
917 4989 983 5054 ad
998 4990 1191 5038 bellum
1209 4987 1622 5054 Mithridaticum
1645 4989 1795 5054 Sylla
1815 5003 1928 5054 pro-

265 5049 915 5113 ﬁcisceretur,Coruelium
927 5051 1146 5113 Cinnam
1159 5054 1213 5100 et
1229 5049 1602 5100 Cn.0ctavium
1615 5049 1856 5101 consules
1873 5053 1931 5100 in

271 5118 404 5168 Urbe
424 5105 647 5180 reliquit
669 5117 838 5164 Cinna
856 5115 1034 5180 studio
1054 5105 1228 5180 rerum
1250 5127 1511 5180 novarum
1535 5128 1578 5180 _a
1614 5115 1813 5180 collega
1826 5115 1928 5180 dis-

273 5182 436 5230 sensit
457 5177 752 5243 pulsusque
767 5180 848 5226 est
861 5179 928 5225 ab
949 5190 1010 5227 eo
1032 5177 1254 5243 eerbe
1268 5191 1283 5243 Ξ
1297 5177 1804 5243 quaminjuriamut
1818 5177 1929 5227 vin-

269 5239 477 5294 dicaret
509 5239 694 5292 Cinna.
713 5243 962 5290 revocato
973 5253 1040 5288 ex
1050 5240 1224 5289 Africa
1238 5239 1421 5294 Mario,
1441 5240 1636 5289 bellum
1650 5240 1772 5289 Urbi
1791 5240 1930 5289 intu-

265 5305 331 5357 lit
346 5308 404 5356 in
415 5318 646 5367 eamque
662 5303 899 5367 tandemi
907 5315 1154 5367 ngressus
1165 5302 1413 5367 caedibus
1428 5317 1509 5352 om
1517 5303 1607 5367 nia
1625 5303 1927 5367 complevit.

327 5371 406 5424 (ά)
439 5363 727 5420 Carbones.
756 5369 820 5415 ut
865 5365 1042 5428 Cicero
1093 5365 1185 5414 lib.
1217 5363 1267 5418 9.
1316 5366 1455 5428 epist
1508 5366 1573 5414 ad
1624 5363 1840 5415 Paetum
1868 5363 1925 5413 2t

271 5431 470 5482 scribit.
503 5430 662 5480 multi
683 5431 898 5480 tuerunt
916 5441 981 5476 ex
1011 5427 1240 5490 Papyria
1268 5427 1456 5488 gente:
1488 5428 1576 5476 hic
1602 5428 1667 5476 de
1695 5441 1801 5488 quo
1830 5430 1931 5476 Au-

271 5495 534 5555 gustinus.
569 5493 742 5540 Cneus
766 5489 1496 5555 Papyrius‘CarAbolltlariauas
1514 5492 1707 5555 partes
1719 5493 1930 5555 secutus

271 5551 324 5617 ξι
349 5570 383 5604 a
410 5556 566 5617 Sylla
609 5555 804 5606 victus.
841 5551 985 5612 'iugit
1029 5552 1086 5601 in
1130 5551 1362 5601 Siciliam
1408 5552 1590 5613 ibique
1633 5551 1871 5615 Lilybaei
1900 5565 1932 5601 a

273 5616 521 5682 Pompeio
551 5618 865 5682 interiectus
894 5617 990 5682 est.

331 5676 1930 5756 (efﬁat-umis”libsistiisti}!!!(tissime.M95659:

283 5738 407 5793 runt
423 5738 1287 5800 ditiorumdmriaamritic,
1298 5738 1934 5805 crudelitatt‘imwgiat‘e'r

277 5806 415 5891 θεία·

2029 493 2219 571 mores
2241 489 2753 554 corrumperentur
2777 486 3026 560 antiqui,
3048 508 3078 546 a
3097 491 3280 550 Gallis
3303 497 3483 554 Roma
3504 502 3673 571 capta

2027 574 2083 623 et
2112 568 2348 626 incensa
2378 578 2467 629 est
2503 574 2532 628 ?
2581 593 2652 630 an
2689 587 2994 643 presentes
3045 580 3189 639 forte
3236 568 3604 644 dormiebant
3643 590 3672 645 Ῥ

2023 658 2184 713 Tunc
2205 662 2354 715 enim
2378 669 2498 717 tota
2525 665 2670 720 Urbe
2692 666 2749 720 in
2777 667 3034 724 hostium
3052 679 3394 740 potestatem
3421 679 3666 748 redacta,

2024 748 2186 802 solus
2218 750 2381 804 collis
2412 752 2780 818 Capitolinos
2813 768 3200 829 remanserat;
3233 765 3670 839 quietiamipse

2023 841 2479 906 caperetur,nisi
2510 847 2716 897 saltem
2742 863 2977 902 anseres
3009 851 3121 904 diis
3138 853 3566 910 dormientibus
3588 859 3670 911 vi-

2023 925 2271 995 gilarent
2300 928 2400 998 (u).
2440 927 2597 984 Unde
2619 948 2762 1000 pene
2794 935 2846 987 in
2875 939 3350 1006 superstitionem
3378 945 3670 1016 rEgyptio-

2024 1030 2148 1068 rum
2168 1016 2382 1071 bestias
2402 1035 2652 1090 avesque
2670 1023 2981 1080 colentium
3007 1026 3187 1082 Roma
3199 1029 3511 1101 deciderat,
3535 1051 3667 1091 cum

2024 1106 2215 1159 anseri
2276 1107 2562 1164 solemnia
2620 1110 3010 1168 celebrabant.
3071 1114 3286 1172 Verum
3339 1120 3409 1175 de
3441 1122 3533 1176 his
3565 1126 3666 1177 ad-

2024 1195 2295 1285 ventitiis,
2319 1204 2376 1251 et
2398 1200 2655 1269 corporis
2682 1202 2873 1272 potius
2904 1221 3080 1275 quam
3113 1207 3290 1263 animi
3331 1213 3521 1281 malis,
3541 1230 3668 1285 qua:

2024 1283 2113 1338 vel
2145 1284 2216 1338 ab
2251 1285 2513 1342 hostibus
2537 1289 2621 1343 vel
2654 1289 2763 1345 alia
2787 1293 2950 1348 clade
2979 1296 3269 1363 accidunt,
3295 1283 3670 1358 nondumiin-

2023 1375 2188 1427 terim
2223 1375 2459 1444 disputo
2492 1394 2504 1430 :
2540 1395 2694 1433 nunc
2727 1396 2834 1450 ago
2885 1383 2957 1437 de
3006 1384 3133 1440 labe
3175 1402 3424 1456 morum,
3456 1392 3673 1461 quibus

2026 1462 2282 1534 primum
2302 1466 2579 1534 paulatim
2596 1468 2965 1537 decoloratis,
2982 1473 3192 1530 deinde
3211 1478 3484 1533 torrentis
3502 1482 3674 1537 modo

2025 1553 2420 1623 priscipitatis,
2435 1563 2618 1621 tanta,
2643 1562 2908 1630 quamvis
2926 1563 3161 1634 integris
3181 1566 3348 1622 tectis
3364 1570 3675 1627 mmnibus-

2025 1658 2160 1714 que,
2197 1644 2348 1699 facta
2379 1651 2469 1700 est
2497 1647 2668 1704 ruina
2706 1650 3058 1720 reipublicae,
3093 1661 3155 1709 ut
3187 1657 3380 1720 magni
3412 1664 3675 1716 auctores

2025 1747 2090 1787 eo
2106 1748 2228 1787 rum
2254 1749 2381 1788 eam
2399 1741 2532 1790 tunc
2551 1739 2830 1794 amissam
2856 1758 2967 1796 non
2991 1744 3483 1803 dubitentdicere.
3501 1751 3674 1807 Recte

2024 1828 2218 1876 autem
2251 1823 2676 1896 abscesserunt,
2714 1837 2772 1882 ut
2824 1830 3207 1897 amitteretur,
3250 1851 3436 1892 omnes
3493 1839 3675 1911 adytis

2023 1913 2251 1978 arisque
2281 1911 2488 1968 relictis
2504 1915 2605 1980 dii,
2631 1919 2678 1970 si
2712 1933 2909 1974 eorum
2936 1921 3006 1976 de
3029 1922 3176 1977 bona
3197 1924 3353 1980 vita'
3387 1930 3673 1999 atqueju-

2028 1999 2190 2055 stitia
2207 2001 2409 2058 civitas
2430 2012 2715 2078 praecepta
2735 2013 3178 2080 contempserat.
3200 2014 3365 2068 Nunc
3389 2031 3521 2071 vero
3543 2034 3676 2086 qua-

2027 2087 2135 2155 les,
2168 2106 2384 2161 qtteso,
2440 2093 2521 2148 dii
2555 2095 2806 2163 luerunt,
2839 2097 2888 2153 si
2921 2099 3238 2156 noluerunt
3293 2119 3426 2159 cum
3462 2107 3674 2176 populo

2031 2178 2254 2234 cultore
2285 2198 2391 2236 suo
2417 2183 2622 2250 vivere,
2656 2202 2827 2256 quem
2862 2193 3012 2244 male
3040 2191 3322 2247 viventem
3347 2210 3460 2249 non
3499 2196 3673 2251 docu-

2031 2274 2197 2324 erant
2220 2270 2362 2326 bene
2383 2272 2570 2327 vivere
2590 2275 2619 2327 ?

2033 2401 2266 2458 CAPUT
2307 2404 2509 2460 XXIII.
2561 2436 2627 2447 —
2691 2409 2988 2465 Varietale:
3028 2427 3214 2466 rerum
3265 2414 3675 2485 temporalium,

2103 2507 2212 2546 non
2242 2509 2314 2548 ex
2362 2496 2550 2560 favore
2579 2503 2676 2551 aut
2697 2497 3110 2568 impugnatione
3149 2501 3482 2572 daemonum,
3500 2506 3590 2560 sed
3611 2523 3677 2563 es

2105 2583 2222 2635 veri
2253 2583 2351 2637 Dei
2373 2583 2610 2654 pendere
2628 2585 2860 2657 judicio.

2109 2721 2157 2772 l.
2191 2717 2363 2783 Quid,
2399 2721 2554 2789 quod
2584 2721 2754 2777 etiam
2777 2721 3047 2778 videntur
3075 2740 3274 2781 eorum
3295 2727 3550 2784 adfuisse
3572 2746 3676 2786 cu-

2032 2806 2381 2878 piditatibus
2404 2811 2479 2865 im
2492 2810 2738 2879 plendis,
2756 2817 2813 2866 et
2828 2815 3215 2870 ostenduntur
3237 2833 3350 2872 non
3377 2819 3675 2889 praefuisse

2032 2897 2396 2952 refrenandis
2422 2899 2448 2953 Ἰ
2471 2899 2578 2964 Qui
2599 2904 2751 2956 enim
2775 2902 3034 2970 Marium,
3070 2922 3280 2960 novum
3307 2907 3596 2964 hominem
3621 2915 3678 2965 et

2031 2985 2368 3054 ignobilem,
2401 2989 2879 3045 cruentissimum
2915 3000 3205 3050 auctorem
3233 2995 3513 3052 bellorum
3539 2998 3678 3054 civi-

2033 3073 2177 3130 lium
2211 3081 2384 3144 atque
2414 3086 2724 3146 gestarem.
2762 3085 2823 3134 ut
2852 3088 3065 3152 septies
3099 3084 3302 3139 consul
3327 3083 3491 3142 ﬁeret
3513 3087 3678 3156 adju-

2030 3174 2250 3227 verunt,
2270 3173 2443 3236 atque
2467 3166 2605 3221 utin
2631 3169 2878 3236 septimo
2901 3187 3007 3224 suo
3029 3173 3335 3228 consulatu
3365 3182 3680 3231 moreretur

2031 3267 2230 3321 senex,
2260 3270 2362 3308 nec
2395 3255 2450 3309 in
2487 3273 2696 3312 manus
2726 3258 2893 3328 Sylla:
2921 3261 3097 3316 futuri
3133 3279 3263 3317 mox
3309 3263 3545 3320 victoris
3593 3266 3677 3320 ir-

2032 3349 2225 3397 rueret
2255 3343 2392 3397 ’?Si
2426 3345 2580 3400 enim
2615 3349 2681 3402 ad
2726 3350 2841 3403 haec
2874 3366 3004 3404 cum
3035 3351 3113 3404 dii
3138 3368 3337 3408 eorum
3373 3372 3485 3410 non
3512 3357 3679 3426 juve-

2031 3437 2187 3496 runt,
2206 3449 2316 3487 non
2339 3451 2538 3502 parum
2556 3439 2808 3507 estquod
2829 3440 3268 3495 fatenturetiam
3290 3460 3402 3498 non
3423 3445 3683 3514 prepitiis

2029 3520 2144 3574 diis
2176 3522 2299 3574 suis
2333 3539 2497 3591 posse
2522 3526 2784 3580 accidere
2810 3527 3034 3582 homini
3068 3531 3240 3584 istam
3277 3533 3677 3603 temporalem,

2033 3625 2210 3678 quam
2247 3608 2422 3664 nimis
2453 3612 2730 3682 diligunt,
2755 3620 2975 3668 tantam
3012 3617 3383 3687 felicitatem;
3421 3628 3478 3675 et
3511 3639 3681 3690 posse

2035 3696 2325 3762 homines,
2351 3697 2500 3753 sicut
2524 3701 2630 3753 l’uit
2655 3701 2896 3767 Marius,
2931 3702 3139 3768 salute,
3176 3704 3414 3772 viribus,
3449 3708 3680 3776 opibus,

2035 3784 2680 3853 honoribus,dignitate,
2695 3787 3353 3858 Iongaavitatecumulari
3368 3799 3424 3846 et
3439 3795 3677 3863 perfrui,

2033 3873 2148 3928 diis
2178 3873 2342 3928 iratis
2371 3891 2383 3928 :
2407 3891 2570 3946 posse
2591 3876 2765 3930 etiam
2787 3877 3076 3944 homines,
3100 3881 3250 3933 sicut
3275 3880 3368 3934 luit
3399 3882 3676 3952 Regulus,

2035 3963 2382 4034 captivitate,
2461 3965 2755 4032 servitute,
2816 3967 3030 4038 inopia,
3082 3967 3318 4040 vigiliis,
3379 3971 3679 4028 doloribus

2034 4053 2352 4109 excruciari
2388 4059 2446 4108 et
2491 4055 2693 4123 emori,
2742 4055 2853 4109 diis
2905 4055 3132 4113 amicis.
3167 4059 3324 4122 Quod
3361 4059 3408 4113 si
3441 4061 3522 4114 ita
3554 4075 3681 4118 esse

2034 4145 2382 4213 concedunt,
2434 4146 2799 4217 compendio,
2838 4146 2981 4201 nihil
3027 4164 3126 4204 eos
3160 4150 3450 4218 prodesse,
3482 4156 3537 4206 et
3566 4153 3679 4208 coli

2034 4238 2345 4305 superﬂuo,
2381 4234 2753 4292 confitentur.
2791 4235 2932 4291 Nam
2967 4236 3014 4291 si
3045 4238 3362 4293 virtutibus
3411 4240 3591 4296 animi
3623 4247 3679 4299 et

2036 4323 2306 4394 probitati
2333 4323 2666 4394 vite,cujus
2699 4327 2933 4394 pra-mia
2959 4333 3089 4396 post
3120 4335 3364 4382 mortem
3392 4331 3681 4399 speranda

2035 4420 2190 4472 sunt.
2211 4415 2393 4483 magis
2407 4417 2696 4469 contraria
2711 4426 2763 4468 ut
2786 4417 3032 4486 populus
3047 4417 3296 4472 disceret
3311 4419 3673 4490 institerunt;

2035 4501 2080 4554 si
2117 4499 2260 4554 nihil
2293 4502 2470 4556 etiam
2495 4503 2552 4556 in
2587 4501 3143 4560 bistranseuntibus
3174 4511 3230 4560 et
3263 4509 3676 4573 temporalibus

2037 4591 2222 4652 bonis,
2252 4589 2336 4645 vel
2368 4591 2453 4644 eis
2479 4609 2626 4663 quos
2645 4590 2896 4646 oderunt
2935 4602 3160 4661 nocent,
3193 4594 3277 4648 vel
3310 4597 3393 4650 eis
3425 4614 3572 4667 quos
3595 4597 3677 4654 di-

2033 4677 2219 4748 ligunt
2239 4688 2508 4749 prosunt:
2533 4683 2736 4748 utquid
2761 4682 2952 4736 colunt
2968 4683 3069 4737 ur?
3083 4684 3282 4753 utquid
3311 4691 3467 4738 tanto
3481 4689 3676 4742 studio

2035 4769 2258 4821 colendi
2280 4771 2644 4838 requiruntur
2663 4769 2810 4824 ?Cur
2828 4770 3129 4824 laboriosis
3146 4773 3676 4846 tristibusquetem-

2037 4858 2296 4927 poribus,
2314 4864 2591 4930 tanquam
2609 4859 2810 4914 offensi
2825 4860 3672 4931 abscesserint,murmuratur;

2035 4955 2081 5004 et
2122 4954 2349 5014 propter
2377 4963 2474 5003 eos
2505 4949 2817 5001 christiana
2852 4949 3050 5018 religio
3086 4952 3669 5022 conviciisindignis-

2035 5037 2199 5091 simi»
2226 5038 2453 5090 laeditur
2470 5039 2498 5090 ‘3
2527 5039 2580 5092 Si
2607 5045 2796 5090 autem
2822 5039 3033 5092 habent
3055 5041 3113 5092 in
3142 5041 3230 5095 his
3250 5041 3440 5110 rebus,
3465 5042 3549 5096 vel
3576 5043 3672 5097 be-

2036 5125 2247 5191 neﬁcii,
2274 5126 2356 5178 vel
2376 5126 2636 5180 maleficii
2667 5133 3001 5192 poiCaiaiL‘ill
3030 5145 3162 5194 ;cur
3186 5132 3236 5183 in
3264 5132 3344 5184 eis
3365 5131 3677 5186 adfuerunt

2037 5216 2291 5285 pessimo
2311 5219 2428 5268 vim
2451 5215 2646 5280 Matio,
2667 5220 2723 5268 et
2747 5215 2966 5284 Optimo
2992 5218 3198 5289 Regulo
3222 5219 3569 5274 delucrunt?
3588 5223 3672 5277 An

2035 5323 2101 5360 ex
2119 5307 2223 5359 lio-.2
2241 5306 2348 5374 ipsi
2363 5306 2374 5358 i
2389 5305 3062 5374 utelligunluriniustissi
3077 5308 3148 5360 mi
3167 5307 3673 5378 etpessimi?Quod

2098 5481 2559 5543 iLov..dii.qum~u
2570 5496 2620 5528 m
2639 5482 2702 5529 de
2715 5482 2852 5531 bona
2867 5483 3333 5533 vitaDlssentiunt
3347 5485 3520 5534 emtori
3531 5487 3676 5541 libri.

2098 5544 2119 5576 ²
2151 5544 2241 5593 Hic
2267 5543 2394 5592 editi
2425 5544 2770 5594 adduntﬂur
2800 5562 2911 5594 non
2936 5546 3102 5594 etiam
3120 5547 3476 5600 iuveruntmt
3503 5565 3538 5598 α
3559 5565 3680 5600 Ian-

2034 5615 2217 5655 torum
2244 5620 2298 5652 se
2326 5616 2676 5667 compesceret
2702 5609 2771 5656 t'm
2784 5608 3050 5656 manilale
3076 5607 3398 5667 fminarum
3421 5612 3446 5658 ἒ
3457 5611 3554 5662 Sed
3570 5616 3682 5666 haec

2032 5668 2309 5740 absuntab
2321 5669 2570 5740 omnibus
2587 5669 2878 5740 Gallicanis
2891 5675 2945 5722 et
2955 5670 3204 5740 Eumenis
3221 5676 3614 5740 manuscriptis.

2062 5733 2167 5848 tim
2197 5731 2332 5784 Vide
2351 5731 2583 5855 Lihviqm.
2615 5733 2709 5846 iis.
2746 5733 2795 5797 3,
2828 5744 2940 5799 sap.
2972 5727 3033 5784 ss
3063 5738 3205 5803 Seqq.
3238 5739 3292 5788 et
3314 5742 3463 5805 capp.
3491 5727 3578 5793 Ἆγι
3597 5739 3680 5800 ιε,
