4128 6190
416 338 493 400 τι
1477 329 1577 388 DE
1620 327 1985 388 CIVITATE
2026 331 2180 410 DEI,
2226 335 2291 393 S.
2337 333 2763 395 AUGUSTINI
3753 335 3829 394 72

420 471 470 528 si
486 477 786 542 propterea
799 464 1241 539 magistimendi
1261 469 1310 519 et
1329 462 1554 518 colendi
1568 466 2065 536 putantur,neque

421 562 532 618 hoc
567 565 882 634 putentur:
907 556 1261 629 nequeenim
1297 553 1491 608 minus
1521 570 1619 608 eos
1643 553 1937 609 invenitur
1959 555 2066 610 Re-

423 652 596 723 gulus
627 651 896 714 coluisse,
921 663 1095 718 quam
1124 645 1356 698 Marius.
1381 644 1494 698 Nec
1514 643 1644 697 ideo
1677 643 1791 698 vita
1816 646 2068 714 pessima

423 742 988 814 eligendavideatur,
1011 737 1144 806 quia
1165 733 1345 798 magis
1363 733 1730 805 Marioquam
1751 735 2065 808 Regulodii

422 833 632 888 favisse
661 830 1090 884 existimantur.
1140 822 1406 878 Metellus
1454 823 1634 886 enim,
1671 823 2064 880 Romanorum

415 920 879 983 laudatissiinus,
913 913 1013 985 qui
1040 912 1243 967 habuit
1273 911 1526 985 quinque
1551 913 1700 968 filios
1725 915 2067 971 consulares

415 1013 515 1083 (a),
550 1012 722 1063 etiam
755 1022 950 1062 rerum
979 1005 1385 1074 temporalium
1415 1004 1548 1059 felix
1575 1005 1686 1059 fuit
1713 1010 1803 1070 ;et
1822 1004 2068 1060 Catilina

415 1100 730 1173 pessimus,
763 1111 1079 1167 Oppressus
1111 1094 1308 1164 inopia
1339 1099 1395 1148 et
1424 1093 1481 1148 in
1520 1093 1666 1148 bello
1701 1094 1792 1148 sui
1834 1092 2067 1157 sceleris

418 1193 748 1261 prostratus
771 1186 966 1240 infelix
987 1202 999 1238 :
1021 1189 1077 1238 et
1090 1183 1391 1239 verissima
1414 1191 1587 1253 atque
1607 1183 2066 1238 certissimafeli-

420 1280 594 1335 citate
627 1274 965 1348 praepollent
989 1272 1125 1328 boni
1177 1274 1358 1327 Deum
1389 1273 1668 1338 colentes,
1704 1290 1736 1326 a
1786 1289 1903 1344 quo
1944 1273 2067 1330 solo

417 1367 666 1425 conferri
696 1370 904 1437 potest.

487 1460 539 1512 2.
571 1456 862 1526 lllaigitur
885 1452 1212 1524 respublica
1228 1450 1398 1506 malis
1415 1450 1676 1507 moribus
1689 1468 1817 1507 cum
1837 1453 2065 1521 periret,

417 1545 563 1602 nihil
593 1546 670 1599 dii
705 1559 904 1599 eorum
942 1559 1041 1614 pro
1073 1540 1391 1612 dirigendis
1422 1541 1509 1595 vel
1556 1558 1658 1612 pro
1709 1543 2066 1613 corrigendis

415 1643 655 1706 egerunt
691 1632 970 1695 moribus,
1005 1647 1077 1686 ne
1137 1631 1367 1698 periret,
1409 1631 1524 1685 imo
1575 1631 1962 1701 depravandis
2009 1635 2066 1685 et

417 1723 862 1795 corrumpendis
893 1722 1244 1777 addiderunt
1279 1722 1556 1788 moribus,
1592 1726 1655 1776 ut
1692 1722 1925 1791 periret.
1953 1722 2066 1778 Nec

361 1799 364 1801 Δ
417 1832 480 1871 se
495 1816 676 1870 bonos
705 1812 1116 1883 ﬁngant,quod
1133 1809 1289 1866 velut
1310 1809 1510 1865 oll'ensi
1529 1811 1741 1866 civium
1761 1810 2067 1883 iniquitate

421 1903 822 1960 discesserint.
851 1901 1096 1956 Prorsus
1124 1899 1205 1954 ibi
1231 1905 1394 1955 erant
1427 1918 1440 1966 ;
1476 1901 1814 1970 produntur,
1838 1901 2068 1955 convin-

417 2000 668 2050 cuntur:
707 2009 808 2047 nec
830 1991 1144 2046 subvenire
1178 1989 1592 2061 praecipiendo,
1628 2005 1731 2044 nec
1763 1990 1943 2045 latere
1978 1994 2067 2045 ta-

417 2083 601 2140 cendo
621 2085 954 2152 potuerunt.
973 2077 1190 2134 Omitto
1206 2079 1358 2149 quod
1379 2077 1597 2133 Marius
1611 2096 1643 2133 a
1656 2078 2066 2134 miserantibus

417 2169 919 2228 Minturnensibus
953 2167 1180 2222 Marica:
1203 2166 1321 2221 dea;
1355 2167 1412 2220 in
1446 2165 1575 2221 luco
1606 2169 1731 2237 ejus
1760 2183 2066 2223 commen-

414 2263 583 2318 datus
599 2266 708 2327 est,
733 2268 797 2314 ut
815 2258 865 2313 ei
891 2257 1088 2313 omnia
1108 2262 1474 2328 prosperaret
1495 2259 1610 2328 (b);
1645 2262 1703 2313 et
1730 2275 1800 2314 ex
1821 2275 2058 2314 summa

417 2351 817 2424 desperatione
847 2365 1107 2404 reversus
1153 2347 1482 2415 incolumis,
1518 2350 1576 2404 in
1629 2348 1837 2404 Urbem
1899 2349 2066 2404 duxit

419 2441 716 2499 crudelem
748 2438 999 2493 crudelis
1039 2437 1390 2493 exercitum:
1447 2437 1543 2492 ubi
1579 2453 1753 2506 quam
1804 2445 2062 2506 cruenta,

417 2545 594 2602 quam
627 2527 898 2586 incivilis,
926 2527 1242 2597 hostilique
1303 2525 1616 2580 immanior
1667 2527 1794 2596 ejus
1829 2527 2065 2581 victoria

419 2618 593 2674 fuerit
625 2636 639 2685 ;
674 2628 771 2672 eos
794 2614 890 2686 qui
912 2615 1292 2685 scripserunt,
1315 2613 1512 2686 legant
1536 2615 1629 2683 qui
1654 2615 1856 2670 volunt
1889 2618 1928 2670 ¹.
1953 2616 2061 2670 Sed

419 2708 548 2773 hnc,
585 2712 648 2761 ut
678 2705 818 2772 dixi,
841 2706 1043 2759 omitto
1077 2721 1089 2758 :
1123 2720 1225 2758 nec
1256 2703 1473 2758 Marica:
1506 2712 1700 2759 nescio
1743 2706 1833 2759 cui
1873 2705 2064 2760 tribuo

419 2795 586 2850 Marii
637 2795 1020 2864 sanguineam
1066 2792 1427 2860 felicitatem,
1459 2793 1558 2847 sed
1603 2795 1840 2848 occultas
1873 2796 2064 2865 potius

421 2883 793 2954 providentia
829 2883 921 2936 Dei
957 2881 1027 2936 ad
1065 2881 1309 2937 istorum
1352 2897 1450 2936 ora
1481 2881 1815 2952 claudenda,
1848 2899 2062 2954 eosque

419 2972 492 3027 ab
524 2988 714 3027 errore
739 2971 1072 3026 liberandos
1095 2971 1194 3040 qui
1219 2987 1335 3026 non
1365 2971 1572 3026 studiis
1596 2979 1794 3041 agunt,
1819 2973 1917 3028 sed
1944 2973 2064 3029 hac

422 3060 738 3135 prudenter
755 3061 1077 3115 advertunt.
1111 3059 1255 3123 Quia
1283 3066 1338 3114 et
1361 3059 1407 3114 si
1432 3060 1652 3133 aliquid
1687 3061 1742 3115 in
1777 3061 1866 3117 his
1891 3064 2063 3118 rebus

419 3152 709 3207 daemones
726 3155 988 3219 possunt,
1005 3155 1232 3204 tantum
1249 3159 1510 3220 possunt,
1543 3156 1756 3220 quantu
1770 3169 1818 3206 in
1840 3157 2062 3207 secreto

420 3240 847 3310 Omnipotentis
869 3238 1105 3294 arbitrio
1139 3240 1551 3310 permittuntur
1576 3257 1588 3306 ;
1613 3256 1680 3295 ne
1715 3242 2064 3313 maguipen-

418 3331 628 3385 damus
643 3335 929 3384 terrenam
954 3328 1301 3390 felicitatem.
1319 3345 1464 3398 quae,
1500 3328 1651 3383 sicut
1667 3328 1870 3396 Mario,
1892 3332 2063 3385 malis

417 3419 594 3474 etiam
632 3417 974 3488 plerumque
997 3418 1367 3485 conceditur;
1392 3434 1492 3472 nec
1510 3435 1636 3474 eam
1672 3435 1869 3473 rursus
1892 3419 2059 3490 quasi

420 3507 632 3562 malam
655 3507 1160 3573 arbitremur,cum
1176 3522 1242 3561 ea
1257 3506 1473 3561 multos
1485 3507 1656 3563 etiam
1675 3510 1795 3577 pios
1808 3514 1862 3563 et
1882 3509 2062 3564 bonos

422 3597 600 3653 unius
621 3596 718 3650 Dei
751 3595 866 3652 veri
899 3594 1173 3664 cultores,
1210 3597 1408 3651 invitis
1440 3597 1803 3652 daemonibus
1824 3599 2064 3670 prazpol-

417 3685 599 3742 luisse
614 3685 943 3751 videamus;
973 3701 1076 3740 nec
1098 3687 1330 3741 eosdem
1358 3688 1863 3743 immundissimos
1887 3689 2058 3759 spiri-

413 3780 511 3831 tus
542 3774 624 3830 vel
653 3781 883 3846 propter
901 3775 1019 3829 hac
1042 3777 1173 3846 ipsa
1195 3776 1346 3831 bona
1370 3779 1594 3832 malave
1624 3784 1850 3832 terrena
1879 3778 2064 3849 propi-

416 3863 646 3918 tiandos
675 3869 776 3916 aut
809 3862 1101 3918 timendos
1133 3863 1557 3918 existimemus.
1593 3865 1739 3928 Quia
1766 3864 1916 3918 sicut
1948 3863 2062 3934 ipsi

415 3951 548 4008 mali
585 3953 848 4006 homines
879 3951 936 4005 in
961 3957 1130 4017 terra,
1161 3952 1241 4005 sic
1272 3953 1443 4007 etiam
1469 3951 1549 4005 illi
1585 3970 1694 4006 non
1726 3952 1916 4007 omnia
1934 3969 2061 4023 quas

416 4041 620 4095 volunt
653 4041 839 4094 facere
874 4045 1141 4109 possunt,
1177 4041 1286 4094 nisi
1323 4049 1610 4110 quantum
1638 4041 1794 4094 illius
1827 4042 2059 4096 ordina-

416 4126 574 4179 tione
605 4124 882 4178 sinuntur
911 4125 952 4189 ³,
1014 4127 1181 4192 cujus
1212 4122 1378 4194 plene
1419 4125 1644 4193 judicia
1683 4142 1851 4181 nemo
1900 4144 2059 4183 com-

417 4213 744 4282 prehendit,
769 4216 930 4281 juste
965 4229 1130 4266 nemo
1175 4213 1560 4282 reprehendit.

416 4298 650 4355 CAPUT
713 4297 918 4355 XXIV.
954 4330 1019 4340 —
1053 4299 1124 4353 De
1153 4301 1402 4371 Syllum-is
1458 4303 1684 4371 actibus,
1719 4319 1948 4374 quorum
2005 4322 2062 4362 se

485 4389 761 4444 dementes
792 4391 1209 4444 ostentaverant
1244 4392 1551 4461 adjutores.

490 4479 542 4534 1.
575 4476 731 4549 Sylla
751 4476 1064 4548 certeipse,
1083 4479 1255 4548 cujus
1280 4484 1537 4551 tempora
1561 4481 1696 4536 talia
1718 4483 1972 4551 fuerunt,
1999 4491 2061 4541 ut

414 4569 736 4638 superiora,
768 4583 1020 4636 quorum
1083 4567 1290 4623 vindex
1329 4585 1453 4624 esse
1493 4571 1796 4626 videbatur
1824 4572 2057 4630 illorum

413 4657 847 4728 comparatione
862 4663 1279 4728 quererentur,
1313 4674 1443 4715 cum
1476 4660 1734 4732 primum
1757 4667 1825 4718 ad
1851 4664 2058 4722 Urbem

479 4841 492 4903 ξ
526 4837 679 4903 Yind.
712 4838 825 4903 An}.
861 4838 913 4886 et
940 4837 1044 4903 Er,
1076 4838 1267 4901 legant
1295 4840 1394 4903 qui
1423 4840 1568 4888 scire
1603 4841 1810 4894 volunt.

476 4899 496 4934 2
530 4899 721 4948 Omnes
751 4901 893 4954 Mss,
925 4899 1159 4949 sinitur".

470 4964 544 5023 (a)
580 4964 697 5011 Fuit
725 4963 815 5011 ille
844 4964 899 5020 Q.
924 4965 1164 5013 Metellus
1193 4966 1514 5020 Numidicus,
1538 4967 1589 5014 L.
1626 4968 1820 5017 Metelli

1850 4969 2060 5032 pontifi-

409 5025 483 5074 cis
515 5039 674 5086 nepos
702 5025 766 5075 de

794 5040 900 5087 quo
931 5026 1149 5090 Plinius,
1173 5029 1264 5076 lib.
1289 5028 1335 5076 7.
1355 5042 1468 5090 cap.
1492 5031 1550 5077 44
1573 5044 1585 5084 ;
1619 5031 1810 5085 Cicero,
1829 5026 1892 5080 de
1925 5035 2060 5081 Fini-

409 5089 527 5153 bus.
558 5087 649 5153 lib.
683 5087 728 5153 ἦ.
758 5101 906 5151 capp.
930 5088 1010 5145 27,
1031 5089 1128 5146 28;
1160 5093 1350 5139 Tuscul
1389 5087 1480 5140 li'b.
1505 5092 1546 5144 1,
1569 5106 1664 5153 cap
1705 5094 1766 5141 35
1789 5109 1800 5151 ;
1823 5096 2060 5145 Valerius

407 5151 544 5200 Max.
577 5151 668 5198 lib.
700 5149 747 5204 7.
776 5149 887 5214 cap.
926 5154 944 5197 t
983 5153 1110 5214 :qui
1139 5167 1319 5202 omnes
1349 5167 1468 5201 eum
1501 5168 1593 5214 pro
1628 5149 1864 5205 summae
1898 5159 2058 5207 felici~

408 5215 533 5277 tatis
560 5215 801 5276 exemplo
832 5218 1036 5276 ponunt
1093 5216 1250 5263 Filios
1295 5229 1414 5263 eum
1447 5220 1677 5277 quatuor
1733 5222 1938 5266 tantum
1971 5223 2061 5269 ha-

408 5276 602 5343 buisse.
635 5291 700 5324 ex
715 5277 822 5343 illis
844 5277 1187 5343 scriptoribus
1203 5276 1489 5343 observant
1507 5279 1661 5343 Vives
1689 5283 1741 5328 et
1769 5281 2058 5343 Coquaeus.

531 5342 707 5388 tamen
737 5340 858 5408 libri
909 5352 1092 5408 omnes
1126 5354 1270 5408 quos
1315 5340 1570 5401 inspicere
1610 5341 1776 5398 licuit,
1812 5339 2060 5408 quinque

409 5401 555 5461 ﬁlios
591 5418 752 5448 consu
765 5403 928 5454 lares,
966 5403 1158 5449 lerunt.

472 5461 541 5521 (ὁ)
576 5464 870 5512 Minturnas
915 5464 1234 5524 Campaniae
1263 5465 1513 5526 oppidum
1560 5467 1816 5516 deductus
1845 5470 2058 5525 Marius.

411 5537 531 5595 cuin
560 5538 624 5571 ex
655 5527 829 5595 prima
856 5527 1203 5595 pugnacivili
1255 5527 1427 5595 victus
1458 5541 1498 5595 a_
1515 5528 1668 5595 Sylla
1707 5532 1925 5592 lugeret.
1957 5548 2062 5595 qua

410 5586 616 5651 ratione
647 5600 678 5651 a
707 5586 1161 5638 Minturnensibus
1189 5593 1439 5651 exceptus
1460 5586 1606 5645 sitfd
1630 5607 1741 5643 sees
1765 5586 1830 5643 cx
1861 5586 2062 5645 Plutar-

409 5649 508 5721 cho
624 5648 739 5721 eius
769 5651 1127 5721 vita,_V'clleio
1155 5653 1248 5702 lib.
1280 5647 1334 5713 2,
1357 5654 1599 5716 Appiano
1629 5657 1694 5707 de
1721 5659 1877 5709 Bellis
1900 5661 2064 5710 civili-

411 5711 510 5762 bus
544 5710 635 5760 lib.
673 5709 717 5772 1,
749 5714 800 5762 et
831 5714 970 5764 aliis.

2177 471 2379 524 contra
2401 468 2648 524 Marium
2679 474 2868 526 castra
2900 470 3198 537 movisset,
3231 471 3376 526 adeo
3407 471 3521 527 lata
3543 479 3672 529 exta
3715 475 3829 530 im-

2174 557 2415 613 molanti
2450 560 2629 614 fuisse
2659 560 2862 614 scribit
2889 561 3101 623 Livius.
3127 567 3191 615 ut
3211 561 3496 616 custodiri
3529 578 3590 617 se
3614 563 3825 619 Postu—

2175 647 2328 703 mius
2359 664 2609 718 aruspex
2621 649 2867 704 voluerit
2888 649 3099 720 capitis
3117 650 3471 720 supplicium
3491 653 3820 723 subiturus,

2173 737 2284 792 nisi
2316 753 2380 792 ea
2413 755 2540 808 quas
2564 737 2622 791 in
2647 737 2842 792 animo
2872 738 3025 809 Sylla
3059 738 3314 804 haberet,
3339 740 3451 794 diis
3475 743 3821 806 juvantibus

2170 826 2547 898 implevisset.
2566 827 2709 882 Ecce
2726 843 2834 882 non
2861 827 3254 883 discesserant
3275 829 3462 900 adytis
3478 829 3712 903 arisque
3736 849 3820 888 re-

2171 915 2436 982 lictisdii,
2453 915 2687 986 quando
2701 916 2770 971 de
2790 933 2974 971 rerum
2995 922 3198 971 eventu
3220 919 3629 987 praedicabant,
3647 921 3821 976 nihil-

2174 1021 2286 1076 que
2316 1006 2389 1060 de
2415 1005 2599 1076 ipsius
2629 1005 2797 1076 Syllae
2828 1009 3181 1061 correctione
3197 1008 3816 1066 curabantPromitte-

2175 1096 2309 1150 bant
2331 1097 2728 1166 prasagiendo
2752 1095 2770 1129 ί
2791 1096 3117 1151 telicitatem
3161 1113 3450 1167 magnam,
3473 1114 3578 1153 nec
3600 1100 3819 1155 malam

2173 1185 2547 1254 cupiditatem
2579 1185 2855 1239 minando
2877 1185 3236 1254 frangebant.
3271 1185 3635 1242 Deindecum
3661 1197 3816 1243 esset

2171 1272 2230 1328 in
2261 1273 2398 1328 Asia
2427 1273 2646 1328 bellum
2687 1273 3139 1328 Mithridaticum
3182 1289 3406 1344 gerens.
3443 1292 3544 1346 per
3577 1277 3814 1334 Lucium

2169 1362 2376 1417 Titium
2410 1362 2458 1418 ei
2481 1364 2820 1418 mandatum
2853 1364 3151 1428 estaJove,
3172 1365 3322 1435 quod
3347 1365 3819 1423 essetMithrida-

2171 1457 2288 1508 tem
2323 1460 2735 1521 superaturus:
2762 1457 2818 1508 et
2850 1456 3067 1508 factum
3100 1460 3208 1510 est.
3240 1460 3317 1509 Ac
3335 1461 3535 1526 postea
3555 1456 3816 1512 molienti

2171 1542 2354 1597 redire
2385 1542 2441 1596 in
2463 1541 2696 1609 Urbem,
2721 1548 2773 1597 et
2798 1559 2937 1598 suas
2963 1543 3403 1615 amicorumque
3425 1547 3677 1614 injurias
3696 1547 3718 1581 ³
3739 1546 3817 1601 ci-

2170 1630 2560 1702 vilisanguine
2583 1631 2803 1693 ulcisci,
2824 1633 3030 1686 iterum
3051 1637 3388 1687 mandatum
3412 1644 3496 1689 est
3516 1635 3587 1690 ab
3610 1637 3814 1691 eodem

2167 1719 2307 1776 Jove
2341 1736 2437 1791 per
2468 1720 2712 1775 militem
2747 1725 3049 1791 quemdam
3078 1719 3325 1791 legionis
3349 1732 3538 1791 sextae,
3565 1726 3725 1796 prius
3755 1741 3816 1781 se

2169 1810 2240 1865 de
2272 1809 2602 1865 Mithridate
2637 1810 3055 1881 prasnuntiasse
3083 1812 3408 1881 victoriam,
3434 1818 3490 1868 et
3509 1819 3649 1870 tunc
3681 1832 3812 1886 pro-

2170 1899 2393 1955 mittere
2424 1900 2700 1954 daturum
2733 1917 2796 1955 se
2818 1904 3182 1970 potestatem,
3203 1916 3317 1972 qua
3348 1909 3716 1974 recuperaret
3745 1905 3820 1960 ab

2167 1987 2422 2044 inimicis
2437 1988 2848 2059 rempublicam
2867 2005 2978 2044 non
2997 1989 3119 2044 sine
3138 1990 3324 2046 multo
3337 1993 3644 2061 sanguine.
3660 1993 3820 2050 Tunc

2169 2082 2543 2148 percontatus
2565 2076 2742 2148 Sylla,
2759 2093 2887 2147 quas
2912 2077 3098 2131 forma
3114 2077 3285 2133 militi
3312 2077 3436 2134 visa
3459 2081 3631 2136 fuerit
3650 2100 3664 2149 ;
3681 2097 3818 2137 cum

2164 2165 2261 2220 ille
2280 2165 2617 2232 indicasset,
2633 2182 2756 2220 eam
2777 2167 3110 2222 recordatus
3130 2173 3408 2238 estquam
3433 2170 3593 2238 prius
3615 2170 3809 2226 abillo

2165 2255 2555 2326 audierat,qui
2577 2256 2646 2310 de
2665 2255 3057 2312 Mithridatica
3075 2257 3311 2314 victoria
3334 2261 3402 2312 ab
3423 2260 3622 2315 eodem
3645 2277 3810 2316 man-

2166 2345 2301 2401 data
2325 2345 2656 2416 pertulerat.
2678 2347 2824 2412 Quid
2846 2346 2938 2400 hic
2955 2348 3285 2417 responderi
3305 2354 3510 2418 potest,
3532 2350 3810 2420 quaredii

2166 2435 2492 2489 curaverint
2519 2433 2678 2488 velut
2700 2433 2887 2489 felicia
2904 2435 3014 2489 ista
3037 2436 3603 2495 nuntiare.etnullus
3621 2455 3821 2494 eorum

2165 2524 2453 2579 curaverit
2472 2521 2686 2592 Syllam
2716 2524 3004 2579 monendo
3025 2524 3334 2596 corrigam,
3370 2525 3524 2580 mala
3546 2532 3708 2582 tanta
3731 2527 3818 2580 fa-

2166 2616 2394 2667 cturum
2414 2610 2672 2666 scelestis
2689 2611 2870 2666 armis
2882 2611 3170 2680 civilibus,
3189 2612 3378 2683 qualia
3397 2631 3509 2669 non
3529 2616 3812 2670 ltedarent

2167 2702 2267 2757 sed
2299 2702 3272 2772 auferrentomninorempublicam
3297 2703 3554 2772 ?Nempe
3595 2705 3816 2760 intelli-

2167 2791 2702 2862 gunturdaemones,
2718 2790 3032 2860 sicutsaape
3049 2793 3185 2856 dixi,
3206 2798 3341 2846 notu
3355 2809 3523 2863 mque
3538 2795 3708 2848 nobis
3722 2798 3819 2848 est

2169 2879 2224 2933 in
2246 2879 2465 2934 Litteris
2479 2879 2682 2949 sacris,
2700 2896 2903 2952 resque
2918 2881 2930 2932 i
2943 2897 3052 2950 pste
3066 2879 3502 2948 satisindicant,
3519 2882 3818 2953 negotium

2168 2985 2338 3024 suum
2370 2984 2560 3040 agere,
2604 2974 2665 3022 ut
2714 2986 2814 3039 pro
2845 2969 2958 3023 diis
2989 2969 3310 3025 habeantur
3338 2976 3394 3026 et
3433 2969 3728 3036 colantur,
3759 2976 3818 3026 et

2169 3076 2233 3114 ea
2266 3059 2382 3115 illis
2413 3060 2814 3127 exhibeantur,
2835 3060 3044 3131 quibus
3078 3060 3115 3114 ii
3149 3059 3246 3131 qui
3279 3060 3552 3116 exhibent
3583 3061 3811 3128 sociati,

2171 3156 2348 3196 unam
2368 3140 2682 3212 pessimam
2713 3157 2951 3196 causam
2969 3156 3103 3196 cum
3120 3142 3206 3196 eis
3239 3141 3488 3196 habeant
3510 3142 3568 3196 in
3585 3142 3810 3212 judicio

2169 3231 2290 3285 Dei.

2237 3319 2290 3374 2.
2326 3318 2545 3374 Deinde
2573 3335 2702 3374 cum
2737 3320 2983 3375 venisset
3003 3325 3317 3375 Tarentum
3341 3319 3519 3391 Sylla,
3544 3319 3813 3391 atqueihi

2169 3412 2572 3477 sacrificasset,
2597 3410 2742 3464 vidit
2772 3410 2829 3465 in
2864 3413 3052 3483 capite
3070 3411 3523 3480 vitulinijecoris
3546 3411 3818 3466 similitu-

2168 3501 2364 3556 dinem
2393 3517 2620 3555 coronae
2651 3517 2858 3555 aurem.
2894 3501 3058 3555 Tunc
3083 3501 3419 3555 Postumius
3451 3500 3813 3571 aruspexille

2169 3590 2487 3662 respondit,
2509 3591 2841 3658 praclarum
2863 3589 2914 3644 ei
2937 3590 3266 3660 significare
3284 3589 3815 3659 victoriam,jussit-

2170 3696 2281 3750 que
2297 3685 2359 3734 ut
2380 3679 2525 3733 extis
2547 3677 2661 3732 illis
2678 3681 2838 3733 solus
2862 3685 3207 3733 vesceretur.
3229 3682 3432 3733 Postea
3456 3695 3624 3746 parvo
3646 3679 3822 3733 inter-

2169 3769 2314 3823 vallo
2345 3785 2540 3824 servus
2571 3770 2879 3836 cujusdam
2916 3768 3072 3824 Lucii
3105 3769 3292 3823 Pontii
3318 3771 3684 3823 vaticinando
3701 3767 3814 3822 cla-

2171 3859 2385 3912 mavit:
2423 3862 2457 3911 A
2488 3857 2722 3912 Bellona
2755 3856 2998 3910 nuntius
3031 3857 3242 3923 venio;
3295 3856 3536 3911 victoria
3569 3863 3666 3910 tua
3699 3861 3810 3920 est,

2169 3947 2346 4018 Sylla.
2374 3946 2586 4001 Deinde
2608 3947 3120 4015 adjecit,arsurum
3155 3963 3283 4001 esse
3301 3945 3669 4016 Capitolium.
3691 3944 3810 3998 Hoc

2168 4051 2299 4090 cum
2333 4034 2592 4103 dixisset,
2617 4034 2890 4090 continuo
2903 4051 3172 4106 egressus
3187 4051 3215 4090 e
3229 4036 3452 4099 castris,
3470 4042 3694 4104 postera
3709 4034 3805 4090 die

2166 4124 2504 4180 concitatior
2535 4140 2800 4180 reversus
2815 4133 2896 4179 est
2909 4168 2922 4193 ,
2938 4135 2986 4179 et
3002 4125 3076 4179 Ca
3087 4125 3285 4195 pitoliu
3299 4140 3350 4178 m
3367 4124 3581 4179 arsisse
3593 4123 3809 4179 clama-

2166 4215 2264 4270 vit.
2298 4216 2533 4268 Arserat
2555 4225 2743 4268 autem
2764 4229 2959 4269 revera
2975 4213 3347 4284 Capitolium.
3383 4214 3541 4277 Quod
3567 4212 3806 4284 quidem

2165 4302 2413 4357 daemoni
2445 4308 2500 4358 et
2533 4303 2842 4374 praavidere
2875 4301 3040 4357 facile
3074 4303 3198 4368 fuit,
3232 4311 3282 4357 et
3315 4301 3612 4357 celerrime
3663 4317 3814 4356 nun-

2163 4394 2324 4449 tiare.
2343 4393 2401 4448 lll
2415 4394 2488 4448 ud
2504 4410 2642 4448 sane
2659 4393 3066 4462 intende,quotl
3086 4395 3151 4447 ad
3173 4409 3409 4448 causam
3429 4391 3675 4447 maxime
3690 4408 3814 4462 per-

2164 4483 2324 4552 tinet,
2341 4482 2738 4553 subqualibus
2755 4483 2868 4538 diis
2885 4499 3011 4538 esse
3026 4482 3377 4552 cupiantqui
3401 4482 3805 4553 blasphemant

2163 4572 2518 4628 Salvatorem
2552 4575 2883 4626 voluntates
2908 4571 3167 4627 ﬁdelium
3192 4588 3224 4625 a
3255 4571 3559 4626 dominatu
3591 4572 3813 4624 daemo-

2164 4679 2298 4717 num
2317 4660 2966 4716 liberantem.Clamavit
2980 4662 3152 4714 homo
3166 4657 3817 4714 vaticinando.Victoria

2164 4756 2264 4806 tua
2296 4761 2398 4819 est,
2421 4750 2603 4822 Sylla;
2629 4757 2802 4821 atque
2835 4751 2963 4805 utid
2983 4749 3396 4819 divinospiritu
3426 4750 3814 4804 clamarecre-

2165 4840 2418 4904 deretur,
2445 4841 2733 4895 nuntiavit
2753 4839 2926 4894 etiam
2953 4837 3170 4909 aliquid
3198 4843 3253 4893 et
3277 4854 3452 4909 prope
3473 4838 3732 4892 futurum
3757 4841 3816 4892 et

2165 4947 2296 4985 mox
2313 4931 2549 4995 factum,
2577 4931 2728 4983 unde
2754 4929 3132 5000 longeaberat
3149 4944 3246 4998 per
3259 4943 3427 4998 quem
3446 4927 3540 4981 ille
3560 4926 3810 4996 spiritus

2162 5017 2254 5084 loq
2267 5019 2530 5073 uehatur:
2548 5035 2659 5073 non
2680 5024 2870 5072 tamen
2887 5015 3262 5084 clamavit,Ab
3275 5016 3594 5072 sceleribus
3616 5032 3806 5087 parce,

2164 5108 2353 5179 Sylla;
2389 5123 2518 5180 quas
2549 5106 2668 5160 illic
2696 5108 2876 5160 victor
2904 5110 3022 5160 tam
3051 5106 3340 5161 horrenda
3369 5106 3685 5170 commisit,
3713 5106 3810 5160 cui

2166 5213 2377 5252 corona
2409 5212 2584 5251 aurea
2606 5195 2789 5265 ipsius
2813 5196 3064 5250 victorias
3084 5195 3552 5251 illustrissimum
3577 5194 3819 5266 signum

2167 5287 2224 5340 in
2257 5285 2712 5356 vitulinojecore
2745 5285 3035 5356 apparuit.
3056 5285 3262 5349 Qualia
3285 5285 3453 5356 signa
3483 5285 3532 5340 si
3564 5282 3816 5354 diijusti

2231 5533 2418 5607 thnd.
2438 5534 2564 5607 Am.
2584 5535 2637 5582 et
2665 5531 3444 5594 manuscripti,praesagando.
3462 5557 3523 5567 —
3544 5529 3628 5579 Sic
3657 5529 3820 5579 etiam

2167 5596 2262 5692 M52.
2285 5595 2715 5715 ng:,h:isb01*tas
2747 5659 3019 5721 injurias.
3056 5659 3231 5710 Abest.
3281 5657 3555 5710 subortas,
3604 5670 3634 5704 a
3667 5655 3823 5706 Vind.

2169 5722 2284 5772 Am.
2323 5721 2405 5772 Er.
2440 5725 2493 5772 et
2521 5736 2554 5773 a
2581 5722 2846 5786 plerisque
2877 5721 3264 5784 manuscriptis.
