4128 6190
294 244 377 304 73

295 379 438 434 dare
467 375 742 442 solerent,
785 389 850 432 ac
884 391 996 430 non
1023 375 1314 432 daemones
1345 374 1533 448 impii,
1568 377 1816 448 profecto
1841 374 1957 432 illis

294 466 442 522 extis
471 465 696 521 nefaria
726 465 916 536 potius
948 471 1122 535 atque
1154 463 1262 536 ipsi
1294 463 1464 536 Syllaa
1495 463 1752 537 graviter
1783 463 1954 520 noxia

298 556 456 614 mala
479 557 678 612 futura
713 558 1124 611 monstrarent.
1145 555 1339 626 Neque
1363 554 1519 610 enim
1543 557 1670 626 ejus
1685 553 1958 625 dignitati

298 652 533 702 tantum
560 646 780 717 profuit
799 644 900 702 illa
917 643 1179 713 victoria,
1200 648 1488 716 quantum
1521 645 1720 702 nocuit
1737 642 1960 716 cupidi-

302 735 440 804 tati;
459 753 575 808 qua
592 737 806 791 factum
824 738 913 791 est
927 733 1404 791 utimmoderatis
1418 734 1676 802 inhians,
1691 739 1962 790 etsecun-

303 825 399 882 dis
412 825 589 882 rebus
603 823 792 880 elatus
813 839 876 879 ac
896 822 1315 894 praecipitatus,
1332 823 1521 895 magis
1537 822 1660 893 ipse
1675 824 1887 895 periret
1899 821 1961 878 in

307 915 598 981 moribus,
619 928 796 985 quam
813 911 1154 968 inimicosin
1168 913 1512 983 corporibus
1527 911 1809 984 perderet.
1831 909 1962 966 Haec

303 1003 395 1060 illi
425 1002 509 1059 dii
529 1018 663 1059 vere
691 1001 886 1058 tristia
915 1017 1166 1073 vereque
1197 1000 1464 1072 lugenda,
1498 1017 1611 1058 non
1645 999 1815 1068 extis,
1843 1016 1960 1056 non

308 1092 596 1164 auguriis,
625 1106 744 1148 non
766 1091 1116 1164 cujusquam
1137 1089 1367 1147 somnio
1395 1089 1488 1147 vel
1521 1089 1794 1146 vaticinio
1826 1105 1963 1160 pres-

302 1181 680 1240 nuntiabant.
715 1179 904 1252 Magis
934 1179 1090 1236 enim
1124 1179 1415 1236 timebant
1455 1195 1528 1236 ne
1559 1177 1962 1250 corrigeretur,

305 1287 493 1343 quam
525 1286 596 1327 ne
622 1270 973 1327 vinceretur.
997 1268 1119 1325 Imo
1144 1269 1291 1324 satis
1311 1268 1581 1341 agebant.
1601 1273 1668 1323 ut
1689 1268 1870 1323 victor
1889 1267 1967 1323 ci-

301 1361 469 1418 vium
502 1359 814 1432 gloriosus,
827 1359 1016 1416 victus
1033 1362 1209 1430 atque
1224 1359 1484 1429 captivus
1499 1357 1768 1414 nefandis
1787 1357 1963 1426 vitiis,

305 1455 367 1507 et
398 1467 500 1522 per
528 1449 652 1506 hac
669 1449 812 1522 ipsis
832 1449 1010 1506 etiam
1034 1448 1400 1506 daemonibus
1423 1447 1606 1504 multo
1622 1446 1966 1504 obstrictius

307 1540 678 1596 subderetur.

309 1684 547 1742 CAPUT
567 1683 738 1742 XXV.
753 1716 814 1725 —
847 1684 1122 1754 Quantum
1139 1681 1381 1755 maligni
1393 1681 1627 1755 spiritus
1648 1680 1725 1738 ad
1741 1679 1972 1753 ﬂagitia

396 1775 626 1830 incitent
653 1771 924 1839 homines,
958 1787 1084 1828 cum
1131 1773 1191 1826 in
1236 1769 1646 1828 committendis
1668 1769 1968 1826 sceleribus

387 1866 550 1939 quasi
565 1863 624 1919 di
629 1865 812 1920 ninam
833 1862 1074 1934 exempli
1085 1863 1176 1918 sui
1187 1850 1547 1934 interponunt
1560 1861 1972 1917 auctoritatem.

387 1957 442 2011 1.
477 1954 645 2010 Illinc
668 1969 799 2010 vero
828 1951 962 2024 quis
986 1966 1103 2008 non
1125 1949 1436 2023 intelligat,
1459 1950 1595 2023 quis
1617 1966 1735 2007 non
1757 1947 1974 2014 videat,

313 2046 432 2104 nisi
455 2043 712 2117 quitales
733 2043 872 2099 deos
895 2041 1112 2098 imitari
1145 2040 1332 2112 magis
1351 2040 1548 2112 elegit,
1576 2054 1752 2112 quam
1777 2035 1976 2093 divina

314 2137 508 2211 gratia
521 2135 593 2191 ab
615 2149 816 2191 eorum
835 2132 1109 2190 societate
1127 2131 1406 2204 separari,
1423 2134 1705 2201 quantum
1733 2126 1976 2185 molian-

316 2235 412 2283 tur
441 2225 688 2298 maligni
719 2225 818 2282 isti
840 2224 1086 2296 spiritus
1108 2222 1372 2293 exemplo
1393 2237 1501 2278 suo
1530 2219 1690 2278 velut
1719 2218 1976 2276 divinam

317 2317 730 2375 auctoritatem
748 2314 1003 2385 praebere
1025 2310 1370 2378 sceleribus,
1384 2309 1541 2383 quod
1555 2310 1729 2366 etiam
1752 2308 1809 2364 in
1832 2323 1975 2379 qua-

316 2407 461 2463 dam
495 2401 828 2474 Campania;
849 2400 962 2456 lata
983 2399 1248 2472 planitie,
1279 2399 1382 2455 ubi
1413 2414 1527 2455 non
1553 2397 1734 2454 multo
1749 2400 1879 2469 post
1895 2395 1968 2451 ci-

310 2492 474 2551 viles
506 2491 662 2548 acies
692 2487 913 2544 nefario
945 2486 1144 2559 praalio
1161 2485 1575 2551 conﬂixerunt,
1608 2484 1716 2556 ipsi
1747 2483 1896 2540 inter
1916 2498 1978 2539 se

314 2580 495 2655 prius
526 2594 788 2652 pugnare
804 2575 914 2633 visi
936 2581 1080 2632 sunt
1100 2575 1177 2647 (a)
1196 2576 1224 2630 ‘2
1250 2574 1514 2646 Namque
1541 2573 1621 2629 ibi
1645 2573 1826 2629 auditi
1847 2575 1978 2629 sunt

320 2670 590 2746 primum
615 2669 884 2740 ingentes
903 2666 1191 2737 fragores:
1220 2678 1469 2736 moxque
1489 2662 1655 2719 multi
1680 2679 1740 2719 se
1757 2661 1978 2719 vidisse

322 2759 682 2818 nuntiarunt
697 2772 801 2828 per
819 2755 1044 2828 aliquot
1065 2754 1186 2810 dies
1209 2753 1354 2810 duas
1376 2753 1530 2809 acies
1553 2751 1816 2824 proeliari.
1841 2753 1976 2818 Quae

323 2865 525 2922 pugna
555 2847 655 2904 ubi
687 2845 934 2914 destitit,
965 2843 1207 2916 vestigia
1221 2858 1454 2916 quoque
1484 2841 1640 2898 velut
1669 2840 1977 2898 hominum

317 2944 382 2997 et
412 2953 722 3010 equorum,
738 2939 956 3008 quanta
968 2935 1040 2990 de
1059 2933 1160 2990 illa
1173 2932 1602 2991 conﬂictatione
1617 2932 1862 3005 exprimi
1882 2948 1979 3004 po-

324 3035 536 3098 terant,
557 3027 923 3083 invenerunt.
941 3023 1005 3080 Si
1023 3039 1154 3094 ergo
1175 3023 1455 3081 veraciter
1479 3025 1626 3080 inter
1645 3038 1708 3080 se
1729 3023 1977 3079 numina

317 3119 750 3193 pugnaverunt,
763 3115 883 3186 jam
899 3113 1048 3171 bella
1063 3113 1254 3170 civilia
1267 3117 1620 3170 excusantur
1639 3112 1901 3169 humana
1913 3111 1930 3146 ¹
1959 3129 1974 3180 ;

317 3208 730 3267 consideretur
758 3209 1092 3277 tamenquae
1115 3205 1195 3262 sit
1211 3203 1419 3260 talium
1443 3205 1683 3260 deorum
1707 3203 1792 3260 vel
1818 3201 1976 3259 mali-

322 3299 433 3365 tia,
465 3297 553 3354 vel
602 3296 841 3354 miseria
873 3311 888 3352 :
922 3295 971 3351 si
1003 3298 1196 3350 autem
1231 3310 1294 3351 se
1343 3310 1632 3366 pugnasse
1662 3292 1974 3364 finxerunt,

321 3388 470 3460 quid
487 3385 647 3443 aliud
659 3383 1036 3458 egerunt,nisi
1054 3388 1119 3441 ut
1131 3382 1241 3440 sibi
1257 3383 1502 3440 Romani
1516 3381 1788 3439 bellando
1801 3381 1978 3437 civili—

322 3481 727 3548 ter,tanquam
739 3476 979 3532 deorum
992 3473 1253 3546 exemplo
1266 3472 1481 3530 nullum
1498 3473 1660 3529 nefas
1675 3471 1980 3527 admittere

323 3568 671 3625 viderentur
697 3567 726 3621 ‘I
745 3565 874 3621 Jam
903 3565 1057 3622 enim
1083 3566 1378 3636 cmperant
1398 3561 1546 3618 bella
1567 3560 1782 3626 civilia,
1806 3559 1978 3615 etali-

326 3661 478 3730 quot
506 3657 528 3691 ²
556 3655 938 3712 nefandorum
973 3653 1306 3726 praeliorum
1357 3655 1583 3721 strages
1628 3649 1980 3705 exsecranda

325 3747 724 3818 praecesserat:
740 3743 856 3814 iam
872 3741 1086 3799 multos
1099 3743 1357 3798 moverat
1372 3739 1522 3810 quod
1540 3735 1707 3794 miles
1720 3737 1978 3808 quidam,

322 3837 474 3892 dum
503 3833 694 3891 occiso
726 3830 912 3906 spolia
941 3831 1291 3897 detraheret,
1311 3830 1544 3886 fratrem
1565 3827 1781 3883 nudato
1804 3827 1977 3883 cada-

322 3939 461 3982 vere
491 3923 744 3996 agnovit,
777 3939 843 3979 ac
864 3922 1183 3978 detestatus
1209 3919 1362 3976 bella
1375 3918 1667 3986 civilia,se
1693 3916 1980 3990 ipsumibi

319 4013 625 4087 perimens
653 4012 901 4068 fraterno
918 4008 1143 4082 corpori
1162 4007 1428 4079 adjunxit
1447 4009 1544 4080 (b).
1570 4010 1643 4063 Ut
1662 4023 1798 4078 ergo
1835 4005 1978 4061 tanti

320 4105 508 4177 hujus
521 4102 658 4158 mali
674 4101 916 4158 minime
928 4098 1287 4166 tzederet,sed
1301 4095 1979 4155 armorumscelestorum

321 4194 517 4267 magis
535 4192 839 4264 magisque
865 4191 1038 4246 ardor
1059 4191 1428 4254 incresceret,
1451 4185 1606 4243 noxii
1629 4187 1920 4242 daemones
1935 4186 1979 4255 ³,

323 4299 481 4358 quos
499 4281 582 4338 illi
617 4283 755 4339 deos
777 4283 1050 4352 putantes
1074 4277 1351 4334 colendos
1372 4280 1430 4333 et
1449 4276 1811 4332 venerandos
1833 4274 1982 4330 arbi-

325 4374 656 4441 trabantur,
689 4370 842 4426 inter
871 4385 934 4425 se
974 4373 1303 4440 pugnantes
1337 4364 1675 4421 hominibus
1706 4378 1982 4435 apparere

327 4462 646 4521 voluerunt
670 4457 1006 4530 ;neimitari
1037 4457 1182 4514 tales
1199 4471 1428 4529 pugnas
1460 4454 1637 4510 civica
1666 4453 1985 4525 trepidaret

326 4551 580 4620 affectio,
613 4550 714 4608 sed
736 4547 928 4622 potius
957 4546 1284 4603 humanum
1315 4544 1503 4602 scelus
1535 4543 1730 4599 divino
1749 4558 1985 4599 excusa-

327 4649 492 4702 retur
505 4637 794 4712 exemplo.
819 4637 938 4694 Hac
969 4636 1184 4694 astutia
1201 4635 1439 4706 maligni
1456 4633 1697 4705 spiritus
1711 4631 1884 4688 etiam
1903 4631 1986 4687 lu-

327 4735 464 4802 dos,
497 4731 656 4787 unde
678 4727 862 4785 multa
872 4728 998 4800 jam
1021 4725 1161 4796 dixi,
1181 4724 1445 4782 scenicos
1457 4722 1566 4779 sibi
1591 4720 1773 4777 dicari
1788 4738 1988 4776 sacra-

327 4824 496 4896 rique
505 4821 847 4892 jusserunt:
875 4815 976 4873 ubi
993 4816 1236 4872 deorum
1254 4817 1419 4870 tanta
1441 4809 1658 4884 ﬂagitia
1681 4809 1986 4866 theatricis

327 4910 583 4970 canticis
641 4912 816 4980 atque
847 4905 1172 4962 fabularum
1214 4900 1546 4958 actionibus
1594 4898 1903 4966 celebrata,
1935 4903 1993 4956 et

333 4998 616 5076 quisquis
647 5013 746 5054 eos
778 4993 918 5052 talia
960 4993 1165 5053 fecisse
1195 4991 1474 5058 crederet,
1506 4993 1563 5046 et
1585 4988 1854 5062 quisquis
1876 5005 1992 5046 non

400 5216 418 5252 1
451 5211 612 5262 Vind.
643 5208 864 5259 Am.Er.
895 5207 948 5257 et
967 5206 1092 5258 libri
1121 5205 1262 5259 Mss,
1295 5210 1641 5252 excusantur
1660 5201 1998 5251 humana.—

333 5277 397 5328 In
424 5278 506 5335 B.,
537 5281 880 5324 excusentur
909 5271 1178 5335 humana:
1203 5268 1288 5316 Sic
1317 5268 1477 5335 etiam
1507 5267 1599 5335 Ms.
1632 5263 1870 5335 2052.__M.

400 5341 424 5374 ²
439 5327 600 5396 Editi,
613 5337 828 5399 aliqua,
847 5335 1074 5399 At‘Mss"
1092 5331 1148 5379 al
1157 5331 1322 5399 iqu_ot.
1347 5331 1502 5399 itefer
1526 5329 1611 5399 ad.
1625 5327 1997 5399 praeliorum.

403 5388 618 5456 3iiiditi,
650 5388 778 5448 mox
807 5397 867 5445 hi
896 5388 1202 5445 daemones:
1225 5393 1665 5456 Pleriquerautem
1687 5391 1740 5438 et
1768 5388 2002 5456 melioris

338 5467 501 5516 notae
529 5452 678 5520 Mss,
695 5461 858 5510 noxii
888 5461 1193 5508 daemones.
1215 5456 1348 5520 Huic
1368 5452 1583 5520 lectioni
1601 5454 1842 5514 congruit
1868 5452 2003 5501 illud

338 5530 396 5577 in
427 5516 674 5590 sequenti
701 5523 890 5590 capite,
920 5536 972 5570 ιι.
1007 5519 1388 5590 1,_spirituum
1412 5516 1738 5590 ficariorum.

404 5592 476 5652 (α)
500 5579 686 5652 Ἰαιὶιιβ
717 5579 1024 5652 Qbsequens
1051 5579 1173 5633 libr.
1206 5583 1270 5630 de
1297 5579 1574 5640 Prodigiis.

403 5646 479 5715 (ὁ)
506 5653 587 5700 Ex
616 5650 752 5699 Livii
779 5648 917 5697 libro
944 5646 1024 5696 79.

662 5769 928 5829 Panos"
971 5763 1123 5826 XLI.

1602 239 1832 302 LIBER
1875 239 2309 304 SECUNDUS.

3627 256 3706 313 74

2066 376 2340 446 crederet,
2356 377 2450 432 sed
2473 379 2670 434 tamen
2690 378 2820 435 illos
2845 379 3221 437 libenlissime
3238 381 3349 438 sibi
3371 383 3510 440 talia
3528 384 3673 442 velle
3691 390 3708 423 ί

2064 463 2322 520 exhiberi
2342 472 2623 539 cerneret,
2640 485 2882 524 securus
2904 469 3255 526 imitaretur.
3274 475 3352 527 Ne
3367 473 3500 544 quis
3516 473 3712 546 itaque

2064 553 2427 611 existimaret
2441 557 2498 612 in
2515 557 2652 613 deos
2671 557 2927 614 convicia
2947 559 3161 630 potius,
3178 576 3353 631 quam
3373 561 3457 618 eis
3470 563 3713 634 dignum

2065 641 2290 714 aliquid
2304 643 3034 718 scriptitasse,ubicumque
3047 647 3180 704 illos
3195 648 3346 705 inter
3357 666 3416 706 se
3429 666 3718 724 pugnasse

2065 739 2244 802 poetae
2267 748 2392 787 com
2405 739 2827 804 memorarunt;
2847 736 2956 807 ipsi
2974 737 3046 791 ad
3063 737 3435 808 decipiendos
3452 739 3720 798 homines

2065 825 2365 892 poetarum
2379 824 2641 878 carmina
2657 823 3295 898 firmaverunt,pugnas
3307 828 3567 886 videlicet
3581 846 3718 887 suas

2067 926 2181 965 non
2216 911 2405 966 solum
2431 927 2532 982 per
2562 913 2823 970 scenicos
2849 914 2906 969 in
2929 914 3176 983 theatro,
3197 932 3397 972 verum
3420 920 3594 975 etiam
3619 937 3721 992 per

2067 1015 2129 1054 se
2159 999 2319 1070 ipsos
2350 1001 2410 1055 in
2438 1017 2642 1074 campo
2674 1002 2946 1058 humanis
2975 1003 3156 1060 oculis
3185 1005 3545 1066 exhibentes.

2135 1091 2190 1142 2.
2217 1093 2346 1145 Haec
2369 1089 2561 1146 dicere
2583 1091 2872 1164 compulsi
2895 1108 3125 1160 sumus,
3147 1095 3420 1164 quoniam
3444 1097 3717 1168 pessimis

2070 1175 2334 1232 moribus
2361 1176 2575 1232 civium
2600 1177 2921 1234 Romanam
2944 1179 3368 1250 rempublicam
3387 1183 3511 1252 jam
3543 1188 3718 1240 antea

2071 1265 2359 1336 perditam
2386 1265 2588 1334 fuisse,
2610 1267 2950 1340 nullamque
2972 1268 3324 1325 remansisse
3350 1275 3484 1326 ante
3512 1272 3723 1329 adven-

2069 1358 2198 1409 tum
2222 1353 2452 1410 Domini
2485 1355 2672 1411 nostri
2691 1357 2826 1412 Jesu
2851 1355 3088 1427 Christi,
3115 1361 3377 1414 auctores
3398 1375 3598 1416 eorum
3631 1363 3722 1417 di-

2073 1456 2202 1497 cere
2224 1448 2278 1496 ct
2301 1441 2555 1497 scribere
2586 1443 2828 1500 minime
2861 1444 3222 1500 dubitarunt.
3249 1447 3433 1511 Quam
3457 1447 3728 1518 perditio-

2073 1545 2204 1585 nem
2247 1529 2362 1585 diis
2387 1531 2509 1586 suis
2537 1548 2652 1587 non
2687 1532 3004 1604 imputant,
3039 1534 3137 1606 qui
3173 1535 3326 1590 mala
3366 1535 3725 1606 transitoria,

2075 1620 2293 1691 quibus
2327 1620 2484 1689 boni,
2511 1637 2614 1677 seu
2647 1623 2866 1689 vivant,
2890 1638 2993 1679 seu
3025 1623 3370 1696 moriantur,
3396 1625 3581 1695 perire
3615 1642 3728 1682 non

2084 1711 2355 1779 possunt,
2379 1707 2604 1765 Christo
2625 1717 2821 1765 nostro
2845 1711 3165 1782 imputant:
3191 1727 3320 1768 cum
3341 1712 3606 1769 Christus
3628 1730 3730 1770 no-

2079 1799 2196 1852 ster
2216 1800 2379 1852 tanta
2401 1797 2730 1869 frequentet
2746 1800 2767 1834 ²
2787 1816 2887 1871 pro
2909 1801 3170 1857 moribus
3192 1803 3429 1874 optimis
3453 1807 3735 1874 praecepta

2078 1886 2275 1940 contra
2292 1884 2548 1954 perditos
2565 1902 2753 1942 mores
2771 1907 2784 1957 ;
2804 1886 2885 1942 dii
2899 1904 3029 1944 vero
3044 1889 3302 1960 ipsorum
3321 1889 3500 1947 nullis
3518 1890 3733 1947 talibus

2077 1973 2378 2044 praeceptis
2394 1973 2621 2046 egerint
2638 1975 2854 2047 aliquid
2873 1993 3006 2034 cum
3026 1994 3132 2034 suo
3148 1978 3366 2035 cultore
3383 1979 3616 2052 populo,
3635 1996 3734 2049 pro

2076 2064 2180 2120 illa
2205 2063 2525 2134 republica,
2556 2080 2626 2119 ne
2653 2065 2901 2136 periret;
2936 2066 3042 2124 imo
3073 2067 3308 2124 eosdem
3355 2084 3546 2124 mores
3575 2068 3735 2124 velut

2080 2153 2204 2211 suis
2236 2151 2518 2224 exemplis
2551 2154 2895 2212 auctoritate
2925 2156 3092 2212 noxia
3123 2156 3575 2230 corrumpendo,
3611 2172 3737 2227 ege-

2079 2245 2215 2300 runt
2243 2241 2436 2314 potius
2467 2244 2532 2297 ut
2561 2241 2792 2312 periret.
2816 2245 3000 2309 Quam
3027 2261 3140 2300 non
3163 2245 3290 2301 ideo
3314 2249 3456 2300 tunc
3485 2245 3730 2316 periisse

2081 2333 2419 2403 quisquam,
2450 2333 2515 2385 ut
2545 2329 2815 2399 arbitror,
2844 2332 2967 2401 jam
2999 2331 3191 2388 dicere
3221 2331 3478 2401 audebit,
3507 2331 3644 2404 quia

2139 2438 2432 2550 IDgiscessere
2463 2450 2646 2488 omnes
2673 2437 2852 2502 adytis
2881 2437 3094 2502 arisque
3122 2439 3320 2489 relictis

2079 2601 2240 2657 velut
2261 2600 2436 2659 amici
2457 2600 2792 2670 virtutibus,
2813 2617 2946 2658 cum
2969 2601 3127 2659 vitiis
3150 2601 3454 2660 hominum
3480 2601 3732 2660 oii'ende-

2080 2697 2309 2746 rentur:
2335 2689 2467 2762 quia
2489 2693 2576 2746 tot
2597 2689 2784 2762 signis
2805 2698 3088 2760 extorum,
3107 2691 3510 2764 auguriorum,
3537 2691 3738 2748 vatici-

2081 2779 2312 2835 niorum
2328 2779 2543 2851 quibus
2560 2795 2624 2836 se
2637 2784 2918 2852 tanquam
2936 2781 3204 2852 praescios
3220 2781 3552 2838 futurorum
3572 2782 3739 2852 adju-

2083 2877 2351 2942 toresque
2393 2870 2719 2942 praeliorum
2757 2871 2976 2942 jactare
3004 2877 3061 2928 et
3083 2873 3492 2928 commendare
3532 2873 3740 2943 gestie-

2081 2959 2242 3026 bant,
2276 2960 2706 3016 convincuntur
2757 2959 2933 3016 fuisse
2981 2967 3334 3033 praesentes:
3370 2962 3470 3035 qui
3515 2961 3566 3017 si
3607 2977 3739 3018 vere

2080 3049 2523 3118 abscessissent,
2545 3049 2749 3106 mitius
2769 3049 3014 3107 Romani
3039 3051 3096 3106 in
3119 3051 3268 3108 bella
3289 3050 3482 3108 civilia
3499 3051 3620 3107 suis
3639 3067 3738 3108 cu-

2080 3139 2422 3212 piditatibus
2437 3156 2512 3212 qu
2523 3139 3347 3211 amilloruminstigationibus
3362 3142 3734 3200 exarsissent.

2080 3247 2314 3305 CAPUT
2345 3246 2544 3303 XXVI.
2576 3279 2644 3287 —-
2674 3251 2754 3304 De
2772 3249 2992 3305 secretis
3015 3248 3324 3306 daemonum
3347 3249 3590 3317 monitis,
3614 3264 3740 3321 qua!

2151 3337 2498 3409 pertinebant
2528 3336 2598 3393 ad
2629 3337 2791 3394 bonos
2839 3353 3040 3406 mores,
3091 3355 3216 3395 cum
3263 3340 3447 3411 palam
3480 3343 3539 3394 in
3567 3339 3739 3395 sacris

2154 3440 2342 3480 eorum
2371 3424 2550 3481 omnis
2579 3425 2835 3498 nequitia
2867 3426 3183 3484 disceretur.

2160 3518 2208 3568 1.
2243 3517 2378 3580 Quae
2410 3532 2540 3571 cum
2574 3515 2653 3570 ita
2675 3517 2818 3583 sint,
2838 3532 2970 3572 cum
2995 3515 3186 3586 palam
3211 3524 3520 3588 aperteque
3549 3519 3736 3589 turpi-

2082 3603 2316 3658 tudines
2333 3604 2774 3660 crudelitatibus
2793 3605 3006 3670 mixtis,
3023 3605 3330 3675 opprobria
3350 3607 3661 3661 numinum
3681 3613 3738 3662 et

2085 3691 2354 3760 crimina,
2377 3692 2498 3748 sive
2529 3693 2776 3762 prodita,
2811 3693 2933 3747 sive
2964 3692 3233 3760 conficta,
3258 3693 3403 3764 ipsis
3429 3710 3738 3764 exposcen-

2084 3781 2265 3849 tibus,
2283 3785 2339 3836 et
2359 3779 2473 3836 nisi
2491 3779 2654 3836 ﬁeret
2675 3779 3086 3847 irascentibus,
3102 3780 3275 3836 etiam
3300 3780 3472 3836 certis
3493 3786 3551 3836 et
3571 3783 3736 3837 statis

2085 3869 2553 3927 solemnitatibus
2567 3868 3032 3925 consecrataillis
3047 3873 3102 3924 et
3116 3868 3380 3926 dedicata
3401 3868 3740 3952 claruerint’

2086 3963 2262 4032 atque
2288 3959 2356 4014 ad
2389 3957 2654 4014 omnium
2688 3959 2907 4027 oculos,
2935 3963 2998 4014 ut
3029 3957 3316 4014 imitanda
3349 3973 3741 4030 proponeren-

2087 4057 2198 4115 tur,
2232 4048 2548 4120 spectanda
2579 4049 3009 4119 processerint:
3043 4045 3182 4119 quid
3225 4051 3334 4115 est,
3367 4048 3522 4120 quod
3565 4045 3740 4104 iidem

2087 4138 2200 4209 ipsi
2233 4139 2547 4206 daemones,
2568 4138 2663 4208 qui
2690 4154 2752 4194 se
2775 4135 3184 4209 hujuscemodi
3205 4136 3604 4211 voluptatibus
3627 4137 3741 4193 im-

2090 4231 2340 4286 mundos
2363 4229 2600 4300 spiritus
2625 4245 2749 4287 esse
2773 4229 3145 4298 confitentur,
3163 4229 3264 4300 qui
3285 4230 3409 4286 suis
3433 4230 3669 4301 ﬂagitiis
3689 4233 3746 4287 et

2091 4320 2470 4387 facinoribus,
2497 4320 2614 4376 sive
2636 4319 2929 4388 indicatis,
2946 4319 3065 4375 sive
3087 4319 3401 4391 simulatis,
3427 4335 3744 4390 eorumque

2089 4409 2198 4467 sibi
2231 4408 2616 4466 celebratione
2643 4408 2822 4479 petita
2843 4406 2866 4441 ³
2883 4408 2955 4463 ab
2982 4408 3448 4479 impudentibus,
3467 4413 3689 4465 extorta
3712 4425 3745 4465 a

2090 4499 2466 4572 pudentibus,
2493 4502 2760 4554 auctores
2783 4513 2841 4553 se
2866 4497 2994 4553 vitae
3019 4497 3280 4554 scelestas
3312 4499 3746 4568 immundaeque

2089 4593 2418 4654 testantur;
2453 4587 2836 4660 perhibentur
2865 4590 3061 4643 tamen
3093 4587 3151 4642 in
3184 4587 3370 4659 adytis
3401 4587 3523 4643 suis
3566 4603 3748 4643 secre-

2090 4679 2281 4751 tisque
2313 4677 2713 4750 penetralibus
2755 4677 2892 4733 dare
2943 4675 3206 4747 quaedam
3257 4676 3410 4732 bona
3459 4681 3748 4747 praecepta

2093 4770 2161 4825 de
2175 4768 2460 4836 moribus,
2477 4767 2830 4839 quibusdam
2846 4764 3004 4821 velut
3021 4765 3217 4822 electis
3233 4765 3473 4822 sacratis
3495 4765 3616 4820 suis
3638 4764 3749 4834 (a)?

2163 4889 2178 4921 ί
2211 4885 2390 4941 Abest,
2422 4883 2578 4941 velle,
2610 4897 2643 4932 a
2669 4883 2870 4932 Mss.—
2899 4881 2985 4932 Sic
3013 4882 3249 4932 etiamin
3267 4881 3362 4930 Ms.
3381 4880 3493 4943 766,
3525 4880 3616 4929 sed
3639 4890 3750 4928 cor-

2099 4947 2448 5058 ruygichtiss.
2481 5008 2650 5057 nostri
2679 5010 2897 5071 excepto
2925 5007 3034 5058 766.
3059 5008 3120 5057 In
3136 5009 3213 5071 B.,
3229 5008 3569 5071 frequenter,
3601 5015 3754 5052 men-

2101 5075 2245 5123 dose.
2271 5073 2339 5123 M.

2165 5138 2186 5170 3
2218 5136 2341 5185 Sola
2374 5133 2536 5184 editio
2564 5135 2712 5192 Lov.,
2743 5134 3001 5196 expetita.

2167 5199 2235 5261 (α)
2273 5199 2530 5247 Heraldus
2559 5197 2624 5246 ad
2646 5189 2865 5246 Arnobii
2885 5198 3082 5246 librum
3110 5195 3139 5243 5
3160 5208 3252 5268 pro
3273 5193 3584 5254 glossemate
3599 5189 3760 5240 habet

2101 5262 2233 5311 haec
2261 5261 2445 5311 verba.
2477 5260 2810 5311 quibusdam
2842 5260 2992 5308 velut
3019 5260 3219 5306 electis.
3241 5257 3339 5305 Sed
3368 5256 3554 5302 insunt
3575 5266 3760 5302 manu-

2105 5277 2233 5311 naec
2261 5277 2445 5320 verna,
2477 5277 2810 5322 quwusaam
2842 5277 2992 5308 vetus
3019 5277 3219 5306 CICCllS.
3242 5277 3339 5305 ῠδυ
3371 5277 3554 5302 ιιιὸυιιιι
3575 5277 3760 5302 munu-

2105 5325 2316 5398 scriptis
2326 5322 2902 5382 omnibus,faciuntque
2915 5323 3150 5384 apprime
3165 5321 3230 5368 ad
3250 5317 3575 5392 propositum
3589 5317 3763 5392 Augu.

2105 5387 2248 5426 αἰὶηι,
2272 5387 2325 5426 in
2345 5386 2475 5426 inuis
2494 5386 2625 5426 forte
2642 5385 2802 5426 etiam
2825 5386 3034 5426 nllndan
3045 5384 3183 5426 tisnd
3199 5380 3622 5426 Manichaeorum
3650 5381 3762 5426 hle-

2105 5381 2251 5440 stini,
2272 5387 2327 5433 in
2345 5386 2475 5447 ipsis
2493 5386 2625 5432 forte
2642 5385 2803 5431 etiam
2818 5381 3109 5433 alludentis
3121 5384 3186 5431 ad
3199 5381 3622 5428 Manichaeorum
3650 5381 3762 5430 Ele-

2107 5451 2245 5518 stos,
2243 5449 2438 5518 quibus
2451 5448 2596 5518 illius
2607 5449 2777 5495 sectae
2789 5448 3030 5518 doctrina
3043 5459 3182 5518 secrc
3190 5442 3626 5518 tiorserivabatur;
3636 5445 3762 5518 Nam

2145 5511 2249 5558 uod
2260 5507 2322 5558 su
2331 5509 2625 5570 bsequitur.
2642 5510 2879 5557 sacratis
2891 5526 2953 5556 su
2967 5511 3030 5560 is.
3045 5521 3150 5554 non
3162 5507 3571 5570 ipsosmoresmt
3582 5507 3766 5556 iterat-

2149 5587 2212 5621 us
2229 5573 2412 5634 putavi
2420 5567 2838 5634 tispectatquasi
2849 5571 3166 5634 adjectivum
3185 5567 3292 5634 ;_scd
3306 5567 3545 5634 homines
3557 5570 3765 5630 signiti-

2115 5639 2201 5686 cat
2219 5630 2321 5683 diis
2347 5630 2600 5695 religione
2624 5630 2946 5688 addictos,ut
2973 5631 3168 5694 passim
3195 5631 3295 5678 hoc
3322 5630 3378 5679 in
3407 5645 3581 5695 Opere.

3175 5747 3437 5830 (Trois.)
