  <div class='ocr_page' id='page_1' title='image "/cluster/home/n/w/nwhite01/storage/ocr_20150623/41/hvd.32044096580634/044.png"; bbox 0 0 4142 6186; ppageno 0'>
   <div class='ocr_carea' id='block_1_1' title="bbox 306 322 387 384">
    <p class='ocr_par' dir='ltr' id='par_1_1' title="bbox 306 322 387 384">
     <span class='ocr_line' id='line_1_1' title="bbox 306 322 387 384; baseline -0.012 0"><span class='ocrx_word' id='word_1_1' title='bbox 306 322 387 384; x_wconf 85' lang='lat'><strong>77</strong></span> 
     </span>
    </p>
   </div>
   <div class='ocr_carea' id='block_1_2' title="bbox 309 456 1962 546">
    <p class='ocr_par' dir='ltr' id='par_1_2' title="bbox 309 456 1962 546">
     <span class='ocr_line' id='line_1_2' title="bbox 309 456 1962 546; baseline 0.011 -34"><span class='ocrx_word' id='word_1_2' title='bbox 309 456 383 513; x_wconf 91' lang='lat' dir='ltr'><strong>ad</strong></span> <span class='ocrx_word' id='word_1_3' title='bbox 415 456 694 515; x_wconf 86' lang='lat' dir='ltr'><strong>ecclesias</strong></span> <span class='ocrx_word' id='word_1_4' title='bbox 749 461 909 516; x_wconf 86' lang='lat' dir='ltr'><strong>casta</strong></span> <span class='ocrx_word' id='word_1_5' title='bbox 964 459 1317 532; x_wconf 76' lang='lat' dir='ltr'><strong>celebritate,</strong></span> <span class='ocrx_word' id='word_1_6' title='bbox 1371 462 1612 523; x_wconf 88' lang='lat' dir='ltr'><strong>honesta</strong></span> <span class='ocrx_word' id='word_1_7' title='bbox 1657 470 1962 546; x_wconf 89' lang='lat' dir='ltr'><strong>utriusque</strong></span> 
     </span>
    </p>
   </div>
   <div class='ocr_carea' id='block_1_3' title="bbox 308 548 1958 627">
    <p class='ocr_par' dir='ltr' id='par_1_3' title="bbox 308 548 1958 627">
     <span class='ocr_line' id='line_1_3' title="bbox 308 548 1958 627; baseline 0.01 -22"><span class='ocrx_word' id='word_1_8' title='bbox 308 564 488 605; x_wconf 82' lang='lat' dir='ltr'><strong>sexus</strong></span> <span class='ocrx_word' id='word_1_9' title='bbox 516 548 900 607; x_wconf 83' lang='lat' dir='ltr'><strong>discretione:</strong></span> <span class='ocrx_word' id='word_1_10' title='bbox 934 552 1031 607; x_wconf 90' lang='lat' dir='ltr'><strong>ubi</strong></span> <span class='ocrx_word' id='word_1_11' title='bbox 1066 552 1309 610; x_wconf 89' lang='lat' dir='ltr'><strong>audiant</strong></span> <span class='ocrx_word' id='word_1_12' title='bbox 1339 572 1517 627; x_wconf 91' lang='lat' dir='ltr'><strong>quam</strong></span> <span class='ocrx_word' id='word_1_13' title='bbox 1563 557 1712 616; x_wconf 86' lang='lat' dir='ltr'><strong>bene</strong></span> <span class='ocrx_word' id='word_1_14' title='bbox 1764 563 1858 619; x_wconf 91' lang='lat' dir='ltr'><strong>hic</strong></span> <span class='ocrx_word' id='word_1_15' title='bbox 1889 567 1958 623; x_wconf 90' lang='lat' dir='ltr'><strong>ad</strong></span> 
     </span>
    </p>
   </div>
   <div class='ocr_carea' id='block_1_4' title="bbox 309 641 1963 716">
    <p class='ocr_par' dir='ltr' id='par_1_4' title="bbox 309 641 1963 716">
     <span class='ocr_line' id='line_1_4' title="bbox 309 641 1963 716; baseline 0.011 -22"><span class='ocrx_word' id='word_1_16' title='bbox 309 643 551 711; x_wconf 80' lang='lat' dir='ltr'><strong>tempus</strong></span> <span class='ocrx_word' id='word_1_17' title='bbox 583 641 769 697; x_wconf 82' lang='lat' dir='ltr'><strong>vivere</strong></span> <span class='ocrx_word' id='word_1_18' title='bbox 799 641 1066 712; x_wconf 82' lang='lat' dir='ltr'><strong>debeant,</strong></span> <span class='ocrx_word' id='word_1_19' title='bbox 1102 649 1165 699; x_wconf 90' lang='lat' dir='ltr'><strong>ut</strong></span> <span class='ocrx_word' id='word_1_20' title='bbox 1202 650 1333 716; x_wconf 90' lang='lat' dir='ltr'><strong>post</strong></span> <span class='ocrx_word' id='word_1_21' title='bbox 1389 647 1539 707; x_wconf 90' lang='lat' dir='ltr'><strong>hanc</strong></span> <span class='ocrx_word' id='word_1_22' title='bbox 1578 651 1752 709; x_wconf 89' lang='lat' dir='ltr'><strong>vitam</strong></span> <span class='ocrx_word' id='word_1_23' title='bbox 1799 656 1963 713; x_wconf 88' lang='lat' dir='ltr'><strong>beate</strong></span> 
     </span>
    </p>
   </div>
   <div class='ocr_carea' id='block_1_5' title="bbox 307 732 1963 815">
    <p class='ocr_par' dir='ltr' id='par_1_5' title="bbox 307 732 1963 815">
     <span class='ocr_line' id='line_1_5' title="bbox 307 732 1963 815; baseline 0.011 -31"><span class='ocrx_word' id='word_1_24' title='bbox 307 746 659 803; x_wconf 85' lang='lat' dir='ltr'><strong>semperque</strong></span> <span class='ocrx_word' id='word_1_25' title='bbox 691 732 878 788; x_wconf 89' lang='lat' dir='ltr'><strong>vivere</strong></span> <span class='ocrx_word' id='word_1_26' title='bbox 909 738 1276 801; x_wconf 87' lang='lat' dir='ltr'><strong>mereantur;</strong></span> <span class='ocrx_word' id='word_1_27' title='bbox 1309 737 1402 793; x_wconf 90' lang='lat' dir='ltr'><strong>ubi</strong></span> <span class='ocrx_word' id='word_1_28' title='bbox 1439 746 1640 797; x_wconf 86' lang='lat' dir='ltr'><strong>sancta</strong></span> <span class='ocrx_word' id='word_1_29' title='bbox 1669 743 1963 815; x_wconf 72' lang='lat' dir='ltr'><strong>Scriptura</strong></span> 
     </span>
    </p>
   </div>
   <div class='ocr_carea' id='block_1_6' title="bbox 302 821 1959 908">
    <p class='ocr_par' dir='ltr' id='par_1_6' title="bbox 302 821 1959 908">
     <span class='ocr_line' id='line_1_6' title="bbox 302 821 1959 908; baseline 0.01 -32"><span class='ocrx_word' id='word_1_30' title='bbox 302 821 676 895; x_wconf 64' lang='lat' dir='ltr'><strong>jnslitiasque</strong></span> <span class='ocrx_word' id='word_1_31' title='bbox 698 823 961 879; x_wconf 82' lang='lat' dir='ltr'><strong>doctrina</strong></span> <span class='ocrx_word' id='word_1_32' title='bbox 986 825 1059 881; x_wconf 91' lang='lat' dir='ltr'><strong>de</strong></span> <span class='ocrx_word' id='word_1_33' title='bbox 1079 828 1374 899; x_wconf 83' lang='lat' dir='ltr'><strong>superiore</strong></span> <span class='ocrx_word' id='word_1_34' title='bbox 1404 829 1527 887; x_wconf 92' lang='lat' dir='ltr'><strong>loco</strong></span> <span class='ocrx_word' id='word_1_35' title='bbox 1559 831 1616 888; x_wconf 92' lang='lat' dir='ltr'><strong>in</strong></span> <span class='ocrx_word' id='word_1_36' title='bbox 1650 842 1959 908; x_wconf 91' lang='lat' dir='ltr'><strong>conspectu</strong></span> 
     </span>
    </p>
   </div>
   <div class='ocr_carea' id='block_1_7' title="bbox 311 910 1959 997">
    <p class='ocr_par' dir='ltr' id='par_1_7' title="bbox 311 910 1959 997">
     <span class='ocr_line' id='line_1_7' title="bbox 311 910 1959 997; baseline 0.01 -32"><span class='ocrx_word' id='word_1_37' title='bbox 311 910 583 967; x_wconf 90' lang='lat' dir='ltr'><strong>omnium</strong></span> <span class='ocrx_word' id='word_1_38' title='bbox 618 916 1167 987; x_wconf 88' lang='lat' dir='ltr'><strong>personante,etqui</strong></span> <span class='ocrx_word' id='word_1_39' title='bbox 1199 917 1694 989; x_wconf 88' lang='lat' dir='ltr'><strong>faciunt,audiant</strong></span> <span class='ocrx_word' id='word_1_40' title='bbox 1715 926 1784 979; x_wconf 93' lang='lat' dir='ltr'><strong>ad</strong></span> <span class='ocrx_word' id='word_1_41' title='bbox 1811 942 1959 997; x_wconf 69' lang='lat' dir='ltr'><strong>prs:-</strong></span> 
     </span>
    </p>
   </div>
   <div class='ocr_carea' id='block_1_8' title="bbox 307 998 1958 1079">
    <p class='ocr_par' dir='ltr' id='par_1_8' title="bbox 307 998 1958 1079">
     <span class='ocr_line' id='line_1_8' title="bbox 307 998 1958 1079; baseline 0.012 -27"><span class='ocrx_word' id='word_1_42' title='bbox 307 998 529 1066; x_wconf 90' lang='lat' dir='ltr'><strong>mium;</strong></span> <span class='ocrx_word' id='word_1_43' title='bbox 556 1000 856 1072; x_wconf 91' lang='lat' dir='ltr'><strong>etquinon</strong></span> <span class='ocrx_word' id='word_1_44' title='bbox 882 1002 1123 1071; x_wconf 86' lang='lat' dir='ltr'><strong>faciunt,</strong></span> <span class='ocrx_word' id='word_1_45' title='bbox 1146 1005 1390 1061; x_wconf 88' lang='lat' dir='ltr'><strong>audiant</strong></span> <span class='ocrx_word' id='word_1_46' title='bbox 1419 1009 1488 1063; x_wconf 92' lang='lat' dir='ltr'><strong>ad</strong></span> <span class='ocrx_word' id='word_1_47' title='bbox 1506 1008 1958 1079; x_wconf 84' lang='lat' dir='ltr'><strong>judicium.Quo</strong></span> 
     </span>
    </p>
   </div>
   <div class='ocr_carea' id='block_1_9' title="bbox 302 1087 1956 1175">
    <p class='ocr_par' dir='ltr' id='par_1_9' title="bbox 302 1087 1956 1175">
     <span class='ocr_line' id='line_1_9' title="bbox 302 1087 1956 1175; baseline 0.013 -34"><span class='ocrx_word' id='word_1_48' title='bbox 302 1087 415 1143; x_wconf 81' lang='lat' dir='ltr'><strong>etsi</strong></span> <span class='ocrx_word' id='word_1_49' title='bbox 447 1087 689 1144; x_wconf 87' lang='lat' dir='ltr'><strong>veniunt</strong></span> <span class='ocrx_word' id='word_1_50' title='bbox 716 1088 958 1160; x_wconf 83' lang='lat' dir='ltr'><strong>quidam</strong></span> <span class='ocrx_word' id='word_1_51' title='bbox 990 1090 1195 1148; x_wconf 88' lang='lat' dir='ltr'><strong>talium</strong></span> <span class='ocrx_word' id='word_1_52' title='bbox 1220 1100 1633 1167; x_wconf 65' lang='lat' dir='ltr'><strong>praeceptorum</strong></span> <span class='ocrx_word' id='word_1_53' title='bbox 1667 1100 1956 1175; x_wconf 88' lang='lat' dir='ltr'><strong>irrisores,</strong></span> 
     </span>
    </p>
   </div>
   <div class='ocr_carea' id='block_1_10' title="bbox 303 1178 1958 1255">
    <p class='ocr_par' dir='ltr' id='par_1_10' title="bbox 303 1178 1958 1255">
     <span class='ocr_line' id='line_1_10' title="bbox 303 1178 1958 1255; baseline 0.012 -24"><span class='ocrx_word' id='word_1_54' title='bbox 303 1179 504 1233; x_wconf 82' lang='lat' dir='ltr'><strong>omnis</strong></span> <span class='ocrx_word' id='word_1_55' title='bbox 538 1194 739 1233; x_wconf 91' lang='lat' dir='ltr'><strong>eorum</strong></span> <span class='ocrx_word' id='word_1_56' title='bbox 762 1178 1087 1251; x_wconf 81' lang='lat' dir='ltr'><strong>petulantia</strong></span> <span class='ocrx_word' id='word_1_57' title='bbox 1105 1186 1209 1237; x_wconf 88' lang='lat' dir='ltr'><strong>aut</strong></span> <span class='ocrx_word' id='word_1_58' title='bbox 1225 1185 1525 1255; x_wconf 91' lang='lat' dir='ltr'><strong>repentina</strong></span> <span class='ocrx_word' id='word_1_59' title='bbox 1548 1189 1958 1250; x_wconf 89' lang='lat' dir='ltr'><strong>immutatione</strong></span> 
     </span>
    </p>
   </div>
   <div class='ocr_carea' id='block_1_11' title="bbox 298 1265 1954 1347">
    <p class='ocr_par' dir='ltr' id='par_1_11' title="bbox 298 1265 1954 1347">
     <span class='ocr_line' id='line_1_11' title="bbox 298 1265 1954 1347; baseline 0.011 -27"><span class='ocrx_word' id='word_1_60' title='bbox 298 1265 633 1337; x_wconf 84' lang='lat' dir='ltr'><strong>deponitur,</strong></span> <span class='ocrx_word' id='word_1_61' title='bbox 667 1272 768 1323; x_wconf 89' lang='lat' dir='ltr'><strong>aut</strong></span> <span class='ocrx_word' id='word_1_62' title='bbox 784 1267 995 1324; x_wconf 83' lang='lat' dir='ltr'><strong>timore</strong></span> <span class='ocrx_word' id='word_1_63' title='bbox 1008 1269 1095 1326; x_wconf 90' lang='lat' dir='ltr'><strong>vel</strong></span> <span class='ocrx_word' id='word_1_64' title='bbox 1123 1270 1342 1341; x_wconf 87' lang='lat' dir='ltr'><strong>pudore</strong></span> <span class='ocrx_word' id='word_1_65' title='bbox 1353 1277 1778 1347; x_wconf 89' lang='lat' dir='ltr'><strong>comprimitur.</strong></span> <span class='ocrx_word' id='word_1_66' title='bbox 1796 1282 1954 1338; x_wconf 90' lang='lat' dir='ltr'><strong>Nihil</strong></span> 
     </span>
    </p>
   </div>
   <div class='ocr_carea' id='block_1_12' title="bbox 295 1355 1953 1434">
    <p class='ocr_par' dir='ltr' id='par_1_12' title="bbox 295 1355 1953 1434">
     <span class='ocr_line' id='line_1_12' title="bbox 295 1355 1953 1434; baseline 0.011 -25"><span class='ocrx_word' id='word_1_67' title='bbox 295 1355 461 1410; x_wconf 91' lang='lat' dir='ltr'><strong>enim</strong></span> <span class='ocrx_word' id='word_1_68' title='bbox 493 1355 575 1411; x_wconf 89' lang='lat' dir='ltr'><strong>eis</strong></span> <span class='ocrx_word' id='word_1_69' title='bbox 600 1360 768 1428; x_wconf 88' lang='lat' dir='ltr'><strong>turpe</strong></span> <span class='ocrx_word' id='word_1_70' title='bbox 806 1373 872 1414; x_wconf 89' lang='lat' dir='ltr'><strong>ac</strong></span> <span class='ocrx_word' id='word_1_71' title='bbox 899 1357 1253 1428; x_wconf 83' lang='lat' dir='ltr'><strong>ﬂagitiosum</strong></span> <span class='ocrx_word' id='word_1_72' title='bbox 1294 1366 1679 1434; x_wconf 89' lang='lat' dir='ltr'><strong>spectandum</strong></span> <span class='ocrx_word' id='word_1_73' title='bbox 1712 1369 1953 1428; x_wconf 86' lang='lat' dir='ltr'><strong>imitan-</strong></span> 
     </span>
    </p>
   </div>
   <div class='ocr_carea' id='block_1_13' title="bbox 295 1442 1956 1528">
    <p class='ocr_par' dir='ltr' id='par_1_13' title="bbox 295 1442 1956 1528">
     <span class='ocr_line' id='line_1_13' title="bbox 295 1442 1956 1528; baseline 0.012 -31"><span class='ocrx_word' id='word_1_74' title='bbox 295 1442 557 1515; x_wconf 89' lang='lat' dir='ltr'><strong>dumque</strong></span> <span class='ocrx_word' id='word_1_75' title='bbox 587 1447 948 1516; x_wconf 89' lang='lat' dir='ltr'><strong>pr0ponitur,</strong></span> <span class='ocrx_word' id='word_1_76' title='bbox 972 1447 1070 1502; x_wconf 94' lang='lat' dir='ltr'><strong>ubi</strong></span> <span class='ocrx_word' id='word_1_77' title='bbox 1104 1448 1221 1504; x_wconf 91' lang='lat' dir='ltr'><strong>veri</strong></span> <span class='ocrx_word' id='word_1_78' title='bbox 1244 1451 1342 1507; x_wconf 92' lang='lat' dir='ltr'><strong>Dei</strong></span> <span class='ocrx_word' id='word_1_79' title='bbox 1370 1460 1465 1507; x_wconf 91' lang='lat' dir='ltr'><strong>aut</strong></span> <span class='ocrx_word' id='word_1_80' title='bbox 1487 1462 1774 1528; x_wconf 86' lang='lat' dir='ltr'><strong>praecepta</strong></span> <span class='ocrx_word' id='word_1_81' title='bbox 1803 1459 1956 1516; x_wconf 82' lang='lat' dir='ltr'><strong>inei—</strong></span> 
     </span>
    </p>
   </div>
   <div class='ocr_carea' id='block_1_14' title="bbox 294 1534 1951 1607">
    <p class='ocr_par' dir='ltr' id='par_1_14' title="bbox 294 1534 1951 1607">
     <span class='ocr_line' id='line_1_14' title="bbox 294 1534 1951 1607; baseline 0.013 -22"><span class='ocrx_word' id='word_1_82' title='bbox 294 1535 577 1598; x_wconf 87' lang='lat' dir='ltr'><strong>nuantur,</strong></span> <span class='ocrx_word' id='word_1_83' title='bbox 610 1540 709 1589; x_wconf 89' lang='lat' dir='ltr'><strong>aut</strong></span> <span class='ocrx_word' id='word_1_84' title='bbox 739 1534 1020 1591; x_wconf 90' lang='lat' dir='ltr'><strong>miracula</strong></span> <span class='ocrx_word' id='word_1_85' title='bbox 1053 1544 1384 1607; x_wconf 86' lang='lat' dir='ltr'><strong>narrantur,</strong></span> <span class='ocrx_word' id='word_1_86' title='bbox 1398 1545 1500 1597; x_wconf 89' lang='lat' dir='ltr'><strong>aut</strong></span> <span class='ocrx_word' id='word_1_87' title='bbox 1528 1543 1682 1601; x_wconf 87' lang='lat' dir='ltr'><strong>dona</strong></span> <span class='ocrx_word' id='word_1_88' title='bbox 1702 1544 1951 1605; x_wconf 86' lang='lat' dir='ltr'><strong>laudan-</strong></span> 
     </span>
    </p>
   </div>
   <div class='ocr_carea' id='block_1_15' title="bbox 295 1622 1289 1696">
    <p class='ocr_par' dir='ltr' id='par_1_15' title="bbox 295 1622 1289 1696">
     <span class='ocr_line' id='line_1_15' title="bbox 295 1622 1289 1696; baseline 0.007 -21"><span class='ocrx_word' id='word_1_89' title='bbox 295 1623 419 1689; x_wconf 85' lang='lat' dir='ltr'><strong>tur,</strong></span> <span class='ocrx_word' id='word_1_90' title='bbox 452 1626 554 1677; x_wconf 89' lang='lat' dir='ltr'><strong>aut</strong></span> <span class='ocrx_word' id='word_1_91' title='bbox 583 1622 866 1680; x_wconf 84' lang='lat' dir='ltr'><strong>beneficia</strong></span> <span class='ocrx_word' id='word_1_92' title='bbox 895 1627 1289 1696; x_wconf 88' lang='lat' dir='ltr'><strong>postulantur.</strong></span> 
     </span>
    </p>
   </div>
   <div class='ocr_carea' id='block_1_16' title="bbox 290 1732 1949 1808">
    <p class='ocr_par' dir='ltr' id='par_1_16' title="bbox 290 1732 1949 1808">
     <span class='ocr_line' id='line_1_16' title="bbox 290 1732 1949 1808; baseline 0.012 -21"><span class='ocrx_word' id='word_1_93' title='bbox 290 1732 529 1791; x_wconf 80' lang='lat' dir='ltr'><strong>CAPUT</strong></span> <span class='ocrx_word' id='word_1_94' title='bbox 552 1734 763 1791; x_wconf 79' lang='lat' dir='ltr'><strong>XXIX.</strong></span> <span class='ocrx_word' id='word_1_95' title='bbox 797 1766 865 1777; x_wconf 82' lang='lat'><strong>-</strong></span> <span class='ocrx_word' id='word_1_96' title='bbox 886 1737 962 1793; x_wconf 80' lang='lat' dir='ltr'><strong>De</strong></span> <span class='ocrx_word' id='word_1_97' title='bbox 986 1737 1299 1808; x_wconf 75' lang='lat' dir='ltr'><strong>abjicime</strong></span> <span class='ocrx_word' id='word_1_98' title='bbox 1320 1742 1471 1799; x_wconf 76' lang='lat' dir='ltr'><strong>cultu</strong></span> <span class='ocrx_word' id='word_1_99' title='bbox 1500 1744 1721 1803; x_wconf 84' lang='lat' dir='ltr'><strong>deorum</strong></span> <span class='ocrx_word' id='word_1_100' title='bbox 1744 1750 1949 1806; x_wconf 85' lang='lat' dir='ltr'><strong>cohor-</strong></span> 
     </span>
    </p>
   </div>
   <div class='ocr_carea' id='block_1_17' title="bbox 829 1827 1409 1887">
    <p class='ocr_par' dir='ltr' id='par_1_17' title="bbox 829 1827 1409 1887">
     <span class='ocr_line' id='line_1_17' title="bbox 829 1827 1409 1887; baseline 0.012 -7"><span class='ocrx_word' id='word_1_101' title='bbox 829 1827 963 1881; x_wconf 76' lang='lat' dir='ltr'><strong>tatio</strong></span> <span class='ocrx_word' id='word_1_102' title='bbox 1006 1828 1080 1882; x_wconf 81' lang='lat' dir='ltr'><strong>ad</strong></span> <span class='ocrx_word' id='word_1_103' title='bbox 1123 1829 1409 1887; x_wconf 83' lang='lat' dir='ltr'><strong>Romanos.</strong></span> 
     </span>
    </p>
   </div>
   <div class='ocr_carea' id='block_1_18' title="bbox 363 1921 1947 1997">
    <p class='ocr_par' dir='ltr' id='par_1_18' title="bbox 363 1921 1947 1997">
     <span class='ocr_line' id='line_1_18' title="bbox 363 1921 1947 1997; baseline 0.013 -21"><span class='ocrx_word' id='word_1_104' title='bbox 363 1922 417 1976; x_wconf 94' lang='grc'><strong>1.</strong></span> <span class='ocrx_word' id='word_1_105' title='bbox 452 1921 585 1979; x_wconf 71' lang='lat' dir='ltr'><strong>Haec</strong></span> <span class='ocrx_word' id='word_1_106' title='bbox 613 1924 806 1995; x_wconf 89' lang='lat' dir='ltr'><strong>potius</strong></span> <span class='ocrx_word' id='word_1_107' title='bbox 829 1927 1198 1997; x_wconf 84' lang='lat' dir='ltr'><strong>concupisce,</strong></span> <span class='ocrx_word' id='word_1_108' title='bbox 1222 1946 1254 1985; x_wconf 94' lang='grc' dir='ltr'>ο</span> <span class='ocrx_word' id='word_1_109' title='bbox 1275 1930 1502 1988; x_wconf 83' lang='lat' dir='ltr'><strong>indoles</strong></span> <span class='ocrx_word' id='word_1_110' title='bbox 1536 1934 1796 1994; x_wconf 81' lang='lat' dir='ltr'><strong>Romana</strong></span> <span class='ocrx_word' id='word_1_111' title='bbox 1826 1939 1947 1997; x_wconf 89' lang='lat' dir='ltr'><strong>Iau-</strong></span> 
     </span>
    </p>
   </div>
   <div class='ocr_carea' id='block_1_19' title="bbox 287 2010 1943 2096">
    <p class='ocr_par' dir='ltr' id='par_1_19' title="bbox 287 2010 1943 2096">
     <span class='ocr_line' id='line_1_19' title="bbox 287 2010 1943 2096; baseline 0.011 -31"><span class='ocrx_word' id='word_1_112' title='bbox 287 2010 525 2081; x_wconf 88' lang='lat' dir='ltr'><strong>dabilis,</strong></span> <span class='ocrx_word' id='word_1_113' title='bbox 558 2028 590 2068; x_wconf 92' lang='grc' dir='ltr'>ο</span> <span class='ocrx_word' id='word_1_114' title='bbox 621 2013 927 2085; x_wconf 86' lang='lat' dir='ltr'><strong>progenies</strong></span> <span class='ocrx_word' id='word_1_115' title='bbox 969 2015 1349 2088; x_wconf 84' lang='lat' dir='ltr'><strong>Regulorum,</strong></span> <span class='ocrx_word' id='word_1_116' title='bbox 1381 2022 1788 2096; x_wconf 70' lang='lat' dir='ltr'><strong>Scaevolarum,</strong></span> <span class='ocrx_word' id='word_1_117' title='bbox 1819 2028 1943 2085; x_wconf 87' lang='lat' dir='ltr'><strong>Sci-</strong></span> 
     </span>
    </p>
   </div>
   <div class='ocr_carea' id='block_1_20' title="bbox 286 2101 1943 2187">
    <p class='ocr_par' dir='ltr' id='par_1_20' title="bbox 286 2101 1943 2187">
     <span class='ocr_line' id='line_1_20' title="bbox 286 2101 1943 2187; baseline 0.013 -34"><span class='ocrx_word' id='word_1_118' title='bbox 286 2101 555 2171; x_wconf 90' lang='lat' dir='ltr'><strong>pionum,</strong></span> <span class='ocrx_word' id='word_1_119' title='bbox 588 2101 981 2160; x_wconf 89' lang='lat' dir='ltr'><strong>Fabriciorum</strong></span> <span class='ocrx_word' id='word_1_120' title='bbox 1018 2105 1177 2162; x_wconf 72' lang='lat' dir='ltr'><strong>:haac</strong></span> <span class='ocrx_word' id='word_1_121' title='bbox 1202 2109 1396 2177; x_wconf 89' lang='lat' dir='ltr'><strong>potius</strong></span> <span class='ocrx_word' id='word_1_122' title='bbox 1418 2114 1786 2187; x_wconf 88' lang='lat' dir='ltr'><strong>concupisce,</strong></span> <span class='ocrx_word' id='word_1_123' title='bbox 1822 2116 1943 2175; x_wconf 63' lang='lat' dir='ltr'><strong>haec</strong></span> 
     </span>
    </p>
   </div>
   <div class='ocr_carea' id='block_1_21' title="bbox 283 2187 1941 2261">
    <p class='ocr_par' dir='ltr' id='par_1_21' title="bbox 283 2187 1941 2261">
     <span class='ocr_line' id='line_1_21' title="bbox 283 2187 1941 2261; baseline 0.013 -20"><span class='ocrx_word' id='word_1_124' title='bbox 283 2187 359 2242; x_wconf 89' lang='lat' dir='ltr'><strong>ab</strong></span> <span class='ocrx_word' id='word_1_125' title='bbox 383 2188 487 2244; x_wconf 91' lang='lat' dir='ltr'><strong>illa</strong></span> <span class='ocrx_word' id='word_1_126' title='bbox 508 2189 855 2261; x_wconf 89' lang='lat' dir='ltr'><strong>turpissima</strong></span> <span class='ocrx_word' id='word_1_127' title='bbox 868 2193 1121 2251; x_wconf 88' lang='lat' dir='ltr'><strong>vanitate</strong></span> <span class='ocrx_word' id='word_1_128' title='bbox 1142 2200 1197 2250; x_wconf 90' lang='lat' dir='ltr'><strong>et</strong></span> <span class='ocrx_word' id='word_1_129' title='bbox 1210 2196 1584 2256; x_wconf 89' lang='lat' dir='ltr'><strong>fallacissima</strong></span> <span class='ocrx_word' id='word_1_130' title='bbox 1607 2203 1941 2261; x_wconf 74' lang='lat' dir='ltr'><strong>daamonum</strong></span> 
     </span>
    </p>
   </div>
   <div class='ocr_carea' id='block_1_22' title="bbox 285 2277 1939 2355">
    <p class='ocr_par' dir='ltr' id='par_1_22' title="bbox 285 2277 1939 2355">
     <span class='ocr_line' id='line_1_22' title="bbox 285 2277 1939 2355; baseline 0.011 -24"><span class='ocrx_word' id='word_1_131' title='bbox 285 2277 657 2349; x_wconf 83' lang='lat' dir='ltr'><strong>malignitate</strong></span> <span class='ocrx_word' id='word_1_132' title='bbox 687 2280 972 2338; x_wconf 90' lang='lat' dir='ltr'><strong>discerne.</strong></span> <span class='ocrx_word' id='word_1_133' title='bbox 1004 2282 1063 2337; x_wconf 89' lang='lat' dir='ltr'><strong>Si</strong></span> <span class='ocrx_word' id='word_1_134' title='bbox 1096 2284 1231 2355; x_wconf 90' lang='lat' dir='ltr'><strong>quid</strong></span> <span class='ocrx_word' id='word_1_135' title='bbox 1265 2285 1323 2340; x_wconf 91' lang='lat' dir='ltr'><strong>in</strong></span> <span class='ocrx_word' id='word_1_136' title='bbox 1356 2291 1413 2342; x_wconf 90' lang='lat' dir='ltr'><strong>te</strong></span> <span class='ocrx_word' id='word_1_137' title='bbox 1443 2287 1737 2347; x_wconf 89' lang='lat' dir='ltr'><strong>laudabile</strong></span> <span class='ocrx_word' id='word_1_138' title='bbox 1763 2301 1939 2348; x_wconf 85' lang='lat' dir='ltr'><strong>natu-</strong></span> 
     </span>
    </p>
   </div>
   <div class='ocr_carea' id='block_1_23' title="bbox 286 2366 1942 2453">
    <p class='ocr_par' dir='ltr' id='par_1_23' title="bbox 286 2366 1942 2453">
     <span class='ocr_line' id='line_1_23' title="bbox 286 2366 1942 2453; baseline 0.011 -32"><span class='ocrx_word' id='word_1_139' title='bbox 286 2366 491 2422; x_wconf 88' lang='lat' dir='ltr'><strong>raliter</strong></span> <span class='ocrx_word' id='word_1_140' title='bbox 516 2369 754 2437; x_wconf 90' lang='lat' dir='ltr'><strong>eminet,</strong></span> <span class='ocrx_word' id='word_1_141' title='bbox 788 2370 1025 2426; x_wconf 89' lang='lat' dir='ltr'><strong>nonnisi</strong></span> <span class='ocrx_word' id='word_1_142' title='bbox 1046 2388 1178 2427; x_wconf 88' lang='lat' dir='ltr'><strong>vera</strong></span> <span class='ocrx_word' id='word_1_143' title='bbox 1208 2375 1418 2445; x_wconf 87' lang='lat' dir='ltr'><strong>pietate</strong></span> <span class='ocrx_word' id='word_1_144' title='bbox 1448 2383 1731 2449; x_wconf 86' lang='lat' dir='ltr'><strong>purgatur</strong></span> <span class='ocrx_word' id='word_1_145' title='bbox 1766 2386 1942 2453; x_wconf 90' lang='lat' dir='ltr'><strong>atque</strong></span> 
     </span>
    </p>
   </div>
   <div class='ocr_carea' id='block_1_24' title="bbox 279 2456 1937 2538">
    <p class='ocr_par' dir='ltr' id='par_1_24' title="bbox 279 2456 1937 2538">
     <span class='ocr_line' id='line_1_24' title="bbox 279 2456 1937 2538; baseline 0.011 -30"><span class='ocrx_word' id='word_1_146' title='bbox 279 2456 590 2525; x_wconf 75' lang='lat' dir='ltr'><strong>perficitur</strong></span> <span class='ocrx_word' id='word_1_147' title='bbox 624 2472 639 2521; x_wconf 89' lang='lat'><strong>;</strong></span> <span class='ocrx_word' id='word_1_148' title='bbox 671 2458 967 2528; x_wconf 89' lang='lat' dir='ltr'><strong>impietate</strong></span> <span class='ocrx_word' id='word_1_149' title='bbox 992 2464 1184 2515; x_wconf 88' lang='lat' dir='ltr'><strong>autem</strong></span> <span class='ocrx_word' id='word_1_150' title='bbox 1209 2461 1937 2538; x_wconf 75' lang='lat' dir='ltr'><strong>disperditur‘etpunitur.</strong></span> 
     </span>
    </p>
   </div>
   <div class='ocr_carea' id='block_1_25' title="bbox 280 2540 1938 2624">
    <p class='ocr_par' dir='ltr' id='par_1_25' title="bbox 280 2540 1938 2624">
     <span class='ocr_line' id='line_1_25' title="bbox 280 2540 1938 2624; baseline 0.012 -28"><span class='ocrx_word' id='word_1_151' title='bbox 280 2540 456 2597; x_wconf 87' lang='lat' dir='ltr'><strong>Nunc</strong></span> <span class='ocrx_word' id='word_1_152' title='bbox 482 2544 609 2612; x_wconf 89' lang='lat' dir='ltr'><strong>jam</strong></span> <span class='ocrx_word' id='word_1_153' title='bbox 644 2543 792 2615; x_wconf 87' lang='lat' dir='ltr'><strong>elige</strong></span> <span class='ocrx_word' id='word_1_154' title='bbox 825 2546 959 2616; x_wconf 89' lang='lat' dir='ltr'><strong>quid</strong></span> <span class='ocrx_word' id='word_1_155' title='bbox 994 2548 1279 2618; x_wconf 87' lang='lat' dir='ltr'><strong>sequaris,</strong></span> <span class='ocrx_word' id='word_1_156' title='bbox 1314 2559 1375 2606; x_wconf 91' lang='lat' dir='ltr'><strong>ut</strong></span> <span class='ocrx_word' id='word_1_157' title='bbox 1406 2569 1519 2608; x_wconf 93' lang='lat' dir='ltr'><strong>non</strong></span> <span class='ocrx_word' id='word_1_158' title='bbox 1552 2554 1611 2610; x_wconf 89' lang='lat' dir='ltr'><strong>in</strong></span> <span class='ocrx_word' id='word_1_159' title='bbox 1636 2560 1712 2624; x_wconf 90' lang='lat' dir='ltr'><strong>te,</strong></span> <span class='ocrx_word' id='word_1_160' title='bbox 1745 2559 1846 2614; x_wconf 88' lang='lat' dir='ltr'><strong>sed</strong></span> <span class='ocrx_word' id='word_1_161' title='bbox 1878 2559 1938 2616; x_wconf 92' lang='lat' dir='ltr'><strong>in</strong></span> 
     </span>
    </p>
   </div>
   <div class='ocr_carea' id='block_1_26' title="bbox 280 2630 1935 2703">
    <p class='ocr_par' dir='ltr' id='par_1_26' title="bbox 280 2630 1935 2703">
     <span class='ocr_line' id='line_1_26' title="bbox 280 2630 1935 2703; baseline 0.011 -18"><span class='ocrx_word' id='word_1_162' title='bbox 280 2630 405 2687; x_wconf 91' lang='lat' dir='ltr'><strong>Deo</strong></span> <span class='ocrx_word' id='word_1_163' title='bbox 437 2647 573 2687; x_wconf 89' lang='lat' dir='ltr'><strong>vero</strong></span> <span class='ocrx_word' id='word_1_164' title='bbox 605 2632 729 2687; x_wconf 86' lang='lat' dir='ltr'><strong>sine</strong></span> <span class='ocrx_word' id='word_1_165' title='bbox 760 2634 879 2690; x_wconf 93' lang='lat' dir='ltr'><strong>ullo</strong></span> <span class='ocrx_word' id='word_1_166' title='bbox 902 2651 1093 2692; x_wconf 89' lang='lat' dir='ltr'><strong>errore</strong></span> <span class='ocrx_word' id='word_1_167' title='bbox 1141 2637 1415 2696; x_wconf 90' lang='lat' dir='ltr'><strong>lauderis.</strong></span> <span class='ocrx_word' id='word_1_168' title='bbox 1450 2643 1611 2699; x_wconf 90' lang='lat' dir='ltr'><strong>Tunc</strong></span> <span class='ocrx_word' id='word_1_169' title='bbox 1643 2647 1796 2702; x_wconf 88' lang='lat' dir='ltr'><strong>enim</strong></span> <span class='ocrx_word' id='word_1_170' title='bbox 1830 2649 1935 2703; x_wconf 92' lang='lat' dir='ltr'><strong>tibi</strong></span> 
     </span>
    </p>
   </div>
   <div class='ocr_carea' id='block_1_27' title="bbox 277 2718 1932 2800">
    <p class='ocr_par' dir='ltr' id='par_1_27' title="bbox 277 2718 1932 2800">
     <span class='ocr_line' id='line_1_27' title="bbox 277 2718 1932 2800; baseline 0.011 -28"><span class='ocrx_word' id='word_1_171' title='bbox 277 2718 471 2791; x_wconf 89' lang='lat' dir='ltr'><strong>gloria</strong></span> <span class='ocrx_word' id='word_1_172' title='bbox 523 2720 823 2791; x_wconf 89' lang='lat' dir='ltr'><strong>popularis</strong></span> <span class='ocrx_word' id='word_1_173' title='bbox 851 2723 1064 2792; x_wconf 82' lang='lat' dir='ltr'><strong>adfuit,</strong></span> <span class='ocrx_word' id='word_1_174' title='bbox 1095 2728 1194 2781; x_wconf 89' lang='lat' dir='ltr'><strong>sed</strong></span> <span class='ocrx_word' id='word_1_175' title='bbox 1227 2729 1695 2800; x_wconf 89' lang='lat' dir='ltr'><strong>occultojudicio</strong></span> <span class='ocrx_word' id='word_1_176' title='bbox 1726 2735 1932 2792; x_wconf 67' lang='lat' dir='ltr'><strong>divinae</strong></span> 
     </span>
    </p>
   </div>
   <div class='ocr_carea' id='block_1_28' title="bbox 282 2805 1931 2886">
    <p class='ocr_par' dir='ltr' id='par_1_28' title="bbox 282 2805 1931 2886">
     <span class='ocr_line' id='line_1_28' title="bbox 282 2805 1931 2886; baseline 0.012 -26"><span class='ocrx_word' id='word_1_177' title='bbox 282 2805 660 2877; x_wconf 74' lang='lat' dir='ltr'><strong>providentiae</strong></span> <span class='ocrx_word' id='word_1_178' title='bbox 682 2823 816 2865; x_wconf 90' lang='lat' dir='ltr'><strong>vera</strong></span> <span class='ocrx_word' id='word_1_179' title='bbox 840 2810 1062 2883; x_wconf 89' lang='lat' dir='ltr'><strong>religio,</strong></span> <span class='ocrx_word' id='word_1_180' title='bbox 1096 2831 1268 2884; x_wconf 89' lang='lat' dir='ltr'><strong>quam</strong></span> <span class='ocrx_word' id='word_1_181' title='bbox 1301 2815 1563 2886; x_wconf 84' lang='lat' dir='ltr'><strong>eligeres,</strong></span> <span class='ocrx_word' id='word_1_182' title='bbox 1583 2819 1787 2877; x_wconf 78' lang='lat' dir='ltr'><strong>defuit.</strong></span> <span class='ocrx_word' id='word_1_183' title='bbox 1820 2825 1931 2879; x_wconf 82' lang='lat' dir='ltr'><strong>Ex-</strong></span> 
     </span>
    </p>
   </div>
   <div class='ocr_carea' id='block_1_29' title="bbox 284 2895 1933 2981">
    <p class='ocr_par' dir='ltr' id='par_1_29' title="bbox 284 2895 1933 2981">
     <span class='ocr_line' id='line_1_29' title="bbox 284 2895 1933 2981; baseline 0.011 -31"><span class='ocrx_word' id='word_1_184' title='bbox 284 2895 630 2966; x_wconf 81' lang='lat' dir='ltr'><strong>pergiscere,</strong></span> <span class='ocrx_word' id='word_1_185' title='bbox 664 2897 788 2953; x_wconf 89' lang='lat' dir='ltr'><strong>dies</strong></span> <span class='ocrx_word' id='word_1_186' title='bbox 812 2904 902 2955; x_wconf 89' lang='lat' dir='ltr'><strong>est</strong></span> <span class='ocrx_word' id='word_1_187' title='bbox 935 2916 947 2965; x_wconf 89' lang='lat'><strong>;</strong></span> <span class='ocrx_word' id='word_1_188' title='bbox 982 2900 1130 2957; x_wconf 88' lang='lat' dir='ltr'><strong>sicut</strong></span> <span class='ocrx_word' id='word_1_189' title='bbox 1159 2912 1489 2974; x_wconf 88' lang='lat' dir='ltr'><strong>experrecta</strong></span> <span class='ocrx_word' id='word_1_190' title='bbox 1508 2923 1569 2963; x_wconf 89' lang='lat' dir='ltr'><strong>es</strong></span> <span class='ocrx_word' id='word_1_191' title='bbox 1596 2909 1656 2965; x_wconf 92' lang='lat' dir='ltr'><strong>in</strong></span> <span class='ocrx_word' id='word_1_192' title='bbox 1689 2912 1933 2981; x_wconf 89' lang='lat' dir='ltr'><strong>quibus-</strong></span> 
     </span>
    </p>
   </div>
   <div class='ocr_carea' id='block_1_30' title="bbox 280 2984 1933 3068">
    <p class='ocr_par' dir='ltr' id='par_1_30' title="bbox 280 2984 1933 3068">
     <span class='ocr_line' id='line_1_30' title="bbox 280 2984 1933 3068; baseline 0.011 -29"><span class='ocrx_word' id='word_1_193' title='bbox 280 2985 443 3054; x_wconf 87' lang='lat' dir='ltr'><strong>dam,</strong></span> <span class='ocrx_word' id='word_1_194' title='bbox 476 2984 545 3041; x_wconf 92' lang='lat' dir='ltr'><strong>de</strong></span> <span class='ocrx_word' id='word_1_195' title='bbox 570 3001 821 3057; x_wconf 89' lang='lat' dir='ltr'><strong>quorum</strong></span> <span class='ocrx_word' id='word_1_196' title='bbox 869 2989 1083 3045; x_wconf 88' lang='lat' dir='ltr'><strong>virtute</strong></span> <span class='ocrx_word' id='word_1_197' title='bbox 1115 2991 1386 3063; x_wconf 82' lang='lat' dir='ltr'><strong>perfecta,</strong></span> <span class='ocrx_word' id='word_1_198' title='bbox 1418 3000 1476 3051; x_wconf 88' lang='lat' dir='ltr'><strong>et</strong></span> <span class='ocrx_word' id='word_1_199' title='bbox 1505 3013 1609 3068; x_wconf 91' lang='lat' dir='ltr'><strong>pro</strong></span> <span class='ocrx_word' id='word_1_200' title='bbox 1657 2998 1769 3055; x_wconf 86' lang='lat' dir='ltr'><strong>ﬁde</strong></span> <span class='ocrx_word' id='word_1_201' title='bbox 1798 3018 1933 3058; x_wconf 84' lang='lat' dir='ltr'><strong>vera</strong></span> 
     </span>
    </p>
   </div>
   <div class='ocr_carea' id='block_1_31' title="bbox 277 3072 1930 3160">
    <p class='ocr_par' dir='ltr' id='par_1_31' title="bbox 277 3072 1930 3160">
     <span class='ocr_line' id='line_1_31' title="bbox 277 3072 1930 3160; baseline 0.011 -32"><span class='ocrx_word' id='word_1_202' title='bbox 277 3072 455 3128; x_wconf 85' lang='lat' dir='ltr'><strong>etiam</strong></span> <span class='ocrx_word' id='word_1_203' title='bbox 488 3074 861 3145; x_wconf 86' lang='lat' dir='ltr'><strong>passionibus</strong></span> <span class='ocrx_word' id='word_1_204' title='bbox 891 3077 1231 3148; x_wconf 87' lang='lat' dir='ltr'><strong>gloriamur,</strong></span> <span class='ocrx_word' id='word_1_205' title='bbox 1258 3083 1353 3152; x_wconf 90' lang='lat' dir='ltr'><strong>qui</strong></span> <span class='ocrx_word' id='word_1_206' title='bbox 1379 3100 1802 3160; x_wconf 87' lang='lat' dir='ltr'><strong>usquequaque</strong></span> <span class='ocrx_word' id='word_1_207' title='bbox 1818 3092 1930 3145; x_wconf 87' lang='lat' dir='ltr'><strong>ad-</strong></span> 
     </span>
    </p>
   </div>
   <div class='ocr_carea' id='block_1_32' title="bbox 276 3166 1929 3250">
    <p class='ocr_par' dir='ltr' id='par_1_32' title="bbox 276 3166 1929 3250">
     <span class='ocr_line' id='line_1_32' title="bbox 276 3166 1929 3250; baseline 0.011 -33"><span class='ocrx_word' id='word_1_208' title='bbox 276 3179 484 3218; x_wconf 89' lang='lat' dir='ltr'><strong>versus</strong></span> <span class='ocrx_word' id='word_1_209' title='bbox 514 3169 829 3235; x_wconf 89' lang='lat' dir='ltr'><strong>potestates</strong></span> <span class='ocrx_word' id='word_1_210' title='bbox 846 3166 1280 3226; x_wconf 89' lang='lat' dir='ltr'><strong>inimicissimas</strong></span> <span class='ocrx_word' id='word_1_211' title='bbox 1302 3173 1697 3246; x_wconf 86' lang='lat' dir='ltr'><strong>conﬂigentes,</strong></span> <span class='ocrx_word' id='word_1_212' title='bbox 1720 3192 1929 3250; x_wconf 88' lang='lat' dir='ltr'><strong>easque</strong></span> 
     </span>
    </p>
   </div>
   <div class='ocr_carea' id='block_1_33' title="bbox 274 3253 1927 3333">
    <p class='ocr_par' dir='ltr' id='par_1_33' title="bbox 274 3253 1927 3333">
     <span class='ocr_line' id='line_1_33' title="bbox 274 3253 1927 3333; baseline 0.011 -27"><span class='ocrx_word' id='word_1_213' title='bbox 274 3253 511 3308; x_wconf 84' lang='lat' dir='ltr'><strong>fortiter</strong></span> <span class='ocrx_word' id='word_1_214' title='bbox 558 3255 856 3310; x_wconf 89' lang='lat' dir='ltr'><strong>moriendo</strong></span> <span class='ocrx_word' id='word_1_215' title='bbox 894 3256 1214 3327; x_wconf 90' lang='lat' dir='ltr'><strong>vincentes,</strong></span> <span class='ocrx_word' id='word_1_216' title='bbox 1248 3262 1534 3333; x_wconf 83' lang='lat' dir='ltr'><strong>sanguine</strong></span> <span class='ocrx_word' id='word_1_217' title='bbox 1579 3265 1746 3323; x_wconf 91' lang='lat' dir='ltr'><strong>nobis</strong></span> <span class='ocrx_word' id='word_1_218' title='bbox 1776 3267 1927 3325; x_wconf 91' lang='lat' dir='ltr'><strong>hanc</strong></span> 
     </span>
    </p>
   </div>
   <div class='ocr_carea' id='block_1_34' title="bbox 275 3341 1927 3420">
    <p class='ocr_par' dir='ltr' id='par_1_34' title="bbox 275 3341 1927 3420">
     <span class='ocr_line' id='line_1_34' title="bbox 275 3341 1927 3420; baseline 0.011 -25"><span class='ocrx_word' id='word_1_219' title='bbox 275 3341 529 3414; x_wconf 87' lang='lat' dir='ltr'><strong>patriam</strong></span> <span class='ocrx_word' id='word_1_220' title='bbox 556 3358 825 3414; x_wconf 89' lang='lat' dir='ltr'><strong>peperere</strong></span> <span class='ocrx_word' id='word_1_221' title='bbox 854 3360 979 3400; x_wconf 88' lang='lat' dir='ltr'><strong>suo.</strong></span> <span class='ocrx_word' id='word_1_222' title='bbox 1011 3347 1094 3400; x_wconf 86' lang='lat' dir='ltr'><strong>Ad</strong></span> <span class='ocrx_word' id='word_1_223' title='bbox 1130 3364 1301 3418; x_wconf 89' lang='lat' dir='ltr'><strong>quam</strong></span> <span class='ocrx_word' id='word_1_224' title='bbox 1336 3351 1579 3420; x_wconf 88' lang='lat' dir='ltr'><strong>patriam</strong></span> <span class='ocrx_word' id='word_1_225' title='bbox 1622 3359 1677 3410; x_wconf 89' lang='lat' dir='ltr'><strong>te</strong></span> <span class='ocrx_word' id='word_1_226' title='bbox 1708 3356 1927 3413; x_wconf 89' lang='lat' dir='ltr'><strong>invita—</strong></span> 
     </span>
    </p>
   </div>
   <div class='ocr_carea' id='block_1_35' title="bbox 270 3432 1921 3515">
    <p class='ocr_par' dir='ltr' id='par_1_35' title="bbox 270 3432 1921 3515">
     <span class='ocr_line' id='line_1_35' title="bbox 270 3432 1921 3515; baseline 0.01 -30"><span class='ocrx_word' id='word_1_227' title='bbox 270 3432 892 3499; x_wconf 82' lang='lat' dir='ltr'><strong>mus,etexhortamur</strong></span> <span class='ocrx_word' id='word_1_228' title='bbox 906 3442 961 3489; x_wconf 92' lang='lat' dir='ltr'><strong>ut</strong></span> <span class='ocrx_word' id='word_1_229' title='bbox 975 3436 1023 3507; x_wconf 86' lang='lat' dir='ltr'><strong>ej</strong></span> <span class='ocrx_word' id='word_1_230' title='bbox 1037 3451 1101 3490; x_wconf 91' lang='lat' dir='ltr'><strong>us</strong></span> <span class='ocrx_word' id='word_1_231' title='bbox 1114 3438 1408 3508; x_wconf 87' lang='lat' dir='ltr'><strong>adjiciaris</strong></span> <span class='ocrx_word' id='word_1_232' title='bbox 1427 3458 1670 3499; x_wconf 91' lang='lat' dir='ltr'><strong>numero</strong></span> <span class='ocrx_word' id='word_1_233' title='bbox 1684 3445 1831 3501; x_wconf 92' lang='lat' dir='ltr'><strong>civiu</strong></span> <span class='ocrx_word' id='word_1_234' title='bbox 1844 3463 1921 3515; x_wconf 90' lang='lat' dir='ltr'><strong>m,</strong></span> 
     </span>
    </p>
   </div>
   <div class='ocr_carea' id='block_1_36' title="bbox 273 3521 1924 3600">
    <p class='ocr_par' dir='ltr' id='par_1_36' title="bbox 273 3521 1924 3600">
     <span class='ocr_line' id='line_1_36' title="bbox 273 3521 1924 3600; baseline 0.011 -27"><span class='ocrx_word' id='word_1_235' title='bbox 273 3521 450 3590; x_wconf 88' lang='lat' dir='ltr'><strong>cujus</strong></span> <span class='ocrx_word' id='word_1_236' title='bbox 491 3523 921 3592; x_wconf 84' lang='lat' dir='ltr'><strong>quodammodo</strong></span> <span class='ocrx_word' id='word_1_237' title='bbox 969 3524 1195 3596; x_wconf 85' lang='lat' dir='ltr'><strong>asylum</strong></span> <span class='ocrx_word' id='word_1_238' title='bbox 1226 3533 1313 3583; x_wconf 88' lang='lat' dir='ltr'><strong>est</strong></span> <span class='ocrx_word' id='word_1_239' title='bbox 1358 3532 1433 3600; x_wconf 82' lang='grc' dir='ltr'><strong>(α)</strong></span> <span class='ocrx_word' id='word_1_240' title='bbox 1490 3546 1627 3587; x_wconf 88' lang='lat' dir='ltr'><strong>vera</strong></span> <span class='ocrx_word' id='word_1_241' title='bbox 1656 3535 1924 3592; x_wconf 87' lang='lat' dir='ltr'><strong>remissio</strong></span> 
     </span>
    </p>
   </div>
   <div class='ocr_carea' id='block_1_37' title="bbox 268 3612 1924 3685">
    <p class='ocr_par' dir='ltr' id='par_1_37' title="bbox 268 3612 1924 3685">
     <span class='ocr_line' id='line_1_37' title="bbox 268 3612 1924 3685; baseline 0.01 -23"><span class='ocrx_word' id='word_1_242' title='bbox 268 3614 666 3679; x_wconf 85' lang='lat' dir='ltr'><strong>peccatorum.</strong></span> <span class='ocrx_word' id='word_1_243' title='bbox 690 3612 813 3668; x_wconf 87' lang='lat' dir='ltr'><strong>Non</strong></span> <span class='ocrx_word' id='word_1_244' title='bbox 833 3612 1037 3670; x_wconf 82' lang='lat' dir='ltr'><strong>audias</strong></span> <span class='ocrx_word' id='word_1_245' title='bbox 1050 3615 1360 3685; x_wconf 86' lang='lat' dir='ltr'><strong>degeneres</strong></span> <span class='ocrx_word' id='word_1_246' title='bbox 1376 3625 1502 3674; x_wconf 90' lang='lat' dir='ltr'><strong>tuos</strong></span> <span class='ocrx_word' id='word_1_247' title='bbox 1515 3620 1742 3677; x_wconf 89' lang='lat' dir='ltr'><strong>Christo</strong></span> <span class='ocrx_word' id='word_1_248' title='bbox 1758 3622 1924 3678; x_wconf 89' lang='lat' dir='ltr'><strong>Chri-</strong></span> 
     </span>
    </p>
   </div>
   <div class='ocr_carea' id='block_1_38' title="bbox 270 3698 1923 3781">
    <p class='ocr_par' dir='ltr' id='par_1_38' title="bbox 270 3698 1923 3781">
     <span class='ocr_line' id='line_1_38' title="bbox 270 3698 1923 3781; baseline 0.01 -29"><span class='ocrx_word' id='word_1_249' title='bbox 270 3698 552 3756; x_wconf 85' lang='lat' dir='ltr'><strong>stianisve</strong></span> <span class='ocrx_word' id='word_1_250' title='bbox 580 3700 971 3769; x_wconf 87' lang='lat' dir='ltr'><strong>detrahentes,</strong></span> <span class='ocrx_word' id='word_1_251' title='bbox 1005 3707 1061 3758; x_wconf 89' lang='lat' dir='ltr'><strong>et</strong></span> <span class='ocrx_word' id='word_1_252' title='bbox 1090 3709 1433 3761; x_wconf 87' lang='lat' dir='ltr'><strong>accusantes</strong></span> <span class='ocrx_word' id='word_1_253' title='bbox 1474 3707 1632 3763; x_wconf 88' lang='lat' dir='ltr'><strong>velut</strong></span> <span class='ocrx_word' id='word_1_254' title='bbox 1666 3717 1923 3781; x_wconf 88' lang='lat' dir='ltr'><strong>tempora</strong></span> 
     </span>
    </p>
   </div>
   <div class='ocr_carea' id='block_1_39' title="bbox 269 3790 1923 3871">
    <p class='ocr_par' dir='ltr' id='par_1_39' title="bbox 269 3790 1923 3871">
     <span class='ocr_line' id='line_1_39' title="bbox 269 3790 1923 3871; baseline 0.007 -26"><span class='ocrx_word' id='word_1_255' title='bbox 269 3790 430 3845; x_wconf 89' lang='lat' dir='ltr'><strong>mala</strong></span> <span class='ocrx_word' id='word_1_256' title='bbox 458 3806 593 3847; x_wconf 91' lang='lat' dir='ltr'><strong>cum</strong></span> <span class='ocrx_word' id='word_1_257' title='bbox 626 3795 890 3862; x_wconf 66' lang='lat' dir='ltr'><strong>querant</strong></span> <span class='ocrx_word' id='word_1_258' title='bbox 918 3797 1182 3864; x_wconf 87' lang='lat' dir='ltr'><strong>tempora</strong></span> <span class='ocrx_word' id='word_1_259' title='bbox 1204 3795 1418 3865; x_wconf 89' lang='lat' dir='ltr'><strong>quibus</strong></span> <span class='ocrx_word' id='word_1_260' title='bbox 1458 3813 1572 3852; x_wconf 88' lang='lat' dir='ltr'><strong>non</strong></span> <span class='ocrx_word' id='word_1_261' title='bbox 1622 3799 1696 3853; x_wconf 91' lang='lat' dir='ltr'><strong>sit</strong></span> <span class='ocrx_word' id='word_1_262' title='bbox 1727 3801 1923 3871; x_wconf 90' lang='lat' dir='ltr'><strong>quieta</strong></span> 
     </span>
    </p>
   </div>
   <div class='ocr_carea' id='block_1_40' title="bbox 266 3879 1918 3960">
    <p class='ocr_par' dir='ltr' id='par_1_40' title="bbox 266 3879 1918 3960">
     <span class='ocr_line' id='line_1_40' title="bbox 266 3879 1918 3960; baseline 0.007 -27"><span class='ocrx_word' id='word_1_263' title='bbox 266 3879 412 3944; x_wconf 88' lang='lat' dir='ltr'><strong>vita,</strong></span> <span class='ocrx_word' id='word_1_264' title='bbox 446 3880 544 3935; x_wconf 89' lang='lat' dir='ltr'><strong>sed</strong></span> <span class='ocrx_word' id='word_1_265' title='bbox 573 3879 766 3952; x_wconf 90' lang='lat' dir='ltr'><strong>potius</strong></span> <span class='ocrx_word' id='word_1_266' title='bbox 788 3897 995 3937; x_wconf 88' lang='lat' dir='ltr'><strong>secura</strong></span> <span class='ocrx_word' id='word_1_267' title='bbox 1017 3882 1294 3955; x_wconf 85' lang='lat' dir='ltr'><strong>nequitia.</strong></span> <span class='ocrx_word' id='word_1_268' title='bbox 1330 3884 1458 3941; x_wconf 58' lang='lat' dir='ltr'><strong>Haec</strong></span> <span class='ocrx_word' id='word_1_269' title='bbox 1480 3886 1585 3941; x_wconf 90' lang='lat' dir='ltr'><strong>tibi</strong></span> <span class='ocrx_word' id='word_1_270' title='bbox 1617 3904 1918 3960; x_wconf 91' lang='lat' dir='ltr'><strong>nunquam</strong></span> 
     </span>
    </p>
   </div>
   <div class='ocr_carea' id='block_1_41' title="bbox 265 3970 1920 4048">
    <p class='ocr_par' dir='ltr' id='par_1_41' title="bbox 265 3970 1920 4048">
     <span class='ocr_line' id='line_1_41' title="bbox 265 3970 1920 4048; baseline 0.007 -24"><span class='ocrx_word' id='word_1_271' title='bbox 265 3985 375 4024; x_wconf 91' lang='lat' dir='ltr'><strong>nec</strong></span> <span class='ocrx_word' id='word_1_272' title='bbox 408 3984 512 4039; x_wconf 91' lang='lat' dir='ltr'><strong>pro</strong></span> <span class='ocrx_word' id='word_1_273' title='bbox 542 3974 773 4026; x_wconf 84' lang='lat' dir='ltr'><strong>terrena</strong></span> <span class='ocrx_word' id='word_1_274' title='bbox 804 3972 991 4041; x_wconf 89' lang='lat' dir='ltr'><strong>patria</strong></span> <span class='ocrx_word' id='word_1_275' title='bbox 1014 3970 1376 4042; x_wconf 88' lang='lat' dir='ltr'><strong>placuerunt.</strong></span> <span class='ocrx_word' id='word_1_276' title='bbox 1412 3976 1574 4031; x_wconf 90' lang='lat' dir='ltr'><strong>Nunc</strong></span> <span class='ocrx_word' id='word_1_277' title='bbox 1596 3979 1717 4048; x_wconf 87' lang='lat' dir='ltr'><strong>jam</strong></span> <span class='ocrx_word' id='word_1_278' title='bbox 1743 3980 1920 4035; x_wconf 79' lang='lat' dir='ltr'><strong>ccele-</strong></span> 
     </span>
    </p>
   </div>
   <div class='ocr_carea' id='block_1_42' title="bbox 263 4060 1919 4133">
    <p class='ocr_par' dir='ltr' id='par_1_42' title="bbox 263 4060 1919 4133">
     <span class='ocr_line' id='line_1_42' title="bbox 263 4060 1919 4133; baseline 0.008 -20"><span class='ocrx_word' id='word_1_279' title='bbox 263 4063 422 4114; x_wconf 82' lang='lat' dir='ltr'><strong>stem</strong></span> <span class='ocrx_word' id='word_1_280' title='bbox 453 4060 667 4131; x_wconf 87' lang='lat' dir='ltr'><strong>arripe,</strong></span> <span class='ocrx_word' id='word_1_281' title='bbox 699 4076 803 4132; x_wconf 90' lang='lat' dir='ltr'><strong>pro</strong></span> <span class='ocrx_word' id='word_1_282' title='bbox 834 4077 953 4132; x_wconf 92' lang='lat' dir='ltr'><strong>qua</strong></span> <span class='ocrx_word' id='word_1_283' title='bbox 976 4062 1288 4118; x_wconf 90' lang='lat' dir='ltr'><strong>minimum</strong></span> <span class='ocrx_word' id='word_1_284' title='bbox 1332 4063 1646 4133; x_wconf 85' lang='lat' dir='ltr'><strong>laborabis,</strong></span> <span class='ocrx_word' id='word_1_285' title='bbox 1678 4074 1734 4124; x_wconf 91' lang='lat' dir='ltr'><strong>et</strong></span> <span class='ocrx_word' id='word_1_286' title='bbox 1758 4069 1817 4124; x_wconf 90' lang='lat' dir='ltr'><strong>in</strong></span> <span class='ocrx_word' id='word_1_287' title='bbox 1850 4086 1919 4126; x_wconf 89' lang='lat' dir='ltr'><strong>ea</strong></span> 
     </span>
    </p>
   </div>
   <div class='ocr_carea' id='block_1_43' title="bbox 260 4147 1914 4221">
    <p class='ocr_par' dir='ltr' id='par_1_43' title="bbox 260 4147 1914 4221">
     <span class='ocr_line' id='line_1_43' title="bbox 260 4147 1914 4221; baseline 0.009 -22"><span class='ocrx_word' id='word_1_288' title='bbox 260 4147 547 4204; x_wconf 85' lang='lat' dir='ltr'><strong>veraciter</strong></span> <span class='ocrx_word' id='word_1_289' title='bbox 566 4163 915 4221; x_wconf 89' lang='lat' dir='ltr'><strong>semperque</strong></span> <span class='ocrx_word' id='word_1_290' title='bbox 945 4150 1240 4221; x_wconf 89' lang='lat' dir='ltr'><strong>regnabis.</strong></span> <span class='ocrx_word' id='word_1_291' title='bbox 1274 4151 1397 4208; x_wconf 90' lang='lat' dir='ltr'><strong>Illic</strong></span> <span class='ocrx_word' id='word_1_292' title='bbox 1435 4155 1591 4209; x_wconf 88' lang='lat' dir='ltr'><strong>enim</strong></span> <span class='ocrx_word' id='word_1_293' title='bbox 1646 4156 1745 4211; x_wconf 92' lang='lat' dir='ltr'><strong>tibi</strong></span> <span class='ocrx_word' id='word_1_294' title='bbox 1799 4175 1914 4214; x_wconf 92' lang='lat' dir='ltr'><strong>non</strong></span> 
     </span>
    </p>
   </div>
   <div class='ocr_carea' id='block_1_44' title="bbox 261 4236 1913 4319">
    <p class='ocr_par' dir='ltr' id='par_1_44' title="bbox 261 4236 1913 4319">
     <span class='ocr_line' id='line_1_44' title="bbox 261 4236 1913 4319; baseline 0.007 -28"><span class='ocrx_word' id='word_1_295' title='bbox 261 4236 519 4293; x_wconf 85' lang='lat' dir='ltr'><strong>Vestalis</strong></span> <span class='ocrx_word' id='word_1_296' title='bbox 552 4237 716 4293; x_wconf 90' lang='lat' dir='ltr'><strong>focus</strong></span> <span class='ocrx_word' id='word_1_297' title='bbox 764 4239 864 4311; x_wconf 85' lang='lat' dir='ltr'><strong>(b),</strong></span> <span class='ocrx_word' id='word_1_298' title='bbox 916 4256 1031 4296; x_wconf 92' lang='lat' dir='ltr'><strong>non</strong></span> <span class='ocrx_word' id='word_1_299' title='bbox 1089 4240 1241 4313; x_wconf 86' lang='lat' dir='ltr'><strong>lapis</strong></span> <span class='ocrx_word' id='word_1_300' title='bbox 1290 4244 1652 4315; x_wconf 88' lang='lat' dir='ltr'><strong>Capitolinus</strong></span> <span class='ocrx_word' id='word_1_301' title='bbox 1683 4246 1779 4319; x_wconf 89' lang='lat' dir='ltr'><strong>(c),</strong></span> <span class='ocrx_word' id='word_1_302' title='bbox 1812 4248 1913 4305; x_wconf 89' lang='lat' dir='ltr'><strong>sed</strong></span> 
     </span>
    </p>
   </div>
   <div class='ocr_carea' id='block_1_45' title="bbox 325 4424 1913 4498">
    <p class='ocr_par' dir='ltr' id='par_1_45' title="bbox 325 4424 1913 4498">
     <span class='ocr_line' id='line_1_45' title="bbox 325 4424 1913 4498; baseline 0.009 -26"><span class='ocrx_word' id='word_1_303' title='bbox 325 4429 342 4461; x_wconf 75' lang='grc' dir='ltr'><strong><em>ι</em></strong></span> <span class='ocrx_word' id='word_1_304' title='bbox 378 4424 463 4476; x_wconf 87' lang='lat' dir='ltr'><strong>Sic</strong></span> <span class='ocrx_word' id='word_1_305' title='bbox 490 4425 575 4475; x_wconf 87' lang='lat' dir='ltr'><strong>Er.</strong></span> <span class='ocrx_word' id='word_1_306' title='bbox 607 4427 661 4475; x_wconf 87' lang='lat' dir='ltr'><strong>et</strong></span> <span class='ocrx_word' id='word_1_307' title='bbox 685 4427 808 4478; x_wconf 86' lang='lat' dir='ltr'><strong>Mss.</strong></span> <span class='ocrx_word' id='word_1_308' title='bbox 839 4429 908 4477; x_wconf 81' lang='lat' dir='ltr'><strong>At</strong></span> <span class='ocrx_word' id='word_1_309' title='bbox 940 4428 1094 4479; x_wconf 90' lang='lat' dir='ltr'><strong>Vind.</strong></span> <span class='ocrx_word' id='word_1_310' title='bbox 1125 4430 1241 4483; x_wconf 79' lang='lat' dir='ltr'><strong>Am.</strong></span> <span class='ocrx_word' id='word_1_311' title='bbox 1284 4432 1337 4481; x_wconf 83' lang='lat' dir='ltr'><strong>et</strong></span> <span class='ocrx_word' id='word_1_312' title='bbox 1368 4434 1514 4490; x_wconf 90' lang='lat' dir='ltr'><strong>Lov.,</strong></span> <span class='ocrx_word' id='word_1_313' title='bbox 1546 4434 1913 4498; x_wconf 74' lang='lat' dir='ltr'><strong>dispergitur.</strong></span> 
     </span>
    </p>
   </div>
   <div class='ocr_carea' id='block_1_46' title="bbox 322 4504 1912 4617">
    <p class='ocr_par' dir='ltr' id='par_1_46' title="bbox 322 4504 1912 4617">
     <span class='ocr_line' id='line_1_46' title="bbox 322 4504 1912 4617; baseline 0.008 -64"><span class='ocrx_word' id='word_1_314' title='bbox 322 4504 401 4566; x_wconf 78' lang='grc' dir='ltr'><strong>(α)</strong></span> <span class='ocrx_word' id='word_1_315' title='bbox 416 4507 523 4616; x_wconf 42' lang='grc' dir='ltr'><strong>ἑά.</strong></span> <span class='ocrx_word' id='word_1_316' title='bbox 541 4507 855 4617; x_wconf 63' lang='lat' dir='ltr'><strong>qumuleum</strong></span> <span class='ocrx_word' id='word_1_317' title='bbox 883 4510 1096 4573; x_wconf 87' lang='lat' dir='ltr'><strong>asylum</strong></span> <span class='ocrx_word' id='word_1_318' title='bbox 1112 4512 1320 4567; x_wconf 83' lang='lat' dir='ltr'><strong>alludit,</strong></span> <span class='ocrx_word' id='word_1_319' title='bbox 1352 4513 1416 4563; x_wconf 92' lang='lat' dir='ltr'><strong>de</strong></span> <span class='ocrx_word' id='word_1_320' title='bbox 1435 4528 1538 4576; x_wconf 88' lang='lat' dir='ltr'><strong>quo</strong></span> <span class='ocrx_word' id='word_1_321' title='bbox 1566 4514 1726 4577; x_wconf 86' lang='lat' dir='ltr'><strong>infra,</strong></span> <span class='ocrx_word' id='word_1_322' title='bbox 1748 4516 1841 4567; x_wconf 89' lang='lat' dir='ltr'><strong>lib.</strong></span> <span class='ocrx_word' id='word_1_323' title='bbox 1863 4517 1912 4577; x_wconf 88' lang='grc'><strong>5,</strong></span> 
     </span>
     <span class='ocr_line' id='line_1_47' title="bbox 322 4582 722 4617; baseline 0.005 -2"><span class='ocrx_word' id='word_1_324' title='bbox 322 4582 382 4617; x_wconf 84' lang='lat' dir='ltr'><strong>.n.</strong></span> <span class='ocrx_word' id='word_1_325' title='bbox 509 4583 568 4617; x_wconf 85' lang='lat' dir='ltr'><strong>1n</strong></span> <span class='ocrx_word' id='word_1_326' title='bbox 637 4582 722 4617; x_wconf 90' lang='lat' dir='ltr'><strong>ne.</strong></span> 
     </span>
    </p>
   </div>
   <div class='ocr_carea' id='block_1_47' title="bbox 261 4580 722 4619">
    <p class='ocr_par' dir='ltr' id='par_1_47' title="bbox 261 4580 722 4619">
     <span class='ocr_line' id='line_1_48' title="bbox 261 4580 722 4619; baseline 0.007 -3"><span class='ocrx_word' id='word_1_327' title='bbox 261 4580 382 4619; x_wconf 75' lang='grc' dir='ltr'><strong>αιο.</strong></span> <span class='ocrx_word' id='word_1_328' title='bbox 416 4580 473 4616; x_wconf 77' lang='grc' dir='ltr'>Π</span> <span class='ocrx_word' id='word_1_329' title='bbox 509 4583 568 4617; x_wconf 86' lang='lat' dir='ltr'><strong>1n</strong></span> <span class='ocrx_word' id='word_1_330' title='bbox 595 4580 722 4619; x_wconf 77' lang='lat'><strong>11118.</strong></span> 
     </span>
    </p>
   </div>
   <div class='ocr_carea' id='block_1_48' title="bbox 324 4582 1913 4701">
    <p class='ocr_par' dir='ltr' id='par_1_48' title="bbox 324 4582 1913 4701">
     <span class='ocr_line' id='line_1_49' title="bbox 324 4582 1913 4701; baseline 0.008 -22"><span class='ocrx_word' id='word_1_331' title='bbox 416 4582 571 4701; x_wconf 50' lang='lat' dir='ltr'><strong>1Ilgnlil;</strong></span> <span class='ocrx_word' id='word_1_332' title='bbox 595 4582 885 4701; x_wconf 52' lang='lat' dir='ltr'><strong>ngpetuus</strong></span> <span class='ocrx_word' id='word_1_333' title='bbox 914 4633 1102 4701; x_wconf 80' lang='lat' dir='ltr'><strong>Vestae</strong></span> <span class='ocrx_word' id='word_1_334' title='bbox 1129 4636 1353 4698; x_wconf 86' lang='lat' dir='ltr'><strong>dicatus,</strong></span> <span class='ocrx_word' id='word_1_335' title='bbox 1384 4639 1479 4701; x_wconf 90' lang='lat' dir='ltr'><strong>qui</strong></span> <span class='ocrx_word' id='word_1_336' title='bbox 1508 4640 1553 4688; x_wconf 89' lang='lat' dir='ltr'><strong>si</strong></span> <span class='ocrx_word' id='word_1_337' title='bbox 1576 4654 1703 4690; x_wconf 88' lang='lat' dir='ltr'><strong>casu</strong></span> <span class='ocrx_word' id='word_1_338' title='bbox 1715 4642 1913 4691; x_wconf 80' lang='lat' dir='ltr'><strong>exstin-</strong></span> 
     </span>
    </p>
   </div>
   <div class='ocr_carea' id='block_1_49' title="bbox 254 4696 1915 4765">
    <p class='ocr_par' dir='ltr' id='par_1_49' title="bbox 254 4696 1915 4765">
     <span class='ocr_line' id='line_1_50' title="bbox 254 4696 1915 4765; baseline 0.007 -24"><span class='ocrx_word' id='word_1_339' title='bbox 254 4696 528 4754; x_wconf 83' lang='lat' dir='ltr'><strong>gueretur,</strong></span> <span class='ocrx_word' id='word_1_340' title='bbox 579 4696 1246 4765; x_wconf 40' lang='lat' dir='ltr'><strong>manimqrumnmalorum</strong></span> <span class='ocrx_word' id='word_1_341' title='bbox 1273 4696 1667 4765; x_wconf 71' lang='lat' dir='ltr'><strong>imminentium</strong></span> <span class='ocrx_word' id='word_1_342' title='bbox 1695 4718 1915 4765; x_wconf 88' lang='lat' dir='ltr'><strong>praesa—</strong></span> 
     </span>
    </p>
   </div>
   <div class='ocr_carea' id='block_1_50' title="bbox 253 4757 1910 4827">
    <p class='ocr_par' dir='ltr' id='par_1_50' title="bbox 253 4757 1910 4827">
     <span class='ocr_line' id='line_1_51' title="bbox 253 4757 1910 4827; baseline 0.008 -24"><span class='ocrx_word' id='word_1_343' title='bbox 253 4757 406 4827; x_wconf 76' lang='lat' dir='ltr'><strong>gium</strong></span> <span class='ocrx_word' id='word_1_344' title='bbox 430 4770 563 4827; x_wconf 75' lang='lat' dir='ltr'><strong>esse,</strong></span> <span class='ocrx_word' id='word_1_345' title='bbox 595 4758 779 4827; x_wconf 76' lang='lat' dir='ltr'><strong>scribit</strong></span> <span class='ocrx_word' id='word_1_346' title='bbox 801 4759 912 4809; x_wconf 86' lang='lat' dir='ltr'><strong>Liv.</strong></span> <span class='ocrx_word' id='word_1_347' title='bbox 942 4760 1113 4827; x_wconf 72' lang='lat' dir='ltr'><strong>lib._5,</strong></span> <span class='ocrx_word' id='word_1_348' title='bbox 1144 4775 1258 4827; x_wconf 78' lang='lat' dir='ltr'><strong>cap.</strong></span> <span class='ocrx_word' id='word_1_349' title='bbox 1289 4762 1367 4827; x_wconf 71' lang='lat'><strong>52.</strong></span> <span class='ocrx_word' id='word_1_350' title='bbox 1386 4767 1438 4812; x_wconf 89' lang='lat' dir='ltr'><strong>et</strong></span> <span class='ocrx_word' id='word_1_351' title='bbox 1455 4766 1547 4812; x_wconf 89' lang='lat' dir='ltr'><strong>lib.</strong></span> <span class='ocrx_word' id='word_1_352' title='bbox 1572 4765 1649 4819; x_wconf 85' lang='lat'><strong>28.</strong></span> <span class='ocrx_word' id='word_1_353' title='bbox 1686 4757 1799 4827; x_wconf 68' lang='lat' dir='ltr'><strong>cap.</strong></span> <span class='ocrx_word' id='word_1_354' title='bbox 1835 4768 1910 4816; x_wconf 88' lang='grc'><strong>11.</strong></span> 
     </span>
    </p>
   </div>
   <div class='ocr_carea' id='block_1_51' title="bbox 322 4819 1916 4888">
    <p class='ocr_par' dir='ltr' id='par_1_51' title="bbox 322 4819 1916 4888">
     <span class='ocr_line' id='line_1_52' title="bbox 322 4819 1916 4888; baseline 0.007 -21"><span class='ocrx_word' id='word_1_355' title='bbox 322 4819 403 4888; x_wconf 54' lang='grc' dir='ltr'><strong>(οὶ</strong></span> <span class='ocrx_word' id='word_1_356' title='bbox 422 4820 452 4867; x_wconf 80' lang='grc' dir='ltr'><strong>,Ι</strong></span> <span class='ocrx_word' id='word_1_357' title='bbox 455 4820 571 4869; x_wconf 83' lang='lat' dir='ltr'><strong>ovis</strong></span> <span class='ocrx_word' id='word_1_358' title='bbox 580 4821 936 4888; x_wconf 74' lang='lat' dir='ltr'><strong>simulacrum</strong></span> <span class='ocrx_word' id='word_1_359' title='bbox 957 4823 1013 4888; x_wconf 86' lang='lat' dir='ltr'><strong>in</strong></span> <span class='ocrx_word' id='word_1_360' title='bbox 1034 4819 1595 4888; x_wconf 24' lang='lat' dir='ltr'><strong>Capitolioilapideum.</strong></span> <span class='ocrx_word' id='word_1_361' title='bbox 1635 4819 1768 4878; x_wconf 72' lang='lat' dir='ltr'><strong>Hinc</strong></span> <span class='ocrx_word' id='word_1_362' title='bbox 1787 4832 1916 4878; x_wconf 88' lang='lat' dir='ltr'><strong>nata</strong></span> 
     </span>
    </p>
   </div>
   <div class='ocr_carea' id='block_1_52' title="bbox 246 4880 1912 4953">
    <p class='ocr_par' dir='ltr' id='par_1_52' title="bbox 246 4880 1912 4953">
     <span class='ocr_line' id='line_1_53' title="bbox 246 4880 1912 4953; baseline 0.004 -23"><span class='ocrx_word' id='word_1_363' title='bbox 246 4880 353 4931; x_wconf 83' lang='lat' dir='ltr'><strong>ille.</strong></span> <span class='ocrx_word' id='word_1_364' title='bbox 369 4882 624 4932; x_wconf 80' lang='lat' dir='ltr'><strong>Romanis</strong></span> <span class='ocrx_word' id='word_1_365' title='bbox 642 4884 981 4935; x_wconf 81' lang='lat' dir='ltr'><strong>sanctissima</strong></span> <span class='ocrx_word' id='word_1_366' title='bbox 999 4880 1213 4949; x_wconf 69' lang='lat' dir='ltr'><strong>iuratio,</strong></span> <span class='ocrx_word' id='word_1_367' title='bbox 1236 4906 1262 4934; x_wconf 69' lang='lat' dir='ltr'><strong>cz</strong></span> <span class='ocrx_word' id='word_1_368' title='bbox 1286 4880 1384 4937; x_wconf 70' lang='lat' dir='ltr'><strong>Per</strong></span> <span class='ocrx_word' id='word_1_369' title='bbox 1400 4890 1585 4939; x_wconf 83' lang='lat' dir='ltr'><strong>Jovem</strong></span> <span class='ocrx_word' id='word_1_370' title='bbox 1603 4891 1860 4953; x_wconf 75' lang='lat' dir='ltr'><strong>lapidem!</strong></span> <span class='ocrx_word' id='word_1_371' title='bbox 1886 4911 1912 4937; x_wconf 80' lang='grc'><strong>»</strong></span> 
     </span>
    </p>
   </div>
   <div class='ocr_carea' id='block_1_53' title="bbox 1665 324 2362 413">
    <p class='ocr_par' dir='ltr' id='par_1_53' title="bbox 1665 324 2362 413">
     <span class='ocr_line' id='line_1_54' title="bbox 1665 324 2362 413; baseline 0.022 -17"><span class='ocrx_word' id='word_1_372' title='bbox 1665 324 1896 401; x_wconf 80' lang='lat' dir='ltr'><strong>LIBER</strong></span> <span class='ocrx_word' id='word_1_373' title='bbox 1942 340 2362 413; x_wconf 86' lang='lat' dir='ltr'><strong>SECUNDUS.</strong></span> 
     </span>
    </p>
   </div>
   <div class='ocr_carea' id='block_1_54' title="bbox 2142 484 2775 554">
    <p class='ocr_par' dir='ltr' id='par_1_54' title="bbox 2142 484 2775 554">
     <span class='ocr_line' id='line_1_55' title="bbox 2142 484 2775 554; baseline 0.025 -16"><span class='ocrx_word' id='word_1_374' title='bbox 2142 484 2290 541; x_wconf 87' lang='lat' dir='ltr'><strong>Deus</strong></span> <span class='ocrx_word' id='word_1_375' title='bbox 2316 505 2470 547; x_wconf 90' lang='lat' dir='ltr'><strong>unus</strong></span> <span class='ocrx_word' id='word_1_376' title='bbox 2503 499 2557 548; x_wconf 90' lang='lat' dir='ltr'><strong>et</strong></span> <span class='ocrx_word' id='word_1_377' title='bbox 2587 510 2775 554; x_wconf 85' lang='lat' dir='ltr'><strong>verus.</strong></span> 
     </span>
    </p>
   </div>
   <div class='ocr_carea' id='block_1_55' title="bbox 2192 592 3308 683">
    <p class='ocr_par' dir='ltr' id='par_1_55' title="bbox 2192 592 3308 683">
     <span class='ocr_line' id='line_1_56' title="bbox 2192 592 3308 683; baseline 0.029 -42"><span class='ocrx_word' id='word_1_378' title='bbox 2192 592 2488 683; x_wconf 28' lang='lat' dir='ltr'><strong>liecimetas</strong></span> <span class='ocrx_word' id='word_1_379' title='bbox 2521 614 2714 683; x_wconf 56' lang='lat' dir='ltr'><strong>rerum.</strong></span> <span class='ocrx_word' id='word_1_380' title='bbox 2740 611 3105 683; x_wconf 68' lang='lat' dir='ltr'><strong>nectempora</strong></span> <span class='ocrx_word' id='word_1_381' title='bbox 3131 625 3308 683; x_wconf 89' lang='lat' dir='ltr'><strong>ponet,</strong></span> 
     </span>
    </p>
   </div>
   <div class='ocr_carea' id='block_1_56' title="bbox 2130 654 2888 721">
    <p class='ocr_par' dir='ltr' id='par_1_56' title="bbox 2130 654 2888 721">
     <span class='ocr_line' id='line_1_57' title="bbox 2130 654 2888 721; baseline 0.026 -20"><span class='ocrx_word' id='word_1_382' title='bbox 2130 654 2413 719; x_wconf 88' lang='lat' dir='ltr'><strong>Imperium</strong></span> <span class='ocrx_word' id='word_1_383' title='bbox 2444 664 2557 712; x_wconf 83' lang='lat' dir='ltr'><strong>sine</strong></span> <span class='ocrx_word' id='word_1_384' title='bbox 2584 665 2690 716; x_wconf 82' lang='lat' dir='ltr'><strong>fine</strong></span> <span class='ocrx_word' id='word_1_385' title='bbox 2706 654 2888 721; x_wconf 26' lang='lat' dir='ltr'><strong>Idab&#39;it:</strong></span> 
     </span>
    </p>
   </div>
   <div class='ocr_carea' id='block_1_57' title="bbox 2282 722 3197 807">
    <p class='ocr_par' dir='ltr' id='par_1_57' title="bbox 2282 722 3197 807">
     <span class='ocr_line' id='line_1_58' title="bbox 2282 722 3197 807; baseline 0.03 -40"><span class='ocrx_word' id='word_1_386' title='bbox 2282 722 2523 782; x_wconf 61' lang='lat' dir='ltr'><strong>(zEneid.</strong></span> <span class='ocrx_word' id='word_1_387' title='bbox 2552 729 2645 776; x_wconf 86' lang='lat' dir='ltr'><strong>lib.</strong></span> <span class='ocrx_word' id='word_1_388' title='bbox 2683 730 2725 787; x_wconf 86' lang='grc'><strong>1,</strong></span> <span class='ocrx_word' id='word_1_389' title='bbox 2757 747 2894 787; x_wconf 84' lang='lat' dir='ltr'><strong>vers.</strong></span> <span class='ocrx_word' id='word_1_390' title='bbox 2926 737 3038 795; x_wconf 80' lang='lat'><strong>278,</strong></span> <span class='ocrx_word' id='word_1_391' title='bbox 3066 742 3197 807; x_wconf 81' lang='lat'><strong>279).</strong></span> 
     </span>
    </p>
   </div>
   <div class='ocr_carea' id='block_1_58' title="bbox 2096 816 3709 929">
    <p class='ocr_par' dir='ltr' id='par_1_58' title="bbox 2096 816 3709 929">
     <span class='ocr_line' id='line_1_59' title="bbox 2096 816 3709 929; baseline 0.03 -61"><span class='ocrx_word' id='word_1_392' title='bbox 2096 902 2107 912; x_wconf 42' lang='lat'><em>.</em></span> <span class='ocrx_word' id='word_1_393' title='bbox 2136 816 2189 873; x_wconf 88' lang='lat'><strong>2.</strong></span> <span class='ocrx_word' id='word_1_394' title='bbox 2210 818 2335 929; x_wconf 48' lang='grc' dir='ltr'><strong>ΝΞ)ιί</strong></span> <span class='ocrx_word' id='word_1_395' title='bbox 2353 823 2491 879; x_wconf 86' lang='lat' dir='ltr'><strong>deos</strong></span> <span class='ocrx_word' id='word_1_396' title='bbox 2508 826 2681 884; x_wconf 85' lang='lat' dir='ltr'><strong>falsos</strong></span> <span class='ocrx_word' id='word_1_397' title='bbox 2704 831 3050 908; x_wconf 85' lang='lat' dir='ltr'><strong>fallacesque</strong></span> <span class='ocrx_word' id='word_1_398' title='bbox 3075 847 3394 916; x_wconf 90' lang='lat' dir='ltr'><strong>requirere:</strong></span> <span class='ocrx_word' id='word_1_399' title='bbox 3413 854 3709 929; x_wconf 87' lang='lat' dir='ltr'><strong>abjicepo-</strong></span> 
     </span>
    </p>
   </div>
   <div class='ocr_carea' id='block_1_59' title="bbox 2067 906 3706 1003">
    <p class='ocr_par' dir='ltr' id='par_1_59' title="bbox 2067 906 3706 1003">
     <span class='ocr_line' id='line_1_60' title="bbox 2067 906 3706 1003; baseline 0.029 -47"><span class='ocrx_word' id='word_1_400' title='bbox 2067 906 2187 1003; x_wconf 67' lang='lat' dir='ltr'><strong>tius</strong></span> <span class='ocrx_word' id='word_1_401' title='bbox 2221 910 2391 979; x_wconf 88' lang='lat' dir='ltr'><strong>atque</strong></span> <span class='ocrx_word' id='word_1_402' title='bbox 2422 919 2751 987; x_wconf 87' lang='lat' dir='ltr'><strong>contemne,</strong></span> <span class='ocrx_word' id='word_1_403' title='bbox 2775 920 2833 975; x_wconf 91' lang='lat' dir='ltr'><strong>in</strong></span> <span class='ocrx_word' id='word_1_404' title='bbox 2864 940 3055 984; x_wconf 84' lang='lat' dir='ltr'><strong>veram</strong></span> <span class='ocrx_word' id='word_1_405' title='bbox 3080 906 3706 1003; x_wconf 58' lang='lat' dir='ltr'><strong>erriicanslibertaterm.</strong></span> 
     </span>
    </p>
   </div>
   <div class='ocr_carea' id='block_1_60' title="bbox 2066 990 3710 1095">
    <p class='ocr_par' dir='ltr' id='par_1_60' title="bbox 2066 990 3710 1094">
     <span class='ocr_line' id='line_1_61' title="bbox 2066 990 3710 1094; baseline 0.028 -49"><span class='ocrx_word' id='word_1_406' title='bbox 2066 990 2190 1048; x_wconf 90' lang='lat' dir='ltr'><strong>Non</strong></span> <span class='ocrx_word' id='word_1_407' title='bbox 2214 1005 2348 1052; x_wconf 88' lang='lat' dir='ltr'><strong>sunt</strong></span> <span class='ocrx_word' id='word_1_408' title='bbox 2380 1000 2481 1067; x_wconf 89' lang='lat' dir='ltr'><strong>dii,</strong></span> <span class='ocrx_word' id='word_1_409' title='bbox 2518 1004 2756 1076; x_wconf 87' lang='lat' dir='ltr'><strong>maligni</strong></span> <span class='ocrx_word' id='word_1_410' title='bbox 2789 1023 2920 1067; x_wconf 89' lang='lat' dir='ltr'><strong>sunt</strong></span> <span class='ocrx_word' id='word_1_411' title='bbox 2952 1017 3216 1087; x_wconf 88' lang='lat' dir='ltr'><strong>spiritus,</strong></span> <span class='ocrx_word' id='word_1_412' title='bbox 3252 1027 3463 1094; x_wconf 89' lang='lat' dir='ltr'><strong>quibus</strong></span> <span class='ocrx_word' id='word_1_413' title='bbox 3496 1037 3710 1090; x_wconf 86' lang='lat' dir='ltr'><strong>aeterna</strong></span> 
     </span>
    </p>
   </div>
   <div class='ocr_carea' id='block_1_61' title="bbox 2062 1349 3705 1456">
    <p class='ocr_par' dir='ltr' id='par_1_61' title="bbox 2062 1349 3705 1456">
     <span class='ocr_line' id='line_1_62' title="bbox 2062 1349 3705 1456; baseline 0.027 -56"><span class='ocrx_word' id='word_1_414' title='bbox 2062 1349 2169 1417; x_wconf 86' lang='lat' dir='ltr'><strong>tas,</strong></span> <span class='ocrx_word' id='word_1_415' title='bbox 2190 1353 2883 1426; x_wconf 88' lang='lat' dir='ltr'><strong>omnigenerihominum</strong></span> <span class='ocrx_word' id='word_1_416' title='bbox 2917 1371 3084 1428; x_wconf 89' lang='lat' dir='ltr'><strong>sedes</strong></span> <span class='ocrx_word' id='word_1_417' title='bbox 3116 1374 3373 1435; x_wconf 89' lang='lat' dir='ltr'><strong>invident</strong></span> <span class='ocrx_word' id='word_1_418' title='bbox 3394 1349 3705 1456; x_wconf 54' lang='lat' dir='ltr'><strong>sempitrer-</strong></span> 
     </span>
    </p>
   </div>
   <div class='ocr_carea' id='block_1_62' title="bbox 2061 1440 3704 1543">
    <p class='ocr_par' dir='ltr' id='par_1_62' title="bbox 2061 1440 3704 1543">
     <span class='ocr_line' id='line_1_63' title="bbox 2061 1440 3704 1543; baseline 0.026 -53"><span class='ocrx_word' id='word_1_419' title='bbox 2061 1440 2279 1541; x_wconf 46' lang='lat' dir='ltr'><strong>nas..Et</strong></span> <span class='ocrx_word' id='word_1_420' title='bbox 2310 1446 2370 1497; x_wconf 90' lang='lat' dir='ltr'><strong>tu</strong></span> <span class='ocrx_word' id='word_1_421' title='bbox 2406 1445 2531 1515; x_wconf 88' lang='lat' dir='ltr'><strong>ipsa</strong></span> <span class='ocrx_word' id='word_1_422' title='bbox 2562 1466 2674 1506; x_wconf 92' lang='lat' dir='ltr'><strong>non</strong></span> <span class='ocrx_word' id='word_1_423' title='bbox 2707 1471 2881 1523; x_wconf 87' lang='lat' dir='ltr'><strong>parva</strong></span> <span class='ocrx_word' id='word_1_424' title='bbox 2912 1474 2978 1513; x_wconf 87' lang='lat' dir='ltr'><strong>ex</strong></span> <span class='ocrx_word' id='word_1_425' title='bbox 3013 1468 3173 1532; x_wconf 90' lang='lat' dir='ltr'><strong>parte</strong></span> <span class='ocrx_word' id='word_1_426' title='bbox 3204 1466 3275 1522; x_wconf 91' lang='lat' dir='ltr'><strong>de</strong></span> <span class='ocrx_word' id='word_1_427' title='bbox 3308 1440 3704 1543; x_wconf 38' lang='lat' dir='ltr'><strong>talibus‘jud-i-</strong></span> 
     </span>
    </p>
   </div>
   <div class='ocr_carea' id='block_1_63' title="bbox 2060 1529 3702 1629">
    <p class='ocr_par' dir='ltr' id='par_1_63' title="bbox 2060 1529 3702 1629">
     <span class='ocr_line' id='line_1_64' title="bbox 2060 1529 3702 1629; baseline 0.026 -48"><span class='ocrx_word' id='word_1_428' title='bbox 2060 1529 2223 1629; x_wconf 73' lang='lat' dir='ltr'><strong>casti,</strong></span> <span class='ocrx_word' id='word_1_429' title='bbox 2241 1536 2474 1629; x_wconf 77' lang='lat' dir='ltr'><strong>quando</strong></span> <span class='ocrx_word' id='word_1_430' title='bbox 2500 1538 2650 1596; x_wconf 89' lang='lat' dir='ltr'><strong>ludis</strong></span> <span class='ocrx_word' id='word_1_431' title='bbox 2669 1559 2766 1600; x_wconf 90' lang='lat' dir='ltr'><strong>eos</strong></span> <span class='ocrx_word' id='word_1_432' title='bbox 2780 1529 3039 1617; x_wconf 30' lang='lat' dir='ltr'><strong>placasli‘,</strong></span> <span class='ocrx_word' id='word_1_433' title='bbox 3058 1558 3113 1609; x_wconf 89' lang='lat' dir='ltr'><strong>et</strong></span> <span class='ocrx_word' id='word_1_434' title='bbox 3138 1572 3235 1624; x_wconf 90' lang='lat' dir='ltr'><strong>per</strong></span> <span class='ocrx_word' id='word_1_435' title='bbox 3264 1576 3411 1629; x_wconf 89' lang='lat' dir='ltr'><strong>quos</strong></span> <span class='ocrx_word' id='word_1_436' title='bbox 3434 1529 3702 1623; x_wconf 71' lang='lat' dir='ltr'><strong>homines</strong></span> 
     </span>
    </p>
   </div>
   <div class='ocr_carea' id='block_1_64' title="bbox 2057 1620 3701 1712">
    <p class='ocr_par' dir='ltr' id='par_1_64' title="bbox 2057 1620 3701 1712">
     <span class='ocr_line' id='line_1_65' title="bbox 2057 1620 3701 1712; baseline 0.025 -41"><span class='ocrx_word' id='word_1_437' title='bbox 2057 1620 2290 1676; x_wconf 90' lang='lat' dir='ltr'><strong>eosdem</strong></span> <span class='ocrx_word' id='word_1_438' title='bbox 2326 1622 2494 1682; x_wconf 90' lang='lat' dir='ltr'><strong>ludos</strong></span> <span class='ocrx_word' id='word_1_439' title='bbox 2540 1628 2747 1700; x_wconf 84' lang='lat' dir='ltr'><strong>fecisti,</strong></span> <span class='ocrx_word' id='word_1_440' title='bbox 2780 1636 3025 1696; x_wconf 84' lang='lat' dir='ltr'><strong>infames</strong></span> <span class='ocrx_word' id='word_1_441' title='bbox 3057 1620 3181 1699; x_wconf 60' lang='lat' dir='ltr'><strong>esse</strong></span> <span class='ocrx_word' id='word_1_442' title='bbox 3214 1620 3464 1705; x_wconf 80' lang='lat' dir='ltr'><strong>voluisti.</strong></span> <span class='ocrx_word' id='word_1_443' title='bbox 3503 1653 3701 1712; x_wconf 89' lang='lat' dir='ltr'><strong>Patere</strong></span> 
     </span>
    </p>
   </div>
   <div class='ocr_carea' id='block_1_65' title="bbox 2052 1976 3697 2078">
    <p class='ocr_par' dir='ltr' id='par_1_65' title="bbox 2052 1976 3697 2078">
     <span class='ocr_line' id='line_1_66' title="bbox 2052 1976 3697 2078; baseline 0.022 -47"><span class='ocrx_word' id='word_1_444' title='bbox 2052 1976 2381 2036; x_wconf 89' lang='lat' dir='ltr'><strong>divinorum</strong></span> <span class='ocrx_word' id='word_1_445' title='bbox 2402 1989 2693 2045; x_wconf 85' lang='lat' dir='ltr'><strong>removisti</strong></span> <span class='ocrx_word' id='word_1_446' title='bbox 2712 1991 2783 2046; x_wconf 91' lang='lat' dir='ltr'><strong>ab</strong></span> <span class='ocrx_word' id='word_1_447' title='bbox 2803 1992 3120 2055; x_wconf 86' lang='lat' dir='ltr'><strong>honoribus</strong></span> <span class='ocrx_word' id='word_1_448' title='bbox 3136 2003 3250 2057; x_wconf 92' lang='lat' dir='ltr'><strong>tuis</strong></span> <span class='ocrx_word' id='word_1_449' title='bbox 3268 2021 3281 2057; x_wconf 90' lang='lat'><strong>:</strong></span> <span class='ocrx_word' id='word_1_450' title='bbox 3297 2008 3561 2078; x_wconf 75' lang='lat' dir='ltr'><strong>supplice</strong></span> <span class='ocrx_word' id='word_1_451' title='bbox 3581 2010 3697 2067; x_wconf 88' lang='lat' dir='ltr'><strong>Deo</strong></span> 
     </span>
    </p>
   </div>
   <div class='ocr_carea' id='block_1_66' title="bbox 2049 2076 3691 2160">
    <p class='ocr_par' dir='ltr' id='par_1_66' title="bbox 2049 2076 3691 2160">
     <span class='ocr_line' id='line_1_67' title="bbox 2049 2076 3691 2160; baseline 0.018 -33"><span class='ocrx_word' id='word_1_452' title='bbox 2049 2086 2203 2140; x_wconf 87' lang='lat' dir='ltr'><strong>vero,</strong></span> <span class='ocrx_word' id='word_1_453' title='bbox 2228 2076 2347 2128; x_wconf 90' lang='lat' dir='ltr'><strong>uta</strong></span> <span class='ocrx_word' id='word_1_454' title='bbox 2377 2078 2431 2130; x_wconf 91' lang='lat' dir='ltr'><strong>te</strong></span> <span class='ocrx_word' id='word_1_455' title='bbox 2450 2082 2885 2139; x_wconf 88' lang='lat' dir='ltr'><strong>removeatillos</strong></span> <span class='ocrx_word' id='word_1_456' title='bbox 2907 2087 3065 2158; x_wconf 90' lang='lat' dir='ltr'><strong>deos,</strong></span> <span class='ocrx_word' id='word_1_457' title='bbox 3090 2076 3691 2160; x_wconf 78' lang='lat' dir='ltr'><strong>quidelectanturcri-</strong></span> 
     </span>
    </p>
   </div>
   <div class='ocr_carea' id='block_1_67' title="bbox 2051 2158 3695 2257">
    <p class='ocr_par' dir='ltr' id='par_1_67' title="bbox 2051 2158 3695 2257">
     <span class='ocr_line' id='line_1_68' title="bbox 2051 2158 3695 2257; baseline 0.019 -44"><span class='ocrx_word' id='word_1_458' title='bbox 2051 2158 2313 2217; x_wconf 90' lang='lat' dir='ltr'><strong>minibus</strong></span> <span class='ocrx_word' id='word_1_459' title='bbox 2328 2165 2577 2234; x_wconf 88' lang='lat' dir='ltr'><strong>suis,seu</strong></span> <span class='ocrx_word' id='word_1_460' title='bbox 2593 2169 2765 2236; x_wconf 89' lang='lat' dir='ltr'><strong>veris,</strong></span> <span class='ocrx_word' id='word_1_461' title='bbox 2780 2174 2934 2243; x_wconf 88' lang='lat' dir='ltr'><strong>quod</strong></span> <span class='ocrx_word' id='word_1_462' title='bbox 2948 2175 3572 2247; x_wconf 86' lang='lat' dir='ltr'><strong>ignominiosissimum</strong></span> <span class='ocrx_word' id='word_1_463' title='bbox 3587 2193 3695 2257; x_wconf 90' lang='lat' dir='ltr'><strong>est;</strong></span> 
     </span>
    </p>
   </div>
   <div class='ocr_carea' id='block_1_68' title="bbox 2050 2250 3690 2344">
    <p class='ocr_par' dir='ltr' id='par_1_68' title="bbox 2050 2250 3690 2344">
     <span class='ocr_line' id='line_1_69' title="bbox 2050 2250 3690 2344; baseline 0.017 -41"><span class='ocrx_word' id='word_1_464' title='bbox 2050 2264 2149 2304; x_wconf 92' lang='lat' dir='ltr'><strong>seu</strong></span> <span class='ocrx_word' id='word_1_465' title='bbox 2173 2250 2357 2318; x_wconf 82' lang='lat' dir='ltr'><strong>falsis,</strong></span> <span class='ocrx_word' id='word_1_466' title='bbox 2390 2256 2542 2323; x_wconf 91' lang='lat' dir='ltr'><strong>quod</strong></span> <span class='ocrx_word' id='word_1_467' title='bbox 2562 2259 3089 2321; x_wconf 89' lang='lat' dir='ltr'><strong>malitiosissimum</strong></span> <span class='ocrx_word' id='word_1_468' title='bbox 3106 2273 3211 2326; x_wconf 87' lang='lat' dir='ltr'><strong>est.</strong></span> <span class='ocrx_word' id='word_1_469' title='bbox 3233 2271 3572 2344; x_wconf 90' lang='lat' dir='ltr'><strong>Bene,quod</strong></span> <span class='ocrx_word' id='word_1_470' title='bbox 3591 2250 3690 2331; x_wconf 82' lang='lat' dir='ltr'><strong>tua</strong></span> 
     </span>
    </p>
   </div>
   <div class='ocr_carea' id='block_1_69' title="bbox 2050 2339 3697 2420">
    <p class='ocr_par' dir='ltr' id='par_1_69' title="bbox 2050 2339 3697 2420">
     <span class='ocr_line' id='line_1_70' title="bbox 2050 2339 3697 2420; baseline 0.018 -30"><span class='ocrx_word' id='word_1_471' title='bbox 2050 2343 2254 2406; x_wconf 87' lang='lat' dir='ltr'><strong>sponte</strong></span> <span class='ocrx_word' id='word_1_472' title='bbox 2285 2339 2668 2398; x_wconf 84' lang='lat' dir='ltr'><strong>histrionibus</strong></span> <span class='ocrx_word' id='word_1_473' title='bbox 2699 2352 2753 2401; x_wconf 91' lang='lat' dir='ltr'><strong>et</strong></span> <span class='ocrx_word' id='word_1_474' title='bbox 2795 2352 3042 2408; x_wconf 86' lang='lat' dir='ltr'><strong>scenicis</strong></span> <span class='ocrx_word' id='word_1_475' title='bbox 3080 2339 3412 2414; x_wconf 85' lang='lat' dir='ltr'><strong>societatem</strong></span> <span class='ocrx_word' id='word_1_476' title='bbox 3444 2362 3697 2420; x_wconf 88' lang='lat' dir='ltr'><strong>civitatis</strong></span> 
     </span>
    </p>
   </div>
   <div class='ocr_carea' id='block_1_70' title="bbox 2048 2428 3691 2506">
    <p class='ocr_par' dir='ltr' id='par_1_70' title="bbox 2048 2428 3691 2506">
     <span class='ocr_line' id='line_1_71' title="bbox 2048 2428 3691 2506; baseline 0.018 -29"><span class='ocrx_word' id='word_1_477' title='bbox 2048 2433 2247 2496; x_wconf 89' lang='lat' dir='ltr'><strong>patere</strong></span> <span class='ocrx_word' id='word_1_478' title='bbox 2271 2428 2544 2485; x_wconf 89' lang='lat' dir='ltr'><strong>noluisti:</strong></span> <span class='ocrx_word' id='word_1_479' title='bbox 2571 2431 2773 2503; x_wconf 85' lang='lat' dir='ltr'><strong>evigila</strong></span> <span class='ocrx_word' id='word_1_480' title='bbox 2792 2436 3049 2506; x_wconf 84' lang='lat' dir='ltr'><strong>plenius:</strong></span> <span class='ocrx_word' id='word_1_481' title='bbox 3068 2443 3226 2499; x_wconf 87' lang='lat' dir='ltr'><strong>nullo</strong></span> <span class='ocrx_word' id='word_1_482' title='bbox 3246 2448 3417 2502; x_wconf 90' lang='lat' dir='ltr'><strong>modo</strong></span> <span class='ocrx_word' id='word_1_483' title='bbox 3443 2449 3534 2503; x_wconf 90' lang='lat' dir='ltr'><strong>his</strong></span> <span class='ocrx_word' id='word_1_484' title='bbox 3554 2452 3691 2506; x_wconf 82' lang='lat' dir='ltr'><strong>arti-</strong></span> 
     </span>
    </p>
   </div>
   <div class='ocr_carea' id='block_1_71' title="bbox 2047 2513 3691 2611">
    <p class='ocr_par' dir='ltr' id='par_1_71' title="bbox 2047 2513 3691 2611">
     <span class='ocr_line' id='line_1_72' title="bbox 2047 2513 3691 2611; baseline 0.018 -45"><span class='ocrx_word' id='word_1_485' title='bbox 2047 2513 2158 2569; x_wconf 89' lang='lat' dir='ltr'><strong>bus</strong></span> <span class='ocrx_word' id='word_1_486' title='bbox 2173 2514 2643 2585; x_wconf 89' lang='lat' dir='ltr'><strong>placaturdivina</strong></span> <span class='ocrx_word' id='word_1_487' title='bbox 2668 2524 2968 2594; x_wconf 87' lang='lat' dir='ltr'><strong>majestas,</strong></span> <span class='ocrx_word' id='word_1_488' title='bbox 2995 2530 3203 2599; x_wconf 90' lang='lat' dir='ltr'><strong>quibus</strong></span> <span class='ocrx_word' id='word_1_489' title='bbox 3226 2533 3479 2592; x_wconf 87' lang='lat' dir='ltr'><strong>humana</strong></span> <span class='ocrx_word' id='word_1_490' title='bbox 3504 2538 3691 2611; x_wconf 88' lang='lat' dir='ltr'><strong>digni-</strong></span> 
     </span>
    </p>
   </div>
   <div class='ocr_carea' id='block_1_72' title="bbox 2045 2605 3687 2697">
    <p class='ocr_par' dir='ltr' id='par_1_72' title="bbox 2045 2605 3687 2697">
     <span class='ocr_line' id='line_1_73' title="bbox 2045 2605 3687 2697; baseline 0.018 -39"><span class='ocrx_word' id='word_1_491' title='bbox 2045 2606 2134 2697; x_wconf 77' lang='lat' dir='ltr'><strong>tas</strong></span> <span class='ocrx_word' id='word_1_492' title='bbox 2163 2605 2522 2697; x_wconf 88' lang='lat' dir='ltr'><strong>inquinatur.</strong></span> <span class='ocrx_word' id='word_1_493' title='bbox 2548 2612 2669 2674; x_wconf 90' lang='lat' dir='ltr'><strong>Quo</strong></span> <span class='ocrx_word' id='word_1_494' title='bbox 2685 2613 3041 2686; x_wconf 89' lang='lat' dir='ltr'><strong>igiturpacto</strong></span> <span class='ocrx_word' id='word_1_495' title='bbox 3055 2622 3211 2691; x_wconf 89' lang='lat' dir='ltr'><strong>deos,</strong></span> <span class='ocrx_word' id='word_1_496' title='bbox 3247 2626 3345 2697; x_wconf 90' lang='lat' dir='ltr'><strong>qui</strong></span> <span class='ocrx_word' id='word_1_497' title='bbox 3369 2605 3687 2687; x_wconf 43' lang='lat' dir='ltr'><strong>talibus&#39;de-</strong></span> 
     </span>
    </p>
   </div>
   <div class='ocr_carea' id='block_1_73' title="bbox 2042 2689 3687 2774">
    <p class='ocr_par' dir='ltr' id='par_1_73' title="bbox 2042 2689 3687 2774">
     <span class='ocr_line' id='line_1_74' title="bbox 2042 2689 3687 2774; baseline 0.017 -29"><span class='ocrx_word' id='word_1_498' title='bbox 2042 2689 2661 2767; x_wconf 88' lang='lat' dir='ltr'><strong>lectanturobsequiis,</strong></span> <span class='ocrx_word' id='word_1_499' title='bbox 2678 2698 2876 2757; x_wconf 91' lang='lat' dir='ltr'><strong>haberi</strong></span> <span class='ocrx_word' id='word_1_500' title='bbox 2902 2712 3073 2774; x_wconf 89' lang='lat' dir='ltr'><strong>putas</strong></span> <span class='ocrx_word' id='word_1_501' title='bbox 3092 2708 3148 2764; x_wconf 93' lang='lat' dir='ltr'><strong>in</strong></span> <span class='ocrx_word' id='word_1_502' title='bbox 3166 2689 3443 2768; x_wconf 70' lang='lat' dir='ltr'><strong>numero&#39;</strong></span> <span class='ocrx_word' id='word_1_503' title='bbox 3468 2722 3687 2773; x_wconf 87' lang='lat' dir='ltr'><strong>sancta-</strong></span> 
     </span>
    </p>
   </div>
   <div class='ocr_carea' id='block_1_74' title="bbox 2043 2781 3687 2876">
    <p class='ocr_par' dir='ltr' id='par_1_74' title="bbox 2043 2781 3687 2876">
     <span class='ocr_line' id='line_1_75' title="bbox 2043 2781 3687 2876; baseline 0.017 -42"><span class='ocrx_word' id='word_1_504' title='bbox 2043 2796 2168 2834; x_wconf 90' lang='lat' dir='ltr'><strong>rum</strong></span> <span class='ocrx_word' id='word_1_505' title='bbox 2202 2781 2522 2839; x_wconf 81' lang='lat' dir='ltr'><strong>ccnlestium</strong></span> <span class='ocrx_word' id='word_1_506' title='bbox 2548 2791 2897 2856; x_wconf 85' lang='lat' dir='ltr'><strong>potestatum</strong></span> <span class='ocrx_word' id='word_1_507' title='bbox 2925 2808 2938 2858; x_wconf 90' lang='lat'>;</span> <span class='ocrx_word' id='word_1_508' title='bbox 2964 2810 3094 2850; x_wconf 88' lang='lat' dir='ltr'><strong>cum</strong></span> <span class='ocrx_word' id='word_1_509' title='bbox 3131 2797 3393 2857; x_wconf 89' lang='lat' dir='ltr'><strong>homines</strong></span> <span class='ocrx_word' id='word_1_510' title='bbox 3418 2820 3518 2873; x_wconf 92' lang='lat' dir='ltr'><strong>per</strong></span> <span class='ocrx_word' id='word_1_511' title='bbox 3538 2822 3687 2876; x_wconf 87' lang='lat' dir='ltr'><strong>quos</strong></span> 
     </span>
    </p>
   </div>
   <div class='ocr_carea' id='block_1_75' title="bbox 2039 2867 3689 2953">
    <p class='ocr_par' dir='ltr' id='par_1_75' title="bbox 2039 2867 3689 2953">
     <span class='ocr_line' id='line_1_76' title="bbox 2039 2867 3689 2953; baseline 0.019 -33"><span class='ocrx_word' id='word_1_512' title='bbox 2039 2867 2240 2922; x_wconf 89' lang='lat' dir='ltr'><strong>eadem</strong></span> <span class='ocrx_word' id='word_1_513' title='bbox 2275 2879 2524 2940; x_wconf 86' lang='lat' dir='ltr'><strong>aguntur</strong></span> <span class='ocrx_word' id='word_1_514' title='bbox 2554 2874 2857 2948; x_wconf 90' lang='lat' dir='ltr'><strong>obsequia,</strong></span> <span class='ocrx_word' id='word_1_515' title='bbox 2884 2898 2996 2936; x_wconf 89' lang='lat' dir='ltr'><strong>non</strong></span> <span class='ocrx_word' id='word_1_516' title='bbox 3035 2888 3256 2953; x_wconf 88' lang='lat' dir='ltr'><strong>putasti</strong></span> <span class='ocrx_word' id='word_1_517' title='bbox 3300 2867 3596 2949; x_wconf 71' lang='lat' dir='ltr'><strong>habendos</strong></span> <span class='ocrx_word' id='word_1_518' title='bbox 3628 2894 3689 2952; x_wconf 89' lang='lat' dir='ltr'><strong>in</strong></span> 
     </span>
    </p>
   </div>
   <div class='ocr_carea' id='block_1_76' title="bbox 2040 2959 3690 3041">
    <p class='ocr_par' dir='ltr' id='par_1_76' title="bbox 2040 2959 3690 3041">
     <span class='ocr_line' id='line_1_77' title="bbox 2040 2959 3690 3041; baseline 0.02 -33"><span class='ocrx_word' id='word_1_519' title='bbox 2040 2959 3690 3041; x_wconf 84' lang='lat' dir='ltr'><strong>numeroqualiumcumqueciviumRomanorum?Incom—</strong></span> 
     </span>
    </p>
   </div>
   <div class='ocr_carea' id='block_1_77' title="bbox 2036 3045 3687 3140">
    <p class='ocr_par' dir='ltr' id='par_1_77' title="bbox 2036 3045 3687 3140">
     <span class='ocr_line' id='line_1_78' title="bbox 2036 3045 3687 3140; baseline 0.019 -43"><span class='ocrx_word' id='word_1_520' title='bbox 2036 3045 2369 3114; x_wconf 89' lang='lat' dir='ltr'><strong>parabiliter</strong></span> <span class='ocrx_word' id='word_1_521' title='bbox 2398 3064 2654 3121; x_wconf 89' lang='lat' dir='ltr'><strong>superna</strong></span> <span class='ocrx_word' id='word_1_522' title='bbox 2685 3059 2774 3110; x_wconf 90' lang='lat' dir='ltr'><strong>est</strong></span> <span class='ocrx_word' id='word_1_523' title='bbox 2795 3056 2998 3114; x_wconf 87' lang='lat' dir='ltr'><strong>civitas</strong></span> <span class='ocrx_word' id='word_1_524' title='bbox 3030 3062 3258 3130; x_wconf 90' lang='lat' dir='ltr'><strong>clarior,</strong></span> <span class='ocrx_word' id='word_1_525' title='bbox 3298 3068 3395 3122; x_wconf 90' lang='lat' dir='ltr'><strong>ubi</strong></span> <span class='ocrx_word' id='word_1_526' title='bbox 3419 3070 3687 3140; x_wconf 86' lang='lat' dir='ltr'><strong>victoria,</strong></span> 
     </span>
    </p>
   </div>
   <div class='ocr_carea' id='block_1_78' title="bbox 2034 3135 3684 3231">
    <p class='ocr_par' dir='ltr' id='par_1_78' title="bbox 2034 3135 3684 3231">
     <span class='ocr_line' id='line_1_79' title="bbox 2034 3135 3684 3231; baseline 0.018 -45"><span class='ocrx_word' id='word_1_527' title='bbox 2034 3135 2283 3203; x_wconf 88' lang='lat' dir='ltr'><strong>veritas;</strong></span> <span class='ocrx_word' id='word_1_528' title='bbox 2316 3136 2409 3191; x_wconf 91' lang='lat' dir='ltr'><strong>ubi</strong></span> <span class='ocrx_word' id='word_1_529' title='bbox 2444 3139 2719 3210; x_wconf 86' lang='lat' dir='ltr'><strong>dignitas,</strong></span> <span class='ocrx_word' id='word_1_530' title='bbox 2756 3146 3038 3203; x_wconf 87' lang='lat' dir='ltr'><strong>sanctitas</strong></span> <span class='ocrx_word' id='word_1_531' title='bbox 3070 3169 3083 3218; x_wconf 90' lang='lat'><strong>;</strong></span> <span class='ocrx_word' id='word_1_532' title='bbox 3121 3152 3218 3207; x_wconf 91' lang='lat' dir='ltr'><strong>ubi</strong></span> <span class='ocrx_word' id='word_1_533' title='bbox 3252 3171 3381 3225; x_wconf 86' lang='lat' dir='ltr'><strong>pax,</strong></span> <span class='ocrx_word' id='word_1_534' title='bbox 3410 3135 3684 3231; x_wconf 55' lang='lat' dir='ltr'><strong>felicitas,</strong></span> 
     </span>
    </p>
   </div>
   <div class='ocr_carea' id='block_1_79' title="bbox 2036 3223 3683 3305">
    <p class='ocr_par' dir='ltr' id='par_1_79' title="bbox 2036 3223 3683 3305">
     <span class='ocr_line' id='line_1_80' title="bbox 2036 3223 3683 3305; baseline 0.018 -30"><span class='ocrx_word' id='word_1_535' title='bbox 2036 3223 2133 3277; x_wconf 90' lang='lat' dir='ltr'><strong>ubi</strong></span> <span class='ocrx_word' id='word_1_536' title='bbox 2164 3224 2298 3289; x_wconf 83' lang='lat' dir='ltr'><strong>vita,</strong></span> <span class='ocrx_word' id='word_1_537' title='bbox 2332 3229 2642 3285; x_wconf 62' lang='lat' dir='ltr'><strong>aeternitas.</strong></span> <span class='ocrx_word' id='word_1_538' title='bbox 2669 3232 2845 3289; x_wconf 88' lang='lat' dir='ltr'><strong>Multo</strong></span> <span class='ocrx_word' id='word_1_539' title='bbox 2870 3236 3062 3294; x_wconf 91' lang='lat' dir='ltr'><strong>minus</strong></span> <span class='ocrx_word' id='word_1_540' title='bbox 3086 3223 3266 3297; x_wconf 74' lang='lat' dir='ltr'><strong>habet</strong></span> <span class='ocrx_word' id='word_1_541' title='bbox 3288 3244 3347 3300; x_wconf 92' lang='lat' dir='ltr'><strong>in</strong></span> <span class='ocrx_word' id='word_1_542' title='bbox 3377 3263 3480 3302; x_wconf 90' lang='lat' dir='ltr'><strong>sua</strong></span> <span class='ocrx_word' id='word_1_543' title='bbox 3500 3250 3683 3305; x_wconf 89' lang='lat' dir='ltr'><strong>socie-</strong></span> 
     </span>
    </p>
   </div>
   <div class='ocr_carea' id='block_1_80' title="bbox 2034 3313 3673 3393">
    <p class='ocr_par' dir='ltr' id='par_1_80' title="bbox 2034 3313 3673 3393">
     <span class='ocr_line' id='line_1_81' title="bbox 2034 3313 3673 3393; baseline 0.018 -28"><span class='ocrx_word' id='word_1_544' title='bbox 2034 3313 2308 3370; x_wconf 87' lang='lat' dir='ltr'><strong>tatetales</strong></span> <span class='ocrx_word' id='word_1_545' title='bbox 2322 3316 2482 3385; x_wconf 89' lang='lat' dir='ltr'><strong>deos,</strong></span> <span class='ocrx_word' id='word_1_546' title='bbox 2506 3317 2555 3373; x_wconf 91' lang='lat' dir='ltr'><strong>si</strong></span> <span class='ocrx_word' id='word_1_547' title='bbox 2578 3322 2637 3374; x_wconf 92' lang='lat' dir='ltr'><strong>tu</strong></span> <span class='ocrx_word' id='word_1_548' title='bbox 2664 3320 2834 3378; x_wconf 89' lang='lat' dir='ltr'><strong>intua</strong></span> <span class='ocrx_word' id='word_1_549' title='bbox 2866 3325 3013 3382; x_wconf 89' lang='lat' dir='ltr'><strong>tales</strong></span> <span class='ocrx_word' id='word_1_550' title='bbox 3037 3327 3302 3387; x_wconf 89' lang='lat' dir='ltr'><strong>homines</strong></span> <span class='ocrx_word' id='word_1_551' title='bbox 3330 3334 3673 3393; x_wconf 88' lang='lat' dir='ltr'><strong>habereeru-</strong></span> 
     </span>
    </p>
   </div>
   <div class='ocr_carea' id='block_1_81' title="bbox 2034 3398 3679 3486">
    <p class='ocr_par' dir='ltr' id='par_1_81' title="bbox 2034 3398 3679 3486">
     <span class='ocr_line' id='line_1_82' title="bbox 2034 3398 3679 3486; baseline 0.017 -32"><span class='ocrx_word' id='word_1_552' title='bbox 2034 3398 2228 3456; x_wconf 89' lang='lat' dir='ltr'><strong>buisti.</strong></span> <span class='ocrx_word' id='word_1_553' title='bbox 2260 3403 2505 3462; x_wconf 90' lang='lat' dir='ltr'><strong>Proinde</strong></span> <span class='ocrx_word' id='word_1_554' title='bbox 2537 3406 2581 3463; x_wconf 92' lang='lat' dir='ltr'><strong>si</strong></span> <span class='ocrx_word' id='word_1_555' title='bbox 2602 3409 2673 3463; x_wconf 87' lang='lat' dir='ltr'><strong>ad</strong></span> <span class='ocrx_word' id='word_1_556' title='bbox 2707 3410 2933 3469; x_wconf 85' lang='lat' dir='ltr'><strong>beatam</strong></span> <span class='ocrx_word' id='word_1_557' title='bbox 2967 3423 3262 3486; x_wconf 86' lang='lat' dir='ltr'><strong>pervenire</strong></span> <span class='ocrx_word' id='word_1_558' title='bbox 3292 3423 3679 3481; x_wconf 89' lang='lat' dir='ltr'><strong>desiderasci-</strong></span> 
     </span>
    </p>
   </div>
   <div class='ocr_carea' id='block_1_82' title="bbox 2033 3490 3680 3583">
    <p class='ocr_par' dir='ltr' id='par_1_82' title="bbox 2033 3490 3680 3583">
     <span class='ocr_line' id='line_1_83' title="bbox 2033 3490 3680 3583; baseline 0.019 -41"><span class='ocrx_word' id='word_1_559' title='bbox 2033 3490 2290 3563; x_wconf 89' lang='lat' dir='ltr'><strong>vitatem,</strong></span> <span class='ocrx_word' id='word_1_560' title='bbox 2306 3495 2496 3552; x_wconf 89' lang='lat' dir='ltr'><strong>devita</strong></span> <span class='ocrx_word' id='word_1_561' title='bbox 2510 3498 2837 3557; x_wconf 66' lang='lat' dir='ltr'><strong>daemonum</strong></span> <span class='ocrx_word' id='word_1_562' title='bbox 2854 3505 3206 3566; x_wconf 82' lang='lat' dir='ltr'><strong>societatem.</strong></span> <span class='ocrx_word' id='word_1_563' title='bbox 3233 3512 3333 3565; x_wconf 92' lang='lat' dir='ltr'><strong>Ind</strong></span> <span class='ocrx_word' id='word_1_564' title='bbox 3346 3514 3477 3583; x_wconf 87' lang='lat' dir='ltr'><strong>igne</strong></span> <span class='ocrx_word' id='word_1_565' title='bbox 3497 3516 3568 3569; x_wconf 86' lang='lat' dir='ltr'><strong>ab</strong></span> <span class='ocrx_word' id='word_1_566' title='bbox 3583 3516 3680 3572; x_wconf 86' lang='lat' dir='ltr'><strong>ho-</strong></span> 
     </span>
    </p>
   </div>
   <div class='ocr_carea' id='block_1_83' title="bbox 2033 3581 3682 3665">
    <p class='ocr_par' dir='ltr' id='par_1_83' title="bbox 2033 3581 3682 3665">
     <span class='ocr_line' id='line_1_84' title="bbox 2033 3581 3682 3665; baseline 0.017 -34"><span class='ocrx_word' id='word_1_567' title='bbox 2033 3581 2215 3634; x_wconf 85' lang='lat' dir='ltr'><strong>uestis</strong></span> <span class='ocrx_word' id='word_1_568' title='bbox 2236 3583 2528 3653; x_wconf 88' lang='lat' dir='ltr'><strong>coluntur,</strong></span> <span class='ocrx_word' id='word_1_569' title='bbox 2562 3588 2663 3658; x_wconf 93' lang='lat' dir='ltr'><strong>qui</strong></span> <span class='ocrx_word' id='word_1_570' title='bbox 2694 3606 2795 3658; x_wconf 90' lang='lat' dir='ltr'><strong>per</strong></span> <span class='ocrx_word' id='word_1_571' title='bbox 2824 3596 3019 3662; x_wconf 90' lang='lat' dir='ltr'><strong>turpes</strong></span> <span class='ocrx_word' id='word_1_572' title='bbox 3050 3581 3392 3665; x_wconf 51' lang='lat' dir='ltr'><strong>placantur.—</strong></span> <span class='ocrx_word' id='word_1_573' title='bbox 3413 3602 3507 3656; x_wconf 92' lang='lat' dir='ltr'><strong>Sic</strong></span> <span class='ocrx_word' id='word_1_574' title='bbox 3530 3604 3626 3658; x_wconf 88' lang='lat' dir='ltr'><strong>isti</strong></span> <span class='ocrx_word' id='word_1_575' title='bbox 3648 3622 3682 3659; x_wconf 87' lang='lat' dir='ltr'><strong>a</strong></span> 
     </span>
    </p>
   </div>
   <div class='ocr_carea' id='block_1_84' title="bbox 2030 3668 3681 3759">
    <p class='ocr_par' dir='ltr' id='par_1_84' title="bbox 2030 3668 3681 3759">
     <span class='ocr_line' id='line_1_85' title="bbox 2030 3668 3681 3759; baseline 0.015 -39"><span class='ocrx_word' id='word_1_576' title='bbox 2030 3669 2131 3720; x_wconf 89' lang='lat' dir='ltr'><strong>tua</strong></span> <span class='ocrx_word' id='word_1_577' title='bbox 2145 3668 2350 3736; x_wconf 86' lang='lat' dir='ltr'><strong>pietate</strong></span> <span class='ocrx_word' id='word_1_578' title='bbox 2366 3671 2389 3704; x_wconf 64' lang='lat'><strong>2</strong></span> <span class='ocrx_word' id='word_1_579' title='bbox 2402 3682 2807 3731; x_wconf 87' lang='lat' dir='ltr'><strong>removeantur</strong></span> <span class='ocrx_word' id='word_1_580' title='bbox 2829 3682 3171 3751; x_wconf 88' lang='lat' dir='ltr'><strong>purgatione</strong></span> <span class='ocrx_word' id='word_1_581' title='bbox 3184 3686 3525 3754; x_wconf 83' lang='lat' dir='ltr'><strong>christiana,</strong></span> <span class='ocrx_word' id='word_1_582' title='bbox 3540 3707 3681 3759; x_wconf 91' lang='lat' dir='ltr'><strong>quo-</strong></span> 
     </span>
    </p>
   </div>
   <div class='ocr_carea' id='block_1_85' title="bbox 2031 3755 3682 3831">
    <p class='ocr_par' dir='ltr' id='par_1_85' title="bbox 2031 3755 3682 3831">
     <span class='ocr_line' id='line_1_86' title="bbox 2031 3755 3682 3831; baseline 0.015 -24"><span class='ocrx_word' id='word_1_583' title='bbox 2031 3755 2203 3810; x_wconf 92' lang='lat' dir='ltr'><strong>modo</strong></span> <span class='ocrx_word' id='word_1_584' title='bbox 2226 3757 2309 3811; x_wconf 92' lang='lat' dir='ltr'><strong>illi</strong></span> <span class='ocrx_word' id='word_1_585' title='bbox 2342 3774 2375 3813; x_wconf 89' lang='lat' dir='ltr'><strong>a</strong></span> <span class='ocrx_word' id='word_1_586' title='bbox 2398 3767 2497 3815; x_wconf 90' lang='lat' dir='ltr'><strong>tua</strong></span> <span class='ocrx_word' id='word_1_587' title='bbox 2521 3761 2805 3831; x_wconf 85' lang='lat' dir='ltr'><strong>dignitate</strong></span> <span class='ocrx_word' id='word_1_588' title='bbox 2830 3771 3033 3822; x_wconf 91' lang='lat' dir='ltr'><strong>remoti</strong></span> <span class='ocrx_word' id='word_1_589' title='bbox 3061 3776 3201 3825; x_wconf 90' lang='lat' dir='ltr'><strong>sunt</strong></span> <span class='ocrx_word' id='word_1_590' title='bbox 3230 3776 3530 3829; x_wconf 88' lang='lat' dir='ltr'><strong>notatione</strong></span> <span class='ocrx_word' id='word_1_591' title='bbox 3555 3794 3682 3831; x_wconf 89' lang='lat' dir='ltr'><strong>cen-</strong></span> 
     </span>
    </p>
   </div>
   <div class='ocr_carea' id='block_1_86' title="bbox 2029 3843 3681 3929">
    <p class='ocr_par' dir='ltr' id='par_1_86' title="bbox 2029 3843 3681 3929">
     <span class='ocr_line' id='line_1_87' title="bbox 2029 3843 3681 3929; baseline 0.014 -34"><span class='ocrx_word' id='word_1_592' title='bbox 2029 3843 2205 3898; x_wconf 91' lang='lat' dir='ltr'><strong>soria.</strong></span> <span class='ocrx_word' id='word_1_593' title='bbox 2240 3846 2317 3901; x_wconf 93' lang='lat' dir='ltr'><strong>De</strong></span> <span class='ocrx_word' id='word_1_594' title='bbox 2341 3846 2507 3903; x_wconf 87' lang='lat' dir='ltr'><strong>bonis</strong></span> <span class='ocrx_word' id='word_1_595' title='bbox 2532 3854 2725 3904; x_wconf 90' lang='lat' dir='ltr'><strong>autem</strong></span> <span class='ocrx_word' id='word_1_596' title='bbox 2757 3853 3347 3929; x_wconf 86' lang='lat' dir='ltr'><strong>carnalibus,quibus</strong></span> <span class='ocrx_word' id='word_1_597' title='bbox 3379 3861 3519 3918; x_wconf 91' lang='lat' dir='ltr'><strong>solis</strong></span> <span class='ocrx_word' id='word_1_598' title='bbox 3543 3864 3681 3918; x_wconf 87' lang='lat' dir='ltr'><strong>mali</strong></span> 
     </span>
    </p>
   </div>
   <div class='ocr_carea' id='block_1_87' title="bbox 2028 3933 3680 4023">
    <p class='ocr_par' dir='ltr' id='par_1_87' title="bbox 2028 3933 3680 4023">
     <span class='ocr_line' id='line_1_88' title="bbox 2028 3933 3680 4023; baseline 0.014 -37"><span class='ocrx_word' id='word_1_599' title='bbox 2028 3933 2245 4003; x_wconf 83' lang='lat' dir='ltr'><strong>perfrui</strong></span> <span class='ocrx_word' id='word_1_600' title='bbox 2276 3935 2499 4004; x_wconf 87' lang='lat' dir='ltr'><strong>volunt,</strong></span> <span class='ocrx_word' id='word_1_601' title='bbox 2533 3943 2589 3993; x_wconf 88' lang='lat' dir='ltr'><strong>et</strong></span> <span class='ocrx_word' id='word_1_602' title='bbox 2610 3940 2680 3994; x_wconf 91' lang='lat' dir='ltr'><strong>de</strong></span> <span class='ocrx_word' id='word_1_603' title='bbox 2709 3940 2877 3997; x_wconf 90' lang='lat' dir='ltr'><strong>malis</strong></span> <span class='ocrx_word' id='word_1_604' title='bbox 2904 3946 3252 4015; x_wconf 85' lang='lat' dir='ltr'><strong>carnalibus,</strong></span> <span class='ocrx_word' id='word_1_605' title='bbox 3274 3966 3398 4020; x_wconf 77' lang='lat' dir='ltr'><strong>qua:</strong></span> <span class='ocrx_word' id='word_1_606' title='bbox 3414 3952 3538 4007; x_wconf 89' lang='lat' dir='ltr'><strong>sola</strong></span> <span class='ocrx_word' id='word_1_607' title='bbox 3561 3969 3680 4023; x_wconf 88' lang='lat' dir='ltr'><strong>per-</strong></span> 
     </span>
    </p>
   </div>
   <div class='ocr_carea' id='block_1_88' title="bbox 2029 4021 3679 4111">
    <p class='ocr_par' dir='ltr' id='par_1_88' title="bbox 2029 4021 3679 4111">
     <span class='ocr_line' id='line_1_89' title="bbox 2029 4021 3679 4111; baseline 0.015 -37"><span class='ocrx_word' id='word_1_608' title='bbox 2029 4021 2143 4091; x_wconf 91' lang='lat' dir='ltr'><strong>peti</strong></span> <span class='ocrx_word' id='word_1_609' title='bbox 2178 4023 2402 4092; x_wconf 87' lang='lat' dir='ltr'><strong>nolunt,</strong></span> <span class='ocrx_word' id='word_1_610' title='bbox 2429 4028 2583 4097; x_wconf 89' lang='lat' dir='ltr'><strong>quod</strong></span> <span class='ocrx_word' id='word_1_611' title='bbox 2601 4031 2860 4100; x_wconf 90' lang='lat' dir='ltr'><strong>nequein</strong></span> <span class='ocrx_word' id='word_1_612' title='bbox 2877 4032 2967 4087; x_wconf 90' lang='lat' dir='ltr'><strong>his</strong></span> <span class='ocrx_word' id='word_1_613' title='bbox 2983 4034 3256 4105; x_wconf 90' lang='lat' dir='ltr'><strong>habeant,</strong></span> <span class='ocrx_word' id='word_1_614' title='bbox 3276 4055 3449 4107; x_wconf 92' lang='lat' dir='ltr'><strong>quam</strong></span> <span class='ocrx_word' id='word_1_615' title='bbox 3474 4021 3679 4111; x_wconf 79' lang='lat' dir='ltr'><strong>putan-</strong></span> 
     </span>
    </p>
   </div>
   <div class='ocr_carea' id='block_1_89' title="bbox 2024 4113 3678 4200">
    <p class='ocr_par' dir='ltr' id='par_1_89' title="bbox 2024 4113 3678 4200">
     <span class='ocr_line' id='line_1_90' title="bbox 2024 4113 3678 4200; baseline 0.013 -35"><span class='ocrx_word' id='word_1_616' title='bbox 2024 4115 2121 4167; x_wconf 89' lang='lat' dir='ltr'><strong>tur</strong></span> <span class='ocrx_word' id='word_1_617' title='bbox 2146 4113 2359 4169; x_wconf 90' lang='lat' dir='ltr'><strong>habere</strong></span> <span class='ocrx_word' id='word_1_618' title='bbox 2385 4115 2479 4170; x_wconf 88' lang='lat' dir='ltr'><strong>isti</strong></span> <span class='ocrx_word' id='word_1_619' title='bbox 2505 4117 2824 4186; x_wconf 70' lang='lat' dir='ltr'><strong>daemones,</strong></span> <span class='ocrx_word' id='word_1_620' title='bbox 2859 4128 3199 4192; x_wconf 88' lang='lat' dir='ltr'><strong>potestatem</strong></span> <span class='ocrx_word' id='word_1_621' title='bbox 3229 4143 3241 4193; x_wconf 91' lang='lat'><strong>;</strong></span> <span class='ocrx_word' id='word_1_622' title='bbox 3265 4144 3603 4200; x_wconf 89' lang='lat' dir='ltr'><strong>quanquam</strong></span> <span class='ocrx_word' id='word_1_623' title='bbox 3628 4130 3678 4186; x_wconf 88' lang='lat' dir='ltr'><strong>si</strong></span> 
     </span>
    </p>
   </div>
   <div class='ocr_carea' id='block_1_90' title="bbox 2025 4202 3673 4292">
    <p class='ocr_par' dir='ltr' id='par_1_90' title="bbox 2025 4202 3673 4292">
     <span class='ocr_line' id='line_1_91' title="bbox 2025 4202 3673 4292; baseline 0.014 -35"><span class='ocrx_word' id='word_1_624' title='bbox 2025 4202 2329 4272; x_wconf 86' lang='lat' dir='ltr'><strong>haberent,</strong></span> <span class='ocrx_word' id='word_1_625' title='bbox 2354 4206 2698 4264; x_wconf 88' lang='lat' dir='ltr'><strong>deberemus</strong></span> <span class='ocrx_word' id='word_1_626' title='bbox 2730 4213 2923 4282; x_wconf 86' lang='lat' dir='ltr'><strong>potius</strong></span> <span class='ocrx_word' id='word_1_627' title='bbox 2945 4216 3122 4271; x_wconf 90' lang='lat' dir='ltr'><strong>etiam</strong></span> <span class='ocrx_word' id='word_1_628' title='bbox 3148 4218 3253 4273; x_wconf 83' lang='lat' dir='ltr'><strong>ista</strong></span> <span class='ocrx_word' id='word_1_629' title='bbox 3282 4224 3673 4292; x_wconf 89' lang='lat' dir='ltr'><strong>contemnere,</strong></span> 
     </span>
    </p>
   </div>
   <div class='ocr_carea' id='block_1_91' title="bbox 2025 4299 3670 4379">
    <p class='ocr_par' dir='ltr' id='par_1_91' title="bbox 2025 4299 3670 4379">
     <span class='ocr_line' id='line_1_92' title="bbox 2025 4299 3670 4379; baseline 0.012 -32"><span class='ocrx_word' id='word_1_630' title='bbox 2025 4310 2201 4364; x_wconf 89' lang='lat' dir='ltr'><strong>quam</strong></span> <span class='ocrx_word' id='word_1_631' title='bbox 2241 4299 2605 4367; x_wconf 83' lang='lat' dir='ltr'><strong>propterista</strong></span> <span class='ocrx_word' id='word_1_632' title='bbox 2636 4299 2764 4355; x_wconf 93' lang='lat' dir='ltr'><strong>illos</strong></span> <span class='ocrx_word' id='word_1_633' title='bbox 2788 4303 3177 4374; x_wconf 89' lang='lat' dir='ltr'><strong>colere,eteos</strong></span> <span class='ocrx_word' id='word_1_634' title='bbox 3210 4307 3670 4379; x_wconf 86' lang='lat' dir='ltr'><strong>colendoadilla,</strong></span> 
     </span>
    </p>
   </div>
   <div class='ocr_carea' id='block_1_92' title="bbox 2023 4385 3671 4465">
    <p class='ocr_par' dir='ltr' id='par_1_92' title="bbox 2023 4385 3671 4465">
     <span class='ocr_line' id='line_1_93' title="bbox 2023 4385 3671 4465; baseline 0.013 -30"><span class='ocrx_word' id='word_1_635' title='bbox 2023 4398 2147 4451; x_wconf 68' lang='lat' dir='ltr'><strong>quas</strong></span> <span class='ocrx_word' id='word_1_636' title='bbox 2182 4385 2351 4440; x_wconf 89' lang='lat' dir='ltr'><strong>nobis</strong></span> <span class='ocrx_word' id='word_1_637' title='bbox 2380 4385 3105 4457; x_wconf 85' lang='lat' dir='ltr'><strong>invident,pervenirenon</strong></span> <span class='ocrx_word' id='word_1_638' title='bbox 3137 4413 3333 4465; x_wconf 84' lang='lat' dir='ltr'><strong>posse:</strong></span> <span class='ocrx_word' id='word_1_639' title='bbox 3354 4404 3548 4455; x_wconf 90' lang='lat' dir='ltr'><strong>tamen</strong></span> <span class='ocrx_word' id='word_1_640' title='bbox 3566 4417 3671 4456; x_wconf 90' lang='lat' dir='ltr'><strong>nec</strong></span> 
     </span>
    </p>
   </div>
   <div class='ocr_carea' id='block_1_93' title="bbox 2022 4470 3673 4557">
    <p class='ocr_par' dir='ltr' id='par_1_93' title="bbox 2022 4470 3673 4557">
     <span class='ocr_line' id='line_1_94' title="bbox 2022 4470 3673 4557; baseline 0.012 -33"><span class='ocrx_word' id='word_1_641' title='bbox 2022 4470 2080 4526; x_wconf 88' lang='lat' dir='ltr'><strong>in</strong></span> <span class='ocrx_word' id='word_1_642' title='bbox 2115 4472 2245 4528; x_wconf 89' lang='lat' dir='ltr'><strong>istis</strong></span> <span class='ocrx_word' id='word_1_643' title='bbox 2267 4490 2363 4529; x_wconf 88' lang='lat' dir='ltr'><strong>eos</strong></span> <span class='ocrx_word' id='word_1_644' title='bbox 2396 4474 2505 4530; x_wconf 92' lang='lat' dir='ltr'><strong>hoc</strong></span> <span class='ocrx_word' id='word_1_645' title='bbox 2536 4476 2745 4547; x_wconf 85' lang='lat' dir='ltr'><strong>valere,</strong></span> <span class='ocrx_word' id='word_1_646' title='bbox 2779 4481 2933 4550; x_wconf 91' lang='lat' dir='ltr'><strong>quod</strong></span> <span class='ocrx_word' id='word_1_647' title='bbox 2961 4480 3017 4535; x_wconf 90' lang='lat' dir='ltr'><strong>hi</strong></span> <span class='ocrx_word' id='word_1_648' title='bbox 3055 4490 3283 4554; x_wconf 85' lang='lat' dir='ltr'><strong>putant,</strong></span> <span class='ocrx_word' id='word_1_649' title='bbox 3316 4486 3412 4556; x_wconf 90' lang='lat' dir='ltr'><strong>qui</strong></span> <span class='ocrx_word' id='word_1_650' title='bbox 3442 4492 3673 4557; x_wconf 90' lang='lat' dir='ltr'><strong>propter</strong></span> 
     </span>
    </p>
   </div>
   <div class='ocr_carea' id='block_1_94' title="bbox 2023 4560 3670 4647">
    <p class='ocr_par' dir='ltr' id='par_1_94' title="bbox 2023 4560 3670 4647">
     <span class='ocr_line' id='line_1_95' title="bbox 2023 4560 3670 4647; baseline 0.01 -32"><span class='ocrx_word' id='word_1_651' title='bbox 2023 4560 2144 4616; x_wconf 70' lang='lat' dir='ltr'><strong>bzec</strong></span> <span class='ocrx_word' id='word_1_652' title='bbox 2163 4578 2260 4617; x_wconf 90' lang='lat' dir='ltr'><strong>eos</strong></span> <span class='ocrx_word' id='word_1_653' title='bbox 2292 4564 2401 4619; x_wconf 91' lang='lat' dir='ltr'><strong>coli</strong></span> <span class='ocrx_word' id='word_1_654' title='bbox 2433 4572 2697 4635; x_wconf 88' lang='lat' dir='ltr'><strong>oportere</strong></span> <span class='ocrx_word' id='word_1_655' title='bbox 2729 4570 3114 4637; x_wconf 87' lang='lat' dir='ltr'><strong>contendunt,</strong></span> <span class='ocrx_word' id='word_1_656' title='bbox 3147 4574 3421 4647; x_wconf 88' lang='lat' dir='ltr'><strong>deinceps</strong></span> <span class='ocrx_word' id='word_1_657' title='bbox 3449 4576 3670 4631; x_wconf 87' lang='lat' dir='ltr'><strong>videbi-</strong></span> 
     </span>
    </p>
   </div>
   <div class='ocr_carea' id='block_1_95' title="bbox 2022 4651 3317 4725">
    <p class='ocr_par' dir='ltr' id='par_1_95' title="bbox 2022 4651 3317 4725">
     <span class='ocr_line' id='line_1_96' title="bbox 2022 4651 3317 4725; baseline 0.012 -21"><span class='ocrx_word' id='word_1_658' title='bbox 2022 4666 2171 4717; x_wconf 89' lang='lat' dir='ltr'><strong>mus,</strong></span> <span class='ocrx_word' id='word_1_659' title='bbox 2204 4656 2269 4706; x_wconf 87' lang='lat' dir='ltr'><strong>ut</strong></span> <span class='ocrx_word' id='word_1_660' title='bbox 2300 4652 2392 4706; x_wconf 91' lang='lat' dir='ltr'><strong>hic</strong></span> <span class='ocrx_word' id='word_1_661' title='bbox 2416 4651 2488 4708; x_wconf 93' lang='lat' dir='ltr'><strong>sit</strong></span> <span class='ocrx_word' id='word_1_662' title='bbox 2518 4653 2699 4725; x_wconf 86' lang='lat' dir='ltr'><strong>hujus</strong></span> <span class='ocrx_word' id='word_1_663' title='bbox 2729 4657 3050 4715; x_wconf 87' lang='lat' dir='ltr'><strong>voluminis</strong></span> <span class='ocrx_word' id='word_1_664' title='bbox 3084 4662 3317 4719; x_wconf 89' lang='lat' dir='ltr'><strong>modus.</strong></span> 
     </span>
    </p>
   </div>
   <div class='ocr_carea' id='block_1_96' title="bbox 2086 4830 3665 4904">
    <p class='ocr_par' dir='ltr' id='par_1_96' title="bbox 2086 4830 3665 4904">
     <span class='ocr_line' id='line_1_97' title="bbox 2086 4830 3665 4904; baseline 0.009 -28"><span class='ocrx_word' id='word_1_665' title='bbox 2086 4832 2107 4904; x_wconf 56' lang='grc' dir='ltr'><strong>ξ</strong></span> <span class='ocrx_word' id='word_1_666' title='bbox 2129 4830 2341 4904; x_wconf 51' lang='grc' dir='ltr'><strong>ξφα-,ξπ</strong></span> <span class='ocrx_word' id='word_1_667' title='bbox 2364 4832 2788 4904; x_wconf 27' lang='grc' dir='ltr'><strong>οζζιτξξμηωῃενο.</strong></span> <span class='ocrx_word' id='word_1_668' title='bbox 2813 4838 2992 4904; x_wconf 77' lang='lat' dir='ltr'><strong>Abest,</strong></span> <span class='ocrx_word' id='word_1_669' title='bbox 3015 4840 3227 4904; x_wconf 79' lang='lat' dir='ltr'><strong>omni,a</strong></span> <span class='ocrx_word' id='word_1_670' title='bbox 3256 4842 3475 4891; x_wconf 81' lang='lat' dir='ltr'><strong>caeteris</strong></span> <span class='ocrx_word' id='word_1_671' title='bbox 3495 4842 3665 4891; x_wconf 86' lang='lat' dir='ltr'><strong>libris.</strong></span> 
     </span>
    </p>
   </div>
   <div class='ocr_carea' id='block_1_97' title="bbox 2085 4891 3065 4957">
    <p class='ocr_par' dir='ltr' id='par_1_97' title="bbox 2085 4891 3065 4957">
     <span class='ocr_line' id='line_1_98' title="bbox 2085 4891 3065 4957; baseline 0.011 -17"><span class='ocrx_word' id='word_1_672' title='bbox 2085 4891 2107 4925; x_wconf 81' lang='grc'>²</span> <span class='ocrx_word' id='word_1_673' title='bbox 2137 4892 2221 4943; x_wconf 89' lang='lat' dir='ltr'><strong>Sic</strong></span> <span class='ocrx_word' id='word_1_674' title='bbox 2249 4895 2370 4945; x_wconf 89' lang='lat' dir='ltr'><strong>Mss.</strong></span> <span class='ocrx_word' id='word_1_675' title='bbox 2405 4896 2543 4945; x_wconf 85' lang='lat' dir='ltr'><strong>Editi</strong></span> <span class='ocrx_word' id='word_1_676' title='bbox 2572 4900 2767 4957; x_wconf 85' lang='lat' dir='ltr'><strong>autem,</strong></span> <span class='ocrx_word' id='word_1_677' title='bbox 2797 4891 3065 4952; x_wconf 71' lang='lat' dir='ltr'><strong>societate.</strong></span> 
     </span>
    </p>
   </div>
  </div>
