4142 6186
476 317 552 376 '79

1533 319 1636 378 DE
1680 316 2039 378 CIVITATE
2083 317 2238 390 DEI,
2284 318 2350 380 S.
2397 320 2829 384 AUGUSTINI

1436 561 2005 700 LIBER
2045 466 2088 467 θ
2127 466 2934 708 manus

3803 334 3885 395 80

466 781 534 836 Ut
560 782 619 854 ix}
646 780 904 854 superiori
931 780 1066 854 libro
1094 778 1158 827 de
1171 778 1348 854 “malis
1377 792 1586 829 morum
1615 781 1880 854 «inanimi,
1913 782 1987 854 sic
2014 782 2070 830 in
2098 783 2363 854 praesenti
2411 783 2476 854 de
2510 786 2741 854 corporis
2788 788 3237 854 externarumque
3283 806 3462 844 rerum
3514 797 3869 854 incommodis

527 840 1149 924 qstend'i‘tuaugustinus,
1170 840 1894 924 Ili‘gmagosjaconditaultlrbe
2063 840 2277 924 assidue
2305 849 2528 924 χρξεειιοδ
2565 840 2746 924 fuisse,
2791 853 2952 915 atque
2984 853 3053 903 ad
3096 840 3484 908 avertenda—id
3515 840 3871 924 'géiiigﬁai;

526 910 652 960 deos
674 908 854 965 falsos,
883 918 1004 954 cum
1027 906 1152 954 ante
1180 904 1374 956 Christi
1407 906 1700 956 adventum
1727 905 1890 956 libere
1917 908 2232 966 colerentur,
2264 909 2400 958 nihil
2427 904 2772 973 praestitisse.

1555 992 2719 1038 ψ..

457 1095 690 1153 CAPUT
731 1095 1042 1154 PRIMUM.
1101 1129 1170 1140 —
1224 1100 1296 1155 De
1333 1095 1754 1154 adversitatibus
1809 1110 1946 1167 quas
2001 1095 2106 1151 soli

522 1186 665 1244 mali
692 1190 964 1258 metuunt,
992 1196 1044 1244 et
1092 1203 1229 1261 quas
1277 1203 1491 1259 semper
1515 1201 1709 1259 passus
1738 1193 1816 1242 est
1841 1183 2103 1256 mundus,

522 1293 646 1334 cum
673 1277 796 1335 deos
833 1278 1055 1335 coleret.

517 1384 648 1441 Jam
679 1385 822 1441 satis
855 1385 1075 1441 dictum
1092 1383 1344 1441 arbitror
1356 1384 1426 1440 de
1446 1398 1675 1439 morum
1701 1381 1873 1439 malis
1894 1385 1953 1439 et
1973 1379 2097 1437 ani-

448 1489 696 1541 morum,
715 1491 841 1546 quas
859 1474 1147 1546 praecipue
1158 1475 1411 1532 cavenda
1425 1477 1590 1543 sunt,
1606 1472 1752 1529 nihil
1768 1473 1908 1528 deos
1924 1469 2100 1528 falsos

444 1563 659 1638 populo
673 1563 876 1620 cultori
892 1581 1021 1634 suo,
1036 1562 1351 1636 quominus
1363 1579 1561 1620 eorum
1579 1561 1864 1618 malorum
1889 1577 2098 1634 aggere

442 1657 827 1725 premeretur,
845 1653 1154 1710 subvenire
1181 1669 1419 1710 curasse
1437 1669 1451 1721 ;
1467 1653 1566 1709 sed
1584 1653 1803 1725 potius,
1824 1656 1890 1708 ut
1911 1649 2096 1707 maxi-

443 1760 536 1801 me
568 1749 950 1816 premeretur,
976 1743 1187 1817 egisse.
1209 1746 1371 1800 Nunc
1393 1745 1462 1800 de
1481 1743 1597 1800 illis
1630 1742 1801 1799 malis
1822 1743 1988 1799 video
2011 1741 2094 1798 di-

440 1834 715 1906 cendum,
740 1852 868 1906 quae
887 1834 1013 1891 sola
1043 1833 1140 1890 isti
1160 1835 1383 1907 perpeti
1399 1833 1624 1903 nolunt,
1651 1832 1846 1903 qualia
1863 1836 2000 1889 sunt
2015 1831 2094 1887 fa-

440 1941 586 1995 mes,
610 1925 870 1992 morbus,
906 1923 1146 1992 bellum,
1177 1922 1540 1994 exspoliatio,
1574 1921 2093 1995 captivitas,truci-

441 2014 620 2081 datio,
635 2019 690 2072 et
706 2014 757 2072 si
782 2031 899 2086 qua
913 2013 1258 2085 similiajam
1275 2015 1332 2068 in
1353 2013 1539 2085 primo
1554 2011 1703 2068 libro
1731 2027 2090 2069 commemo-

437 2103 712 2162 ravimus.
732 2104 861 2160 Haec
873 2104 1028 2160 enim
1043 2102 1170 2159 sola
1190 2102 1328 2159 mali
1345 2102 1622 2174 deputant
1637 2101 1809 2170 mala,
1829 2118 1958 2173 quae
1974 2117 2090 2156 non

436 2194 658 2252 faciunt
691 2193 894 2262 malos,
927 2209 1031 2249 nec
1054 2194 1410 2249 erubescunt
1439 2192 1593 2248 inter
1624 2191 1773 2248 bona
1812 2207 1935 2263 quae
1960 2190 2090 2247 lau-

435 2283 597 2354 dant,
630 2281 746 2355 ipsi
780 2280 916 2338 mali
946 2295 1073 2338 esse
1105 2278 1504 2353 quilaudant:
1539 2279 1844 2351 magisque
1865 2283 2089 2335 stoma-

435 2373 705 2440 chantur,
738 2372 785 2428 si
813 2370 1011 2428 villam
1037 2369 1252 2426 malam
1285 2369 1560 2440 habeant,
1595 2385 1771 2440 quam
1796 2369 1845 2424 si
1878 2369 2085 2425 vitam:

440 2459 734 2534 quasihoc
751 2458 1096 2516 sithominis
1113 2459 1430 2515 maximum
1455 2459 1694 2527 bonum,
1709 2455 1925 2512 habere
1938 2457 2090 2512 bona

443 2549 888 2622 omnia,praater
918 2565 979 2605 se
1011 2547 1352 2621 ipsum.Sed
1391 2563 1580 2619 neque
1610 2547 1750 2603 talia
1770 2545 2088 2618 mala,quze

438 2639 538 2696 isti
557 2639 683 2697 sola
711 2639 1044 2708 formidant,
1069 2637 1150 2693 dii
1173 2652 1397 2707 eorum,
1431 2637 1666 2708 quando
1690 2637 1762 2691 ab
1792 2635 1877 2692 eis
1909 2635 2091 2692 libere

442 2729 800 2797 colebantur,
817 2742 888 2782 ne
903 2725 1016 2782 illis
1031 2724 1759 2793 ccciderent,obstiteruut.
1775 2725 1919 2781 Cum
1933 2725 2089 2781 enim

441 2816 620 2872 variis
651 2831 754 2888 per
785 2815 1015 2871 diversa
1041 2815 1166 2871 loca
1189 2816 1206 2850 ¹
1231 2814 1597 2886 temporibus
1625 2819 1759 2871 ante
1779 2815 2088 2871 adventum

443 2904 848 2976 Redemptoris
881 2903 1066 2960 nostri
1106 2902 1642 2961 innumerabilibus
1673 2903 2091 2977 nonnullisque

445 2994 623 3052 etiam
637 2992 1078 3052 incredibilibus
1091 2993 1357 3051 cladibus
1369 3009 1552 3066 genus
1567 2997 1959 3052 contereretur
1979 2993 2090 3049 hu-

447 3101 691 3141 manum
710 3100 885 3156 ;quos
899 3083 1043 3141 alios
1055 3099 1227 3156 quam
1246 3083 1387 3141 istos
1409 3085 1548 3140 deos
1563 3084 1816 3141 mundus
1829 3083 2050 3140 colebat
2073 3098 2088 3151 ;

440 3177 680 3247 excepto
727 3189 843 3231 uno
893 3172 1104 3246 pepulo
1136 3173 1398 3242 Hebreo,
1439 3181 1494 3229 et
1523 3173 1874 3245 quibusdam
1930 3177 2090 3230 extra

434 3265 631 3338 ipsum
645 3264 924 3337 populum
941 3263 1296 3334 ubicumque
1311 3263 1500 3335 gratia
1512 3262 1708 3318 divina
1722 3261 1883 3333 digni
1899 3262 2087 3318 occul-

433 3354 665 3412 tissimo
694 3350 1562 3424 atquejustissimoDeijudicio
1585 3351 1908 3421 fuerunt(a)
1927 3351 1956 3405 ?
1977 3351 2085 3407 Ve-

430 3460 563 3501 rum
587 3460 659 3499 ne
690 3443 942 3499 nimium
965 3443 1206 3515 longum
1234 3441 1682 3509 faciam,tacebo
1710 3439 1955 3496 aliarum
1987 3457 2081 3496 us-

428 3548 777 3606 quequaque
809 3531 1075 3605 gentium
1095 3529 1247 3586 mala
1275 3528 1631 3602 gravissima
1653 3529 1839 3600 :quod
1870 3529 1940 3584 ad
1973 3529 2080 3586 Ro-

426 3640 585 3680 mam
618 3622 868 3696 pertinet
891 3622 1340 3692 Romanumque
1367 3619 1705 3690 imperium,
1731 3624 1958 3676 tantum
1992 3620 2076 3676 lo-

424 3729 611 3786 quar;
638 3715 692 3770 id
723 3717 834 3780 est,
870 3713 942 3768 ad
979 3713 1168 3784 ipsam
1204 3709 1432 3784 proprie
1463 3709 1776 3778 civitatem,
1811 3713 1866 3766 et
1917 3725 2074 3782 quaa-

422 3819 677 3876 cumque
706 3803 791 3859 illi
824 3809 1110 3859 terrarum
1156 3801 1243 3858 vel
1285 3800 1564 3858 societate
1595 3801 1942 3872 conjunctae,
1983 3797 2070 3856 vel

421 3895 752 3953 conditione
781 3893 1056 3964 subjectae
1078 3896 1237 3962 sunt,
1271 3909 1400 3964 quae
1431 3891 1553 3948 sint
1592 3908 1876 3964 perpessae
1936 3901 2069 3951 ante

419 3987 733 4041 adventum
765 3982 1002 4048 Christi,
1035 3997 1166 4037 cum
1217 3981 1343 4052 jam
1379 3981 1449 4038 ad
1476 3983 1607 4053 ejus
1639 3981 1801 4054 quasi
1852 3997 2064 4056 corpus

416 4070 748 4142 reipublicae
781 4069 1160 4138 pertinerent.

419 4210 650 4268 CAPUT
688 4211 759 4268 II.
791 4241 860 4251 —
889 4211 972 4267 An
991 4209 1096 4279 dii,
1127 4211 1230 4282 qui
1256 4217 1307 4266 et
1337 4226 1372 4266 a
1401 4209 1659 4268 Romanis
1688 4219 1740 4268 et
1785 4227 1822 4269 α
1852 4212 2062 4272 Graecis

478 4301 743 4358 similiter
763 4299 1103 4370 colebantur,
1125 4315 1320 4356 causas
1341 4299 1642 4357 habuerint
1671 4302 1866 4374 quibus
1887 4301 2058 4361 Itium

477 4396 809 4466 paterentur
836 4390 1110 4448 exscindi.

479 4508 744 4565 Primum
758 4507 885 4580 ipsa
897 4507 1071 4579 Troja
1085 4505 1169 4564 vel
1185 4508 1379 4576 Ilium,
1397 4507 1551 4564 unde
1565 4507 1726 4581 origo
1748 4511 1835 4566 est
1857 4508 2054 4583 populi

405 4599 652 4655 Romani
672 4602 880 4670 (neque
897 4597 1053 4653 enim
1083 4598 1546 4669 praetereundum
1563 4603 1664 4655 aut
1678 4599 2055 4656 dissimulan-

405 4689 546 4744 dum
579 4691 688 4758 est,
722 4687 877 4758 quod
909 4691 964 4744 et
997 4688 1055 4743 in
1092 4687 1278 4759 primo
1303 4687 1450 4742 libro
1481 4688 1644 4759 attigi
1677 4687 1831 4761 [Cap.
1857 4690 2052 4760 Meos-

401 4778 535 4835 dem
558 4777 781 4834 habens
811 4776 949 4834 deos
963 4781 1021 4834 et
1050 4775 1266 4844 colens,
1282 4791 1387 4834 cur
1407 4791 1440 4832 a
1461 4777 1672 4832 Grascis
1692 4777 1931 4848 victum,
1953 4795 2052 4834 ca-

396 4871 566 4940 ptum
607 4873 782 4938 atque
813 4865 1064 4922 deletum
1099 4870 1190 4922 est
1217 4868 1245 4921 ‘2
1301 4864 1545 4933 Priamo,
1583 4865 1877 4938 inquiunt,
1911 4873 2053 4924 sunt

394 4957 616 5014 reddita
648 4956 1074 5012 Laomedontea
1102 4961 1341 5028 paterna
1373 4954 1621 5026 perjuria
1650 4955 1749 5027 (b).
1779 4957 1922 5027 Ergo
1954 4973 2048 5014 ve-

392 5062 520 5102 rum
549 5048 657 5114 est,
677 5045 832 5116 quod
865 5043 1065 5115 Apollo
1082 5049 1255 5116 atque
1279 5045 1584 5115 Neptunus
1598 5045 1780 5100 eidem
1813 5045 2046 5103 Laome-

391 5136 556 5194 donti
586 5133 967 5192 mercenariis
986 5135 1262 5206 operibus
1293 5135 1654 5202 servierunt;
1691 5136 1807 5191 illis
1829 5135 2044 5209 quippe

453 5300 472 5336 ί
504 5298 680 5354 Abest,
714 5297 849 5351 loca,
880 5308 913 5346 a
939 5295 1335 5359 manuscriptis.

450 5363 524 5423 (α)
557 5363 664 5411 Hoc
691 5361 867 5423 ipsum
894 5357 1231 5419 Augustinus
1263 5360 1320 5423 in
1348 5357 1583 5423 Epistola
1611 5358 1677 5406 ad
1706 5357 1810 5423 Deo
1840 5359 2039 5420 gratias

388 5421 571 5484 102,'n.
596 5424 672 5479 15,
689 5421 1076 5475 dOGGt.‘S&1|JS.
1101 5438 1121 5467 ι
1141 5422 1334 5484 inquit.
1355 5421 1662 5482 «religionis
1691 5421 2038 5484 hujus..nulli

386 5503 415 5531 «
447 5499 682 5547 unquam
712 5485 995 5547 deiuit.qui
1023 5485 1214 5545 dignus
1244 5484 1402 5547 fuit,»
1425 5486 1522 5533 etc.
1555 5484 1721 5540 Quam
1751 5498 1902 5532 suam
1919 5499 2036 5534 sen-

383 5546 612 5611 tentiam
634 5561 900 5611 exponens
921 5546 1063 5596 ilibro
1095 5548 1160 5596 de
1196 5546 1682 5595 Praedestinatione
1709 5550 2032 5611 sanctorum,

380 5622 436 5659 n.
469 5608 546 5663 19.
569 5610 670 5658 ait:
699 5608 723 5652 ἱ
748 5611 802 5658 Si
831 5611 1148 5661 discutiatur
1171 5612 1223 5658 et
1249 5612 1538 5670 quaeratur
1553 5611 1694 5659 unde
1721 5610 1945 5671 quisque
1965 5611 2036 5660 sit

381 5673 574 5734 dignus
591 5686 602 5729 ;
619 5690 645 5715 «
663 5685 767 5719 non
785 5674 977 5722 desunt
994 5673 1088 5734 qui
1107 5673 1304 5725 dicant,
1338 5672 1612 5720 voluntate
1640 5674 1880 5721 humana
1902 5687 1913 5721 :
1936 5687 2034 5722 nos

377 5752 405 5782 «
436 5737 615 5784 autem
661 5734 902 5797 dicimus,
951 5737 1123 5797 gratia
1155 5735 1242 5784 vel
1274 5735 1754 5797 praedestinatione
1781 5735 1984 5785 divina.
2004 5753 2031 5780 »

437 5797 512 5858 (b)
539 5797 672 5845 Hinc
702 5794 976 5859 Virgilius;
1003 5797 1187 5859 Georg.
1217 5794 1310 5846 lib.
1348 5795 1393 5854 1,
1423 5809 1561 5845 vers.
1593 5795 1686 5845 502
1716 5809 1730 5848 :

436 5857 853 5914 Laomedonteae
877 5857 1077 5912 luimus
1103 5857 1339 5925 perjurio
1365 5859 1568 5924 Troiae.

2216 1097 2558 1186 promisisse
2575 1102 2900 1159 mercedem
2923 1104 3492 1182 falsumquejurasse
3505 1115 3868 1186 perhibetur.

2213 1185 2408 1256 Miror,
2425 1188 2777 1262 Apollinem,
2803 1194 3175 1253 nominatum
3188 1185 3593 1275 divinatorem,
3620 1205 3678 1260 in
3701 1210 3869 1265 tanto

2209 1275 2440 1348 opiﬁcio
2454 1277 2771 1350 laborasse,
2785 1284 3138 1344 nescientem
3155 1291 3305 1360 quod
3333 1292 3661 1352 Laomedon
3678 1295 3870 1356 fuerat

2209 1367 2496 1439 promissa
2517 1378 2853 1442 negaturus.
2889 1377 3233 1449 Quanquam
3251 1397 3358 1437 nec
3397 1383 3592 1455 ipsum
3638 1389 3868 1460 Neptu-

2206 1471 2348 1548 num
2364 1463 2640 1548 patruum
2672 1462 2724 1532 ej
2735 1463 3078 1530 us,t‘ratrem
3103 1467 3136 1523 J
3143 1469 3286 1537 ovis,
3313 1485 3508 1543 regem
3542 1476 3745 1548 maris,
3767 1477 3866 1536 de-

2207 1545 2330 1601 cuit
2359 1547 2632 1619 ignarum
2665 1565 2790 1606 esse
2813 1552 3166 1613 futurorum.
3201 1557 3347 1616 Nam
3383 1559 3539 1617 hunc
3569 1545 3864 1624 Homerus

2205 1635 2276 1691 de
2298 1638 2702 1708 stirpe/Ehem,
2723 1657 2756 1697 a
2777 1643 2946 1714 cujus
2972 1646 3217 1716 posteris
3244 1649 3479 1708 condita
3503 1653 3518 1688 ί
3541 1653 3724 1710 Roma
3745 1663 3856 1724 est,

2205 1739 2339 1813 cum
2370 1730 2504 1782 ante
2537 1726 2693 1784 illam
2736 1729 2938 1787 urbem
2969 1735 3262 1792 conditam
3295 1737 3450 1794 idem
3483 1746 3653 1813 poeta
3675 1743 3864 1803 fuisse

2203 1812 2433 1870 dicatur
2479 1816 2580 1887 (a),
2614 1817 2841 1875 inducit
2888 1837 3169 1895 magnum
3224 1825 3447 1900 aliquid
3487 1812 3850 1892 divinantem

2200 1902 2481 1996 (Iliad._1‘,
2515 1921 2648 1962 vers.
2681 1908 2940 1983 302-305)
2975 1928 2989 1967 τ
3021 1930 3194 1984 quem
3224 1917 3396 1974 etiam
3449 1921 3605 1978 nube
3636 1923 3857 1996 rapuit,

2202 1995 2267 2049 ut
2297 1992 2459 2062 dicit,
2495 2010 2566 2052 ne
2592 1995 2664 2053 ab
2693 1998 2918 2056 Achille
2941 2001 3320 2062 occideretur.

2839 2113 3054 2174 cuperet
3078 2125 3201 2163 cum
3227 2116 3434 2168 vertere
3465 2117 3534 2168 ab
3560 2117 3667 2172 imo

2200 2201 2388 2274 (Quod
2419 2204 2572 2276 apud
2604 2205 2908 2279 Virgilium
2933 2211 3282 2284 confitetur.)

2261 2309 2474 2362 Structa
2507 2311 2618 2363 suis
2645 2315 2895 2390 nia-nibus
2923 2317 3167 2390 peljngae
3194 2323 3405 2390 moenia
3420 2324 3618 2390 Troiae.

2673 2378 3040 2441 (Eneidflibl
3069 2382 3117 2439 5,
3150 2399 3291 2434 vers.
3321 2385 3430 2444 810,
3465 2378 3603 2452 81’1.)

2197 2473 2532 2564 Nescientes
2569 2475 2752 2550 igitur
2802 2480 2946 2536 tanti
2996 2481 3097 2554 dii,
3150 2485 3456 2557 Neptunus
3510 2493 3568 2546 et
3623 2491 3850 2564 Apollo,

2202 2562 2644 2622 Laomedontem
2668 2567 2779 2624 sibi
2797 2574 3004 2642 negatu
3015 2588 3145 2628 rum
3178 2589 3305 2632 esse
3321 2562 3850 2646 mercedem,stru;

2198 2655 2387 2710 ctores
2403 2655 2682 2712 moenium
2714 2658 3097 2729 Trojanorum
3128 2665 3326 2736 gratis,
3353 2671 3410 2722 et
3440 2666 3686 2738 ingratis
3723 2670 3849 2728 fue-

2197 2750 2353 2831 runt.
2381 2743 2622 2800 Videant
2646 2762 2717 2802 ne
2734 2749 2970 2819 gravius
2984 2750 3060 2806 sit
3073 2751 3216 2808 tales
3229 2754 3364 2810 deos
3386 2757 3642 2828 credere,
3668 2775 3848 2831 quam

2201 2830 2314 2887 diis
2345 2832 2564 2889 talibus
2595 2835 2874 2906 pejerare.
2909 2842 3028 2895 Hoc
3057 2839 3211 2896 enim
3263 2857 3368 2898 nec
3398 2843 3523 2914 ipse
3563 2830 3848 2906 Homerus

2200 2919 2367 2977 facile
2397 2923 2659 2992 credidit,
2693 2925 2794 2997 qui
2829 2925 3162 2998 Neptunum
3193 2929 3428 3002 quidem
3463 2941 3665 2991 contra
3705 2940 3853 2993 Tro-

2199 3008 2387 3080 ianos,
2421 3013 2748 3083 Apollinem
2789 3019 2984 3073 autem
3031 3034 3134 3090 pro
3175 3019 3442 3092 Troianis
3483 3029 3848 3096 pugnantem

2200 3100 2355 3170 facit,
2372 3117 2501 3158 cum
2517 3102 2616 3161 illo
2637 3106 2894 3177 perjurio
2911 3109 3117 3166 ambos
3140 3109 3336 3167 fabula
3356 3117 3551 3169 narret
3570 3115 3846 3173 oii‘ensos.

2200 3189 2256 3245 Si
2291 3190 2464 3261 igitur
2478 3192 2686 3250 fabulis
2709 3195 2972 3263 credunt,
3005 3199 3354 3256 erubescant
3373 3201 3514 3258 talia
3535 3203 3721 3261 colere
3743 3221 3849 3261 nu-

2198 3278 2356 3335 mina
2391 3297 2406 3348 ;
2441 3281 2489 3337 si
2522 3281 2737 3339 fabulis
2767 3300 2881 3340 non
2915 3285 3177 3355 credunt,
3211 3305 3327 3345 non
3361 3290 3682 3349 obtendant
3705 3294 3847 3350 Tro-

2191 3369 2333 3438 jana
2374 3371 2643 3441 periuria,
2687 3377 2784 3430 aut
2819 3375 3105 3433 mirentur
3133 3378 3274 3435 deos
3317 3381 3572 3452 periuria
3604 3384 3848 3455 punisse

2192 3459 2460 3530 Trojana,
2485 3476 2714 3518 amasse
2738 3462 3018 3520 Romana.
3042 3465 3202 3524 Unde
3223 3469 3376 3526 enim
3397 3472 3720 3542 conjuratio
3740 3477 3844 3531 Ca-

2190 3548 2368 3604 tilina:
2411 3549 2466 3605 in
2488 3553 2890 3624 tantatamque
2903 3559 3174 3628 corrupta
3187 3556 3418 3615 civitate
3433 3559 3636 3618 habuit
3663 3562 3838 3620 etiam

2188 3652 2386 3693 eorum
2419 3639 2700 3710 grandem
2733 3640 2986 3713 copiam,
3018 3659 3166 3714 quos
3198 3661 3409 3703 manus
3443 3649 3841 3722 atquelingua

2184 3727 2441 3799 perjurio
2453 3737 2548 3785 aut
2563 3730 2848 3802 sanguine
2862 3731 3014 3788 civili
3029 3733 3480 3806 alebat(b)?Quid
3496 3739 3653 3795 enim
3673 3740 3834 3797 aliud

2179 3817 2354 3874 toties
2384 3822 2679 3875 senatores
2711 3821 2970 3894 corrupti
3002 3823 3059 3878 in
3095 3823 3553 3897 judiciis,toties
3584 3828 3836 3901 populus

2175 3905 2236 3961 in
2275 3907 2566 3980 suffragiis
2587 3907 2675 3963 vel
2692 3908 2750 3964 in
2774 3910 3106 3984 quibusque
3129 3914 3488 3987 causis,qum
3506 3917 3654 3988 apud
3685 3935 3823 3976 eum

2175 3995 2552 4051 concionibus
2567 3996 2909 4068 agebantur,
2931 3999 3044 4056 nisi
3073 4001 3249 4058 etiam
3265 4003 3578 4076 pejerando
3613 4021 3826 4078 pecca-

2174 4083 2314 4142 bant
2333 4085 2404 4156 (c)
2416 4085 2714 4157 ?Namque
2733 4090 3194 4162 corruptissimis
3208 4093 3468 4152 moribus
3481 4095 3546 4153 ad
3561 4095 3666 4154 hoc
3689 4111 3825 4154 mos

2171 4175 2408 4246 iurandi
2441 4180 2783 4237 servabatur
2810 4180 3110 4252 antiquus,
3143 4198 3258 4240 non
3299 4187 3366 4239 ut
3395 4185 3468 4241 ab
3499 4185 3824 4244 sceleribus

2172 4269 2328 4321 metu
2345 4265 2643 4340 religionis
2666 4269 3137 4342 prohiberentur,
3169 4272 3270 4328 sed
3296 4276 3361 4330 ut
3401 4274 3659 4346 perjuria
3679 4292 3826 4348 quo-

2168 4371 2280 4428 que
2305 4357 2632 4416 sceleribus
2653 4359 2875 4416 ceteris
2906 4359 3284 4418 adderentur.

2165 4461 2396 4538 CAPUT
2434 4463 2530 4520 lli.
2577 4496 2647 4507 —-
2703 4465 2822 4538 Non
2866 4467 3110 4538 potuisse
3165 4469 3367 4538 offendi
3415 4470 3542 4528 deos
3601 4472 3826 4533 Paridis

2235 4537 2533 4605 adulterio,
2567 4538 2708 4610 quod
2736 4537 2884 4595 inter
2915 4541 3061 4611 ipsos
3097 4537 3343 4598 traditur
3374 4544 3811 4617 frequentatum.

2232 4651 2398 4710 Nulla
2413 4653 2609 4725 itaque
2623 4671 2800 4712 causa
2815 4660 2922 4724 est,
2947 4671 3126 4728 quare
3139 4657 3242 4724 dii,
3258 4658 3495 4730 quibus,
3512 4662 3816 4728 utdicunt,

2159 4745 2400 4800 steterat
2430 4741 2572 4797 illud
2609 4743 2913 4814 imperium
2944 4743 3172 4818 (Virgil.
3196 4746 3414 4803 (Eneid.
3461 4748 3558 4804 lib.
3586 4751 3638 4816 2,
3671 4765 3815 4810 vers.

2159 4833 2309 4902 352),
2340 4847 2476 4887 cum
2509 4848 2543 4887 a
2571 4831 2786 4889 Graecis
2825 4833 3278 4905 praevalentibus
3303 4836 3626 4908 probentur
3651 4838 3811 4911 victi,

2223 4988 2238 5020 ί
2276 4985 2408 5040 Vox,
2439 4985 2680 5040 condita,
2729 4984 2880 5036 abest
2907 4985 2975 5035 ab
3004 4985 3158 5036 Vind.
3190 4989 3307 5038 Am.
3339 4988 3423 5038 Er.
3455 4991 3508 5040 et
3534 5002 3568 5040 a
3595 4990 3718 5044 Mss.
3747 5015 3815 5032 -

2154 5047 2266 5097 Non
2294 5049 2444 5097 abest
2476 5062 2508 5097 a
2533 5048 2674 5098 2053.
2707 5049 2774 5096 M.

2217 5111 2290 5169 ta)
2333 5111 2538 5174 Necrde
2571 5113 2806 5174 tempore
2847 5111 3003 5161 Urbis
3049 5114 3310 5168 conditae,
3358 5127 3456 5166 nec
3502 5116 3568 5165 de
3595 5117 3812 5169 Homeri

2151 5175 2324 5243 aetate
2353 5173 2484 5243 satis
2513 5173 2652 5222 inter
2681 5173 2960 5243 scriptores
2989 5177 3269 5243 convenit;
3288 5177 3438 5243 Hunc
3465 5179 3660 5243 elapsis
3687 5184 3813 5243 post

2149 5235 2349 5283 bellum
2363 5236 2647 5297 Troianum
2668 5237 2824 5298 annis
2839 5237 2961 5298 plus
2977 5239 3154 5287 minus
3186 5238 3292 5296 160,
3314 5242 3368 5288 et
3385 5244 3510 5290 ante
3538 5235 3812 5294 Christum

2148 5297 2540 5364 anniscirciter
2569 5297 2996 5364 _iO_OO,Saloinone
3025 5301 3080 5348 in
3106 5303 3308 5350 Judaea
3329 5307 3813 5364 regnante,vixisse

2146 5360 2471 5430 probabilior
2496 5361 2677 5430 opinio
2705 5365 2800 5430 c_s_t,
2833 5363 3226 5430 Quamcumque
3257 5360 3575 5430 vero'aliam
3593 5360 3810 5430 'Opinio-

2145 5436 2277 5490 nem
2301 5423 2448 5490 sequi
2481 5423 2993 5490 placeat.§omerus
3010 5423 3300 5490 Romaerit
3325 5429 3598 5490 antiquior
3626 5423 3812 5490 {quod

2141 5488 2218 5595 fit!)
2225 5486 2400 5597 Ci1c7erg
2401 5488 2639 5597 ἐθειὲἱιιι·
2649 5487 2705 5534 in
2716 5487 3047 5548 Tusculanis,
3059 5489 3151 5537 lib.
3174 5489 3219 5551 t,
3247 5503 3342 5554 cap
3353 5492 3390 5540 ,1
3413 5486 3485 5550 ςθῑ
3504 5492 3563 5540 Α.
3584 5486 3807 5550 Gellius.

2225 5584 2234 5594 .
2329 5585 2341 5597 .
2437 5564 2484 5597 ο.
2583 5588 2594 5597 .

2164 5561 2234 5595 ω.
2265 5561 2341 5610 11,,
2372 5561 2484 5610 cap.
2516 5561 2594 5600 21.

2201 5611 2284 5679 (b)
2303 5609 2548 5679 _S‘allust.,
2578 5612 2644 5679 de
2673 5613 3047 5679 coniuratione
3079 5614 3358 5672 Catilinae,
3389 5628 3504 5679 cap.
3539 5616 3615 5665 14.

2206 5676 2280 5740 (τί)Δ
2303 5673 2494 5740 Nempe
2523 5675 2724 5740 iudices
2741 5673 2906 5737 iurati
2924 5677 3253 5740 judicabant.
3271 5681 3325 5726 et
3349 5673 3580 5740 populus
3606 5680 3665 5729 in
3685 5681 3807 5732 mit-

2140 5735 2321 5806 tendis
2342 5735 2617 5806 suifragiis
2635 5735 2982 5806 jurejurando
3011 5735 3461 5806 obstringebatur,
3484 5745 3648 5806 utine
3673 5757 3804 5806 pre-

2137 5796 2211 5846 tio
2239 5798 2325 5846 vel
2356 5796 2532 5860 gratia
2555 5796 2816 5855 adductus
2842 5801 3136 5867 quidquam
3166 5796 3457 5869 antiquius
3481 5796 3694 5857 habere.
3709 5819 3802 5858 sa-

2136 5859 2250 5912 lute
2281 5860 2628 5912 reipublicae.
