4128 6190
315 336 386 398 81
1645 331 1880 393 LIBER
1918 332 1941 392 'l

2053 331 2157 394 tTI
2166 332 2284 396 US.
3633 348 3712 409 82

308 465 567 540 Trojanis
596 461 995 537 pejerantibus
1024 462 1327 536 ﬁngantur
1352 462 1504 519 irati.
1530 463 1644 522 Nec
1673 462 1958 519 adulterio

307 556 554 621 Paridis,
570 558 634 610 ut
657 569 863 610 rursus
887 569 920 608 a
938 552 1293 625 quibusdam
1314 553 1729 621 defenduntur,
1744 553 1959 609 utTro-

308 646 421 718 iam
443 646 800 713 desererent,
816 643 1589 701 succensuerunt.Auctores
1601 642 1754 700 enim
1773 643 1960 697 docto-

308 753 516 807 resque
572 738 942 809 peccatorum
1001 748 1128 791 esse
1186 733 1469 804 assolent,
1533 749 1648 789 non
1718 731 1957 788 ultores.

312 827 502 885 Urbem
514 828 765 893 Romam,
780 823 835 880 in
846 824 973 895 quit
984 822 1101 880 Sall
1112 823 1325 891 ustius,
1336 824 1506 879 sicuti
1515 838 1608 894 ego
1620 821 1822 894 accepi,
1837 835 1963 878 con-

307 916 488 973 didere
516 920 681 988 atque
710 914 947 970 habuere
991 912 1159 969 initio
1203 913 1442 983 Troiani,
1474 914 1570 985 qui
1608 913 1779 967 Αέηεα
1825 910 1960 966 duce

303 1006 528 1078 profugi
554 1004 777 1062 sedibus
800 1004 1032 1059 incerti:
1053 1002 1394 1073 vagabantur
1412 1007 1431 1072 (
1439 1003 1510 1058 De
1531 1002 1786 1059 Catilinae
1811 1002 1957 1058 Con-

296 1096 597 1169 juratione,
620 1112 738 1167 cap.
766 1094 841 1159 6).
866 1092 925 1149 Si
957 1109 1093 1164 ergo
1123 1090 1474 1149 adulterium
1506 1090 1734 1147 Paridis
1764 1091 1958 1147 vindi-

303 1188 556 1242 candum
571 1184 815 1241 numina
825 1186 1204 1252 censuerunt,
1220 1186 1322 1239 aut
1336 1181 1522 1253 magis
1539 1181 1596 1237 in
1618 1179 1898 1238 Romanis
1914 1184 1955 1249 ί,

302 1283 403 1331 aut
434 1278 586 1331 certe
615 1272 790 1330 etiam
820 1272 884 1328 in
916 1272 1197 1329 Romanis
1227 1271 1590 1344 puniendum
1634 1269 1778 1339 fuit;
1817 1270 1956 1341 quia

297 1366 487 1421 zEnezs
539 1367 722 1421 mater
767 1362 847 1435 (a)
897 1362 1006 1417 hoc
1053 1362 1212 1417 fecit.
1254 1362 1365 1418 Sed
1416 1360 1706 1433 quomodo
1750 1360 1809 1416 in
1855 1360 1955 1419 illo

295 1452 438 1509 illud
473 1452 763 1525 flagitium
788 1451 1054 1522 oderant,
1079 1451 1178 1523 qui
1201 1450 1261 1506 in
1283 1466 1392 1507 sua
1417 1449 1573 1508 socia
1592 1449 1814 1507 Venere
1838 1466 1952 1507 non

295 1542 542 1599 oderant
567 1544 651 1615 (ul
682 1540 798 1597 alia
828 1540 1122 1613 omittam)
1154 1540 1305 1611 quod
1343 1556 1474 1596 cum
1505 1539 1758 1597 Anchise
1789 1557 1955 1597 com-

293 1631 559 1701 miserat,
590 1647 658 1686 ex
690 1647 807 1702 quo
840 1630 1058 1686 Enean
1110 1629 1459 1702 pepererat?
1485 1630 1571 1685 An
1617 1630 1754 1701 quia
1804 1629 1951 1687 illud

290 1722 514 1778 factum
548 1725 639 1777 est
668 1720 1013 1791 indignante
1044 1716 1321 1789 Menelao,
1341 1716 1486 1774 illud
1517 1723 1714 1775 autem
1745 1735 1951 1777 conce-

289 1812 465 1867 dente
514 1808 779 1866 Vulcano
829 1808 956 1881 (b)?
986 1807 1075 1863 Dii
1121 1806 1299 1874 enim,
1349 1808 1543 1877 credo,
1590 1825 1705 1865 non
1758 1809 1951 1865 zelant

286 1902 573 1973 conjuges
604 1915 766 1969 suas,
791 1913 982 1970 usque
1003 1897 1143 1954 adeo
1166 1901 1231 1952 ut
1251 1912 1347 1953 eas
1378 1897 1551 1954 etiam
1584 1913 1717 1954 cum
1750 1897 1946 1954 homi-

286 1990 467 2047 nibus
495 1990 807 2062 dignentur
826 1986 1039 2044 habere
1060 2002 1423 2043 communes.
1446 1987 1693 2044 Irridere
1724 1986 1948 2043 fabulas

285 2078 560 2136 fortassis
577 2077 900 2141 existimor,
917 2092 1024 2134 nec
1039 2075 1290 2150 graviter
1312 2092 1481 2149 agere
1503 2077 1649 2133 tanti
1671 2076 1946 2148 ponderis

284 2184 555 2226 causam.
578 2168 705 2225 Non
733 2182 869 2238 ergo
900 2166 1232 2234 credamus,
1256 2165 1301 2221 si
1334 2168 1543 2239 placet,
1566 2167 1785 2223 Enean
1817 2181 1947 2224 esse

278 2257 530 2315 Veneris
554 2256 742 2313 filium
768 2273 782 2313 :
808 2271 937 2312 ecce
960 2255 1232 2323 concedo,
1256 2254 1307 2312 si
1329 2270 1434 2311 nec
1455 2255 1767 2313 Romulum
1789 2258 1944 2315 Mar-

270 2348 348 2405 tis
379 2347 484 2419 (ε).
514 2347 571 2402 Si
623 2348 818 2401 autem
866 2343 1035 2413 illud,
1068 2360 1172 2399 cur
1218 2360 1335 2399 non
1366 2348 1424 2400 et
1452 2343 1598 2399 illud
1620 2345 1647 2400 ‘I
1673 2351 1764 2402 An
1806 2348 1945 2405 deos

264 2438 362 2493 fas
397 2441 496 2492 est
520 2434 866 2491 hominibus
898 2432 1159 2501 feminis,
1192 2449 1381 2489 mares
1430 2437 1629 2490 autem
1676 2434 1944 2494 homines

266 2524 512 2582 deabus
536 2522 767 2578 misceri
790 2521 995 2577 nefas?
1010 2521 1185 2589 Dura,
1203 2521 1289 2578 vel
1310 2520 1500 2593 potius
1522 2538 1635 2579 non
1659 2526 1945 2583 credenda

269 2611 572 2679 conditio,
589 2611 745 2683 quod
770 2626 835 2666 ex
848 2611 984 2681 jure
1005 2610 1246 2666 Veneris
1268 2612 1326 2666 in
1354 2612 1664 2668 concubitu
1688 2613 1856 2670 Marti
1878 2614 1943 2671 li-

268 2701 418 2768 cuit,
438 2702 548 2757 boc
565 2700 626 2755 in
641 2700 779 2771 juro
802 2715 906 2755 suo
928 2698 1267 2770 ipsiVeneri
1290 2715 1407 2755 non
1424 2699 1617 2757 licere.
1634 2705 1704 2757 At
1726 2711 1943 2759 utrum-

272 2807 389 2865 que
420 2789 725 2846 firmatum
756 2792 847 2845 est
872 2787 1221 2844 auctoritate
1252 2788 1532 2845 Romana.
1556 2790 1750 2862 Neque
1779 2794 1937 2850 enim

272 2881 483 2937 minus
511 2877 765 2936 credidit
795 2877 1086 2934 recentior
1108 2877 1300 2934 Caesar
1319 2878 1509 2935 aviam
1532 2883 1815 2938 Venerem
1840 2882 1938 2956 (ἀ),

272 2985 457 3043 quam
494 2972 719 3041 patrem
752 2966 1049 3041 antiquior
1077 2967 1363 3026 Romulus
1393 2968 1658 3027 Martem.

265 3086 513 3144 CAPUT
546 3086 639 3143 IV.
670 3116 740 3127 --
767 3086 843 3142 De
871 3086 1153 3142 sententia
1188 3086 1464 3157 Van'onis,
1506 3104 1616 3159 qua
1653 3091 1792 3147 utile
1828 3106 1938 3149 esse

422 3174 576 3231 dixit
607 3178 669 3231 ut
696 3190 754 3231 se
777 3175 1025 3231 homines
1052 3174 1161 3231 dii:
1182 3178 1392 3248 genitos
1420 3181 1781 3236 mentiantur.

336 3274 564 3330 Dixerit
596 3273 808 3345 aliquis
835 3289 848 3329 :
884 3273 1048 3331 Itane
1071 3280 1129 3330 tu
1153 3274 1263 3331 ista
1284 3276 1510 3334 credis?
1529 3278 1647 3350 Ego
1669 3295 1798 3337 vero
1820 3280 1936 3336 ista

265 3381 381 3422 non
407 3364 610 3421 credo.
628 3363 772 3420 Nam
796 3367 856 3420 et
878 3363 963 3420 vir
979 3363 1354 3422 doctissimus
1375 3382 1575 3424 eorum
1588 3371 1772 3425 Varro
1790 3370 1936 3429 falsa

265 3454 388 3512 hac
419 3471 579 3521 esse,
612 3453 881 3526 quamvis
932 3470 1050 3511 non
1098 3456 1393 3523 audacter,
1427 3472 1617 3530 neque
1664 3459 1931 3533 fidenter,

265 3563 413 3619 pene
444 3551 647 3604 tamen
679 3546 912 3602 fatetur.
937 3546 1046 3602 Sed
1072 3547 1219 3603 utile
1249 3562 1381 3605 esse
1408 3549 1740 3607 civitatibus
1770 3551 1934 3624 dicit,

265 3640 329 3693 ut
348 3653 412 3695 se
437 3636 553 3693 viri
585 3636 783 3705 fortes,
808 3636 1039 3693 etiamsi
1060 3636 1281 3693 falsum
1306 3638 1402 3707 sit,
1425 3638 1540 3695 diis
1563 3640 1791 3710 genitos
1811 3656 1936 3699 esse

265 3728 549 3784 credant:
582 3729 643 3781 ut
662 3741 727 3782 eo
752 3726 921 3782 modo
951 3726 1187 3783 animus
1224 3725 1525 3782 humanus
1556 3726 1704 3784 velut
1732 3730 1935 3788 divina

267 3815 473 3887 stirpis
521 3814 799 3872 ﬁduciam
848 3830 1075 3887 gerens,
1110 3831 1207 3873 res
1240 3830 1486 3888 magnas
1515 3817 1935 3889 aggrediendas

264 3911 588 3978 praesumat
608 3904 913 3973 audacius,
935 3908 1072 3979 agat
1093 3904 1519 3975 vehementius,
1537 3910 1594 3962 et
1611 3908 1684 3964 ob
1706 3907 1815 3965 hoc
1832 3909 1937 3966 im-

267 3995 419 4067 pleat
438 3995 575 4066 ipsa
595 3994 910 4051 securitate
934 3993 1182 4050 felicius.
1199 3996 1334 4061 Quas
1355 3994 1628 4053 Varronis
1645 3999 1936 4056 sententia

268 4100 571 4158 expressa,
602 4086 665 4139 ut
694 4082 873 4155 potui,
898 4082 1049 4140 meis
1080 4083 1292 4153 verbis,
1320 4086 1511 4142 cernis
1542 4102 1716 4156 quam
1748 4087 1933 4146 latum

277 4171 479 4229 locum
503 4170 731 4243 aperiat
745 4169 980 4227 falsitati
1000 4188 1013 4240 ;
1034 4174 1100 4227 ut
1116 4170 1195 4228 ibi
1216 4172 1613 4245 intelligamus
1630 4175 1796 4248 plura
1807 4179 1931 4248 jam

265 4278 430 4318 sacra
454 4264 517 4317 et
542 4260 704 4332 quasi
727 4260 1007 4332 religiosa
1029 4261 1293 4333 potuisse
1313 4264 1586 4337 conﬁngi,
1614 4266 1712 4322 ubi
1730 4272 1935 4339 putata

264 4357 400 4410 sunt
430 4350 665 4408 civibus
694 4351 871 4408 etiam
894 4352 966 4408 de
989 4350 1136 4425 ipsis
1168 4352 1280 4410 diis
1310 4355 1575 4426 prodesse
1606 4358 1931 4417 mendacia.

266 4468 503 4526 CAPUT
534 4469 598 4523 V.
648 4467 768 4526 Non
810 4468 1041 4541 probari
1083 4469 1225 4541 quod
1262 4470 1345 4527 dii
1387 4472 1729 4530 adulterium
1766 4478 1933 4534 Pari-

312 4560 398 4617 di:
429 4558 744 4632 punierint,
766 4559 910 4633 quod
940 4561 1001 4616 in
1023 4561 1240 4617 Romuli
1265 4565 1444 4620 matre
1471 4580 1579 4621 non
1610 4567 1721 4623 ulti
1748 4572 1897 4625 sunt.

337 4658 458 4716 Sed
489 4666 683 4715 utrum
714 4659 965 4731 potuerit
994 4659 1193 4717 Venus
1224 4677 1293 4719 ex
1326 4663 1635 4721 concubitu
1664 4666 1933 4725 Anchises

270 4749 491 4804 Enean
516 4762 741 4820 parere,
757 4747 846 4804 vel
864 4749 1015 4805 Mars
1038 4765 1105 4805 ex
1124 4751 1439 4808 concubitu
1463 4753 1594 4809 filiae
1612 4754 1934 4816 Numitoris

271 4836 590 4894 Romulum
608 4835 868 4909 gignere,
890 4836 949 4893 in
975 4839 1165 4895 medio
1184 4838 1767 4912 relinquamus.Nam
1787 4862 1934 4917 pene

270 4924 403 4982 talis
429 4924 673 4997 quastio
691 4925 865 4981 etiam
883 4926 951 4983 de
965 4928 1275 5000 Scripturis
1294 4930 1511 4987 nostris
1525 4931 1805 5006 oboritur,
1819 4952 1932 5009 qua

270 5016 552 5087 quaeritur
581 5017 778 5071 utrum
810 5016 1276 5087 praevaricatores
1314 5019 1506 5092 angeli
1537 5038 1670 5078 cum
1703 5024 1932 5082 filiabus

269 5104 581 5162 hominum
602 5104 1025 5161 concubuerint
1042 5107 1228 5173 ;unde
1242 5108 1392 5165 natis
1404 5109 1759 5185 gigantibus,
1773 5114 1831 5171 id
1845 5126 1931 5178 est

328 5281 677 5410 ((2)8in
714 5284 993 5349 Troianis.
1024 5286 1385 5342 Emendantur
1410 5304 1444 5342 a
1470 5294 1863 5359 manuscriptis.

351 5360 406 5396 al
445 5360 635 5396 venus.

328 5411 404 5471 (b)
434 5410 656 5459 Veneris
683 5411 877 5461 marito
888 5448 899 5461 .

327 5478 396 5529 (ο)
426 5473 686 5522 Romulus
714 5475 897 5525 Martis
924 5488 991 5525 ex
1018 5476 1117 5526 Ilia
1146 5478 1334 5532 Sylvia
1366 5482 1556 5531 vestali
1588 5483 1749 5532 filius.

327 5493 396 5529 ιο)
427 5493 686 5522 nummus
714 5493 897 5525 murus
924 5493 991 5525 ex
1018 5493 1117 5526 um
1146 5493 1180 5527 δ
1220 5493 1334 5528 ma
1366 5493 1556 5531 vestau
1588 5493 1749 5532 unus.

326 5536 813 5614 {glgﬂiollom‘ul'o‘
833 5539 1011 5614 annis“
1037 5540 1144 5589 fere
1311 5544 1568 5603 posterior
1609 5548 1926 5614 e‘rat_gentis

268 5599 624 5665 Iuliae,_quae
651 5599 912 5665 in_lulum
940 5601 1143 5653 Encas
1171 5599 1346 5652 filium
1371 5617 1537 5665 genus
1566 5599 1843 5665 referebat,
1874 5613 1927 5659 et

335 5676 361 5710 ι·
392 5660 572 5727 Iulum
605 5661 964 5727 inVeuerem.
994 5666 1165 5727 Ipsius
1194 5660 1431 5716 Caesaris
1476 5682 1539 5719 ea
1570 5673 1635 5720 de
1674 5686 1730 5722 re
1762 5660 1926 5723 verba

293 5726 524 5789 aguntur
550 5726 695 5788 apud
720 5724 1050 5779 Suetonium.

2066 464 2313 523 nimium
2335 468 2657 539 grandibus
2680 485 2745 526 ac
2769 470 3013 528 fortibus
3035 472 3199 544 viris,
3224 476 3362 532 tunc
3383 478 3538 534 terra
3559 493 3716 534 com-

2069 553 2227 626 pleta
2243 560 2333 612 est
2353 560 2433 627 (a)
2453 558 2606 630 (Gen.
2626 575 2702 629 vr,
2720 560 2792 630 4).
2812 559 2928 633 [V.]
2946 561 3195 619 Proinde
3209 565 3277 621 ad
3294 569 3606 638 utrumque
3623 568 3717 623 in-

2069 644 2240 700 terim
2266 647 2437 702 modo
2451 652 2653 704 nostra
2674 647 2986 719 disputatio
3011 651 3309 710 referatur.
3325 654 3383 711 Si
3404 655 3561 712 enim
3582 672 3717 713 vera

2068 737 2223 803 sunt,
2248 751 2374 805 quas
2398 737 2552 806 apud
2574 735 2707 793 illos
2732 737 2802 793 de
2826 742 3009 794 matre
3025 739 3211 797 {Ensis
3234 746 3289 798 et
3309 743 3380 799 de
3403 748 3566 816 patre
3596 745 3714 801 Ro-

2066 822 2213 878 muli
2243 822 2623 895 lectitantur;
2658 828 2950 898 quomodo
2982 835 3226 901 possunt
3274 832 3387 889 diis
3427 834 3718 892 adulteria

2065 911 2370 983 displicere
2402 913 2725 984 hominum,
2749 932 2876 988 quis
2900 918 2957 972 in
2982 933 3042 974 se
3068 919 3211 990 ipsis
3242 923 3602 981 concorditer
3628 924 3714 980 fe-

2066 1003 2206 1056 runt
2225 1000 2253 1053 ‘I
2272 1000 2329 1055 Si
2352 1004 2546 1057 autem
2580 1001 2726 1058 falsa
2756 1008 2893 1059 sunt
2916 1022 2929 1073 ;
2956 1021 3060 1061 nec
3090 1006 3171 1063 sic
3202 1008 3439 1079 quidem
3466 1016 3714 1082 possunt

2063 1089 2238 1147 irasci
2257 1090 2403 1147 veris
2420 1089 2716 1149 adulteriis
2739 1092 3039 1160 humanis,
3056 1095 3156 1167 qui
3179 1097 3351 1153 etiam
3376 1097 3535 1155 falsis
3553 1100 3711 1156 dele-

2062 1182 2293 1234 ctantur
2314 1179 2457 1235 suis.
2485 1180 2608 1237 Huc
2631 1180 2874 1249 accedit,
2895 1183 3174 1254 quoniam
3199 1185 3251 1240 si
3274 1184 3415 1241 illud
3440 1187 3512 1243 de
3531 1187 3713 1246 Marte

2061 1284 2177 1324 non
2197 1269 2476 1339 creditur,
2493 1273 2555 1325 ut
2579 1269 2685 1325 hoc
2709 1286 2939 1342 quoque
2955 1272 3024 1327 de
3039 1272 3256 1328 Venere
3281 1291 3392 1330 non
3419 1277 3716 1349 credatur,

2060 1358 2449 1416 nullo‘divini
2474 1361 2819 1418 concubitus
2836 1362 3074 1418 obtentu
3099 1366 3305 1422 matris
3326 1366 3558 1422 Romuli
3584 1384 3717 1424 cau-

2058 1464 2125 1505 sa
2156 1448 2508 1505 defenditur.
2531 1451 2660 1505 Fuit
2684 1459 2868 1507 autem
2901 1454 3170 1510 sacerdos
3193 1454 3386 1526 Sylvia
3405 1456 3427 1491 ³
3446 1457 3705 1526 vestalis,

2059 1541 2115 1593 et
2145 1537 2272 1594 ideo
2296 1538 2376 1593 dii
2396 1540 2584 1611 magis
2606 1540 2663 1595 in
2688 1540 2980 1597 Romanos
3003 1543 3352 1615 sacrilegum
3376 1544 3516 1602 illud
3542 1546 3716 1620 ﬂagi—

2056 1627 2228 1696 tium,
2249 1644 2421 1699 quam
2446 1628 2503 1683 in
2523 1629 2803 1701 Trojanos
2820 1630 3041 1687 Paridis
3060 1631 3440 1703 adulterium,
3458 1636 3713 1692 vindica-

2056 1734 2118 1775 re
2149 1718 2497 1775 debuerunt.
2518 1718 2663 1774 Nam
2688 1723 2745 1776 et
2766 1719 2877 1791 ipsi
2898 1720 3140 1778 Romani
3164 1722 3392 1795 antiqui
3417 1724 3476 1780 in
3508 1734 3710 1799 stupro

2056 1808 2126 1864 de
2139 1811 2316 1863 tectas
2328 1807 2515 1864 Vesta
2530 1809 3052 1879 sacerdotes,vivas
3065 1810 3238 1869 etiam
3252 1811 3712 1881 defodiebant(b)

2054 1896 2353 1954 adulteras
2396 1902 2593 1954 autem
2643 1898 2914 1967 feminas,
2966 1900 3237 1971 quamvis
3292 1901 3489 1975 aliqua
3548 1904 3709 1960 dam-

2054 1988 2312 2055 natione,
2344 1986 2508 2043 nulla
2557 1992 2750 2045 tamen
2792 1992 2977 2045 morte
3007 1989 3339 2063 plectebant
3379 1993 3489 2066 (c):
3524 2009 3707 2067 usque

2053 2077 2198 2134 adeo
2230 2076 2464 2149 gravius
2494 2094 2621 2150 quae
2648 2079 2935 2150 putabant
2955 2080 3127 2153 adyta
3148 2081 3367 2153 divina,
3390 2099 3563 2157 quam
3596 2083 3707 2140 hu-

2052 2183 2230 2224 mana
2260 2166 2476 2223 cubilia
2503 2167 2899 2225 vindicabant.

2050 2283 2283 2341 CAPUT
2312 2283 2409 2341 Vl.
2441 2314 2511 2326 —
2557 2286 2627 2342 De
2653 2285 2965 2357 parricidio
3022 2288 3253 2356 Romuli,
3297 2288 3437 2361 quod
3482 2288 3561 2345 dii
3598 2305 3710 2347 non

2688 2374 3066 2431 vindicarunt.

2118 2472 2290 2528 Aliud
2320 2470 2718 2544 adjicio,quia
2747 2471 2799 2528 si
2821 2489 2887 2529 eo
2912 2490 3097 2547 usque
3128 2478 3361 2545 peccata
3393 2475 3698 2535 hominum

2046 2560 2165 2617 illis
2198 2561 2544 2617 numinibus
2566 2560 2958 2632 displicerent,
2984 2567 3043 2619 ut
3066 2565 3271 2621 offensi
3296 2564 3520 2623 Paridis
3543 2566 3695 2622 facto

2046 2652 2339 2707 desertam
2365 2652 2593 2721 Troiam
2618 2651 2767 2708 ferro
2789 2652 3144 2725 ignibusque
3165 2654 3483 2725 donarent;
3512 2656 3695 2726 magis

2045 2756 2145 2797 eos
2175 2744 2373 2797 contra
2396 2740 2685 2797 Romanos
2709 2750 2958 2798 moveret
2982 2741 3211 2799 Romuli
3246 2745 3419 2800 frater
3439 2744 3519 2817 (ά)
3540 2744 3694 2801 occi-

2045 2845 2169 2896 sus,
2203 2845 2378 2902 quam
2411 2834 2615 2887 contra
2642 2830 2927 2902 Trojanos
2957 2832 3188 2889 Graecus
3219 2833 3467 2890 maritus
3499 2834 3572 2906 (e)
3618 2831 3693 2887 il-

2043 2921 2248 2989 lusus;
2273 2919 2463 2993 magis
2485 2919 2740 2977 irritaret
2769 2921 3143 2993 parricidium
3176 2923 3489 2991 nascentis,
3514 2938 3693 2996 quam

2042 3008 2343 3081 regnantis
2362 3008 2708 3066 adulterium
2724 3010 2996 3067 civitatis.
3010 3010 3125 3067 Nec
3147 3013 3218 3068 ad
3236 3029 3497 3079 causam,
3514 3028 3695 3085 quam

2042 3114 2198 3154 nunc
2217 3098 2468 3170 agimus,
2492 3098 2756 3166 interest,
2777 3104 2971 3156 utrum
2992 3100 3101 3157 hoc
3121 3101 3246 3157 fieri
3265 3101 3692 3173 Romulusjus-

2041 3187 2199 3255 serit,
2230 3191 2331 3243 aut
2361 3187 2647 3245 Romulus
2676 3188 2894 3257 fecerit,
2923 3190 3076 3261 quod
3116 3191 3283 3246 multi
3325 3190 3696 3262 impudentia

2040 3281 2277 3350 negant,
2294 3276 2464 3333 multi
2480 3278 2700 3350 pudore
2715 3278 3005 3350 dubitant,
3021 3279 3192 3335 multi
3211 3280 3405 3337 dolore
3419 3280 3695 3337 dissimu-

2038 3366 2185 3425 lant.
2208 3367 2324 3423 Nec
2352 3382 2463 3424 nos
2493 3367 2689 3441 itaque
2712 3368 2772 3423 in
2794 3381 2861 3423 ea
2891 3384 2950 3424 re
2973 3368 3307 3442 diligentius
3340 3371 3693 3442 requirenda

2039 3473 2143 3529 per
2156 3458 2471 3513 multorum
2485 3457 2836 3529 scriptorum
2854 3458 3695 3529 perpensatestimoniademo-

2039 3560 2272 3602 remur:
2296 3545 2530 3602 Romuli
2552 3546 2790 3601 fratrem
2815 3545 3003 3615 palam
3025 3551 3252 3603 constat
3274 3548 3551 3616 occisum,
3576 3565 3691 3603 non

2040 3633 2111 3692 ab
2130 3633 2418 3702 hostibus,
2433 3650 2549 3689 non
2568 3634 2639 3689 ab
2664 3632 2889 3689 alienis.
2904 3636 2961 3687 Si
2975 3639 3077 3690 aut
3093 3636 3441 3706 perpetravit
3462 3642 3563 3691 aut
3582 3636 3691 3691 im-

2040 3721 2264 3796 peravit
2292 3720 2401 3776 hoc
2434 3721 2719 3776 Romulus
2743 3737 2756 3787 ;
2784 3721 2970 3793 magis
2993 3721 3116 3792 ipse
3138 3724 3249 3778 fuit
3272 3723 3687 3791 Romanorum,

2041 3826 2220 3883 quam
2242 3809 2399 3865 Paris
2419 3809 2800 3879 Trojanorum
2825 3814 3000 3878 caput
3019 3812 3085 3880 (Γ)
3108 3825 3122 3864 :
3146 3824 3251 3866 cur
3278 3810 3460 3882 igitur
3488 3811 3691 3881 Troja-

2040 3900 2133 3959 nis
2157 3900 2307 3956 iram
2333 3898 2576 3954 deorum
2608 3896 3050 3969 provocavitille
3071 3898 3273 3955 alienis
3305 3898 3568 3970 conjugis
3600 3915 3693 3955 ra-

2040 3998 2190 4064 ptor,
2204 3996 2256 4045 et
2268 3986 2605 4046 earumdem
2620 3987 2863 4043 deorum
2880 3988 3121 4045 tutelam
3136 3988 3417 4044 Romanis
3430 3987 3694 4045 invitavit

2038 4080 2145 4137 iste
2166 4079 2259 4135 sui
2278 4078 2469 4134 fratris
2489 4077 2805 4133 exstinctor
2826 4076 2906 4149 (g)
2928 4076 2956 4133 ?
2977 4077 3037 4134 Si
3061 4082 3256 4135 autem
3278 4075 3420 4134 illud
3446 4076 3638 4135 scelus
3658 4096 3693 4135 a

2039 4171 2189 4227 facto
2219 4168 2582 4241 imperioque
2606 4166 2839 4224 Romuli
2861 4167 3121 4225 alienum
3143 4172 3267 4237 est;
3294 4169 3569 4240 quoniam
3593 4169 3691 4225 de-

2038 4260 2167 4317 buit
2187 4259 2383 4331 utique
2413 4257 2716 4327 vindicari,
2737 4262 2858 4315 tota
2882 4257 2987 4315 hoc
3005 4257 3107 4314 illa
3123 4258 3325 4315 civitas
3356 4258 3511 4327 fecit,
3535 4259 3687 4331 quod

2037 4350 2157 4404 tota
2185 4344 2535 4418 contempsit
2556 4346 2577 4380 ³
2600 4364 2615 4415 ;
2640 4348 2697 4401 et
2719 4361 2833 4402 non
2860 4346 2984 4417 jam
3016 4346 3274 4416 fratrem,
3306 4346 3407 4402 sed
3441 4350 3686 4418 patrem,

2037 4438 2190 4511 quod
2223 4443 2307 4493 est
2338 4435 2532 4508 pejus,
2554 4433 2784 4491 occidit.
2808 4434 3062 4509 Uterque
3084 4436 3239 4491 enim
3263 4435 3374 4491 fuit
3403 4436 3688 4503 conditor,

2039 4526 2138 4584 ubi
2164 4525 2310 4583 alter
2337 4523 2552 4582 scelere
2582 4523 2809 4581 ablatus
2839 4540 2953 4581 non
2987 4525 3310 4597 permissus
3331 4529 3421 4581 est
3448 4540 3578 4582 esse
3602 4540 3689 4580 re-

2104 4731 2121 4765 1
2152 4727 2236 4777 Er.
2270 4727 2321 4776 et
2348 4727 2493 4783 Lov.,
2525 4725 2689 4776 nullo
2717 4726 2918 4790 igitur.
2968 4726 3146 4788 Abest,
3187 4724 3392 4788 igitur,
3438 4724 3506 4774 ab
3536 4724 3691 4775 editis

2036 4789 2157 4843 aliis
2187 4792 2239 4840 et
2266 4790 2662 4853 manuscriptis.

2102 4855 2124 4923 ἓ
2153 4854 2500 4923 VindluAmz‘
2530 4848 2584 4902 ét
2634 4853 2871 4915 plerique
2916 4851 3435 4923 manuscriptinlocg'.
3470 4848 3690 4923 δρίίυξα,

2035 4917 2254 4978 habent,
2284 4915 2412 4966 Ilia.
2444 4911 2734 4977 Utrumque
2781 4911 2974 4964 nomen
2998 4911 3211 4978 habuit
3244 4913 3360 4978 filia
3385 4911 3688 4978 Numitoris,

2034 4973 2251 5031 Romuli
2274 4980 2328 5027 et
2356 4979 2504 5041 Remi
2530 4973 2716 5038 mater,
2739 4991 2876 5041 quae
2906 4980 2958 5026 et
2985 4977 3141 5025 Rhea
3163 4976 3453 5028 dicebatur.
3473 4997 3537 5010 —
3564 4973 3687 5024 Mss.

2034 5043 2221 5098 nostri.
2256 5040 2378 5089 ilia.
2412 5040 2479 5091 M.

2100 5108 2121 5141 ³
2152 5096 2236 5154 Sic
2262 5104 2378 5151 Am.
2408 5102 2491 5153 Er.
2524 5105 2577 5153 et
2602 5104 2807 5153 Mss.At
2834 5102 2989 5151 Vind.
3020 5103 3073 5152 et
3099 5103 3246 5157 Lov.,
3282 5096 3572 5150 consensit.

2115 5168 2167 5224 α)
2200 5169 2345 5217 Hauc
2372 5167 2739 5224 quaestionem
2765 5166 2907 5216 infra
2936 5167 3146 5224 tractat,
3181 5165 3275 5215 lib.
3309 5162 3385 5224 15,
3424 5172 3538 5223 cap.
3567 5157 3649 5210 23.

2115 5183 2151 5217 α
2200 5170 2345 5217 Hauc
2410 5170 2688 5218 uacatione:

2095 5170 2169 5293 ibi
2202 5230 2314 5279 Liv.
2346 5180 2439 5276 lii).
2470 5230 2499 5279 8
2527 5232 2580 5280 et
2610 5229 2688 5278 22.

2114 5289 2161 5354 cl
2192 5293 2321 5342 Vide
2350 5292 2559 5343 Livium
2586 5294 2677 5342 lib.
2718 5292 2793 5348 10,
2824 5305 2937 5355 cap.
2969 5289 3050 5340 31.

2114 5358 2408 5423 d)Remus.
2800 5417 2834 5423 _
2904 5417 2951 5423 η
3118 5417 3127 5423 ι
3343 5412 3354 5423 ⁸

2094 5412 2159 5482 (e)
2190 5419 2459 5486 Menelaus
2487 5419 2712 5470 Helenae
2740 5430 2774 5467 a
2800 5417 2985 5486 Paride
3016 5417 3198 5486 raptae
3224 5412 3466 5486 maritus.

2092 5476 2161 5542 ff)
2189 5481 2334 5545 Paris
2364 5484 2557 5545 quippe
2579 5495 2687 5531 non
2727 5494 2821 5531 rex
2850 5482 2981 5533 erat,
3022 5476 3112 5529 sed
3159 5476 3295 5537 regis
3335 5476 3683 5537 Troianorum

2028 5545 2224 5593 Priami
2250 5543 2417 5592 filius.

2092 5608 2167 5668 (g)
2199 5605 2548 5666 Troianorum
2576 5620 2764 5669 nempe
2783 5606 2857 5654 dii
2877 5603 3169 5669 Lavinium
3185 5613 3279 5663 per
3305 5602 3523 5669 Epona.
3559 5602 3683 5650 inde

2029 5666 2221 5719 Albam
2250 5680 2343 5731 per
2369 5670 2654 5719 Ascanium
2684 5666 2949 5724 translati,
2970 5680 3032 5717 ac
3059 5667 3325 5729 postremo
3351 5666 3571 5718 Romam
3591 5676 3684 5726 per

2033 5733 2317 5784 Romulum
2345 5733 2497 5785 asciti
2524 5734 2667 5784 sunt.
