4142 6186
358 318 437 382 83
1414 318 1515 376 DE
1560 317 1927 377 CIVITATE
1970 315 2123 381 DEI.
2171 315 2235 375 S.
2281 309 2700 375 AUGUSTINI
3682 311 3759 371 84

359 461 589 531 gnator.
610 457 734 512 Non
759 458 864 521 est,
888 457 952 509 ut
974 452 1242 521 arbitror,
1268 450 1423 522 quod
1445 450 1669 506 dicatur
1702 452 1840 522 quid
1865 450 2005 507 mali
2115 448 2327 521 oppido
2354 444 2696 513 simulacris,
2729 443 2916 500 solum
2950 443 3220 499 Minervae
3253 445 3363 501 sub
3395 448 3560 502 tanta
3592 446 3765 502 ruina

359 548 532 618 Troja
579 544 878 613 meruerit,
913 548 977 599 ut
1005 558 1131 598 eam
1165 542 1243 596 dii
1277 542 1629 606 desererent,
1663 557 1776 612 quo
1808 544 2005 613 posset

363 636 773 708 exstingui;et
803 633 941 705 quid
974 632 1104 687 boni
1137 630 1337 695 Roma,
1360 633 1423 683 ut
1444 644 1571 684 eam
1604 630 1683 684 dii
1714 630 2009 685 inhabita-

362 729 511 790 rent,
528 740 640 795 quo
656 720 1084 797 possetaugeri:
1107 718 1217 774 nisi
1239 717 1395 789 quod
1410 717 1544 773 victi
1561 718 1695 774 inde
1713 720 2009 788 fugerunt,

366 818 424 871 et
454 830 518 869 se
548 815 620 871 ad
640 815 808 879 istos,
832 826 969 879 quos
1001 810 1213 879 pariter
1242 808 1595 880 deciperent,
1620 809 2009 864 contulerunt.

366 907 487 961 lmo
513 919 644 958 vero
675 906 732 955 et
757 899 874 954 illic
907 901 1271 967 manserunt,
1296 898 1365 953 ad
1399 915 1497 954 eos
1528 914 1688 954 more
1720 914 1825 953 suo
1856 896 2013 952 deci-

365 992 626 1064 piendos,
651 987 751 1058 qui
776 1003 978 1042 rursus
1004 985 1231 1043 easdem
1257 992 1439 1043 terras
1462 986 1820 1054 habitarent;
1840 992 1897 1041 et
1917 984 2012 1040 hic

363 1080 597 1135 easdem
630 1078 781 1132 artes
815 1074 1053 1132 fallaciae
1083 1093 1203 1132 suae
1236 1076 1425 1149 magis
1465 1077 1640 1132 etiam
1672 1074 2010 1144 exercendo,

365 1167 691 1237 majoribus
723 1166 1044 1223 honoribus
1073 1166 1296 1237 gloriati
1327 1170 1487 1221 sunt.

394 1283 626 1345 CAPUT
656 1282 781 1339 VII.
816 1314 880 1324 —
911 1284 984 1340 De
1032 1282 1322 1339 eversione
1354 1283 1468 1348 Ilii,
1499 1280 1638 1354 quod
1667 1280 1783 1337 dum
1811 1280 1972 1336 Marii

947 1372 1187 1428 Fimbria
1219 1371 1436 1427 excidit.

436 1473 605 1530 Certe
634 1472 791 1528 enim
826 1471 1092 1527 civilibus
1116 1472 1243 1541 jam
1275 1469 1445 1525 bellis
1477 1468 1853 1538 scatentibus,
1876 1467 2017 1539 quid

362 1561 649 1619 miserum
675 1559 1048 1615 commiserat
1071 1558 1268 1628 Ilium,
1294 1562 1410 1613 uta
1430 1557 1703 1628 Fimbria,
1726 1555 2014 1611 Mariana-

364 1667 497 1709 rum
522 1650 773 1721 partium
800 1647 1035 1703 homine
1053 1646 1712 1718 pessimo,everteretur,
1734 1646 1914 1700 multo
1939 1644 2019 1699 fe-

366 1741 559 1798 rocius
575 1743 749 1810 atque
773 1739 1280 1810 crudelius,quam
1306 1736 1445 1792 olim
1465 1736 1723 1792 aGraacis
1746 1734 1859 1807 (a)?
1874 1736 2017 1790 Nam

365 1836 506 1887 tunc
524 1832 579 1883 et
600 1827 769 1883 multi
792 1828 927 1883 inde
952 1828 1242 1899 fugerunt,
1258 1831 1315 1881 et
1332 1825 1503 1881 multi
1519 1826 1795 1898 captivati
1812 1825 2017 1879 saltem

364 1910 424 1977 in
443 1920 718 1976 servitute
738 1919 1025 1974 vixerunt.
1045 1919 1216 1974 Porro
1231 1925 1421 1973 autem
1444 1916 1695 1972 Fimbria
1718 1916 1881 1988 prius
1898 1915 2025 1971 edi-

366 2016 524 2068 ctum
557 2010 881 2082 proposuit,
902 2025 975 2064 ne
997 2010 1088 2064 cui
1114 2011 1478 2079 parceretur;
1504 2012 1675 2078 atque
1697 2006 1901 2062 urbem
1926 2010 2017 2060 to-

362 2106 479 2154 tam
503 2103 870 2170 cunctosque
889 2097 946 2151 in
964 2113 1031 2152 ea
1049 2096 1317 2152 homines
1334 2094 1601 2151 incendio
1615 2094 2019 2150 concremavit.

362 2188 480 2243 Hoc
504 2186 717 2242 meruit
738 2186 932 2256 Ilium,
949 2202 1063 2241 non
1084 2203 1115 2239 a
1162 2184 1397 2251 Graecis,
1414 2199 1556 2255 quos
1573 2201 1677 2240 sua
1701 2183 2024 2238 irritaverat

360 2275 698 2347 iniquitate,
723 2275 822 2330 sed
845 2293 877 2329 a
902 2274 1199 2341 Romanis,
1228 2290 1376 2344 quos
1407 2289 1511 2328 sua
1537 2272 1868 2329 calamitate
1891 2287 2021 2342 pro-

366 2370 716 2439 pagaverat;
742 2365 854 2420 diis
872 2363 989 2420 illis
1016 2362 1430 2420 communibus
1455 2362 1525 2419 ad
1550 2361 1672 2417 haec
1695 2358 2026 2434 repellenda

366 2452 515 2508 nihil
543 2452 907 2524 juvantibus,
933 2469 1057 2523 seu,
1083 2452 1235 2525 quod
1262 2467 1459 2508 verum
1482 2454 1590 2519 est,
1611 2449 1756 2506 nihil
1778 2448 2022 2504 valenti-

375 2543 508 2599 bus.
543 2541 839 2613 Numquid
869 2546 925 2597 et
953 2546 1095 2598 tunc

505 2650 816 2701 Abscessere
843 2663 1027 2700 omnes
1055 2648 1235 2713 adytis
1262 2648 1475 2711 arisque
1502 2647 1701 2698 relictis

372 2749 476 2816 dii,
512 2749 728 2819 quibus
776 2747 923 2802 illud
970 2747 1253 2819 oppidum
1306 2752 1562 2814 steterat,
1599 2748 1729 2815 post
1757 2743 2028 2814 antiquos

370 2841 702 2892 Grecorum
718 2836 882 2905 ignes
896 2835 1242 2905 ruinasques
1256 2832 1614 2905 reparatum?
1625 2832 1684 2888 Si
1699 2848 1769 2887 au
1780 2836 1890 2888 tem
1901 2833 2029 2886 abs-

374 2928 696 2991 cesserant,
730 2940 968 2980 causam
1018 2925 1287 2995 requiro;
1321 2928 1378 2978 et
1416 2923 1843 2995 oppidanorum
1894 2921 2031 2994 qui-

374 3016 506 3071 dem
558 3018 776 3087 quanto
824 3013 1052 3069 invenio
1102 3012 1426 3080 meliorem,
1470 3016 1633 3068 tanto
1687 3010 2029 3068 deteriorem

376 3104 637 3159 deorum.
670 3101 759 3157 Illi
790 3103 944 3158 enim
984 3107 1183 3158 contra
1215 3101 1529 3156 Fimbriam
1560 3103 1764 3173 portas
1804 3100 2030 3155 clause-

375 3196 532 3262 rant,
551 3196 614 3247 ut
630 3191 794 3264 Syllae
812 3200 1105 3248 servarent
1124 3192 1409 3262 integram
1432 3190 1724 3245 civitatem
1743 3206 1756 3245 :
1779 3189 1913 3244 hinc
1935 3204 2034 3244 eos

379 3281 564 3337 iratus
596 3281 876 3351 incendit,
899 3280 986 3337 vel
1017 3280 1212 3353 potius
1242 3279 1475 3351 penitus
1499 3278 1794 3335 exstinxit.
1827 3276 2035 3333 Adhuc

378 3376 574 3426 autem
600 3369 904 3425 meliorum
930 3370 1181 3441 partium
1204 3368 1465 3425 civilium
1489 3367 1646 3440 Sylla
1662 3368 1778 3423 dux
1799 3366 1909 3421 fuit
1931 3366 2031 3438 (ὁ),

377 3458 569 3514 adhuc
589 3458 768 3514 armis
800 3457 1221 3530 rempublicam
1255 3473 1599 3528 recuperare
1630 3456 2031 3511 modiebatur:

380 3548 594 3603 horum
623 3548 913 3603 bonorum
944 3547 1243 3602 initiorum
1279 3547 1541 3602 nondum
1571 3544 1759 3601 malos
1791 3548 2033 3601 eventus

380 3636 602 3692 habuit.
635 3637 785 3702 Quid
817 3652 953 3708 ergo
986 3636 1202 3693 melius
1233 3636 1386 3691 cives
1437 3635 1594 3691 illius
1639 3635 1797 3690 urbis
1846 3636 2035 3691 facere

374 3727 728 3797 potuerunt?
747 3725 890 3797 quid
924 3726 1417 3797 honestius?quid
1449 3724 1679 3780 ﬁdelius
1698 3725 1727 3779 ?
1747 3725 1884 3797 quid
1919 3728 2033 3781 Ro-

388 3830 564 3871 mana
594 3815 886 3885 parentela
907 3814 1159 3886 dignius,
1185 3831 1353 3886 quam
1380 3813 1599 3870 meliori
1617 3830 1807 3870 causae
1832 3813 2035 3869 Roma-

382 3922 593 3961 norum
625 3905 912 3961 civitatem
946 3922 1192 3974 servare,
1225 3913 1277 3960 et
1308 3910 1512 3961 contra
1551 3905 1896 3976 parricidam
1931 3903 2034 3959 Ro-

388 4010 570 4050 manae
620 3994 953 4066 reipublicae
1001 3999 1199 4065 portas
1242 3993 1557 4050 claudere?
1586 3996 1659 4049 At
1701 3993 1809 4049 hoc
1850 3993 1934 4050 eis
1973 3993 2031 4049 in

377 4090 663 4152 quantum
686 4082 928 4137 exitium
951 4082 1211 4148 verterit,
1227 4083 1531 4136 attendant
1547 4083 1879 4138 defensores
1897 4084 2032 4137 deo-

378 4186 531 4225 rum.
567 4170 937 4225 Deseruerint
977 4170 1054 4224 dii
1089 4170 1407 4238 adulteros,
1438 4170 1729 4242 Iliumque
1777 4172 2034 4229 ﬂammis

376 4262 706 4313 Graecorum
733 4256 1094 4329 reliquerint,
1111 4263 1255 4313 utex
1279 4259 1405 4329 ejus
1425 4258 1718 4314 cineribus
1736 4260 1917 4315 Roma
1939 4277 2034 4316 ca-

381 4349 528 4403 stior
552 4352 913 4404 nasceretur:
938 4364 1043 4403 cur
1062 4353 1118 4404 et
1144 4356 1337 4418 postea
1363 4349 1747 4405 deseruerunt
1767 4351 2035 4406 eamdem

382 4438 675 4493 civitatem
691 4437 969 4493 Romanis
983 4442 1433 4508 cognatam,non
1449 4436 1823 4494 rebellantem
1839 4440 2037 4499 adver-

381 4542 480 4582 sus
505 4526 745 4581 Romam
767 4525 1018 4581 nobilem
1043 4526 1246 4595 ﬁliam,
1264 4527 1361 4583 sed
1379 4527 1731 4597 justioribus
1753 4528 1880 4598 ejus
1904 4544 2034 4601 par-

382 4614 538 4669 tibus
563 4615 738 4669 ﬁdem
766 4615 1307 4672 constantissimam
1329 4616 1776 4688 piissimamque
1794 4634 2033 4673 servan-

376 4710 791 4775 tem;eamque
822 4704 1128 4760 delendam
1155 4705 1669 4776 reliquerunt,non
1701 4707 2034 4764 Graecorum

382 4794 521 4849 viris
535 4793 803 4861 fortibus,
823 4794 922 4849 sed
942 4794 1060 4850 viro
1080 4795 1462 4868 spurcissimo
1479 4795 1872 4853 Romanorum
1888 4797 2036 4853 ‘lAut

385 4883 435 4938 si
460 4882 807 4954 displicebat
823 4883 935 4938 diis
949 4899 1122 4940 causa
1138 4884 1391 4956 partium
1408 4884 1712 4957 Syllanaru
1725 4903 1775 4941 m
1788 4929 1801 4954 ,
1818 4887 1911 4942 cui
1926 4902 2039 4942 ser-

385 4977 588 5028 vantes
622 4972 822 5027 urbem
858 4972 1056 5029 miseri
1096 4978 1293 5044 portas
1324 4973 1653 5030 clauserant
1680 4993 1693 5042 ;
1716 4992 1817 5031 cur
1848 4975 2036 5032 eidem

388 5061 555 5134 Syllae
582 5065 744 5116 tanta
758 5060 904 5117 bona
926 5062 1405 5133 promittebantet
1423 5064 1929 5133 praenuntiabant?
1948 5071 2036 5121 An

388 5150 593 5206 ethinc
616 5154 1016 5219 agnoscuntur
1033 5151 1361 5206 adulatores
1377 5152 1625 5207 felicium
1648 5154 1839 5224 potius
1861 5170 2038 5224 quam

390 5238 710 5295 infelicium
737 5239 1238 5295 defensores?Non
1254 5256 1386 5311 ergo
1401 5241 1572 5296 Ilium
1599 5242 1769 5298 etiam
1793 5244 2039 5311 tunc,ab

389 5327 469 5382 eis
501 5344 633 5384 cum
665 5330 1047 5392 desereretur,
1072 5344 1329 5385 eversum
1354 5338 1459 5385 est.
1487 5330 1626 5387 Nam
1652 5331 1943 5387 daemones
1965 5333 2035 5388 ad

389 5414 791 5487 decipiendum
813 5433 1041 5489 semper
1060 5416 1513 5489 vigilantissimi,
1529 5420 1679 5491 quod
1704 5424 2037 5488 potuerunt,

389 5504 666 5561 fecerunt.
695 5507 925 5563 Eversis
959 5507 1177 5579 quippe
1216 5513 1270 5562 et
1306 5508 1556 5564 incensis
1602 5510 1871 5567 omnibus
1903 5527 2036 5567 cum

453 5667 535 5734 (ᾳ)
562 5666 636 5734 De
663 5667 762 5734 hoc
788 5669 899 5717 Liv.
934 5670 980 5731 1,
1017 5668 1077 5717 82
1111 5672 1163 5720 et
1194 5668 1257 5734 83
1285 5672 1552 5734 ;7Appian.
1584 5672 1639 5721 in
1665 5672 2038 5724 Mithridatico.

457 5731 528 5796 (b)
552 5730 711 5782 Cicer.
730 5729 870 5781 Orat.
894 5729 988 5795 pro
1017 5729 1530 5795 Caelio;Sallust.in
1559 5735 1769 5788 Catilin.
1792 5749 1905 5800 cap.
1927 5736 2006 5787 51.

2118 536 2319 607 templi
2344 535 2524 601 illius,
2540 538 2605 588 ut
2624 533 2827 589 scribit
2845 533 3366 606 Livius,integrum
3387 535 3625 592 stetisse
3642 553 3767 609 per-

2119 624 2450 695 hibetur(a)
2477 638 2490 676 :
2524 637 2637 677 non
2670 625 2733 676 ut
2763 620 3073 689 diceretur,

2179 751 2242 799 Di
2269 747 2454 813 patria
2477 758 2706 813 alternae
2737 757 2944 813 891.1129!
2980 745 3079 813 sub
3107 746 3332 813 numine
3359 746 3517 813 12min
3542 748 3640 797 est-

2357 762 2447 806 ".m,
2477 761 2706 808 quorum
2737 761 2944 808 semper
2980 761 3079 795 suo
3107 761 3329 796 numine
3359 761 3459 795 'u‘o
3483 761 3517 797 α

2357 809 2595 872 (Virgil.
2626 807 2836 857 (Eneid.
2871 808 2962 858 lib.
2996 809 3041 865 1,
3072 823 3214 860 vers.
3243 808 3354 867 702,
3383 761 3521 871 70g.)

2120 927 2193 983 ad
2223 940 2424 982 eorum
2449 923 2717 991 laudem;
2751 924 2851 979 sed
2883 938 2953 980 ne
2983 923 3296 996 diceretur,

2183 1053 2462 1102 Excessere
2488 1062 2671 1100 omnes
2700 1050 2880 1113 adytis
2907 1051 3120 1115 arisque
3148 1052 3349 1103 relictis

2122 1169 2224 1235 dii,
2255 1168 2326 1223 ad
2359 1182 2556 1223 eorum
2597 1166 3020 1223 defensionem.
3056 1165 3204 1223 Illud
3240 1167 3397 1224 enim
3438 1183 3609 1240 posse
3638 1185 3776 1240 per-

2124 1256 2291 1314 missi
2313 1260 2470 1326 sunt,
2487 1272 2601 1312 non
2622 1256 2776 1311 unde
2794 1255 3183 1327 probarentur
3201 1260 3487 1327 potentes,
3505 1258 3603 1313 sed
3624 1258 3778 1314 unde

2125 1351 2440 1421 praesentes
2472 1344 2972 1401 convincerentur.

2233 1483 2460 1542 CAPUT
2490 1484 2636 1539 VIII.
2665 1515 2730 1525 —
2760 1484 2842 1539 An
2872 1483 3124 1541 debuerit
3152 1484 3260 1541 diis
3291 1483 3472 1541 Iliacis
3501 1486 3672 1541 Roma

2808 1576 3099 1629 committi.

2200 1677 2322 1732 Diis
2343 1677 2536 1747 itaque
2560 1674 2770 1743 Iliacis,
2788 1679 2921 1747 post
2934 1674 3117 1745 Trojae
3136 1674 3324 1747 ipsius
3341 1676 3780 1744 documentum,

2130 1784 2247 1841 qua
2278 1767 2510 1822 tandem
2543 1765 2846 1837 prudentia
2869 1764 3053 1819 Roma
3073 1765 3456 1821 custodienda
3477 1766 3786 1821 commissa

2131 1857 2258 1912 est?
2278 1855 2498 1911 Dixerit
2529 1854 2980 1925 quispiam,jam
3005 1869 3104 1909 eos
3125 1857 3314 1908 Rome
3348 1853 3613 1910 habitare
3643 1853 3789 1909 soli-

2132 1949 2244 2011 tos,
2264 1944 2496 2015 quando
2519 1946 2886 2013 expugnante
2904 1940 3161 1996 Fimbria
3182 1942 3391 1997 cecidit
3413 1941 3605 1998 Ilium.
3621 1941 3787 1998 Unde

2132 2048 2269 2104 ergo
2300 2032 2459 2088 stetit
2494 2030 2765 2086 Minervee
2813 2030 3192 2085 simulacrum
3215 2030 3242 2085 ‘I
3272 2030 3515 2102 Deinde,
3548 2031 3597 2086 si
3628 2033 3785 2103 apud

2133 2123 2378 2177 Romam
2399 2124 2582 2190 erant,
2599 2119 2833 2191 quando
2850 2118 3105 2174 Fimbria
3127 2118 3337 2175 delevit
3354 2119 3521 2175 Ilium
3540 2120 3791 2176 fortasse

2135 2210 2286 2280 apud
2309 2208 2475 2263 llium
2494 2212 2680 2273 erant,
2696 2208 2927 2277 quando
2947 2223 2980 2262 a
2997 2206 3180 2263 Gallis
3200 2206 3324 2277 ipsa
3338 2208 3514 2264 Roma
3539 2214 3705 2280 capta
3728 2213 3788 2264 et

2135 2297 2373 2354 incensa
2390 2307 2473 2354 est
2500 2314 2512 2352 :
2536 2296 2639 2353 sed
2663 2300 2725 2350 ut
2747 2299 2886 2352 sunt
2916 2295 3118 2352 auditu
3150 2297 3477 2354 acutissimi
3509 2302 3788 2369 motuque

2135 2386 2446 2455 celerrimi,
2463 2387 2534 2441 ad
2559 2401 2757 2440 vocem
2778 2385 3003 2440 anseris
3022 2384 3136 2441 cito
3160 2386 3473 2455 redierunt,
3494 2392 3557 2442 ut
3577 2386 3787 2443 saltem

2133 2477 2528 2550 Capitolinum
2552 2475 2781 2539 collem,
2805 2474 2906 2545 qui
2929 2480 3310 2541 remanserat,
3328 2480 3663 2532 tuerentur:
3687 2492 3790 2532 ce-

2136 2572 2330 2624 terum
2348 2566 2417 2622 ad
2445 2564 2559 2621 alia
2580 2563 2946 2621 defendenda
2967 2562 3155 2621 serius
3177 2573 3312 2621 sunt
3334 2566 3520 2623 redire
3544 2582 3794 2623 commo-

2138 2656 2267 2713 niti.

2138 2797 2377 2856 CAPUT
2408 2798 2501 2853 IX.
2533 2828 2596 2838 —
2618 2796 2702 2851 An
2726 2795 2887 2852 illam
2906 2811 3112 2867 pacem,
3140 2811 3256 2868 qua:
3272 2796 3373 2851 sub
3395 2797 3585 2853 Numae
3622 2813 3794 2867 regno

2404 2888 2537 2958 fuit,
2568 2886 2693 2942 deos
2730 2887 3053 2957 prastitissc
3077 2884 3405 2941 credendum
3434 2888 3522 2941 sit.

2215 2985 2284 3041 Hi
2316 2987 2489 3042 etiam
2531 2985 2778 3041 Numam
2822 2983 3194 3055 Pompilium,
3237 3000 3633 3041 successorem
3679 2985 3795 3041 Ro-

2143 3075 2310 3143 muli,
2334 3075 2627 3148 adjuvisse
2649 3076 2982 3145 creduntur,
3007 3082 3068 3131 ut
3087 3078 3206 3132 toto
3227 3076 3389 3147 regni
3412 3076 3506 3132 sui
3534 3081 3797 3148 tempore

2144 3181 2347 3237 pacem
2372 3165 2622 3234 haberet,
2646 3165 2850 3221 etJani
2878 3172 3086 3237 portas,
3113 3181 3241 3236 qua
3276 3165 3440 3221 bellis
3473 3170 3669 3239 patere
3698 3182 3795 3221 as-

2143 3255 2353 3322 solent,
2376 3256 2666 3312 clauderet
2687 3255 2763 3324 (b)
2791 3271 2804 3309 :
2829 3269 2894 3311 eo
2917 3255 3123 3310 merito
3155 3253 3398 3321 scilicet,
3423 3254 3560 3327 quia
3591 3255 3797 3311 Roma-

2146 3343 2239 3399 nis
2271 3345 2453 3400 multa
2472 3360 2637 3400 sacra
2655 3344 2978 3401 constituit.
2998 3344 3089 3399 Illi
3112 3359 3247 3399 vero
3269 3344 3491 3400 homini
3512 3361 3615 3416 pro
3632 3349 3793 3401 tanto

2145 3433 2261 3489 otio
2292 3433 2701 3505 gratulandum
2736 3434 2864 3499 fuit,
2884 3433 2932 3489 si
2959 3434 3129 3489 modo
3160 3433 3218 3488 id
3250 3433 3424 3489 rebus
3455 3433 3791 3490 salubribus

2145 3524 2343 3580 scisset
2365 3524 2719 3594 impendere,
2738 3527 2797 3579 et
2817 3522 3317 3594 perniciosissima
3334 3524 3667 3580 curiositate
3690 3540 3791 3579 ne-

2145 3614 2357 3684 glecta,
2388 3613 2571 3670 Deum
2604 3629 2806 3669 verum
2840 3629 2965 3669 vera
2996 3613 3208 3683 pietate
3240 3613 3594 3685 perquirere.
3627 3613 3793 3670 Nunc

2145 3707 2341 3757 autem
2375 3719 2491 3759 non
2514 3702 2563 3757 ei
2584 3701 2663 3757 dii
2696 3701 3069 3758 contulerunt
3098 3700 3241 3757 illud
3276 3702 3490 3771 otium;
3525 3703 3627 3759 sed
3659 3719 3793 3759 eum

2145 3792 2343 3847 minus
2361 3793 2602 3848 fortasse
2625 3792 3013 3864 decepissent,
3032 3791 3081 3846 si
3100 3792 3349 3848 otiosum
3370 3792 3615 3848 minime
3632 3809 3797 3863 repe-

2144 3880 2376 3937 rissent.
2396 3882 2622 3946 Quanto
2640 3882 2797 3937 enim
2817 3881 3013 3937 minus
3040 3897 3173 3937 eum
3202 3886 3551 3954 occupatum
3567 3881 3797 3939 invene-

2145 3974 2304 4037 runt,
2323 3975 2490 4027 tanto
2521 3972 2707 4042 magis
2739 3971 2851 4042 ipsi
2882 3975 3335 4043 occupaverunt.
3359 3971 3507 4027 Nam
3529 3971 3665 4041 quid
3698 3971 3795 4028 ille

2147 4060 2385 4117 molitus
2416 4062 2513 4128 sit,
2533 4067 2590 4117 et
2613 4062 2832 4132 quibus
2861 4062 3084 4118 artibus
3113 4062 3247 4117 deos
3276 4060 3420 4117 tales
3444 4062 3576 4132 sibi,
3605 4062 3687 4117 vel
3710 4060 3798 4117 illi

2147 4150 2363 4206 civitati
2405 4151 2740 4207 consociare
2779 4150 3053 4223 potuerit,
3085 4149 3264 4208 Varro
3296 4151 3524 4224 prodit:
3557 4150 3715 4222 quod
3746 4151 3796 4206 si

2146 4239 2394 4298 Domino
2428 4240 2731 4312 placuerit,
2764 4257 2869 4297 suo
2916 4239 3254 4313 diligentius
3303 4241 3616 4297 disseretur
3644 4240 3792 4298 loco.

2146 4329 2315 4386 Modo
2346 4334 2539 4385 autem
2572 4330 2711 4401 quia
2740 4330 2809 4386 de
2849 4329 3147 4386 beneficiis
3181 4345 3381 4387 eorum
3413 4329 3656 4401 quaestio
3686 4338 3793 4397 est,

2149 4435 2429 4491 magnum
2449 4418 2797 4475 beneficium
2816 4423 2907 4474 est
2928 4435 3066 4489 pax:
3087 4420 3184 4475 sed
3200 4418 3297 4474 Dei
3313 4419 3429 4474 veri
3443 4419 3792 4476 beneﬁcium

2146 4512 2253 4576 est,
2276 4507 2620 4579 plerumque
2650 4508 2825 4563 etiam
2858 4507 3011 4563 sicut
3037 4506 3145 4577 sol,
3167 4508 3314 4563 sicut
3333 4506 3528 4579 pluvia
3548 4507 3796 4580 vitaeque

2148 4598 2262 4655 alia
2291 4597 2765 4669 subsidia,super
2796 4597 3054 4670 ingratos
3084 4603 3141 4653 et
3170 4613 3441 4669 nequam.
3461 4597 3573 4653 Sed
3606 4597 3655 4653 si
3688 4596 3799 4654 hoc

2148 4692 2267 4743 tam
2288 4702 2566 4759 magnum
2591 4686 2809 4741 bonum
2831 4686 2909 4741 dii
2931 4686 3015 4741 illi
3038 4688 3232 4742 Romae
3247 4685 3335 4741 vel
3361 4686 3644 4759 Pompilio
3666 4704 3804 4744 con-

2150 4777 2425 4848 tulerunt,
2445 4792 2549 4831 cur
2572 4774 2815 4847 imperio
2842 4777 3099 4832 Romano
3123 4792 3219 4847 per
3239 4774 3368 4847 ipsa
3388 4780 3643 4848 tempore.
3674 4777 3802 4832 lau-

2149 4864 2467 4921 dabiliora‘
2493 4865 2548 4919 id
2575 4881 2880 4937 nunquam
2906 4868 3108 4936 postea
3127 4865 3565 4936 praestiterunt?
3585 4881 3658 4921 an
3682 4865 3799 4920 uti-

2150 4956 2293 5012 liora
2304 4960 2467 5012 erant
2480 4971 2647 5011 sacra
2658 4971 2792 5011 cum
2807 4953 3268 5022 instituerentur,
3287 4971 3464 5026 quam
3480 4954 3799 5011 cuminsti-

2149 5048 2271 5100 tuta
2294 5042 2952 5113 celebrarentur?Atqui
2969 5046 3111 5097 tunc
3128 5045 3389 5099 nondum
3410 5049 3595 5111 erant,
3612 5045 3710 5100 sed
3734 5048 3801 5100 ut

2150 5138 2340 5189 essent
2368 5133 2771 5201 addebantur;
2802 5134 3002 5202 postea
3029 5147 3164 5187 vero
3191 5132 3310 5201 jam
3353 5137 3539 5202 erant,
3572 5148 3701 5204 qua
3732 5136 3800 5187 ut

2151 5222 2492 5296 prodessent
2520 5221 3019 5277 custodiebantur.
3048 5221 3195 5285 Quid
3235 5236 3371 5295 ergo
3402 5225 3493 5278 est
3522 5221 3679 5293 quod
3709 5220 3798 5277 illi

2152 5312 2531 5384 quadraginta
2548 5314 2686 5380 tres,
2700 5309 2809 5377 vel,
2827 5314 2891 5365 ut
2907 5308 3006 5365 alii
3028 5309 3248 5378 volunt,
3263 5311 3504 5382 triginta
3514 5312 3571 5366 et
3587 5325 3797 5367 novem

2217 5488 2232 5521 ί
2266 5483 2419 5532 Vind.
2442 5484 2557 5533 Am.
2578 5482 2661 5531 Er.
2677 5485 2729 5532 et
2746 5483 2855 5533 fere
2874 5496 3057 5535 omnes
3077 5481 3442 5545 manuscripti,
3468 5480 3799 5534 laudabilia.

2150 5574 2213 5586 —
2245 5546 2333 5596 Sic
2358 5547 2517 5596 etiam
2546 5547 2640 5595 Ms.
2671 5546 2783 5596 766.
2814 5548 2881 5597 M.

2210 5610 2283 5673 (a)
2315 5609 2450 5657 Livii
2482 5610 2573 5657 lib.
2603 5608 2683 5670 83,
2722 5610 2779 5658 in
2812 5624 2915 5673 que
2943 5610 3007 5660 de
3034 5609 3117 5658 Ilii
3143 5608 3366 5673 excidio.
3399 5621 3509 5659 non
3541 5609 3735 5673 exstat.

2210 5671 2281 5735 (ὁ)
2310 5673 2431 5721 lani
2458 5674 2640 5735 portae
2667 5686 2762 5721 cur
2806 5671 2863 5722 in
2909 5674 3045 5722 bello
3074 5671 3415 5735 apertaeLin,
3433 5685 3562 5735 pace
3588 5672 3802 5735 clausae

2210 5686 2281 5735 (ο)
2310 5686 2431 5721 Jam
2527 5686 2640 5721 Υῑᾶθ
2667 5686 2762 5721 cur
2806 5687 2863 5722 1n
2910 5686 3045 5722 neno
3074 5686 3107 5722 8
3143 5686 3305 5727 ertae,
3334 5686 3392 5721 1n
3433 5686 3562 5735 p800
3588 5686 3671 5723 018

2152 5737 2346 5799 essent,
2376 5686 2844 5799 dicfmerobius,
2875 5688 3241 5787 Saturnaﬁum
3269 5734 3363 5787 lib.
3396 5732 3443 5799 1,
3471 5747 3589 5799 cap.
3621 5733 3671 5787 9.
