4128 6190
390 362 468 420 87
1451 353 1550 412 DE
1594 347 1955 412 CIVITATE
1999 345 2152 423 DEI,
2199 347 2265 409 S.
2312 349 2730 412 AUGUSTINI
3714 351 3795 410 88

388 505 624 549 manam
647 487 890 545 salutem
916 500 1274 558 regnumque
1294 483 1703 548 committeret,
1723 498 1827 539 nec
1841 497 2038 538 verum

385 582 552 637 illum
579 584 752 649 atque
783 577 1242 648 omnipotentem
1275 590 1574 630 summum
1616 573 1800 630 Deum
1832 588 2031 628 curare

385 671 720 742 opinaretur
732 668 844 724 ista
856 668 1288 735 terrena,atque
1303 665 1580 720 recoleret
1597 664 1808 735 Trojan
1818 679 1879 719 os
1893 663 2032 717 deos

383 775 524 832 quos
538 759 747 813 .Eneas
762 755 1085 820 advexerat,
1099 768 1288 824 neque
1305 753 1650 824 Trojanum,
1670 768 1861 825 neque
1880 751 2037 808 Lavi-

387 849 590 904 niense
619 848 690 904 ab
723 845 850 917 ipso
879 843 1054 898 Enea
1087 843 1388 898 conditum
1414 858 1659 915 regnum
1691 843 1791 898 diu
1813 857 2038 898 conser-

381 955 516 994 vare
529 932 958 1008 potuisse,alios
975 931 1363 1003 providendos
1376 931 1904 1004 existimavit,qucs
1919 931 2038 986 illis

383 1025 673 1098 prioribus
691 1022 834 1094 (sive
851 1021 1096 1093 quicum
1115 1021 1362 1077 Romulo
1379 1021 1506 1091 jam
1531 1021 1774 1077 Romam
1799 1020 2043 1076 transie-

383 1117 536 1181 rant,
553 1113 673 1169 sive
699 1111 1054 1183 quandoque
1074 1109 1220 1166 Alba
1237 1126 1437 1166 eversa
1461 1111 1693 1166 fuerant
1714 1109 2039 1179 transituri)

380 1203 469 1259 vel
485 1207 763 1274 tanquam
778 1199 1033 1272 fugitivis
1048 1201 1318 1256 custodes
1335 1199 1754 1269 adhiberet,vel
1769 1204 2047 1271 tanquam

383 1292 654 1349 invalidis
687 1291 1008 1361 adjutores.

390 1409 624 1466 CAPUT
645 1408 762 1465 Xll.
795 1440 866 1448 —
894 1408 1134 1476 Quanto:
1154 1407 1264 1464 sibi
1283 1406 1405 1464 deos
1432 1408 1664 1464 Romani
1679 1413 1877 1480 praeter
1917 1421 2040 1463 con-

458 1503 819 1557 stitutionem.
857 1497 1044 1554 Numae
1075 1499 1401 1570 adjecerint,
1426 1513 1657 1570 quorum
1674 1513 1762 1555 eos
1782 1511 2047 1554 numero-

461 1592 600 1645 sitas
629 1588 777 1644 nihil
787 1588 1016 1660 juverit.

460 1689 576 1744 Nec
589 1687 678 1744 his
689 1689 874 1744 sacris
891 1687 1262 1744 tamechma
1275 1687 1747 1759 dignataestesse
1759 1691 2048 1756 contenta,

399 1784 656 1854 questam
669 1778 1301 1850 multaillicPompilius
1316 1779 1714 1836 constituerat:
1729 1779 2054 1852 namipsius

400 1887 692 1927 summum
712 1871 980 1942 templum
1025 1872 1283 1926 nondum
1331 1870 1580 1927 habebat
1617 1870 1902 1944 Jovis.(a)
1929 1871 2047 1927 Rex

399 1960 612 2033 quippe
641 1959 994 2031 Tarquinius
1014 1959 1457 2030 ibiCapitolium
1476 1959 1791 2016 fabricavit.
1808 1959 2058 2016 fEscula-

402 2050 535 2122 pius
559 2052 753 2105 autem
776 2048 847 2104 ab
872 2047 1161 2119 Epidauro
1189 2048 1429 2105 ambivit
1447 2049 1737 2116 Romam‘,
1762 2054 1827 2104 ut
1855 2050 2056 2121 peritis

409 2139 596 2194 simus
620 2136 956 2192 medicusin
981 2137 1124 2193 urbe
1144 2137 1513 2194 nobilissima
1535 2145 1718 2195 artem
1751 2137 2059 2211 gloriosius

405 2228 698 2281 exerceret
715 2225 814 2296 (ὁ).
831 2226 1014 2280 Mater
1030 2225 1206 2281 etiam
1221 2225 1397 2281 deum
1419 2227 1614 2283 nescio
1631 2227 1800 2293 unde,
1817 2243 1850 2282 a
1863 2226 2057 2282 Pessi-

404 2314 632 2371 nunte”.
667 2313 980 2384 indignum
1003 2315 1159 2369 enim
1187 2317 1331 2380 erat,
1360 2323 1420 2370 ut
1451 2331 1583 2370 cum
1611 2317 1740 2386 ejus
1760 2316 2058 2387 filiusjam

407 2403 540 2461 colli
564 2401 884 2474 Capitolino
905 2404 1266 2474 praesideret,
1294 2403 1484 2460 adhuc
1507 2405 1635 2476 ipsa
1654 2405 1715 2460 in
1747 2404 1870 2462 loco
1892 2407 2058 2477 igno-

408 2493 515 2548 bili
528 2492 941 2557 latitaret.Quas
958 2496 1148 2548 tamen
1173 2494 1221 2548 si
1239 2509 1330 2548 om
1343 2492 1503 2548 nium
1521 2493 1761 2550 deorum
1776 2498 1960 2552 mater
1971 2499 2063 2551 est

413 2599 530 2638 non
560 2579 745 2638 solum
778 2584 982 2636 secuta
1004 2586 1096 2637 est
1127 2581 1370 2638 Romam
1395 2582 1681 2653 quosdam
1713 2583 1870 2639 ﬁlios
1900 2599 2059 2652 suos,

411 2686 610 2727 verum
634 2674 691 2726 et
711 2666 856 2726 alios
870 2671 1355 2742 praecessitetiam
1375 2676 1698 2728 secuturos.
1714 2673 1886 2728 Miror
1898 2689 2061 2742 sane,

411 2757 459 2815 si
475 2759 605 2830 ipsa
618 2757 838 2830 peperit
852 2759 1346 2829 Cynocephalum,
1381 2761 1480 2831 qui
1503 2759 1672 2833 longe
1694 2767 1892 2832 postea
1910 2762 2066 2818 venit

413 2865 481 2904 ex
509 2849 774 2919 )Egypto.
808 2846 1016 2904 Utrum
1069 2846 1244 2904 etiam
1296 2849 1404 2904 dea
1454 2849 1656 2906 Febris
1701 2867 1768 2906 ex
1798 2850 1898 2906 illa
1928 2855 2067 2908 nata

414 2936 1110 3008 sit,viderit1Esculapius
1129 2953 1419 3010 pronepos
1443 2940 1590 3010 ejus,
1616 2941 1716 2996 sed
1739 2942 2067 2998 undecum-

416 3042 527 3098 que
556 3028 692 3082 nata
721 3025 816 3094 sit,
853 3042 968 3082 non
994 3025 1249 3098 (opinor)
1267 3027 1568 3083 audebunt
1587 3044 1714 3084 eam
1747 3029 2065 3101 ignobilem

417 3115 607 3172 dicere
636 3113 716 3170 dii
741 3114 1030 3186 peregrini
1051 3115 1220 3171 deam
1240 3115 1423 3172 civem
1450 3117 1796 3174 Romanam.
1823 3119 1944 3175 Sub
1957 3118 2068 3176 hoc

415 3209 504 3261 tot
524 3205 766 3260 deorum
792 3203 1085 3274 praesidio,
1107 3220 1255 3276 quos
1277 3221 1586 3262 numerare
1607 3206 1740 3278 quis
1765 3208 2070 3278 potest,in-

419 3293 658 3366 digenas
685 3297 746 3349 et
771 3292 1153 3364 alienigenas,
1177 3293 1417 3362 ccelites,
1450 3299 1766 3364 terrestres,
1789 3295 2068 3363 infernos,

421 3383 704 3452 marinos,
743 3382 1031 3448 fontanos,
1073 3382 1392 3452 ﬂuviales”;
1428 3387 1504 3449 et,
1562 3390 1627 3440 ut
1675 3385 1856 3441 Varro
1904 3386 2068 3453 dicit,

422 3476 612 3528 certos
673 3475 850 3542 atque
904 3471 1180 3540 incertos,
1226 3472 1288 3529 in
1327 3473 1714 3545 omnibusque
1767 3474 2072 3546 generibus

422 3560 688 3630 deorum,
710 3561 862 3615 sicut
891 3559 948 3614 in
969 3559 1345 3627 animalibus,
1372 3577 1564 3618 mares
1588 3568 1644 3618 et
1661 3562 1948 3619 feminas?
1965 3563 2072 3620 sub

421 3649 533 3706 hoc
566 3665 700 3722 ergo
733 3655 814 3705 tot
834 3650 1076 3705 deorum
1097 3649 1362 3722 praesidio
1385 3653 1709 3708 constituta
1731 3653 1931 3724 Roma,
1956 3670 2072 3710 non

424 3742 545 3794 tam
573 3739 803 3811 magnis
823 3743 882 3794 et
911 3738 1220 3794 horrendis
1242 3739 1530 3812 cladibus,
1557 3741 1760 3815 quales
1783 3760 1854 3800 ex
1870 3743 2073 3800 multis

421 3844 637 3900 paucas
651 3828 1338 3900 commemorabo,agitari
1355 3829 1649 3904 ailligique
1663 3832 2073 3888 debuit.Nimis

425 3919 582 3976 enim
599 3919 818 3976 multos
833 3920 970 3976 deos
989 3921 1194 3992 grandi
1214 3921 1375 3977 fumo
1399 3939 1505 3980 suo
1523 3923 1898 3996 (c),tanquam
1914 3923 2078 3995 signo

427 4009 580 4077 dato,
602 4010 670 4064 ad
687 4008 994 4064 tuitionem
1014 4016 1460 4082 congregaverat
1481 4011 1722 4083 ;quibus
1736 4012 1974 4084 templa,
1997 4011 2079 4068 al-

424 4097 597 4163 taria,
631 4097 937 4166 sacrificia,
975 4100 1309 4155 sacerdotes
1342 4099 1705 4156 instituendo
1738 4107 1909 4173 atque
1943 4117 2085 4173 pra:-

426 4188 637 4253 bendo,
661 4203 1175 4246 summumverum
1196 4190 1402 4260 Deum,
1427 4190 1521 4246 cui
1540 4190 1640 4246 uni
1661 4189 1784 4246 haec
1799 4191 1907 4247 rite
1923 4195 2084 4259 gesta

429 4277 736 4345 debentur,
751 4277 1082 4335 offenderet.
1101 4283 1167 4335 Et
1189 4279 1413 4336 felicior
1425 4279 1662 4351 quidem
1687 4295 1818 4336 cum
1843 4279 2081 4351 paucio-

430 4366 593 4422 ribus
623 4365 800 4422 vixit:
829 4368 928 4424 sed
960 4372 1174 4440 quanto
1211 4370 1398 4440 major
1428 4369 1580 4424 facta
1599 4372 1702 4436 est,
1737 4369 1889 4424 sicut
1919 4370 2082 4425 navis

429 4461 659 4526 nautas,
679 4459 837 4513 tanto
861 4458 1058 4530 plures
1076 4458 1444 4514 adhibendos
1470 4459 1691 4530 putavit
1719 4474 1731 4526 ;
1761 4459 1955 4524 credo,
1980 4459 2088 4515 de-

429 4563 674 4620 sperans
697 4547 997 4617 pauciores
1019 4546 1172 4614 illcs,
1193 4547 1300 4603 sub
1325 4548 1542 4619 quibus
1566 4549 1623 4603 in
1649 4548 2084 4620 comparatione

429 4635 644 4708 pejoris
674 4636 802 4692 vita:
835 4636 1043 4692 melius
1074 4635 1311 4704 vixerat,
1339 4652 1452 4692 non
1485 4636 1749 4694 sufficere
1781 4637 1852 4692 ad
1885 4638 2088 4709 opitu-

434 4725 676 4780 landum
691 4726 1004 4793 granrlitati
1019 4725 1357 4781 suamPrimo
1374 4725 1528 4781 enim
1546 4726 1652 4782 sub
1676 4727 1818 4797 ipsis
1833 4726 2084 4798 regibus,

502 4876 516 4910 ί
538 4874 693 4933 Editi,
708 4876 873 4924 obivit
886 4877 1214 4928 Romam.At
1225 4879 1429 4928 veteres
1442 4878 2085 4938 librl,ambivitRomam.

438 4964 502 4978 —
531 4939 652 4988 Cod.
684 4938 794 4993 766,
825 4939 968 5000 2050,
996 4941 1136 4995 205i,
1167 4939 1310 4999 2052,
1343 4941 1574 4990 ambivit
1608 4943 1680 4990 ad
1713 4945 1966 4994 Romam.
1999 4945 2090 4996 CO-

439 5003 560 5054 dex,
592 4999 734 5060 2053,
772 5003 960 5049 venire
990 5003 1225 5050 ambivit
1261 5003 1332 5051 ad
1365 5005 1616 5053 Romam.
1648 5007 1714 5055 M.

504 5063 525 5096 2
556 5063 711 5110 Vind.
746 5064 860 5111 Am.
893 5065 974 5112 Er.
1005 5079 1016 5113 :
1049 5067 1232 5113 Mater
1261 5074 1449 5114 autem
1480 5068 1710 5117 deorum
1732 5069 1913 5118 nescio
1944 5071 2093 5120 unde

444 5135 579 5174 nata
612 5126 1046 5174 Praenestinum
1079 5137 1317 5176 montem
1349 5129 1570 5178 insedit.
1611 5132 1906 5181 Ludovicus
1934 5134 2093 5184 Vives

443 5189 722 5258 legendum
752 5189 1038 5258 existimat.
1073 5191 1403 5258 Palatinum
1430 5202 1667 5258 montem
1695 5196 1900 5242 insedit
1928 5198 2094 5258 ;quia

445 5251 502 5298 in
532 5251 751 5304 Palatio.
785 5251 1065 5305 ait.locata
1094 5256 1174 5301 est
1200 5255 1356 5301 deum
1386 5258 1570 5304 mater.
1605 5257 1706 5306 Sed
1736 5257 1910 5306 verior
1928 5251 2092 5309 lectio

444 5313 568 5378 Loy.
593 5315 1143 5378 etmanuscriptorum
1167 5317 1349 5364 Mater
1363 5319 1526 5367 etiam
1548 5320 1710 5367 deinn
1729 5322 1909 5368 nescia
1926 5323 2090 5378 unde,

445 5389 481 5421 α
508 5376 1073 5448 Pessinuntegonfer
1093 5393 1267 5448 supra,
1292 5380 1380 5427 lib.
1399 5380 1660 5445 l,cap.30,
1681 5385 1777 5432 col.
1800 5376 2090 5448 42,not.(b).

511 5437 532 5501 τέ
563 5438 620 5484 In
660 5441 844 5490 multis
874 5441 1017 5494 Mss.
1049 5437 1343 5501 pluriales.

504 5499 585 5570 (ᾳ)
610 5501 781 5570 Locis,
813 5504 1008 5570 dicitur
1034 5499 1367 5570 nominativo
1397 5520 1538 5562 casu,
1572 5521 1678 5558 non
1706 5510 1956 5570 genitivo.

509 5559 580 5618 (ὁ)
611 5561 966 5634 Λξδειιξιιρίιιηι
1010 5582 1074 5616 ex
1127 5568 1390 5634 Epidauro
1421 5559 1647 5634 Achaiae
1690 5559 1880 5634 ovppido
1910 5574 1965 5622 in
1995 5573 2095 5622 Ur-

445 5623 570 5698 bem
597 5623 877 5698 a'dvectuni
906 5623 1401 5698 memorat-Livius,
1424 5633 1516 5680 lib.
1552 5635 1627 5694 10,
1660 5623 1776 5698 cap:
1808 5635 1885 5684 47.

486 5683 801 5761 gguiﬁumo,
821 5690 1149 5761 inanitatem
1178 5683 1561 5746 sacrificiorum
1591 5683 1685 5748 aut
1705 5683 1983 5761 s‘uperbiae
2004 5711 2094 5748 va-

445 5747 670 5796 nitatem
700 5747 981 5809 significat.

2149 486 2384 554 excepto
2415 482 2608 538 Numa
2637 481 2942 556 Pompilio,
2973 483 3043 539 de
3073 499 3189 555 quo
3213 483 3338 555 jam
3366 499 3547 556 supra
3567 482 3801 540 locutus

2149 588 2304 639 sum,
2338 579 2622 645 quantum
2658 575 2878 630 malum
2919 573 3262 631 discordiosi
3303 573 3640 632 certaminis
3673 574 3800 648 fuit,

2147 662 2298 734 quod
2334 663 2568 718 fratrem
2601 663 2833 719 Romuli
2865 665 3052 735 coegit
3083 663 3262 720 occidi
3285 663 3312 719 ‘l

2147 750 2375 808 CAPUT
2405 751 2550 808 Xlll.
2583 754 2784 822 —Quo
2803 755 2951 826 jure,
2999 769 3103 826 quo
3147 753 3346 823 foedere
3381 752 3610 810 Romani
3655 753 3797 811 obti-

2594 843 2823 898 nuerint
2859 845 3045 915 prima
3073 845 3275 916 conjug
3285 845 3358 899 ia.

2222 929 2522 996 Quomodo
2581 945 2688 987 nec
2741 930 2921 1002 Juno,
2981 948 3106 1004 quae
3164 948 3296 988 cum
3336 932 3503 1053 1,Ιονὶεῖ
3531 948 3653 1054 tsuo
3679 932 3802 1003 jam

3359 1017 3457 1054 0V0
3496 1017 3528 1053 8

3359 1017 3528 1054 OVODB

2213 1116 2476 1168 Romanos
2504 1130 2682 1183 rerum
2711 1119 2973 1183 dominos,
3005 1121 3320 1183 gentemque
3348 1120 3599 1183 togatam.

2595 1182 2833 1245 (Eneid.
2868 1182 2960 1234 lib.
2994 1181 3039 1243 1⁷,
3071 1198 3210 1232 vers.
3232 1181 3352 1244 281,
3383 1181 3517 1245 282).

2155 1313 2262 1354 nec
2273 1300 2471 1354 Venus
2483 1297 2605 1370 ipsa
2624 1300 2893 1356 jEneidas
2907 1317 3040 1357 suos
3057 1301 3248 1373 potuit
3263 1301 3558 1373 adjuvare,
3577 1303 3642 1356 ut
3655 1299 3804 1356 bono

2153 1391 2210 1444 et
2238 1404 2404 1460 aequo
2436 1404 2593 1445 more
2614 1389 2885 1462 conjugis
2907 1396 3288 1460 mererentur,
3313 1390 3621 1462 cladesque
3645 1393 3809 1446 tanta

2153 1475 2321 1532 irruit
2345 1477 2521 1548 hujus
2535 1477 2765 1550 inopiae,
2779 1485 2837 1534 ut
2857 1495 2926 1535 ea
2937 1479 3070 1535 dolo
3088 1484 3373 1552 raperent,
3391 1494 3639 1550 moxque
3652 1493 3805 1534 com-

2155 1565 2514 1638 pellerentur
2534 1585 2791 1642 pugnare
2815 1585 2949 1625 cum
2973 1570 3188 1626 soceris
3213 1578 3303 1640 ;ut
3328 1569 3554 1626 miserae
3578 1568 3806 1625 feminae

2158 1658 2413 1714 nondum
2436 1674 2502 1714 ex
2529 1658 2745 1730 injuria
2768 1658 2991 1716 maritis
3011 1659 3476 1730 conciliataJam
3499 1661 3809 1731 parentum

2161 1748 2448 1821 sanguine
2473 1749 2812 1806 dotarentur
2832 1749 2940 1804 ?At
2955 1749 3110 1806 enim
3127 1749 3462 1806 viceruntin
3479 1749 3586 1804 hac
3607 1747 3809 1804 confli-

2162 1839 2354 1896 ctione
2377 1839 2619 1895 llomani
2642 1839 2861 1896 vicinos
2881 1855 3043 1896 suos.
3068 1839 3312 1906 Quantis
3335 1847 3388 1896 et
3409 1854 3582 1910 quam
3607 1835 3811 1893 multis

2163 1931 2462 2003 utrimque
2502 1930 2834 1988 volneribus
2862 1936 2920 1987 et
2950 1932 3254 1988 funeribus
3287 1936 3408 1988 tam
3455 1930 3810 2002 propinquo-

2165 2046 2294 2086 rum
2321 2034 2375 2086 et
2404 2045 2509 2086 con
2521 2029 2723 2085 finium
2742 2030 2861 2085 ista:
2875 2030 3126 2088 victoriae
3140 2029 3563 2088 constiterunt?
3577 2029 3814 2099 Propter

2165 2137 2348 2176 unum
2366 2123 2644 2178 Caesarem
2664 2137 2932 2177 socerum
2949 2125 3005 2177 et
3025 2137 3200 2178 unum
3217 2136 3496 2194 generum
3513 2120 3637 2191 ejus
3651 2123 3814 2176 Pom-

2165 2211 2509 2282 peium,jam
2525 2211 2996 2267 mortuaCassaris
3012 2210 3330 2281 filia,uxore
3344 2209 3597 2283 Pompeii
3606 2225 3812 2280 ,quan-

2169 2303 2228 2356 to
2250 2303 2308 2354 et
2329 2314 2500 2370 quam
2523 2299 2678 2369 justo
2691 2297 2908 2354 doloris
2922 2298 3203 2355 instinctu
3218 2299 3484 2355 Lucanus
3495 2295 3808 2363 exclamat,

2229 2421 2375 2498 Pella
2400 2434 2495 2498 per
2521 2420 2792 2498 Emathios
2821 2423 2942 2498 plus
2968 2424 3340 2498 quampivilia
3366 2434 3596 2486 campos,

2228 2485 2429 2548 Jusque
2456 2485 2643 2534 datum
2667 2485 2852 2536 sceleri
2883 2485 3153 2536 canimus!

2775 2549 3010 2612 (Lucan.
3044 2549 3136 2600 lib.
3169 2549 3218 2610 1,
3252 2565 3390 2599 vers.
3423 2549 3469 2606 1,
3496 2547 3568 2612 2).

2173 2664 2448 2723 Vicerunt
2473 2681 2608 2737 ergo
2623 2665 2890 2732 Romani,
2912 2669 2974 2721 ut
2986 2671 3175 2739 strage
3198 2681 3528 2724 socerorum
3549 2663 3818 2720 manibus

2171 2756 2430 2814 cruentis
2444 2757 2515 2812 ab
2530 2772 2727 2813 eorum
2755 2756 2988 2813 ﬁliabus
3012 2758 3314 2829 amplexus
3341 2754 3700 2812 miserabiles
3723 2771 3819 2810 ex-

2170 2852 2505 2919 torquerent
2525 2863 2538 2915 ;
2556 2862 2659 2903 nec
2687 2846 2799 2902 illae
2823 2847 3247 2904 auderentﬂere
3271 2851 3462 2920 patres
3482 2848 3814 2921 occisos,ne

2172 2937 2531 2994 odenderent
2577 2935 2822 2993 victores
2867 2937 3147 3007 maritos;
3180 2954 3306 3010 quae
3337 2938 3524 2995 adhuc
3551 2937 3669 2996 illis
3708 2956 3816 3012 pu-

2171 3025 2511 3101 gnantibus,
2545 3043 2647 3098 pro
2678 3027 2895 3097 quibus
2917 3027 3174 3084 facerent
3193 3031 3325 3084 vota
3346 3027 3684 3086 nesciebant
3716 3030 3817 3101 (a).

2173 3117 2416 3173 Talibus
2446 3115 2666 3188 nuptiis
2690 3116 2971 3189 populum
2989 3117 3315 3174 Romanum
3339 3134 3452 3174 non
3475 3117 3694 3190 Venus,
3717 3119 3822 3176 sed

2174 3205 2412 3262 Bellona
2439 3205 2695 3261 donavit1
2724 3223 2738 3261 :
2773 3206 3160 3276 aut_fortassis
3185 3205 3381 3263 Alecto
3399 3206 3498 3264 illa
3518 3206 3822 3266 infernalis

2177 3294 2376 3363 furia’,
2406 3295 2526 3366 jam
2560 3296 2643 3350 eis
2685 3295 2911 3353 favente
2939 3299 3192 3363 Junone,
3221 3295 3354 3368 plus
3383 3296 3442 3352 in
3464 3297 3596 3353 illos
3619 3297 3825 3355 habuit

2175 3384 2446 3454 licentia,
2467 3401 2644 3457 quam
2668 3402 2798 3442 cum
2823 3386 2950 3458 ejus
2968 3387 3242 3458 precibus
3263 3395 3462 3444 contra
3476 3387 3692 3446 Enean
3709 3389 3830 3445 fue-

2177 3483 2263 3532 rat
2293 3475 2539 3532 excitata
2571 3476 2674 3547 (ὁ).
2710 3474 3124 3532 Andromacha
3153 3474 3382 3533 felicius
3412 3478 3698 3549 captivata
3715 3481 3824 3545 est,

2180 3564 2479 3638 quamlilla
2499 3565 2770 3636 conjugis
2793 3564 3052 3622 Romana
3073 3571 3400 3638 nupserunt
3423 3566 3492 3638 (c)
3517 3581 3530 3622 :
3553 3565 3690 3624 licet
3711 3584 3830 3624 ser-

2180 3653 2342 3723 viles,
2366 3659 2561 3711 tamen
2578 3664 2701 3724 post
2725 3657 2854 3727 ejus
2868 3655 3171 3728 amplexus
3188 3657 3418 3712 nullum
3436 3658 3828 3728 Trojanorum

2183 3741 2934 3814 Pyrrhusjocciditﬁomani
2950 3747 3138 3799 autem
3149 3758 3382 3800 soceros
3404 3743 3833 3800 interficiebant

2185 3839 2247 3896 in
2260 3839 2886 3912 praeliis,quorumjam
2904 3839 3049 3897 filias
3073 3840 3456 3914 amplexaban
3467 3841 3631 3898 turin
3649 3841 3836 3899 thala-

2186 3929 2320 3985 mis.
2373 3928 2478 3984 Illa
2525 3929 2725 3986 victori
2769 3929 3026 3999 subdita,
3074 3929 3270 3987 dolere
3310 3935 3540 3987 tantum
3581 3947 3827 3988 suorum

2187 4020 2431 4074 mortem
2462 4018 2672 4091 potuit,
2705 4035 2821 4075 non
2852 4019 3095 4077 timere:
3128 4019 3239 4076 illa;
3293 4020 3522 4077 sociata
3565 4019 3838 4077 bellanti-

2185 4107 2314 4174 bus,
2349 4113 2651 4179 parentum
2683 4125 2923 4166 suorum
2958 4112 3175 4166 mortes
3208 4110 3662 4182 procedentibus
3693 4109 3836 4168 viris

2187 4197 2880 4266 timebant,redeuntibus
2895 4198 3188 4271 dolebant,
3207 4215 3311 4257 nec
3328 4200 3595 4257 timorem
3610 4200 3840 4257 haben-

2188 4293 2278 4346 tes
2311 4289 2584 4359 liberum,
2624 4305 2729 4347 nec
2759 4291 3039 4346 dolorem.
3073 4294 3221 4347 Nam
3261 4303 3496 4363 propter
3529 4291 3839 4348 interitum

2191 4379 2429 4447 civium,
2462 4377 2946 4452 propinquorum,
2972 4380 3237 4450 fratrum,
3269 4383 3597 4452 parentum,
3621 4384 3724 4436 aut
3744 4379 3844 4452 pie

2192 4468 2622 4536 cruciabantur,
2641 4468 3426 4526 autcrudeliterlaetabantur
3444 4469 3700 4526 victoriis
3714 4484 3847 4526 ma-

2194 4559 2461 4616 ritorum.
2482 4557 2606 4615 Huc
2627 4559 2937 4616 accedebat
2959 4559 3134 4631 quod,
3156 4563 3221 4615 ut
3241 4563 3384 4616 sunt
3411 4557 3639 4615 alterna
3660 4557 3846 4614 bello-

2195 4667 2348 4718 rum,
2365 4649 2573 4722 aliquae
2600 4649 3075 4721 parentumferro
3090 4648 3416 4705 amiserunt
3435 4649 3612 4719 viros,
3637 4647 3848 4721 aliquas

2195 4745 2580 4811 utrorumque
2609 4739 2758 4796 ferro
2783 4742 2839 4794 et
2871 4743 3142 4810 parentes
3167 4741 3225 4795 et
3247 4737 3401 4795 viros
3427 4755 3440 4794 :
3469 4754 3654 4810 neque
3684 4738 3849 4796 enim

2197 4833 2253 4886 et
2265 4829 2415 4901 apud
2432 4829 2723 4886 Romanos
2737 4845 2916 4900 parva
2929 4825 3271 4884 fueruntilla
3283 4827 3850 4900 discrimina.Siqui-

2199 4920 2330 4976 dem
2353 4919 2422 4973 ad
2446 4919 2813 4976 obsidionem
2835 4932 3064 4989 quoque
3089 4920 3429 4988 perventum
3458 4921 3546 4973 est
3571 4916 3852 4986 civitatis,

2199 5007 2532 5079 clausisque
2551 5007 2729 5080 portis
2752 5021 2812 5062 se
2837 5005 3149 5061 tuebantur
3173 5023 3186 5062 :
3211 5006 3428 5077 quibus
3452 5004 3586 5062 dolo
3609 5007 3854 5078 apertis,

2200 5097 2581 5168 admissisque
2596 5096 2859 5152 hostibus
2874 5095 3029 5151 intra
3046 5095 3284 5166 moenia,
3298 5095 3354 5152 in
3371 5094 3499 5167 ipso
3525 5095 3645 5152 foro
3669 5094 3856 5152 scele-

2201 5191 2327 5243 rata
2347 5191 2404 5242 et
2424 5186 2598 5241 nimis
2622 5191 2786 5240 atrox
2817 5185 2966 5240 inter
3002 5201 3246 5257 generos
3282 5201 3630 5257 soccrosque
3654 5201 3859 5257 pugna

2267 5386 2283 5450 ξ
2317 5382 2402 5450 _S_i_c
2430 5393 2613 5450 omnes
2640 5379 2954 5450 p_rOpe_1tl_ss.
2985 5406 3048 5450 -τ
3076 5379 3138 5450 In
3167 5380 3242 5435 B.,
3273 5376 3502 5450 dptayit.
3536 5377 3632 5450 Mr.“

2263 5444 2284 5477 ²
2317 5445 2468 5492 Vind.
2501 5447 2616 5493 Am.
2640 5438 2818 5495 _Er.-et
2846 5443 2989 5501 Mss.,
3020 5443 3253 5506 inferna
3279 5441 3462 5504 furia.
3492 5466 3555 5476 —
3582 5438 3667 5490 Sic
3693 5439 3861 5490 etiam

2202 5509 2368 5558 codex
2395 5507 2505 5555 766.
2539 5509 2604 5556 M.

2264 5572 2336 5630 (α)
2366 5571 2495 5618 Vide
2524 5569 2673 5620 Ovid.
2705 5570 2734 5620 3
2764 5572 2900 5620 Fast.
2934 5583 3072 5620 vers.
3102 5568 3197 5618 205
3225 5569 3278 5617 et
3307 5581 3450 5631 seqq.

2260 5633 2333 5694 (ὁ)
2366 5634 2562 5682 Ᾰέηθὶᾱ.
2597 5636 2690 5684 lib.
2721 5633 2768 5690 7,
2791 5647 2913 5684 vers
2939 5632 3031 5682 323
3063 5633 3117 5682 et
3143 5646 3288 5694 seqq.

2263 5693 2331 5758 (c)
2360 5697 2724 5747 Andromache
2752 5695 2986 5747 Hectoris
3008 5709 3145 5744 uxor
3172 5693 3426 5758 aPyrrho
3455 5693 3580 5756 post
3613 5703 3860 5744 eversam

2204 5759 2416 5825 Troiam
2446 5759 2504 5810 in
2533 5759 2805 5813 Graeciam
2830 5759 2992 5810 ducta
3020 5758 3172 5824 eique
3204 5757 3394 5823 nupta.
