4142 6186
432 321 503 382 91
1490 319 1593 380 DE
1639 315 1995 380 CIVITATE
2039 317 2100 378 Di

2238 317 2302 377 Β.
2350 318 2781 381 AUGUSTINI
3761 322 3841 383 92

436 457 551 512 tuit
565 470 693 511 esse
708 455 993 510 certamen
1009 453 1129 508 ?An
1144 451 1273 509 ideo
1288 451 1576 509 diversum
1593 450 1719 516 fuit,
1736 448 1887 520 quod
1906 463 2082 502 arena

434 544 538 601 illa
554 562 669 602 non
691 543 819 609 luit,
847 548 904 599 et
923 542 1148 598 latiores
1170 542 1359 612 campi
1384 557 1499 596 non
1514 541 1757 595 duorum
1792 538 2073 609 gladiato-

438 634 707 701 rum,sed
725 633 784 687 in
803 631 1031 688 duobus
1056 629 1283 703 populis
1313 628 1630 684 multorum
1648 626 2074 683 funeribusim-

438 722 752 796 plebantur
776 742 789 791 ;
811 737 914 777 nec
940 718 1363 789 amphitheatro
1381 717 1763 788 cingebantur
1777 717 1877 772 illa
1893 719 2078 771 certa-

440 813 623 881 mina,
649 813 747 867 sed
780 809 1051 865 universo
1082 807 1241 874 orbe,
1275 811 1330 862 et
1361 811 1499 862 tunc
1531 806 1697 873 vivis,
1730 811 1785 860 et
1809 803 2077 877 posteris,

443 914 749 974 quousque
767 900 878 952 ista
894 896 1045 951 fama
1063 896 1395 966 porrigitur,
1412 895 1659 966 impium
1681 893 2078 967 spectaculum

444 990 805 1061 praebebatur
825 985 852 1040 ?

512 1080 565 1134 3.
586 1077 717 1131 Vim
742 1080 939 1130 tamen
961 1073 1335 1146 patiebantur
1356 1074 1531 1129 studii
1564 1074 1655 1130 sui
1685 1073 1759 1128 dii
1786 1073 1869 1129 illi
1893 1073 2085 1146 presi-

443 1170 545 1225 des
576 1162 1371 1236 imperiiRomani,ettalium
1399 1164 2082 1234 certaminumtanquam

440 1253 1289 1325 theatricispectatores,donec
1302 1252 1662 1308 Horatiorum
1676 1268 1835 1308 soror
1849 1256 2085 1324 propter

443 1346 731 1405 Curiatios
763 1349 879 1399 tres
911 1348 1239 1414 peremptos
1270 1344 1445 1399 etiam
1477 1344 1606 1414 ipsa
1627 1343 1797 1399 tertia
1813 1359 1880 1399 ex
1909 1344 2088 1399 altera

446 1441 614 1510 parte
644 1436 894 1490 fraterno
929 1433 1080 1487 ferro
1113 1432 1340 1487 duobus
1367 1432 1639 1487 fratribus
1660 1432 1991 1500 adderetur,
2016 1447 2087 1488 ne

445 1526 644 1581 minus
678 1523 915 1581 haberet
950 1521 1226 1577 mortium
1260 1522 1433 1576 etiam
1475 1526 1655 1577 Roma
1688 1538 1814 1592 que
1855 1522 2085 1577 vicerat.

446 1617 669 1673 Deinde
698 1615 769 1671 ad
796 1615 1048 1669 fructum
1082 1612 1334 1669 victorie
1364 1612 1509 1667 Alba
1540 1613 1821 1668 subversa
1842 1616 1931 1667 est
1954 1629 1967 1667 :
1990 1612 2089 1668 ubi

450 1711 582 1780 post
623 1704 820 1769 Ilium,
845 1703 992 1775 quod
1044 1702 1225 1758 Graeci
1256 1707 1606 1770 everterunt,
1656 1706 1712 1757 et
1748 1705 1873 1774 post
1921 1702 2090 1756 Lavi-

448 1796 636 1863 nium,
669 1792 770 1849 ubi
799 1793 1004 1847 Eneas
1036 1806 1279 1863 regnum
1304 1792 1672 1864 peregrinum
1688 1798 1859 1863 atque
1886 1791 2091 1862 fugiti-

449 1900 589 1939 vum
622 1880 1044 1948 constituerat‘,
1077 1881 1241 1937 tertio
1271 1880 1396 1936 loco
1428 1881 1830 1937 habitaverunt
1851 1880 2094 1935 numina

453 1974 556 2030 illa
586 1972 851 2042 Trojana.
885 1970 990 2025 Sed
1023 1986 1184 2025 more
1214 1986 1318 2025 suo
1349 1968 1518 2025 etiam
1540 1970 1676 2025 inde
1698 1971 1823 2041 jam
1850 1970 2094 2025 fortasse

456 2062 851 2133 migraverant
876 2060 1033 2127 ;ideo
1066 2058 1255 2114 deleta
1277 2058 1803 2115 est.Discesserant
1831 2058 2097 2115 videlicet

458 2168 484 2201 ι
518 2148 927 2219 omnesadytis
942 2148 1175 2220 arisque
1192 2147 1404 2204 relictis
1427 2149 1525 2215 dii,
1552 2149 1764 2220 quibus
1786 2149 2095 2220 imperium

455 2238 604 2294 illud
636 2242 889 2293 steterat.
914 2259 935 2288 ι
983 2237 1384 2293 Discesserant
1426 2254 1564 2293 sane
1594 2254 1724 2294 ecce
1749 2240 1873 2309 jam
1906 2238 2095 2308 tertio,

454 2331 521 2383 ut
552 2328 635 2382 eis
660 2330 866 2397 quarta
883 2326 1065 2381 Roma
1080 2326 1589 2398 providentissime
1613 2328 1960 2383 crederetur.
1978 2326 2100 2380 Dis-

453 2416 733 2489 plicuerat
781 2414 937 2469 enim
972 2419 1030 2469 et
1068 2413 1227 2485 Alba,
1262 2414 1361 2469 ubi
1396 2414 1662 2471 Amulius
1710 2414 1951 2485 expulso
1986 2414 2099 2469 fra-

453 2510 539 2561 tre
570 2504 663 2577 (a),
693 2508 751 2560 et
781 2503 964 2559 Roma
987 2503 1300 2575 placuerat,
1336 2503 1432 2558 ubi
1466 2503 1750 2560 Romulus
1771 2504 1963 2560 occiso
1995 2503 2102 2559 fra-

453 2599 539 2651 tre
565 2596 639 2667 (b)
673 2597 1031 2666 regnaverat.
1056 2594 1165 2649 Sed
1210 2598 1525 2664 antequam
1566 2594 1709 2650 Alba
1748 2595 2097 2663 dirueretur,

454 2684 780 2740 transfusus
796 2685 903 2749 est,
922 2681 1219 2752 inquiunt,
1244 2681 1498 2751 populus
1521 2685 1645 2753 ejus
1668 2682 1726 2737 in
1751 2682 2018 2751 Romam,
2040 2690 2102 2738 ut

455 2789 525 2829 ex
557 2777 807 2840 utraque
830 2785 945 2824 una
982 2768 1183 2823 civitas
1224 2769 1407 2823 ﬁeret.
1441 2769 1597 2836 Esto,
1633 2771 1713 2824 ita
1742 2771 1959 2826 factum
1991 2773 2099 2828 sit:

454 2861 598 2917 urbs
630 2864 822 2913 tamen
856 2856 972 2924 illa,
995 2857 1226 2913 Ascanii
1259 2872 1496 2925 regnum
1529 2862 1585 2913 et
1614 2858 1851 2914 tertium
1866 2860 2104 2915 domici-

454 2949 601 3005 lium
634 2947 1018 3017 Trojanorum
1033 2946 1295 3010 deorum,
1317 2946 1389 3001 ab
1404 2947 1548 3002 urbe
1570 2947 1687 3001 tilia
1710 2952 1891 3004 mater
1910 2965 2106 3004 eversa

455 3037 652 3096 est.Ut
678 3040 870 3091 autem
901 3034 1036 3091 belli
1068 3033 1326 3104 reliquie
1347 3050 1378 3089 e
1400 3035 1628 3092 duobus
1658 3037 1889 3108 populis
1920 3055 2104 3095 unum

454 3127 714 3184 facerent
764 3122 1093 3180 miserabile
1136 3124 1466 3195 coagulum,
1515 3125 1738 3181 multus
1769 3131 1903 3183 ante
1943 3127 2105 3184 fusus

456 3217 759 3286 utriusque
773 3214 1009 3285 sanguis
1025 3213 1440 3284 fuit.Quidjam
1454 3215 1793 3287 singillatim
1812 3216 1986 3273 dicam
2000 3217 2106 3273 sub

457 3303 680 3360 ceteris
704 3301 1122 3371 regibustoties
1151 3303 1353 3357 eadem
1386 3301 1536 3358 bella
1560 3309 1849 3372 renovata,
1875 3322 2001 3377 que
2019 3306 2106 3361 vi—

456 3392 653 3450 ctoriis
684 3390 851 3445 finita
879 3390 1244 3459 videbantur,
1276 3396 1330 3446 et
1367 3392 1545 3447 tantis
1568 3393 1861 3464 stragibus
1892 3395 2105 3451 iterum

455 3483 785 3551 iterumque
798 3480 1079 3547 confecta,
1100 3480 1313 3535 iterum
1352 3480 1683 3552 iterumque
1705 3493 1832 3553 post
1850 3485 2034 3541 fedus
2052 3489 2109 3541 et

456 3586 657 3643 pacem
690 3570 842 3624 inter
870 3585 1114 3639 generos
1130 3572 1188 3623 et
1203 3585 1428 3625 soceros
1444 3574 1501 3625 et
1514 3587 1715 3627 eorum
1736 3572 1981 3643 stirpem
2006 3590 2108 3645 po-

458 3668 758 3730 sterosque
773 3658 1020 3731 repetita
1038 3658 1064 3714 ?
1081 3658 1205 3717 Non
1238 3676 1479 3730 parvum
1500 3660 1783 3717 indicium
1810 3662 2109 3718 calamita-

458 3748 643 3819 tishuj
656 3766 724 3804 us
737 3749 862 3819 fuit,
878 3749 1036 3820 quod
1052 3753 1244 3819 portas
1261 3748 1392 3803 belli
1411 3748 1607 3805 nullus
1621 3750 1833 3807 clausit
1851 3751 2108 3808 illorum.

460 3838 667 3895 Nullus
698 3855 831 3911 ergo
864 3837 1101 3893 illorum
1126 3839 1236 3893 sub
1266 3842 1351 3894 tot
1381 3838 1491 3895 diis
1525 3839 1866 3911 presidibus
1896 3841 1955 3895 in
1971 3857 2111 3912 pace

462 3929 746 4001 regnavit.

470 4102 708 4157 CAPUT
737 4099 853 4155 XV.
873 4129 939 4140 —
970 4100 1164 4163 Qualis
1192 4100 1559 4154 Romanorum
1584 4117 1772 4172 regum
1820 4105 1931 4159 vita
1950 4109 2115 4177 atque

1073 4188 1257 4244 exitus
1286 4192 1480 4260 fuerit.

544 4321 565 4370 t
598 4318 863 4388 Ipsorum
916 4319 1108 4371 autem
1151 4332 1351 4388 regum
1385 4319 1487 4389 qui
1518 4318 1706 4375 exitus
1729 4319 2010 4376 fuerunt?
2038 4327 2114 4379 De

472 4405 720 4461 Romulo
739 4404 938 4460 viderit
959 4405 1216 4460 adulatio
1244 4406 1651 4478 fabulosa,qua
1668 4409 2006 4481 perhibetur
2023 4428 2112 4469 re-

471 4499 672 4566 ceptus
689 4494 745 4549 in
767 4494 977 4550 celum
1005 4494 1271 4550 :viderint
1290 4497 1527 4567 quidam
1556 4500 1870 4571 scriptores
1886 4517 2109 4568 eorum,

472 4584 571 4656 qui
604 4600 736 4639 eum
771 4587 1003 4655 propter
1051 4583 1405 4641 ferocitatem
1437 4603 1470 4640 a
1501 4592 1703 4644 senatu
1754 4588 2112 4663 discerptum

473 4689 597 4729 esse
619 4674 895 4729 dixerunt
931 4673 1431 4746 subornatumque
1475 4678 1670 4733 nescio
1692 4694 1861 4749 quem
1891 4679 2112 4736 Julium

472 4761 804 4830 Proculum,
837 4761 933 4832 qui
965 4778 1099 4817 eum
1124 4763 1235 4819 sibi
1259 4764 2113 4841 apparuissediceret,eumque

473 4868 573 4926 per
602 4867 664 4907 se
693 4850 905 4923 populo
937 4854 1246 4909 mandasse
1278 4854 1553 4923 Romano,
1600 4860 1665 4911 ut
1693 4855 1842 4913 inter
1871 4861 2115 4916 numina

473 4942 797 5008 coleretur;
832 4957 1016 5013 eoque
1048 4944 1219 4998 modo
1240 4944 1551 5015 populum,
1583 4945 1679 5016 qui
1711 4954 1907 5003 contra
1938 4964 2116 5005 sena-

473 5035 601 5086 tum
633 5029 733 5102 (ο).
756 5030 1060 5086 Acciderat
1081 5032 1236 5087 enim
1257 5037 1315 5088 et
1330 5033 1470 5090 solis
1483 5035 1741 5105 defectio,
1770 5053 1944 5108 quam
1960 5044 2115 5094 certa

475 5120 697 5176 ratione
716 5118 809 5174 sui
829 5135 1033 5174 cursus
1049 5120 1312 5177 effectam
1344 5122 1611 5194 imperita
1624 5126 1889 5182 nesciens
1910 5126 2115 5182 multi-

474 5210 612 5266 tudo
646 5207 868 5265 meritis
902 5208 1130 5265 Romuli
1155 5210 1468 5267 tribuebat.
1494 5215 1665 5278 Quasi
1685 5231 1817 5270 vero
1849 5217 1899 5271 si
1922 5218 2113 5273 luctus

541 5405 555 5437 ι
589 5401 674 5450 Sic
704 5412 899 5461 magno
927 5412 1187 5450 consensu
1215 5401 1335 5451 Mss.
1361 5402 1429 5451 At
1456 5404 1603 5463 editi,
1633 5403 1728 5453 ubi
1756 5419 1858 5454 rea:
1885 5405 2116 5455 Latinus

475 5464 705 5511 (Enteam
747 5478 931 5526 regem
952 5465 1325 5526 peregrinum
1357 5474 1522 5529 atque
1562 5468 1875 5530 fugitivum
1921 5470 2116 5520 consti-

475 5529 680 5573 tueral.

534 5589 615 5647 (α)
643 5587 927 5640 Numitore.

538 5649 608 5773 t2;
634 5649 814 5762 titana-

559 5711 604 5775 ο)
634 5710 745 5762 Liv.
774 5713 868 5764 lib.
900 5714 945 5775 1,
976 5729 1090 5780 cap.
1122 5716 1201 5779 16,
1244 5717 1297 5769 et
1332 5716 1635 5781 Dionysius,
1664 5720 1759 5773 lib.
1789 5719 1821 5773 2
1846 5720 2113 5785 Antiquit.

2191 446 2285 502 ille
2319 448 2457 505 solis
2496 449 2720 519 fuisset,
2747 466 2861 506 non
2895 448 3081 521 magis
3102 448 3233 506 ideo
3252 450 3664 509 credideheret
3684 454 3839 509 occi-

2190 553 2313 605 sus,
2330 539 2640 611 ipsumque
2654 540 2842 596 scelus
2864 541 3162 596 aversione
3184 540 3359 596 etiam
3384 541 3841 598 diurniluminis

2190 625 2542 683 indicatum:
2576 630 2727 683 sicut
2758 645 2956 685 revera
2988 629 3198 683 factum
3232 634 3341 699 est,
3374 647 3509 685 cum
3547 631 3840 688 Dominus

2191 717 2504 773 cruciﬁxus
2517 722 2605 773 est
2623 717 2967 774 crudelitate
2988 723 3162 790 atque
3179 718 3475 790 impietate
3498 721 3840 776 Judeorum

2192 806 2340 877 (Luc.
2375 824 2535 875 xxm,
2567 808 2679 880 45).
2720 808 2903 871 Quam
2935 806 3080 863 solis
3124 808 3596 864 obscurationem
3638 826 3754 866 non
3778 826 3845 866 ex

2192 896 2471 952 canonico
2515 897 2774 953 siderum
2819 914 3000 953 cursu
3044 896 3350 963 accidisse,
3386 900 3527 955 satis
3566 901 3845 969 ostendit,

2193 987 2348 1056 quod
2376 991 2513 1043 tunc
2545 994 2662 1043 erat
2702 988 2911 1058 pascha
2946 988 3282 1043 Judecrum
3304 1006 3319 1058 ;
3343 1005 3478 1044 nam
3511 989 3682 1059 plena
3702 990 3847 1047 luna

2194 1076 2534 1132 solemniter
2546 1077 2738 1148 agitur
2760 1095 2773 1133 ε
2792 1077 3078 1149 regularis
3098 1081 3289 1133 autem
3305 1078 3446 1134 solis
3462 1078 3706 1135 defectio
3726 1096 3844 1136 non

2197 1165 2308 1220 nisi
2346 1165 2498 1220 lune
2540 1165 2653 1221 ﬁne
2692 1166 3001 1238 contingit.
3045 1166 3198 1222 Satis
3233 1175 3291 1222 et
3321 1168 3517 1224 Cicero
3558 1166 3719 1223 illam
3754 1168 3848 1223 in-

2194 1259 2283 1311 ter
2314 1255 2451 1311 deos
2478 1256 3109 1328 Romulireceptionem
3128 1261 3386 1328 putatam
3414 1258 3600 1327 magis
3623 1259 3850 1329 signifi-

2196 1348 2287 1401 cat
2312 1361 2460 1413 esse,
2493 1362 2668 1418 quam
2700 1346 2934 1414 factam,
2963 1347 3198 1417 quando
3225 1351 3281 1402 et
3324 1346 3575 1402 laudans
3607 1363 3741 1403 eum
3783 1347 3847 1404 in

2198 1430 2363 1491 libris
2392 1436 2462 1491 de
2495 1434 2813 1506 Republica
2844 1435 2931 1505 (L.
2977 1436 3032 1503 2,
3066 1436 3247 1507 c.10),
3286 1435 3692 1507 Scipionisque
3724 1453 3850 1493 ser-

2200 1540 2408 1580 mone:
2446 1546 2473 1575 «
2496 1525 2748 1580 Tantum
2770 1529 2878 1593 est,
2904 1523 3118 1595 inquit,
3163 1547 3191 1575 «
3214 1528 3583 1592 consecutus,
3618 1530 3683 1581 ut
3710 1542 3849 1581 cum

2198 1614 2392 1670 subito
2422 1613 2543 1669 sole
2570 1613 2878 1669 obscurato
2902 1630 3017 1669 non
3034 1614 3487 1685 comparuisset,
3518 1615 3762 1670 deorum
3786 1615 3849 1671 in

2202 1718 2445 1759 numero
2467 1702 2788 1759 collocatus
2816 1706 3120 1773 putaretur
3145 1720 3157 1757 :
3191 1719 3366 1774 quam
3400 1703 3733 1774 opinionem
3757 1720 3856 1760 ne-

2203 1809 2295 1850 mo
2344 1808 2602 1866 unquam
2643 1792 2905 1848 mortalis
2954 1791 3187 1862 assequi
3227 1792 3416 1861 potuit
3456 1792 3579 1847 sine
3634 1793 3852 1848 eximia

2200 1882 2437 1938 virtutis
2510 1880 2776 1951 gloria.»
2856 1883 3016 1945 Quod
3086 1883 3281 1936 autem
3341 1880 3503 1949 dicit,
3544 1898 3678 1937 eum
3752 1898 3852 1937 su-

2205 1973 2321 2030 bito
2350 1989 2465 2028 non
2512 1970 2934 2042 comparuisse,
2967 1970 3223 2040 profecto
3250 1969 3329 2025 ibi
3362 1970 3709 2042 intelligitur
3749 1975 3851 2027 aut

2202 2062 2475 2120 violentia
2513 2060 2899 2132 tempestatis,
2949 2064 3050 2115 aut
3097 2060 3268 2116 cedis
3318 2061 3707 2132 facinorisque
3753 2078 3848 2117 se-

2206 2156 2451 2208 cretum.
2504 2149 2646 2207 Nam
2697 2154 2755 2205 et
2795 2147 2892 2204 alii
2938 2149 3248 2220 scriptores
3286 2165 3486 2205 eorum
3536 2150 3851 2207 defectioni

2208 2240 2347 2296 solis
2378 2240 2603 2295 addunt
2622 2238 2798 2293 etiam
2823 2237 3081 2294 subitam
3112 2242 3533 2311 tempestatem,
3560 2255 3683 2309 que
3718 2256 3846 2311 pro-

2207 2330 2356 2385 fecto
2383 2334 2480 2383 aut
2501 2327 2861 2383 occasionem
2890 2326 3092 2383 sceleri
3114 2328 3378 2399 praebuit,
3405 2332 3505 2383 aut
3526 2328 3848 2384 Romulum

2208 2419 2335 2491 ipsa
2372 2417 2761 2489 consumpsit.
2806 2422 2881 2472 De
2909 2416 3074 2472 Tullo
3123 2416 3337 2489 quippe
3366 2418 3538 2473 etiam
3578 2418 3847 2485 Hostilio,

2210 2509 2308 2580 qui
2342 2507 2543 2564 tertius
2573 2523 2607 2561 a
2645 2504 2891 2562 Romulo
2936 2522 3033 2562 rex
3063 2505 3191 2575 fuit,
3224 2505 3326 2577 qui
3354 2512 3411 2563 et
3439 2506 3564 2578 ipse
3609 2507 3849 2565 fulmine

2209 2595 2555 2665 absumptus
2585 2598 2694 2662 est,
2725 2593 2945 2648 dicitin
2986 2592 3204 2648 eisdem
3236 2592 3398 2649 libris
3436 2593 3591 2649 idem
3634 2594 3849 2663 Cicero,

2211 2690 2512 2757 propterea
2531 2688 2588 2739 et
2608 2683 2786 2740 istum
2820 2699 2935 2739 non
2954 2681 3233 2738 creditum
3258 2683 3315 2738 in
3338 2683 3477 2738 deos
3502 2685 3518 2719 ¹
3554 2692 3851 2755 receptum

2210 2775 2311 2831 tali
2343 2783 2544 2842 morte,
2578 2775 2716 2844 quia
2747 2773 2994 2829 fortasse
3010 2773 3156 2842 quod
3176 2772 3364 2828 eratin
3383 2772 3629 2829 Romulo
3648 2775 3856 2845 proba-

2213 2869 2337 2920 tum
2368 2864 2449 2935 (id
2472 2867 2560 2919 est
2590 2863 2954 2935 persuasum)
2980 2861 3218 2918 Romani
3253 2860 3488 2930 vulgare
3509 2860 3849 2931 noluerunt,

2211 2954 2270 3009 id
2289 2952 2720 3021 estvilefacere,
2736 2952 2785 3008 si
2799 2952 2903 3008 hoc
2915 2956 2972 3007 et
2991 2950 3154 3006 alteri
3182 2950 3345 3006 facile
3365 2952 3715 3007 tribueretur
3746 2952 3855 3024 (α).

2215 3042 2364 3099 Dicit
2393 3042 2565 3097 etiam
2580 3046 2775 3110 aperte
2796 3041 2855 3096 in
2876 3039 3198 3096 lnvectivis.
3218 3061 3245 3090 ‹‹
3277 3039 3443 3095 Illum
3461 3040 3561 3112 qui
3581 3040 3733 3096 hanc
3757 3058 3857 3096 ur-

2215 3132 2345 3189 bem
2369 3132 2648 3200 condidit,
2682 3130 2993 3187 Romulum
3025 3131 3094 3185 ad
3128 3131 3266 3186 deos
3295 3130 3650 3187 immortales
3682 3130 3862 3187 bene-

2217 3220 2467 3277 volentia
2497 3220 2766 3290 famaque
2780 3217 3135 3276 sustulimus
3152 3238 3177 3270 »
3202 3217 3382 3287 (Orat.
3400 3219 3434 3273 3
3457 3219 3515 3273 in
3536 3218 3857 3289 Catilinam,

2216 3326 2332 3380 cap.
2370 3310 2468 3380 1):
2529 3315 2589 3367 ut
2635 3327 2748 3366 non
2797 3327 2926 3368 vere
2975 3312 3188 3369 factum
3229 3312 3326 3367 sed
3362 3314 3594 3383 propter
3652 3308 3860 3365 merita

2218 3400 2449 3457 virtutis
2475 3402 2601 3471 ejus
2630 3401 3029 3458 benevolentia
3060 3402 3345 3472 jactatum
3382 3399 3868 3470 diffamatumque

2222 3495 2592 3548 monstraret.
2625 3492 2690 3546 In
2721 3491 3024 3547 Hortensio
3044 3508 3178 3548 vero
3204 3490 3433 3563 dialogo
3466 3506 3601 3546 cum
3632 3490 3701 3544 de
3723 3488 3868 3545 solis

2220 3580 2518 3637 canonicis
2548 3582 2968 3639 defectionibus
3000 3584 3355 3652 loqueretur,
3389 3602 3417 3631 ‹‹
3453 3583 3521 3635 Ut
3542 3581 3799 3645 easdem,
3834 3598 3861 3629 ι

2221 3672 2435 3743 inquit,
2468 3694 2495 3721 ‹‹
2532 3672 2803 3728 tenebras
2853 3673 3085 3739 efficiat,
3118 3690 3265 3744 quas
3299 3671 3487 3728 etl‘ecit
3516 3670 3577 3725 in
3630 3668 3866 3724 interitu

2222 3759 2477 3829 Romuli,
2497 3762 2595 3832 qui
2618 3761 3025 3817 obscuratione
3046 3762 3068 3796 ²
3099 3762 3239 3817 solis
3279 3770 3365 3817 est
3397 3760 3603 3816 factus.
3638 3781 3665 3809 »
3703 3758 3869 3813 Certe

2224 3849 2316 3905 hic
2354 3850 2594 3906 minime
2625 3850 2821 3906 timuit
2850 3850 3107 3908 hominis
3143 3852 3441 3909 interitum
3482 3850 3693 3918 dicere,
3735 3845 3873 3918 quia

2222 3938 2552 4010 disputator
2582 3940 2769 4013 magis
2800 3958 2977 4013 quam
3012 3942 3279 3999 laudator
3308 3943 3436 3998 fuit.

2293 4029 2346 4087 2.
2378 4030 2574 4085 Ceteri
2618 4034 2807 4086 autem
2850 4048 3010 4105 reges
3054 4031 3251 4105 populi
3320 4029 3585 4094 Romani,
3631 4028 3872 4097 excepto

2221 4116 2413 4173 Numa
2442 4119 2728 4191 Pompilio
2760 4123 2816 4176 et
2839 4123 2996 4176 Anco
3027 4122 3252 4189 Martio,
3287 4121 3385 4192 qui
3408 4118 3610 4177 morbo
3631 4115 3868 4172 interie-

2223 4211 2380 4276 runt,
2405 4223 2574 4279 quam
2600 4209 2918 4266 horrendos
2943 4211 3137 4266 exitus
3159 4208 3531 4266 habuerunt?
3557 4205 3781 4273 Tullus,
3804 4207 3875 4259 ut

2223 4296 2363 4366 dixi,
2396 4297 2698 4368 Hostilius,
2731 4299 2910 4355 victor
2930 4304 2986 4357 et
3013 4316 3242 4356 eversor
3274 4300 3451 4364 Athe,
3476 4313 3611 4353 cum
3635 4299 3752 4351 tota
3771 4294 3873 4349 do-

2225 4401 2320 4442 mo
2335 4402 2440 4442 sua
2455 4387 2698 4445 fulmine
2708 4394 3115 4446 concrematas
3132 4394 3243 4445 est.
3262 4388 3498 4445 Priscus
3511 4382 3869 4457 Tarquinius

2224 4492 2327 4548 per
2342 4476 2432 4533 sui
2451 4477 2773 4534 decessoris
2788 4477 2940 4535 ﬁlios
2953 4478 3336 4550 interemptus
3349 4482 3458 4533 est.
3475 4474 3711 4533 Servius
3725 4471 3871 4528 Tul-

2224 4566 2339 4623 lius
2382 4568 2576 4638 generi
2630 4568 2719 4623 sui
2767 4568 3069 4641 Tarquinii
3123 4568 3391 4640 Superbi,
3433 4566 3533 4639 qui
3584 4562 3869 4621 successit

2224 4657 2282 4711 in
2307 4672 2574 4728 regnum,
2606 4658 2824 4714 nefario
2868 4658 3082 4714 scelere
3124 4658 3349 4715 occisus
3391 4661 3499 4711 est.
3534 4655 3650 4710 Nec
3686 4676 3707 4702 ι
3740 4651 3868 4707 dis-

2224 4762 2446 4803 cessere
2461 4748 2647 4818 adytis
2662 4749 2894 4819 arisque
2907 4748 3127 4803 relictis
3144 4747 3243 4813 dii,
3278 4768 3305 4796 »
3331 4745 3559 4800 tantoin
3572 4742 3867 4815 optimum

2223 4836 2384 4893 illius
2402 4837 2593 4909 populi
2607 4854 2799 4910 regem
2815 4835 3117 4909 parricidio
3132 4838 3630 4907 perpetrato,quos
3641 4830 3870 4900 dicunt,

2224 4932 2289 4983 ut
2318 4928 2426 4983 hoc
2478 4927 2701 4982 misere
2732 4928 2908 4998 'l‘roje
2950 4927 3225 4993 facerent,
3256 4940 3503 4995 eamque
3534 4920 3749 4979 Grecis
3780 4917 3872 4973 di-

2225 5018 2402 5071 ruend
2415 5032 2505 5072 am
2522 5016 2985 5085 exurendamque
3001 5013 3491 5084 relinquerent,ad
3503 5011 3703 5067 ulterio
3718 5007 3879 5063 Pari-

2225 5108 2312 5161 dis
2344 5107 2519 5161 fuisse
2550 5111 2893 5160 commotos.
2929 5104 3040 5160 Sed
3076 5104 3313 5173 insuper
3338 5102 3764 5158 iuterfectoase
3785 5114 3881 5153 so-

2226 5211 2356 5251 cero
2378 5194 2868 5266 Tarquiniusipse
2887 5193 3187 5249 successit.
3209 5193 3374 5249 Hunc
3394 5191 3477 5247 illi
3493 5190 3572 5245 dii
3588 5189 3882 5245 nefarium

2228 5282 2578 5355 parricidam
2614 5284 2792 5339 soceri
2814 5283 3219 5339 interfectione
3252 5286 3611 5354 regnantem,
3637 5278 3886 5348 insuper

2291 5536 2305 5567 ι
2337 5530 2422 5581 Sic
2449 5545 2632 5581 omnes
2661 5531 3027 5591 manuscripti.
3059 5530 3118 5579 In
3150 5531 3226 5591 B.,
3258 5529 3427 5579 inter.
3458 5527 3525 5577 M.

2290 5595 2311 5628 2
2343 5595 2427 5644 Sic
2455 5596 2576 5645 Mss.
2608 5596 2669 5644 In
2698 5596 2775 5651 B.,
2808 5597 2870 5644 in
2899 5594 3298 5644 obscuratione.
3324 5594 3392 5641 M.

2225 5657 2380 5772 nbugg
2392 5659 2464 5709 De
2492 5659 2591 5710 hoc
2618 5661 2672 5709 et
2699 5650 3043 5722 sequentibus
3081 5657 3191 5709 vid.
3222 5656 3335 5707 Liv.
3365 5654 3458 5707 lib.
3491 5652 3538 5717 1,
3572 5654 3627 5705 et
3654 5650 3876 5716 Dionys.
