  <div class='ocr_page' id='page_1' title='image "/cluster/home/n/w/nwhite01/storage/ocr_20150623/41/hvd.32044096580634/052.png"; bbox 0 0 4128 6190; ppageno 0'>
   <div class='ocr_carea' id='block_1_1' title="bbox 270 315 3673 387">
    <p class='ocr_par' dir='ltr' id='par_1_1' title="bbox 270 315 3673 387">
     <span class='ocr_line' id='line_1_1' title="bbox 270 315 3673 387; baseline 0.002 -8"><span class='ocrx_word' id='word_1_1' title='bbox 270 319 344 384; x_wconf 88' lang='grc'><strong>93</strong></span> <span class='ocrx_word' id='word_1_2' title='bbox 1600 319 1834 382; x_wconf 82' lang='lat' dir='ltr'><strong>LIBER</strong></span> <span class='ocrx_word' id='word_1_3' title='bbox 1880 315 2232 382; x_wconf 82' lang='lat' dir='ltr'><strong>TERTIUS.</strong></span> <span class='ocrx_word' id='word_1_4' title='bbox 3592 325 3673 387; x_wconf 79' lang='lat'><strong>94</strong></span> 
     </span>
    </p>
   </div>
   <div class='ocr_carea' id='block_1_2' title="bbox 271 453 1910 527">
    <p class='ocr_par' dir='ltr' id='par_1_2' title="bbox 271 453 1910 527">
     <span class='ocr_line' id='line_1_2' title="bbox 271 453 1910 527; baseline -0.004 -15"><span class='ocrx_word' id='word_1_5' title='bbox 271 455 474 512; x_wconf 88' lang='lat' dir='ltr'><strong>multis</strong></span> <span class='ocrx_word' id='word_1_6' title='bbox 501 455 672 513; x_wconf 91' lang='lat' dir='ltr'><strong>hellis</strong></span> <span class='ocrx_word' id='word_1_7' title='bbox 702 455 1075 527; x_wconf 81' lang='lat' dir='ltr'><strong>victoriisque</strong></span> <span class='ocrx_word' id='word_1_8' title='bbox 1096 453 1470 526; x_wconf 79' lang='lat' dir='ltr'><strong>gloriantem,</strong></span> <span class='ocrx_word' id='word_1_9' title='bbox 1502 460 1558 509; x_wconf 91' lang='lat' dir='ltr'><strong>et</strong></span> <span class='ocrx_word' id='word_1_10' title='bbox 1601 453 1672 509; x_wconf 90' lang='lat' dir='ltr'><strong>de</strong></span> <span class='ocrx_word' id='word_1_11' title='bbox 1701 467 1910 508; x_wconf 88' lang='lat' dir='ltr'><strong>manu-</strong></span> 
     </span>
    </p>
   </div>
   <div class='ocr_carea' id='block_1_3' title="bbox 267 541 1910 616">
    <p class='ocr_par' dir='ltr' id='par_1_3' title="bbox 267 541 1910 616">
     <span class='ocr_line' id='line_1_3' title="bbox 267 541 1910 616; baseline -0.002 -16"><span class='ocrx_word' id='word_1_12' title='bbox 267 543 377 600; x_wconf 89' lang='lat' dir='ltr'><strong>biis</strong></span> <span class='ocrx_word' id='word_1_13' title='bbox 400 544 415 578; x_wconf 87' lang='grc'>¹</span> <span class='ocrx_word' id='word_1_14' title='bbox 440 543 795 616; x_wconf 82' lang='lat' dir='ltr'><strong>Capitolium</strong></span> <span class='ocrx_word' id='word_1_15' title='bbox 819 545 1225 612; x_wconf 85' lang='lat' dir='ltr'><strong>fabricantem,</strong></span> <span class='ocrx_word' id='word_1_16' title='bbox 1253 561 1367 600; x_wconf 90' lang='lat' dir='ltr'><strong>non</strong></span> <span class='ocrx_word' id='word_1_17' title='bbox 1391 543 1788 610; x_wconf 89' lang='lat' dir='ltr'><strong>abscedentes,</strong></span> <span class='ocrx_word' id='word_1_18' title='bbox 1810 541 1910 596; x_wconf 90' lang='lat' dir='ltr'><strong>sed</strong></span> 
     </span>
    </p>
   </div>
   <div class='ocr_carea' id='block_1_4' title="bbox 267 635 1908 706">
    <p class='ocr_par' dir='ltr' id='par_1_4' title="bbox 267 635 1908 706">
     <span class='ocr_line' id='line_1_4' title="bbox 267 635 1908 706; baseline -0.002 -16"><span class='ocrx_word' id='word_1_19' title='bbox 267 640 583 705; x_wconf 63' lang='lat' dir='ltr'><strong>praesentes</strong></span> <span class='ocrx_word' id='word_1_20' title='bbox 629 639 1043 706; x_wconf 81' lang='lat' dir='ltr'><strong>manantesque</strong></span> <span class='ocrx_word' id='word_1_21' title='bbox 1089 635 1381 701; x_wconf 89' lang='lat' dir='ltr'><strong>viderunt,</strong></span> <span class='ocrx_word' id='word_1_22' title='bbox 1421 638 1478 690; x_wconf 91' lang='lat' dir='ltr'><strong>et</strong></span> <span class='ocrx_word' id='word_1_23' title='bbox 1508 649 1696 704; x_wconf 82' lang='lat' dir='ltr'><strong>regem</strong></span> <span class='ocrx_word' id='word_1_24' title='bbox 1739 647 1908 688; x_wconf 89' lang='lat' dir='ltr'><strong>suum</strong></span> 
     </span>
    </p>
   </div>
   <div class='ocr_carea' id='block_1_5' title="bbox 265 723 1906 795">
    <p class='ocr_par' dir='ltr' id='par_1_5' title="bbox 265 723 1906 795">
     <span class='ocr_line' id='line_1_5' title="bbox 265 723 1906 795; baseline -0.001 -18"><span class='ocrx_word' id='word_1_25' title='bbox 265 725 462 779; x_wconf 83' lang='lat' dir='ltr'><strong>Jovem</strong></span> <span class='ocrx_word' id='word_1_26' title='bbox 482 723 542 778; x_wconf 90' lang='lat' dir='ltr'><strong>in</strong></span> <span class='ocrx_word' id='word_1_27' title='bbox 573 723 674 779; x_wconf 93' lang='lat' dir='ltr'><strong>illo</strong></span> <span class='ocrx_word' id='word_1_28' title='bbox 697 723 982 780; x_wconf 86' lang='lat' dir='ltr'><strong>altissimo</strong></span> <span class='ocrx_word' id='word_1_29' title='bbox 1001 723 1234 795; x_wconf 90' lang='lat' dir='ltr'><strong>templo,</strong></span> <span class='ocrx_word' id='word_1_30' title='bbox 1270 724 1373 779; x_wconf 87' lang='lat' dir='ltr'><strong>hoc</strong></span> <span class='ocrx_word' id='word_1_31' title='bbox 1395 723 1565 780; x_wconf 87' lang='lat' dir='ltr'><strong>estin</strong></span> <span class='ocrx_word' id='word_1_32' title='bbox 1582 736 1752 793; x_wconf 82' lang='lat' dir='ltr'><strong>Opere</strong></span> <span class='ocrx_word' id='word_1_33' title='bbox 1773 737 1906 792; x_wconf 87' lang='lat' dir='ltr'><strong>par-</strong></span> 
     </span>
    </p>
   </div>
   <div class='ocr_carea' id='block_1_6' title="bbox 268 811 1908 885">
    <p class='ocr_par' dir='ltr' id='par_1_6' title="bbox 268 811 1908 885">
     <span class='ocr_line' id='line_1_6' title="bbox 268 811 1908 885; baseline 0 -18"><span class='ocrx_word' id='word_1_34' title='bbox 268 812 484 880; x_wconf 68' lang='lat' dir='ltr'><strong>ricida,</strong></span> <span class='ocrx_word' id='word_1_35' title='bbox 512 811 624 868; x_wconf 90' lang='lat' dir='ltr'><strong>sibi</strong></span> <span class='ocrx_word' id='word_1_36' title='bbox 657 811 966 883; x_wconf 62' lang='lat' dir='ltr'><strong>praesidere</strong></span> <span class='ocrx_word' id='word_1_37' title='bbox 985 818 1160 885; x_wconf 90' lang='lat' dir='ltr'><strong>atque</strong></span> <span class='ocrx_word' id='word_1_38' title='bbox 1190 829 1430 885; x_wconf 83' lang='lat' dir='ltr'><strong>regnare</strong></span> <span class='ocrx_word' id='word_1_39' title='bbox 1465 812 1716 884; x_wconf 85' lang='lat' dir='ltr'><strong>perpessi</strong></span> <span class='ocrx_word' id='word_1_40' title='bbox 1748 814 1908 867; x_wconf 88' lang='lat' dir='ltr'><strong>sunt.</strong></span> 
     </span>
    </p>
   </div>
   <div class='ocr_carea' id='block_1_7' title="bbox 267 901 1913 974">
    <p class='ocr_par' dir='ltr' id='par_1_7' title="bbox 267 901 1913 974">
     <span class='ocr_line' id='line_1_7' title="bbox 267 901 1913 974; baseline -0.002 -16"><span class='ocrx_word' id='word_1_41' title='bbox 267 902 465 974; x_wconf 78' lang='lat' dir='ltr'><strong>Neque</strong></span> <span class='ocrx_word' id='word_1_42' title='bbox 497 902 657 958; x_wconf 89' lang='lat' dir='ltr'><strong>enim</strong></span> <span class='ocrx_word' id='word_1_43' title='bbox 703 902 892 958; x_wconf 91' lang='lat' dir='ltr'><strong>adhuc</strong></span> <span class='ocrx_word' id='word_1_44' title='bbox 921 903 1206 960; x_wconf 88' lang='lat' dir='ltr'><strong>innocens</strong></span> <span class='ocrx_word' id='word_1_45' title='bbox 1236 901 1578 974; x_wconf 87' lang='lat' dir='ltr'><strong>Capitolium</strong></span> <span class='ocrx_word' id='word_1_46' title='bbox 1601 901 1833 970; x_wconf 85' lang='lat' dir='ltr'><strong>struxit,</strong></span> <span class='ocrx_word' id='word_1_47' title='bbox 1857 906 1913 955; x_wconf 88' lang='lat' dir='ltr'><strong>et</strong></span> 
     </span>
    </p>
   </div>
   <div class='ocr_carea' id='block_1_8' title="bbox 268 990 1911 1065">
    <p class='ocr_par' dir='ltr' id='par_1_8' title="bbox 268 990 1911 1065">
     <span class='ocr_line' id='line_1_8' title="bbox 268 990 1911 1065; baseline -0.002 -18"><span class='ocrx_word' id='word_1_48' title='bbox 268 995 472 1065; x_wconf 89' lang='lat' dir='ltr'><strong>postea</strong></span> <span class='ocrx_word' id='word_1_49' title='bbox 490 990 665 1047; x_wconf 88' lang='lat' dir='ltr'><strong>malis</strong></span> <span class='ocrx_word' id='word_1_50' title='bbox 690 991 912 1047; x_wconf 88' lang='lat' dir='ltr'><strong>meritis</strong></span> <span class='ocrx_word' id='word_1_51' title='bbox 931 991 1083 1048; x_wconf 93' lang='lat' dir='ltr'><strong>Urbe</strong></span> <span class='ocrx_word' id='word_1_52' title='bbox 1104 991 1313 1064; x_wconf 89' lang='lat' dir='ltr'><strong>pulsus</strong></span> <span class='ocrx_word' id='word_1_53' title='bbox 1332 995 1422 1047; x_wconf 86' lang='lat' dir='ltr'><strong>est</strong></span> <span class='ocrx_word' id='word_1_54' title='bbox 1442 1008 1456 1047; x_wconf 91' lang='lat'><strong>:</strong></span> <span class='ocrx_word' id='word_1_55' title='bbox 1480 991 1580 1047; x_wconf 92' lang='lat' dir='ltr'><strong>sed</strong></span> <span class='ocrx_word' id='word_1_56' title='bbox 1612 991 1683 1045; x_wconf 88' lang='lat' dir='ltr'><strong>ad</strong></span> <span class='ocrx_word' id='word_1_57' title='bbox 1714 990 1911 1060; x_wconf 91' lang='lat' dir='ltr'><strong>ipsum</strong></span> 
     </span>
    </p>
   </div>
   <div class='ocr_carea' id='block_1_9' title="bbox 268 1078 1911 1154">
    <p class='ocr_par' dir='ltr' id='par_1_9' title="bbox 268 1078 1911 1154">
     <span class='ocr_line' id='line_1_9' title="bbox 268 1078 1911 1154; baseline -0.004 -16"><span class='ocrx_word' id='word_1_58' title='bbox 268 1098 538 1153; x_wconf 85' lang='lat' dir='ltr'><strong>regnum,</strong></span> <span class='ocrx_word' id='word_1_59' title='bbox 557 1082 618 1137; x_wconf 90' lang='lat' dir='ltr'><strong>in</strong></span> <span class='ocrx_word' id='word_1_60' title='bbox 634 1098 749 1154; x_wconf 90' lang='lat' dir='ltr'><strong>quo</strong></span> <span class='ocrx_word' id='word_1_61' title='bbox 771 1081 1118 1154; x_wconf 85' lang='lat' dir='ltr'><strong>Capitolium</strong></span> <span class='ocrx_word' id='word_1_62' title='bbox 1143 1083 1472 1150; x_wconf 81' lang='lat' dir='ltr'><strong>fabricaret,</strong></span> <span class='ocrx_word' id='word_1_63' title='bbox 1492 1078 1911 1136; x_wconf 88' lang='lat' dir='ltr'><strong>immanissimi</strong></span> 
     </span>
    </p>
   </div>
   <div class='ocr_carea' id='block_1_10' title="bbox 268 1171 1912 1244">
    <p class='ocr_par' dir='ltr' id='par_1_10' title="bbox 268 1171 1912 1244">
     <span class='ocr_line' id='line_1_10' title="bbox 268 1171 1912 1244; baseline -0.002 -16"><span class='ocrx_word' id='word_1_64' title='bbox 268 1171 507 1228; x_wconf 85' lang='lat' dir='ltr'><strong>sceleris</strong></span> <span class='ocrx_word' id='word_1_65' title='bbox 530 1173 955 1244; x_wconf 89' lang='lat' dir='ltr'><strong>perpetratione</strong></span> <span class='ocrx_word' id='word_1_66' title='bbox 979 1173 1253 1244; x_wconf 81' lang='lat' dir='ltr'><strong>pervenit.</strong></span> <span class='ocrx_word' id='word_1_67' title='bbox 1287 1172 1448 1239; x_wconf 89' lang='lat' dir='ltr'><strong>Quod</strong></span> <span class='ocrx_word' id='word_1_68' title='bbox 1481 1187 1617 1227; x_wconf 90' lang='lat' dir='ltr'><strong>vero</strong></span> <span class='ocrx_word' id='word_1_69' title='bbox 1635 1186 1768 1226; x_wconf 89' lang='lat' dir='ltr'><strong>eum</strong></span> <span class='ocrx_word' id='word_1_70' title='bbox 1795 1171 1912 1226; x_wconf 84' lang='lat' dir='ltr'><strong>Ro-</strong></span> 
     </span>
    </p>
   </div>
   <div class='ocr_carea' id='block_1_11' title="bbox 267 1261 1911 1333">
    <p class='ocr_par' dir='ltr' id='par_1_11' title="bbox 267 1261 1911 1333">
     <span class='ocr_line' id='line_1_11' title="bbox 267 1261 1911 1333; baseline -0.001 -15"><span class='ocrx_word' id='word_1_71' title='bbox 267 1262 431 1318; x_wconf 88' lang='lat' dir='ltr'><strong>mani</strong></span> <span class='ocrx_word' id='word_1_72' title='bbox 455 1277 625 1332; x_wconf 88' lang='lat' dir='ltr'><strong>regno</strong></span> <span class='ocrx_word' id='word_1_73' title='bbox 643 1265 842 1332; x_wconf 87' lang='lat' dir='ltr'><strong>postea</strong></span> <span class='ocrx_word' id='word_1_74' title='bbox 855 1262 1224 1333; x_wconf 90' lang='lat' dir='ltr'><strong>depulerunt,</strong></span> <span class='ocrx_word' id='word_1_75' title='bbox 1247 1278 1311 1318; x_wconf 90' lang='lat' dir='ltr'><strong>ac</strong></span> <span class='ocrx_word' id='word_1_76' title='bbox 1324 1261 1691 1318; x_wconf 87' lang='lat' dir='ltr'><strong>secluserunt</strong></span> <span class='ocrx_word' id='word_1_77' title='bbox 1707 1261 1911 1316; x_wconf 59' lang='lat' dir='ltr'><strong>moeni-</strong></span> 
     </span>
    </p>
   </div>
   <div class='ocr_carea' id='block_1_12' title="bbox 267 1349 1912 1422">
    <p class='ocr_par' dir='ltr' id='par_1_12' title="bbox 267 1349 1912 1422">
     <span class='ocr_line' id='line_1_12' title="bbox 267 1349 1912 1422; baseline -0.002 -15"><span class='ocrx_word' id='word_1_78' title='bbox 267 1353 381 1408; x_wconf 87' lang='lat' dir='ltr'><strong>bus</strong></span> <span class='ocrx_word' id='word_1_79' title='bbox 399 1349 668 1416; x_wconf 80' lang='lat' dir='ltr'><strong>civitatis,</strong></span> <span class='ocrx_word' id='word_1_80' title='bbox 687 1366 806 1405; x_wconf 90' lang='lat' dir='ltr'><strong>non</strong></span> <span class='ocrx_word' id='word_1_81' title='bbox 826 1349 1008 1422; x_wconf 85' lang='lat' dir='ltr'><strong>ipsius</strong></span> <span class='ocrx_word' id='word_1_82' title='bbox 1031 1350 1100 1407; x_wconf 92' lang='lat' dir='ltr'><strong>de</strong></span> <span class='ocrx_word' id='word_1_83' title='bbox 1123 1351 1398 1405; x_wconf 73' lang='lat' dir='ltr'><strong>Lucretiae</strong></span> <span class='ocrx_word' id='word_1_84' title='bbox 1422 1355 1649 1422; x_wconf 90' lang='lat' dir='ltr'><strong>stupro,</strong></span> <span class='ocrx_word' id='word_1_85' title='bbox 1676 1351 1774 1405; x_wconf 90' lang='lat' dir='ltr'><strong>sed</strong></span> <span class='ocrx_word' id='word_1_86' title='bbox 1806 1349 1912 1404; x_wconf 85' lang='lat' dir='ltr'><strong>filii</strong></span> 
     </span>
    </p>
   </div>
   <div class='ocr_carea' id='block_1_13' title="bbox 272 1439 1912 1512">
    <p class='ocr_par' dir='ltr' id='par_1_13' title="bbox 272 1439 1912 1512">
     <span class='ocr_line' id='line_1_13' title="bbox 272 1439 1912 1512; baseline -0.001 -15"><span class='ocrx_word' id='word_1_87' title='bbox 272 1444 581 1512; x_wconf 86' lang='lat' dir='ltr'><strong>peccatum</strong></span> <span class='ocrx_word' id='word_1_88' title='bbox 603 1439 730 1510; x_wconf 85' lang='lat' dir='ltr'><strong>fuit,</strong></span> <span class='ocrx_word' id='word_1_89' title='bbox 754 1439 853 1495; x_wconf 93' lang='lat' dir='ltr'><strong>illo</strong></span> <span class='ocrx_word' id='word_1_90' title='bbox 884 1457 999 1497; x_wconf 94' lang='lat' dir='ltr'><strong>non</strong></span> <span class='ocrx_word' id='word_1_91' title='bbox 1022 1441 1210 1497; x_wconf 89' lang='lat' dir='ltr'><strong>solum</strong></span> <span class='ocrx_word' id='word_1_92' title='bbox 1233 1441 1548 1510; x_wconf 85' lang='lat' dir='ltr'><strong>nesciente,</strong></span> <span class='ocrx_word' id='word_1_93' title='bbox 1579 1440 1682 1497; x_wconf 89' lang='lat' dir='ltr'><strong>sed</strong></span> <span class='ocrx_word' id='word_1_94' title='bbox 1732 1442 1912 1496; x_wconf 89' lang='lat' dir='ltr'><strong>etiam</strong></span> 
     </span>
    </p>
   </div>
   <div class='ocr_carea' id='block_1_14' title="bbox 264 1529 1916 1601">
    <p class='ocr_par' dir='ltr' id='par_1_14' title="bbox 264 1529 1916 1601">
     <span class='ocr_line' id='line_1_14' title="bbox 264 1529 1916 1601; baseline -0.001 -15"><span class='ocrx_word' id='word_1_95' title='bbox 264 1529 505 1586; x_wconf 81' lang='lat' dir='ltr'><strong>absente</strong></span> <span class='ocrx_word' id='word_1_96' title='bbox 533 1530 938 1587; x_wconf 89' lang='lat' dir='ltr'><strong>commissum.</strong></span> <span class='ocrx_word' id='word_1_97' title='bbox 967 1532 1218 1587; x_wconf 84' lang='lat' dir='ltr'><strong>Ardeam</strong></span> <span class='ocrx_word' id='word_1_98' title='bbox 1239 1531 1530 1588; x_wconf 89' lang='lat' dir='ltr'><strong>civitatem</strong></span> <span class='ocrx_word' id='word_1_99' title='bbox 1562 1535 1703 1586; x_wconf 84' lang='lat' dir='ltr'><strong>tunc</strong></span> <span class='ocrx_word' id='word_1_100' title='bbox 1736 1545 1916 1601; x_wconf 90' lang='lat' dir='ltr'><strong>oppu-</strong></span> 
     </span>
    </p>
   </div>
   <div class='ocr_carea' id='block_1_15' title="bbox 262 1619 1912 1691">
    <p class='ocr_par' dir='ltr' id='par_1_15' title="bbox 262 1619 1912 1691">
     <span class='ocr_line' id='line_1_15' title="bbox 262 1619 1912 1691; baseline 0 -18"><span class='ocrx_word' id='word_1_101' title='bbox 262 1619 510 1690; x_wconf 87' lang='lat' dir='ltr'><strong>gnabat,</strong></span> <span class='ocrx_word' id='word_1_102' title='bbox 565 1623 621 1673; x_wconf 89' lang='lat' dir='ltr'><strong>et</strong></span> <span class='ocrx_word' id='word_1_103' title='bbox 652 1635 756 1690; x_wconf 89' lang='lat' dir='ltr'><strong>pro</strong></span> <span class='ocrx_word' id='word_1_104' title='bbox 799 1619 1014 1691; x_wconf 92' lang='lat' dir='ltr'><strong>populo</strong></span> <span class='ocrx_word' id='word_1_105' title='bbox 1046 1619 1308 1676; x_wconf 87' lang='lat' dir='ltr'><strong>Romano</strong></span> <span class='ocrx_word' id='word_1_106' title='bbox 1353 1620 1570 1677; x_wconf 89' lang='lat' dir='ltr'><strong>bellum</strong></span> <span class='ocrx_word' id='word_1_107' title='bbox 1638 1619 1912 1690; x_wconf 85' lang='lat' dir='ltr'><strong>gerebat:</strong></span> 
     </span>
    </p>
   </div>
   <div class='ocr_carea' id='block_1_16' title="bbox 263 1708 1912 1780">
    <p class='ocr_par' dir='ltr' id='par_1_16' title="bbox 263 1708 1912 1780">
     <span class='ocr_line' id='line_1_16' title="bbox 263 1708 1912 1780; baseline 0.001 -18"><span class='ocrx_word' id='word_1_108' title='bbox 263 1708 568 1764; x_wconf 88' lang='lat' dir='ltr'><strong>nescimus</strong></span> <span class='ocrx_word' id='word_1_109' title='bbox 587 1708 725 1780; x_wconf 91' lang='lat' dir='ltr'><strong>quid</strong></span> <span class='ocrx_word' id='word_1_110' title='bbox 755 1709 987 1780; x_wconf 86' lang='lat' dir='ltr'><strong>faceret,</strong></span> <span class='ocrx_word' id='word_1_111' title='bbox 1008 1709 1056 1765; x_wconf 94' lang='lat' dir='ltr'><strong>si</strong></span> <span class='ocrx_word' id='word_1_112' title='bbox 1080 1710 1150 1764; x_wconf 91' lang='lat' dir='ltr'><strong>ad</strong></span> <span class='ocrx_word' id='word_1_113' title='bbox 1178 1710 1305 1780; x_wconf 89' lang='lat' dir='ltr'><strong>ejus</strong></span> <span class='ocrx_word' id='word_1_114' title='bbox 1329 1709 1596 1765; x_wconf 84' lang='lat' dir='ltr'><strong>notitiam</strong></span> <span class='ocrx_word' id='word_1_115' title='bbox 1628 1709 1912 1778; x_wconf 88' lang='lat' dir='ltr'><strong>ﬂagitium</strong></span> 
     </span>
    </p>
   </div>
   <div class='ocr_carea' id='block_1_17' title="bbox 263 1795 1916 1871">
    <p class='ocr_par' dir='ltr' id='par_1_17' title="bbox 263 1795 1916 1871">
     <span class='ocr_line' id='line_1_17' title="bbox 263 1795 1916 1871; baseline 0.002 -20"><span class='ocrx_word' id='word_1_116' title='bbox 263 1795 366 1851; x_wconf 82' lang='lat' dir='ltr'><strong>filii</strong></span> <span class='ocrx_word' id='word_1_117' title='bbox 401 1797 750 1854; x_wconf 83' lang='lat' dir='ltr'><strong>deferretur.</strong></span> <span class='ocrx_word' id='word_1_118' title='bbox 776 1798 844 1852; x_wconf 90' lang='lat' dir='ltr'><strong>Et</strong></span> <span class='ocrx_word' id='word_1_119' title='bbox 865 1803 1057 1854; x_wconf 87' lang='lat' dir='ltr'><strong>tamen</strong></span> <span class='ocrx_word' id='word_1_120' title='bbox 1078 1798 1440 1871; x_wconf 78' lang='lat' dir='ltr'><strong>ineXplorato</strong></span> <span class='ocrx_word' id='word_1_121' title='bbox 1470 1797 1841 1870; x_wconf 89' lang='lat' dir='ltr'><strong>ejusjudicio</strong></span> <span class='ocrx_word' id='word_1_122' title='bbox 1859 1801 1916 1854; x_wconf 92' lang='lat' dir='ltr'><strong>et</strong></span> 
     </span>
    </p>
   </div>
   <div class='ocr_carea' id='block_1_18' title="bbox 258 1884 1914 1960">
    <p class='ocr_par' dir='ltr' id='par_1_18' title="bbox 258 1884 1914 1960">
     <span class='ocr_line' id='line_1_18' title="bbox 258 1884 1914 1960; baseline 0.001 -20"><span class='ocrx_word' id='word_1_123' title='bbox 258 1884 590 1958; x_wconf 83' lang='lat' dir='ltr'><strong>inexperto,</strong></span> <span class='ocrx_word' id='word_1_124' title='bbox 610 1887 660 1941; x_wconf 90' lang='lat' dir='ltr'><strong>ei</strong></span> <span class='ocrx_word' id='word_1_125' title='bbox 691 1886 946 1958; x_wconf 91' lang='lat' dir='ltr'><strong>populus</strong></span> <span class='ocrx_word' id='word_1_126' title='bbox 969 1887 1188 1943; x_wconf 83' lang='lat' dir='ltr'><strong>ademit</strong></span> <span class='ocrx_word' id='word_1_127' title='bbox 1217 1888 1564 1960; x_wconf 90' lang='lat' dir='ltr'><strong>imperium;</strong></span> <span class='ocrx_word' id='word_1_128' title='bbox 1594 1893 1651 1944; x_wconf 92' lang='lat' dir='ltr'><strong>et</strong></span> <span class='ocrx_word' id='word_1_129' title='bbox 1683 1893 1914 1958; x_wconf 90' lang='lat' dir='ltr'><strong>recepto</strong></span> 
     </span>
    </p>
   </div>
   <div class='ocr_carea' id='block_1_19' title="bbox 258 1975 1915 2047">
    <p class='ocr_par' dir='ltr' id='par_1_19' title="bbox 258 1975 1915 2047">
     <span class='ocr_line' id='line_1_19' title="bbox 258 1975 1915 2047; baseline 0.002 -17"><span class='ocrx_word' id='word_1_130' title='bbox 258 1975 543 2044; x_wconf 84' lang='lat' dir='ltr'><strong>exercitu,</strong></span> <span class='ocrx_word' id='word_1_131' title='bbox 575 1992 608 2030; x_wconf 90' lang='lat' dir='ltr'><strong>a</strong></span> <span class='ocrx_word' id='word_1_132' title='bbox 656 1991 770 2047; x_wconf 93' lang='lat' dir='ltr'><strong>quo</strong></span> <span class='ocrx_word' id='word_1_133' title='bbox 805 1976 992 2031; x_wconf 84' lang='lat' dir='ltr'><strong>deseri</strong></span> <span class='ocrx_word' id='word_1_134' title='bbox 1015 1978 1222 2047; x_wconf 87' lang='lat' dir='ltr'><strong>jussus</strong></span> <span class='ocrx_word' id='word_1_135' title='bbox 1280 1982 1390 2047; x_wconf 88' lang='lat' dir='ltr'><strong>est,</strong></span> <span class='ocrx_word' id='word_1_136' title='bbox 1451 1977 1668 2034; x_wconf 89' lang='lat' dir='ltr'><strong>clausis</strong></span> <span class='ocrx_word' id='word_1_137' title='bbox 1700 1977 1915 2034; x_wconf 85' lang='lat' dir='ltr'><strong>deinde</strong></span> 
     </span>
    </p>
   </div>
   <div class='ocr_carea' id='block_1_20' title="bbox 260 2063 1919 2137">
    <p class='ocr_par' dir='ltr' id='par_1_20' title="bbox 260 2063 1919 2137">
     <span class='ocr_line' id='line_1_20' title="bbox 260 2063 1919 2137; baseline 0.002 -19"><span class='ocrx_word' id='word_1_138' title='bbox 260 2063 454 2136; x_wconf 88' lang='lat' dir='ltr'><strong>portis</strong></span> <span class='ocrx_word' id='word_1_139' title='bbox 486 2079 602 2120; x_wconf 91' lang='lat' dir='ltr'><strong>non</strong></span> <span class='ocrx_word' id='word_1_140' title='bbox 626 2064 762 2120; x_wconf 88' lang='lat' dir='ltr'><strong>sivit</strong></span> <span class='ocrx_word' id='word_1_141' title='bbox 807 2065 1026 2122; x_wconf 90' lang='lat' dir='ltr'><strong>intrare</strong></span> <span class='ocrx_word' id='word_1_142' title='bbox 1055 2067 1394 2122; x_wconf 89' lang='lat' dir='ltr'><strong>redeuntem</strong></span> <span class='ocrx_word' id='word_1_143' title='bbox 1427 2068 1535 2137; x_wconf 88' lang='grc' dir='ltr'><strong>(α).</strong></span> <span class='ocrx_word' id='word_1_144' title='bbox 1568 2065 1760 2122; x_wconf 90' lang='lat' dir='ltr'><strong>Atille</strong></span> <span class='ocrx_word' id='word_1_145' title='bbox 1789 2070 1919 2136; x_wconf 87' lang='lat' dir='ltr'><strong>post</strong></span> 
     </span>
    </p>
   </div>
   <div class='ocr_carea' id='block_1_21' title="bbox 259 2152 1915 2226">
    <p class='ocr_par' dir='ltr' id='par_1_21' title="bbox 259 2152 1915 2226">
     <span class='ocr_line' id='line_1_21' title="bbox 259 2152 1915 2226; baseline 0 -18"><span class='ocrx_word' id='word_1_146' title='bbox 259 2152 416 2208; x_wconf 88' lang='lat' dir='ltr'><strong>bella</strong></span> <span class='ocrx_word' id='word_1_147' title='bbox 439 2153 802 2224; x_wconf 85' lang='lat' dir='ltr'><strong>gravissima,</strong></span> <span class='ocrx_word' id='word_1_148' title='bbox 819 2155 1036 2226; x_wconf 88' lang='lat' dir='ltr'><strong>quibus</strong></span> <span class='ocrx_word' id='word_1_149' title='bbox 1055 2156 1290 2211; x_wconf 89' lang='lat' dir='ltr'><strong>eosdem</strong></span> <span class='ocrx_word' id='word_1_150' title='bbox 1305 2157 1594 2212; x_wconf 82' lang='lat' dir='ltr'><strong>Romanos</strong></span> <span class='ocrx_word' id='word_1_151' title='bbox 1608 2154 1915 2211; x_wconf 89' lang='lat' dir='ltr'><strong>concitatis</strong></span> 
     </span>
    </p>
   </div>
   <div class='ocr_carea' id='block_1_22' title="bbox 254 2240 1917 2316">
    <p class='ocr_par' dir='ltr' id='par_1_22' title="bbox 254 2240 1917 2316">
     <span class='ocr_line' id='line_1_22' title="bbox 254 2240 1917 2316; baseline 0.001 -21"><span class='ocrx_word' id='word_1_152' title='bbox 254 2240 532 2297; x_wconf 82' lang='lat' dir='ltr'><strong>ﬁnitimis</strong></span> <span class='ocrx_word' id='word_1_153' title='bbox 551 2241 791 2314; x_wconf 88' lang='lat' dir='ltr'><strong>attrivit,</strong></span> <span class='ocrx_word' id='word_1_154' title='bbox 809 2247 1191 2315; x_wconf 89' lang='lat' dir='ltr'><strong>posteaquam</strong></span> <span class='ocrx_word' id='word_1_155' title='bbox 1206 2243 1471 2300; x_wconf 90' lang='lat' dir='ltr'><strong>desertus</strong></span> <span class='ocrx_word' id='word_1_156' title='bbox 1484 2245 1556 2300; x_wconf 88' lang='lat' dir='ltr'><strong>ab</strong></span> <span class='ocrx_word' id='word_1_157' title='bbox 1571 2245 1654 2300; x_wconf 91' lang='lat' dir='ltr'><strong>eis</strong></span> <span class='ocrx_word' id='word_1_158' title='bbox 1667 2257 1917 2316; x_wconf 89' lang='lat' dir='ltr'><strong>quorum</strong></span> 
     </span>
    </p>
   </div>
   <div class='ocr_carea' id='block_1_23' title="bbox 258 2326 1917 2403">
    <p class='ocr_par' dir='ltr' id='par_1_23' title="bbox 258 2326 1917 2403">
     <span class='ocr_line' id='line_1_23' title="bbox 258 2326 1917 2403; baseline 0.002 -20"><span class='ocrx_word' id='word_1_159' title='bbox 258 2326 495 2385; x_wconf 83' lang='lat' dir='ltr'><strong>ﬁdebat</strong></span> <span class='ocrx_word' id='word_1_160' title='bbox 525 2330 761 2398; x_wconf 88' lang='lat' dir='ltr'><strong>auxilio,</strong></span> <span class='ocrx_word' id='word_1_161' title='bbox 796 2346 1041 2402; x_wconf 90' lang='lat' dir='ltr'><strong>regnum</strong></span> <span class='ocrx_word' id='word_1_162' title='bbox 1073 2333 1326 2403; x_wconf 89' lang='lat' dir='ltr'><strong>recipere</strong></span> <span class='ocrx_word' id='word_1_163' title='bbox 1358 2349 1475 2388; x_wconf 89' lang='lat' dir='ltr'><strong>non</strong></span> <span class='ocrx_word' id='word_1_164' title='bbox 1519 2332 1735 2388; x_wconf 87' lang='lat' dir='ltr'><strong>evaluit</strong></span> <span class='ocrx_word' id='word_1_165' title='bbox 1785 2331 1828 2399; x_wconf 87' lang='grc'><strong>²,</strong></span> <span class='ocrx_word' id='word_1_166' title='bbox 1858 2331 1917 2387; x_wconf 91' lang='lat' dir='ltr'><strong>in</strong></span> 
     </span>
    </p>
   </div>
   <div class='ocr_carea' id='block_1_24' title="bbox 255 2420 1921 2494">
    <p class='ocr_par' dir='ltr' id='par_1_24' title="bbox 255 2420 1921 2494">
     <span class='ocr_line' id='line_1_24' title="bbox 255 2420 1921 2494; baseline 0.002 -20"><span class='ocrx_word' id='word_1_167' title='bbox 255 2420 491 2493; x_wconf 86' lang='lat' dir='ltr'><strong>Oppido</strong></span> <span class='ocrx_word' id='word_1_168' title='bbox 520 2420 774 2476; x_wconf 87' lang='lat' dir='ltr'><strong>Tusculo</strong></span> <span class='ocrx_word' id='word_1_169' title='bbox 794 2423 987 2476; x_wconf 69' lang='lat' dir='ltr'><strong>Roma</strong></span> <span class='ocrx_word' id='word_1_170' title='bbox 1009 2422 1194 2477; x_wconf 92' lang='lat' dir='ltr'><strong>vicino</strong></span> <span class='ocrx_word' id='word_1_171' title='bbox 1227 2423 1685 2494; x_wconf 90' lang='lat' dir='ltr'><strong>quatuordecim,</strong></span> <span class='ocrx_word' id='word_1_172' title='bbox 1715 2428 1782 2477; x_wconf 92' lang='lat' dir='ltr'><strong>ut</strong></span> <span class='ocrx_word' id='word_1_173' title='bbox 1804 2423 1921 2477; x_wconf 86' lang='lat' dir='ltr'><strong>fer-</strong></span> 
     </span>
    </p>
   </div>
   <div class='ocr_carea' id='block_1_25' title="bbox 249 2521 1916 2594">
    <p class='ocr_par' dir='ltr' id='par_1_25' title="bbox 249 2521 1916 2594">
     <span class='ocr_line' id='line_1_25' title="bbox 249 2521 1916 2594; baseline 0.001 -18"><span class='ocrx_word' id='word_1_174' title='bbox 249 2523 390 2587; x_wconf 87' lang='lat' dir='ltr'><strong>tur,</strong></span> <span class='ocrx_word' id='word_1_175' title='bbox 419 2535 610 2576; x_wconf 85' lang='lat' dir='ltr'><strong>annos</strong></span> <span class='ocrx_word' id='word_1_176' title='bbox 639 2521 924 2592; x_wconf 85' lang='lat' dir='ltr'><strong>privatam</strong></span> <span class='ocrx_word' id='word_1_177' title='bbox 955 2521 1132 2577; x_wconf 88' lang='lat' dir='ltr'><strong>vitam</strong></span> <span class='ocrx_word' id='word_1_178' title='bbox 1183 2522 1414 2594; x_wconf 88' lang='lat' dir='ltr'><strong>quietus</strong></span> <span class='ocrx_word' id='word_1_179' title='bbox 1441 2523 1665 2591; x_wconf 90' lang='lat' dir='ltr'><strong>habuit,</strong></span> <span class='ocrx_word' id='word_1_180' title='bbox 1698 2527 1754 2579; x_wconf 88' lang='lat' dir='ltr'><strong>et</strong></span> <span class='ocrx_word' id='word_1_181' title='bbox 1782 2538 1916 2579; x_wconf 92' lang='lat' dir='ltr'><strong>cum</strong></span> 
     </span>
    </p>
   </div>
   <div class='ocr_carea' id='block_1_26' title="bbox 245 2611 1916 2685">
    <p class='ocr_par' dir='ltr' id='par_1_26' title="bbox 245 2611 1916 2685">
     <span class='ocr_line' id='line_1_26' title="bbox 245 2611 1916 2685; baseline 0 -19"><span class='ocrx_word' id='word_1_182' title='bbox 245 2626 447 2666; x_wconf 83' lang='lat' dir='ltr'><strong>uxore</strong></span> <span class='ocrx_word' id='word_1_183' title='bbox 460 2612 767 2667; x_wconf 88' lang='lat' dir='ltr'><strong>consenuit</strong></span> <span class='ocrx_word' id='word_1_184' title='bbox 791 2611 1233 2683; x_wconf 80' lang='lat' dir='ltr'><strong>(b),optabiliore</strong></span> <span class='ocrx_word' id='word_1_185' title='bbox 1250 2613 1518 2670; x_wconf 82' lang='lat' dir='ltr'><strong>fortassis</strong></span> <span class='ocrx_word' id='word_1_186' title='bbox 1547 2617 1725 2683; x_wconf 84' lang='lat' dir='ltr'><strong>exitu,</strong></span> <span class='ocrx_word' id='word_1_187' title='bbox 1742 2627 1916 2685; x_wconf 89' lang='lat' dir='ltr'><strong>quam</strong></span> 
     </span>
    </p>
   </div>
   <div class='ocr_carea' id='block_1_27' title="bbox 246 2699 1911 2774">
    <p class='ocr_par' dir='ltr' id='par_1_27' title="bbox 246 2699 1911 2774">
     <span class='ocr_line' id='line_1_27' title="bbox 246 2699 1911 2774; baseline 0.003 -18"><span class='ocrx_word' id='word_1_188' title='bbox 246 2714 430 2756; x_wconf 87' lang='lat' dir='ltr'><strong>socer</strong></span> <span class='ocrx_word' id='word_1_189' title='bbox 459 2699 590 2770; x_wconf 87' lang='lat' dir='ltr'><strong>ejus</strong></span> <span class='ocrx_word' id='word_1_190' title='bbox 618 2699 817 2771; x_wconf 87' lang='lat' dir='ltr'><strong>generi</strong></span> <span class='ocrx_word' id='word_1_191' title='bbox 847 2701 940 2756; x_wconf 89' lang='lat' dir='ltr'><strong>sui</strong></span> <span class='ocrx_word' id='word_1_192' title='bbox 980 2701 1250 2767; x_wconf 82' lang='lat' dir='ltr'><strong>facinore,</strong></span> <span class='ocrx_word' id='word_1_193' title='bbox 1288 2718 1392 2758; x_wconf 91' lang='lat' dir='ltr'><strong>nec</strong></span> <span class='ocrx_word' id='word_1_194' title='bbox 1443 2702 1742 2774; x_wconf 86' lang='lat' dir='ltr'><strong>ignorante</strong></span> <span class='ocrx_word' id='word_1_195' title='bbox 1770 2703 1911 2774; x_wconf 87' lang='lat' dir='ltr'><strong>ﬁlia,</strong></span> 
     </span>
    </p>
   </div>
   <div class='ocr_carea' id='block_1_28' title="bbox 251 2787 1915 2861">
    <p class='ocr_par' dir='ltr' id='par_1_28' title="bbox 251 2787 1915 2861">
     <span class='ocr_line' id='line_1_28' title="bbox 251 2787 1915 2861; baseline 0.004 -18"><span class='ocrx_word' id='word_1_196' title='bbox 251 2787 416 2843; x_wconf 83' lang='lat' dir='ltr'><strong>sicut</strong></span> <span class='ocrx_word' id='word_1_197' title='bbox 471 2787 830 2859; x_wconf 87' lang='lat' dir='ltr'><strong>perhibetur,</strong></span> <span class='ocrx_word' id='word_1_198' title='bbox 881 2790 1208 2846; x_wconf 84' lang='lat' dir='ltr'><strong>exstinctus</strong></span> <span class='ocrx_word' id='word_1_199' title='bbox 1231 2792 1317 2861; x_wconf 79' lang='grc' dir='ltr'><strong>(ο).</strong></span> <span class='ocrx_word' id='word_1_200' title='bbox 1361 2790 1475 2848; x_wconf 90' lang='lat' dir='ltr'><strong>Nec</strong></span> <span class='ocrx_word' id='word_1_201' title='bbox 1513 2797 1707 2848; x_wconf 88' lang='lat' dir='ltr'><strong>tamen</strong></span> <span class='ocrx_word' id='word_1_202' title='bbox 1741 2794 1915 2850; x_wconf 85' lang='lat' dir='ltr'><strong>istum</strong></span> 
     </span>
    </p>
   </div>
   <div class='ocr_carea' id='block_1_29' title="bbox 250 2875 1913 2949">
    <p class='ocr_par' dir='ltr' id='par_1_29' title="bbox 250 2875 1913 2949">
     <span class='ocr_line' id='line_1_29' title="bbox 250 2875 1913 2949; baseline 0.005 -18"><span class='ocrx_word' id='word_1_203' title='bbox 250 2875 644 2947; x_wconf 89' lang='lat' dir='ltr'><strong>Tarquinium</strong></span> <span class='ocrx_word' id='word_1_204' title='bbox 675 2877 924 2934; x_wconf 82' lang='lat' dir='ltr'><strong>Romani</strong></span> <span class='ocrx_word' id='word_1_205' title='bbox 963 2878 1255 2935; x_wconf 89' lang='lat' dir='ltr'><strong>crudelem</strong></span> <span class='ocrx_word' id='word_1_206' title='bbox 1285 2885 1386 2936; x_wconf 87' lang='lat' dir='ltr'><strong>aut</strong></span> <span class='ocrx_word' id='word_1_207' title='bbox 1420 2880 1789 2949; x_wconf 89' lang='lat' dir='ltr'><strong>sceleratum,</strong></span> <span class='ocrx_word' id='word_1_208' title='bbox 1812 2885 1913 2940; x_wconf 93' lang='lat' dir='ltr'><strong>sed</strong></span> 
     </span>
    </p>
   </div>
   <div class='ocr_carea' id='block_1_30' title="bbox 251 2965 1916 3044">
    <p class='ocr_par' dir='ltr' id='par_1_30' title="bbox 251 2965 1916 3044">
     <span class='ocr_line' id='line_1_30' title="bbox 251 2965 1916 3044; baseline 0.005 -23"><span class='ocrx_word' id='word_1_209' title='bbox 251 2965 578 3038; x_wconf 89' lang='lat' dir='ltr'><strong>superbum</strong></span> <span class='ocrx_word' id='word_1_210' title='bbox 601 2965 1059 3037; x_wconf 85' lang='lat' dir='ltr'><strong>appellaverunt,</strong></span> <span class='ocrx_word' id='word_1_211' title='bbox 1085 2969 1348 3026; x_wconf 82' lang='lat' dir='ltr'><strong>fortassis</strong></span> <span class='ocrx_word' id='word_1_212' title='bbox 1363 2972 1554 3044; x_wconf 87' lang='lat' dir='ltr'><strong>regios</strong></span> <span class='ocrx_word' id='word_1_213' title='bbox 1573 2974 1623 3044; x_wconf 87' lang='lat' dir='ltr'><strong>ej</strong></span> <span class='ocrx_word' id='word_1_214' title='bbox 1635 2990 1702 3030; x_wconf 83' lang='lat' dir='ltr'><strong>as</strong></span> <span class='ocrx_word' id='word_1_215' title='bbox 1731 2974 1916 3030; x_wconf 84' lang='lat' dir='ltr'><strong>fastus</strong></span> 
     </span>
    </p>
   </div>
   <div class='ocr_carea' id='block_1_31' title="bbox 254 3053 1914 3126">
    <p class='ocr_par' dir='ltr' id='par_1_31' title="bbox 254 3053 1914 3126">
     <span class='ocr_line' id='line_1_31' title="bbox 254 3053 1914 3126; baseline 0.006 -16"><span class='ocrx_word' id='word_1_216' title='bbox 254 3053 368 3110; x_wconf 85' lang='lat' dir='ltr'><strong>alia</strong></span> <span class='ocrx_word' id='word_1_217' title='bbox 391 3054 668 3126; x_wconf 84' lang='lat' dir='ltr'><strong>superbia</strong></span> <span class='ocrx_word' id='word_1_218' title='bbox 697 3072 811 3111; x_wconf 91' lang='lat' dir='ltr'><strong>non</strong></span> <span class='ocrx_word' id='word_1_219' title='bbox 844 3057 1113 3114; x_wconf 89' lang='lat' dir='ltr'><strong>ferentes.</strong></span> <span class='ocrx_word' id='word_1_220' title='bbox 1147 3058 1292 3115; x_wconf 89' lang='lat' dir='ltr'><strong>Nam</strong></span> <span class='ocrx_word' id='word_1_221' title='bbox 1316 3060 1506 3116; x_wconf 87' lang='lat' dir='ltr'><strong>scelus</strong></span> <span class='ocrx_word' id='word_1_222' title='bbox 1536 3062 1711 3119; x_wconf 92' lang='lat' dir='ltr'><strong>occisi</strong></span> <span class='ocrx_word' id='word_1_223' title='bbox 1736 3063 1807 3118; x_wconf 92' lang='lat' dir='ltr'><strong>ab</strong></span> <span class='ocrx_word' id='word_1_224' title='bbox 1848 3079 1914 3120; x_wconf 92' lang='lat' dir='ltr'><strong>eo</strong></span> 
     </span>
    </p>
   </div>
   <div class='ocr_carea' id='block_1_32' title="bbox 251 3143 1912 3224">
    <p class='ocr_par' dir='ltr' id='par_1_32' title="bbox 251 3143 1912 3224">
     <span class='ocr_line' id='line_1_32' title="bbox 251 3143 1912 3224; baseline 0.006 -25"><span class='ocrx_word' id='word_1_225' title='bbox 251 3143 442 3200; x_wconf 84' lang='lat' dir='ltr'><strong>soceri</strong></span> <span class='ocrx_word' id='word_1_226' title='bbox 473 3143 681 3216; x_wconf 84' lang='lat' dir='ltr'><strong>optimi</strong></span> <span class='ocrx_word' id='word_1_227' title='bbox 712 3145 862 3217; x_wconf 84' lang='lat' dir='ltr'><strong>regis</strong></span> <span class='ocrx_word' id='word_1_228' title='bbox 892 3146 982 3202; x_wconf 89' lang='lat' dir='ltr'><strong>sui</strong></span> <span class='ocrx_word' id='word_1_229' title='bbox 1022 3163 1207 3219; x_wconf 88' lang='lat' dir='ltr'><strong>usque</strong></span> <span class='ocrx_word' id='word_1_230' title='bbox 1237 3149 1380 3205; x_wconf 89' lang='lat' dir='ltr'><strong>adeo</strong></span> <span class='ocrx_word' id='word_1_231' title='bbox 1412 3154 1912 3224; x_wconf 88' lang='lat' dir='ltr'><strong>contempserunt,</strong></span> 
     </span>
    </p>
   </div>
   <div class='ocr_carea' id='block_1_33' title="bbox 257 3237 1916 3306">
    <p class='ocr_par' dir='ltr' id='par_1_33' title="bbox 257 3237 1916 3306">
     <span class='ocr_line' id='line_1_33' title="bbox 257 3237 1916 3306; baseline 0.007 -17"><span class='ocrx_word' id='word_1_232' title='bbox 257 3239 478 3290; x_wconf 88' lang='lat' dir='ltr'><strong>nteum</strong></span> <span class='ocrx_word' id='word_1_233' title='bbox 498 3250 693 3306; x_wconf 87' lang='lat' dir='ltr'><strong>regem</strong></span> <span class='ocrx_word' id='word_1_234' title='bbox 712 3251 888 3292; x_wconf 88' lang='lat' dir='ltr'><strong>suum</strong></span> <span class='ocrx_word' id='word_1_235' title='bbox 907 3237 1191 3294; x_wconf 86' lang='lat' dir='ltr'><strong>facerent:</strong></span> <span class='ocrx_word' id='word_1_236' title='bbox 1227 3239 1327 3295; x_wconf 90' lang='lat' dir='ltr'><strong>ubi</strong></span> <span class='ocrx_word' id='word_1_237' title='bbox 1347 3240 1526 3296; x_wconf 91' lang='lat' dir='ltr'><strong>miror</strong></span> <span class='ocrx_word' id='word_1_238' title='bbox 1563 3241 1748 3298; x_wconf 89' lang='lat' dir='ltr'><strong>sinon</strong></span> <span class='ocrx_word' id='word_1_239' title='bbox 1787 3259 1916 3300; x_wconf 89' lang='lat' dir='ltr'><strong>sce-</strong></span> 
     </span>
    </p>
   </div>
   <div class='ocr_carea' id='block_1_34' title="bbox 257 3323 1913 3396">
    <p class='ocr_par' dir='ltr' id='par_1_34' title="bbox 257 3323 1913 3396">
     <span class='ocr_line' id='line_1_34' title="bbox 257 3323 1913 3396; baseline 0.007 -18"><span class='ocrx_word' id='word_1_240' title='bbox 257 3323 376 3380; x_wconf 91' lang='lat' dir='ltr'><strong>lere</strong></span> <span class='ocrx_word' id='word_1_241' title='bbox 397 3323 668 3396; x_wconf 87' lang='lat' dir='ltr'><strong>graviore</strong></span> <span class='ocrx_word' id='word_1_242' title='bbox 689 3325 1017 3382; x_wconf 89' lang='lat' dir='ltr'><strong>mercedem</strong></span> <span class='ocrx_word' id='word_1_243' title='bbox 1042 3331 1263 3384; x_wconf 87' lang='lat' dir='ltr'><strong>tantam</strong></span> <span class='ocrx_word' id='word_1_244' title='bbox 1296 3334 1461 3386; x_wconf 92' lang='lat' dir='ltr'><strong>tanto</strong></span> <span class='ocrx_word' id='word_1_245' title='bbox 1486 3330 1689 3387; x_wconf 91' lang='lat' dir='ltr'><strong>sceleri</strong></span> <span class='ocrx_word' id='word_1_246' title='bbox 1719 3333 1913 3388; x_wconf 90' lang='lat' dir='ltr'><strong>reddi-</strong></span> 
     </span>
    </p>
   </div>
   <div class='ocr_carea' id='block_1_35' title="bbox 258 3411 1908 3490">
    <p class='ocr_par' dir='ltr' id='par_1_35' title="bbox 258 3411 1908 3490">
     <span class='ocr_line' id='line_1_35' title="bbox 258 3411 1908 3490; baseline 0.004 -24"><span class='ocrx_word' id='word_1_247' title='bbox 258 3411 498 3468; x_wconf 90' lang='lat' dir='ltr'><strong>derunt.</strong></span> <span class='ocrx_word' id='word_1_248' title='bbox 513 3415 633 3468; x_wconf 80' lang='lat' dir='ltr'><strong>Nec</strong></span> <span class='ocrx_word' id='word_1_249' title='bbox 655 3434 684 3463; x_wconf 87' lang='lat'>«</span> <span class='ocrx_word' id='word_1_250' title='bbox 708 3413 1029 3471; x_wconf 84' lang='lat' dir='ltr'><strong>discessere</strong></span> <span class='ocrx_word' id='word_1_251' title='bbox 1050 3416 1240 3488; x_wconf 78' lang='lat' dir='ltr'><strong>adytis</strong></span> <span class='ocrx_word' id='word_1_252' title='bbox 1266 3417 1500 3490; x_wconf 88' lang='lat' dir='ltr'><strong>arisque</strong></span> <span class='ocrx_word' id='word_1_253' title='bbox 1524 3419 1736 3476; x_wconf 84' lang='lat' dir='ltr'><strong>relictis</strong></span> <span class='ocrx_word' id='word_1_254' title='bbox 1756 3421 1856 3477; x_wconf 91' lang='lat' dir='ltr'><strong>dii.</strong></span> <span class='ocrx_word' id='word_1_255' title='bbox 1886 3443 1908 3472; x_wconf 82' lang='grc'><strong>»</strong></span> 
     </span>
    </p>
   </div>
   <div class='ocr_carea' id='block_1_36' title="bbox 257 3499 1914 3577">
    <p class='ocr_par' dir='ltr' id='par_1_36' title="bbox 257 3499 1914 3577">
     <span class='ocr_line' id='line_1_36' title="bbox 257 3499 1914 3577; baseline 0.005 -21"><span class='ocrx_word' id='word_1_256' title='bbox 257 3499 378 3558; x_wconf 80' lang='lat' dir='ltr'><strong>Nisi</strong></span> <span class='ocrx_word' id='word_1_257' title='bbox 412 3502 563 3557; x_wconf 85' lang='lat' dir='ltr'><strong>forte</strong></span> <span class='ocrx_word' id='word_1_258' title='bbox 596 3501 888 3574; x_wconf 87' lang='lat' dir='ltr'><strong>quispiam</strong></span> <span class='ocrx_word' id='word_1_259' title='bbox 913 3503 996 3559; x_wconf 90' lang='lat' dir='ltr'><strong>sic</strong></span> <span class='ocrx_word' id='word_1_260' title='bbox 1019 3503 1291 3562; x_wconf 89' lang='lat' dir='ltr'><strong>defendat</strong></span> <span class='ocrx_word' id='word_1_261' title='bbox 1312 3507 1456 3562; x_wconf 88' lang='lat' dir='ltr'><strong>istos</strong></span> <span class='ocrx_word' id='word_1_262' title='bbox 1480 3507 1640 3577; x_wconf 91' lang='lat' dir='ltr'><strong>deos,</strong></span> <span class='ocrx_word' id='word_1_263' title='bbox 1665 3514 1728 3564; x_wconf 90' lang='lat' dir='ltr'><strong>ut</strong></span> <span class='ocrx_word' id='word_1_264' title='bbox 1757 3509 1914 3566; x_wconf 88' lang='lat' dir='ltr'><strong>dicat</strong></span> 
     </span>
    </p>
   </div>
   <div class='ocr_carea' id='block_1_37' title="bbox 256 3590 1912 3668">
    <p class='ocr_par' dir='ltr' id='par_1_37' title="bbox 256 3590 1912 3668">
     <span class='ocr_line' id='line_1_37' title="bbox 256 3590 1912 3668; baseline 0.004 -22"><span class='ocrx_word' id='word_1_265' title='bbox 256 3606 354 3648; x_wconf 90' lang='lat' dir='ltr'><strong>eos</strong></span> <span class='ocrx_word' id='word_1_266' title='bbox 374 3590 512 3647; x_wconf 89' lang='lat' dir='ltr'><strong>ideo</strong></span> <span class='ocrx_word' id='word_1_267' title='bbox 535 3592 828 3648; x_wconf 86' lang='lat' dir='ltr'><strong>mansisse</strong></span> <span class='ocrx_word' id='word_1_268' title='bbox 841 3592 1057 3663; x_wconf 69' lang='lat' dir='ltr'><strong>Romae,</strong></span> <span class='ocrx_word' id='word_1_269' title='bbox 1082 3611 1197 3666; x_wconf 92' lang='lat' dir='ltr'><strong>quo</strong></span> <span class='ocrx_word' id='word_1_270' title='bbox 1211 3600 1449 3668; x_wconf 88' lang='lat' dir='ltr'><strong>possent</strong></span> <span class='ocrx_word' id='word_1_271' title='bbox 1471 3596 1766 3652; x_wconf 85' lang='lat' dir='ltr'><strong>Romanos</strong></span> <span class='ocrx_word' id='word_1_272' title='bbox 1790 3614 1912 3653; x_wconf 87' lang='lat' dir='ltr'><strong>ma-</strong></span> 
     </span>
    </p>
   </div>
   <div class='ocr_carea' id='block_1_38' title="bbox 252 3682 1912 3757">
    <p class='ocr_par' dir='ltr' id='par_1_38' title="bbox 252 3682 1912 3757">
     <span class='ocr_line' id='line_1_38' title="bbox 252 3682 1912 3757; baseline 0.002 -19"><span class='ocrx_word' id='word_1_273' title='bbox 252 3682 338 3752; x_wconf 88' lang='lat' dir='ltr'><strong>gis</strong></span> <span class='ocrx_word' id='word_1_274' title='bbox 365 3683 585 3754; x_wconf 88' lang='lat' dir='ltr'><strong>punire</strong></span> <span class='ocrx_word' id='word_1_275' title='bbox 613 3683 946 3756; x_wconf 89' lang='lat' dir='ltr'><strong>suppliciis,</strong></span> <span class='ocrx_word' id='word_1_276' title='bbox 973 3701 1149 3757; x_wconf 91' lang='lat' dir='ltr'><strong>quam</strong></span> <span class='ocrx_word' id='word_1_277' title='bbox 1174 3686 1472 3742; x_wconf 84' lang='lat' dir='ltr'><strong>beneﬁciis</strong></span> <span class='ocrx_word' id='word_1_278' title='bbox 1491 3687 1785 3756; x_wconf 88' lang='lat' dir='ltr'><strong>adjuvare,</strong></span> <span class='ocrx_word' id='word_1_279' title='bbox 1820 3703 1912 3742; x_wconf 91' lang='lat' dir='ltr'><strong>se-</strong></span> 
     </span>
    </p>
   </div>
   <div class='ocr_carea' id='block_1_39' title="bbox 253 3772 1912 3846">
    <p class='ocr_par' dir='ltr' id='par_1_39' title="bbox 253 3772 1912 3846">
     <span class='ocr_line' id='line_1_39' title="bbox 253 3772 1912 3846; baseline 0.005 -19"><span class='ocrx_word' id='word_1_280' title='bbox 253 3772 534 3830; x_wconf 89' lang='lat' dir='ltr'><strong>ducentes</strong></span> <span class='ocrx_word' id='word_1_281' title='bbox 552 3789 652 3829; x_wconf 91' lang='lat' dir='ltr'><strong>eos</strong></span> <span class='ocrx_word' id='word_1_282' title='bbox 670 3774 837 3830; x_wconf 91' lang='lat' dir='ltr'><strong>vanis</strong></span> <span class='ocrx_word' id='word_1_283' title='bbox 857 3774 1116 3832; x_wconf 87' lang='lat' dir='ltr'><strong>victoriis</strong></span> <span class='ocrx_word' id='word_1_284' title='bbox 1134 3781 1192 3833; x_wconf 92' lang='lat' dir='ltr'><strong>et</strong></span> <span class='ocrx_word' id='word_1_285' title='bbox 1223 3775 1388 3832; x_wconf 90' lang='lat' dir='ltr'><strong>bellis</strong></span> <span class='ocrx_word' id='word_1_286' title='bbox 1403 3775 1756 3846; x_wconf 81' lang='lat' dir='ltr'><strong>gravissimis</strong></span> <span class='ocrx_word' id='word_1_287' title='bbox 1779 3793 1912 3835; x_wconf 88' lang='lat' dir='ltr'><strong>con-</strong></span> 
     </span>
    </p>
   </div>
   <div class='ocr_carea' id='block_1_40' title="bbox 251 3862 1910 3939">
    <p class='ocr_par' dir='ltr' id='par_1_40' title="bbox 251 3862 1910 3939">
     <span class='ocr_line' id='line_1_40' title="bbox 251 3862 1910 3939; baseline 0.004 -21"><span class='ocrx_word' id='word_1_288' title='bbox 251 3865 529 3918; x_wconf 78' lang='lat' dir='ltr'><strong>terentes.</strong></span> <span class='ocrx_word' id='word_1_289' title='bbox 569 3863 697 3918; x_wconf 71' lang='lat' dir='ltr'><strong>Hmc</strong></span> <span class='ocrx_word' id='word_1_290' title='bbox 728 3862 836 3920; x_wconf 90' lang='lat' dir='ltr'><strong>fuit</strong></span> <span class='ocrx_word' id='word_1_291' title='bbox 899 3863 1296 3922; x_wconf 80' lang='lat' dir='ltr'><strong>Romanorum</strong></span> <span class='ocrx_word' id='word_1_292' title='bbox 1356 3865 1471 3921; x_wconf 87' lang='lat' dir='ltr'><strong>vita</strong></span> <span class='ocrx_word' id='word_1_293' title='bbox 1518 3865 1629 3922; x_wconf 90' lang='lat' dir='ltr'><strong>sub</strong></span> <span class='ocrx_word' id='word_1_294' title='bbox 1677 3869 1910 3939; x_wconf 88' lang='lat' dir='ltr'><strong>regibus</strong></span> 
     </span>
    </p>
   </div>
   <div class='ocr_carea' id='block_1_41' title="bbox 254 3948 1910 4030">
    <p class='ocr_par' dir='ltr' id='par_1_41' title="bbox 254 3948 1910 4030">
     <span class='ocr_line' id='line_1_41' title="bbox 254 3948 1910 4030; baseline 0.005 -26"><span class='ocrx_word' id='word_1_295' title='bbox 254 3948 530 4008; x_wconf 82' lang='lat' dir='ltr'><strong>laudabili</strong></span> <span class='ocrx_word' id='word_1_296' title='bbox 554 3956 824 4023; x_wconf 90' lang='lat' dir='ltr'><strong>tempore</strong></span> <span class='ocrx_word' id='word_1_297' title='bbox 841 3952 1002 4010; x_wconf 90' lang='lat' dir='ltr'><strong>illius</strong></span> <span class='ocrx_word' id='word_1_298' title='bbox 1024 3954 1358 4026; x_wconf 68' lang='lat' dir='ltr'><strong>reipublicaa</strong></span> <span class='ocrx_word' id='word_1_299' title='bbox 1388 3971 1576 4028; x_wconf 87' lang='lat' dir='ltr'><strong>usque</strong></span> <span class='ocrx_word' id='word_1_300' title='bbox 1604 3955 1678 4012; x_wconf 90' lang='lat' dir='ltr'><strong>ad</strong></span> <span class='ocrx_word' id='word_1_301' title='bbox 1709 3956 1910 4030; x_wconf 87' lang='lat' dir='ltr'><strong>expul-</strong></span> 
     </span>
    </p>
   </div>
   <div class='ocr_carea' id='block_1_42' title="bbox 249 4041 1911 4117">
    <p class='ocr_par' dir='ltr' id='par_1_42' title="bbox 249 4041 1911 4117">
     <span class='ocr_line' id='line_1_42' title="bbox 249 4041 1911 4117; baseline 0.005 -21"><span class='ocrx_word' id='word_1_302' title='bbox 249 4041 474 4098; x_wconf 88' lang='lat' dir='ltr'><strong>sionem</strong></span> <span class='ocrx_word' id='word_1_303' title='bbox 507 4043 819 4114; x_wconf 88' lang='lat' dir='ltr'><strong>Tarquinii</strong></span> <span class='ocrx_word' id='word_1_304' title='bbox 861 4045 1106 4115; x_wconf 87' lang='lat' dir='ltr'><strong>Superbi</strong></span> <span class='ocrx_word' id='word_1_305' title='bbox 1165 4061 1268 4117; x_wconf 91' lang='lat' dir='ltr'><strong>per</strong></span> <span class='ocrx_word' id='word_1_306' title='bbox 1298 4047 1581 4103; x_wconf 88' lang='lat' dir='ltr'><strong>ducentos</strong></span> <span class='ocrx_word' id='word_1_307' title='bbox 1642 4047 1821 4104; x_wconf 84' lang='lat' dir='ltr'><strong>ferme</strong></span> <span class='ocrx_word' id='word_1_308' title='bbox 1852 4052 1911 4106; x_wconf 93' lang='lat' dir='ltr'><strong>et</strong></span> 
     </span>
    </p>
   </div>
   <div class='ocr_carea' id='block_1_43' title="bbox 255 4129 1908 4202">
    <p class='ocr_par' dir='ltr' id='par_1_43' title="bbox 255 4129 1908 4202">
     <span class='ocr_line' id='line_1_43' title="bbox 255 4129 1908 4202; baseline 0.004 -18"><span class='ocrx_word' id='word_1_309' title='bbox 255 4129 644 4201; x_wconf 84' lang='lat' dir='ltr'><strong>quadraginta</strong></span> <span class='ocrx_word' id='word_1_310' title='bbox 671 4134 729 4186; x_wconf 91' lang='lat' dir='ltr'><strong>et</strong></span> <span class='ocrx_word' id='word_1_311' title='bbox 758 4133 875 4186; x_wconf 90' lang='lat' dir='ltr'><strong>tres</strong></span> <span class='ocrx_word' id='word_1_312' title='bbox 909 4146 1116 4202; x_wconf 88' lang='lat' dir='ltr'><strong>annos,</strong></span> <span class='ocrx_word' id='word_1_313' title='bbox 1157 4147 1292 4188; x_wconf 91' lang='lat' dir='ltr'><strong>cum</strong></span> <span class='ocrx_word' id='word_1_314' title='bbox 1327 4132 1435 4188; x_wconf 67' lang='lat' dir='ltr'><strong>ille:</strong></span> <span class='ocrx_word' id='word_1_315' title='bbox 1486 4149 1689 4190; x_wconf 89' lang='lat' dir='ltr'><strong>omnes</strong></span> <span class='ocrx_word' id='word_1_316' title='bbox 1726 4134 1908 4191; x_wconf 91' lang='lat' dir='ltr'><strong>victo-</strong></span> 
     </span>
    </p>
   </div>
   <div class='ocr_carea' id='block_1_44' title="bbox 256 4216 1910 4293">
    <p class='ocr_par' dir='ltr' id='par_1_44' title="bbox 256 4216 1910 4293">
     <span class='ocr_line' id='line_1_44' title="bbox 256 4216 1910 4293; baseline 0.004 -22"><span class='ocrx_word' id='word_1_317' title='bbox 256 4217 347 4272; x_wconf 70' lang='lat' dir='ltr'><strong>ria</strong></span> <span class='ocrx_word' id='word_1_318' title='bbox 378 4221 502 4273; x_wconf 87' lang='lat' dir='ltr'><strong>tam</strong></span> <span class='ocrx_word' id='word_1_319' title='bbox 537 4216 722 4273; x_wconf 84' lang='lat' dir='ltr'><strong>multo</strong></span> <span class='ocrx_word' id='word_1_320' title='bbox 775 4219 1057 4290; x_wconf 87' lang='lat' dir='ltr'><strong>sanguine</strong></span> <span class='ocrx_word' id='word_1_321' title='bbox 1088 4226 1143 4275; x_wconf 89' lang='lat' dir='ltr'><strong>et</strong></span> <span class='ocrx_word' id='word_1_322' title='bbox 1173 4220 1353 4276; x_wconf 90' lang='lat' dir='ltr'><strong>tantis</strong></span> <span class='ocrx_word' id='word_1_323' title='bbox 1411 4225 1616 4293; x_wconf 69' lang='lat' dir='ltr'><strong>emptae</strong></span> <span class='ocrx_word' id='word_1_324' title='bbox 1673 4221 1910 4278; x_wconf 91' lang='lat' dir='ltr'><strong>calami-</strong></span> 
     </span>
    </p>
   </div>
   <div class='ocr_carea' id='block_1_45' title="bbox 255 4304 1908 4382">
    <p class='ocr_par' dir='ltr' id='par_1_45' title="bbox 255 4304 1908 4382">
     <span class='ocr_line' id='line_1_45' title="bbox 255 4304 1908 4382; baseline 0.005 -22"><span class='ocrx_word' id='word_1_325' title='bbox 255 4307 499 4374; x_wconf 82' lang='lat' dir='ltr'><strong>tatibus,</strong></span> <span class='ocrx_word' id='word_1_326' title='bbox 532 4305 627 4362; x_wconf 80' lang='lat' dir='ltr'><strong>vix</strong></span> <span class='ocrx_word' id='word_1_327' title='bbox 660 4304 806 4362; x_wconf 89' lang='lat' dir='ltr'><strong>illud</strong></span> <span class='ocrx_word' id='word_1_328' title='bbox 854 4306 1166 4377; x_wconf 89' lang='lat' dir='ltr'><strong>imperium</strong></span> <span class='ocrx_word' id='word_1_329' title='bbox 1207 4309 1362 4366; x_wconf 87' lang='lat' dir='ltr'><strong>intra</strong></span> <span class='ocrx_word' id='word_1_330' title='bbox 1400 4308 1601 4382; x_wconf 86' lang='lat' dir='ltr'><strong>viginti</strong></span> <span class='ocrx_word' id='word_1_331' title='bbox 1634 4311 1705 4366; x_wconf 92' lang='lat' dir='ltr'><strong>ab</strong></span> <span class='ocrx_word' id='word_1_332' title='bbox 1759 4311 1908 4368; x_wconf 88' lang='lat' dir='ltr'><strong>Urbe</strong></span> 
     </span>
    </p>
   </div>
   <div class='ocr_carea' id='block_1_46' title="bbox 256 4393 1907 4469">
    <p class='ocr_par' dir='ltr' id='par_1_46' title="bbox 256 4393 1907 4469">
     <span class='ocr_line' id='line_1_46' title="bbox 256 4393 1907 4469; baseline 0.005 -21"><span class='ocrx_word' id='word_1_333' title='bbox 256 4393 438 4452; x_wconf 87' lang='lat' dir='ltr'><strong>millia</strong></span> <span class='ocrx_word' id='word_1_334' title='bbox 468 4393 493 4429; x_wconf 78' lang='grc'><strong>³</strong></span> <span class='ocrx_word' id='word_1_335' title='bbox 514 4393 887 4452; x_wconf 85' lang='lat' dir='ltr'><strong>dilataverint</strong></span> <span class='ocrx_word' id='word_1_336' title='bbox 910 4411 923 4450; x_wconf 91' lang='lat'>:</span> <span class='ocrx_word' id='word_1_337' title='bbox 945 4400 1232 4468; x_wconf 89' lang='lat' dir='ltr'><strong>quantum</strong></span> <span class='ocrx_word' id='word_1_338' title='bbox 1256 4398 1510 4469; x_wconf 89' lang='lat' dir='ltr'><strong>spatium</strong></span> <span class='ocrx_word' id='word_1_339' title='bbox 1527 4398 1682 4456; x_wconf 90' lang='lat' dir='ltr'><strong>absit</strong></span> <span class='ocrx_word' id='word_1_340' title='bbox 1699 4403 1762 4454; x_wconf 90' lang='lat' dir='ltr'><strong>ut</strong></span> <span class='ocrx_word' id='word_1_341' title='bbox 1791 4399 1907 4456; x_wconf 88' lang='lat' dir='ltr'><strong>sal-</strong></span> 
     </span>
    </p>
   </div>
   <div class='ocr_carea' id='block_1_47' title="bbox 255 4484 1906 4561">
    <p class='ocr_par' dir='ltr' id='par_1_47' title="bbox 255 4484 1906 4561">
     <span class='ocr_line' id='line_1_47' title="bbox 255 4484 1906 4561; baseline 0.004 -22"><span class='ocrx_word' id='word_1_342' title='bbox 255 4486 368 4540; x_wconf 87' lang='lat' dir='ltr'><strong>tem</strong></span> <span class='ocrx_word' id='word_1_343' title='bbox 399 4484 658 4555; x_wconf 87' lang='lat' dir='ltr'><strong>alicujus</strong></span> <span class='ocrx_word' id='word_1_344' title='bbox 677 4484 897 4542; x_wconf 73' lang='lat' dir='ltr'><strong>Getulaa</strong></span> <span class='ocrx_word' id='word_1_345' title='bbox 925 4485 1174 4543; x_wconf 89' lang='lat' dir='ltr'><strong>civitatis</strong></span> <span class='ocrx_word' id='word_1_346' title='bbox 1192 4485 1428 4561; x_wconf 83' lang='lat' dir='ltr'><strong>(d)nunc</strong></span> <span class='ocrx_word' id='word_1_347' title='bbox 1447 4487 1734 4546; x_wconf 88' lang='lat' dir='ltr'><strong>territorio</strong></span> <span class='ocrx_word' id='word_1_348' title='bbox 1756 4504 1906 4546; x_wconf 89' lang='lat' dir='ltr'><strong>com-</strong></span> 
     </span>
    </p>
   </div>
   <div class='ocr_carea' id='block_1_48' title="bbox 256 4575 532 4644">
    <p class='ocr_par' dir='ltr' id='par_1_48' title="bbox 256 4575 532 4644">
     <span class='ocr_line' id='line_1_48' title="bbox 256 4575 532 4644; baseline 0.007 -15"><span class='ocrx_word' id='word_1_349' title='bbox 256 4577 493 4644; x_wconf 83' lang='lat' dir='ltr'><strong>paretur</strong></span> <span class='ocrx_word' id='word_1_350' title='bbox 518 4575 532 4631; x_wconf 87' lang='lat' dir='ltr'><strong>l</strong></span> 
     </span>
    </p>
   </div>
   <div class='ocr_carea' id='block_1_49' title="bbox 315 4809 1906 4876">
    <p class='ocr_par' dir='ltr' id='par_1_49' title="bbox 315 4809 1906 4876">
     <span class='ocr_line' id='line_1_49' title="bbox 315 4809 1906 4876; baseline 0.004 -14"><span class='ocrx_word' id='word_1_351' title='bbox 315 4814 329 4848; x_wconf 84' lang='grc'>¹</span> <span class='ocrx_word' id='word_1_352' title='bbox 353 4809 516 4867; x_wconf 79' lang='lat' dir='ltr'><strong>Editi.</strong></span> <span class='ocrx_word' id='word_1_353' title='bbox 539 4810 604 4861; x_wconf 86' lang='lat' dir='ltr'><strong>de</strong></span> <span class='ocrx_word' id='word_1_354' title='bbox 619 4811 892 4862; x_wconf 80' lang='lat' dir='ltr'><strong>bellorum</strong></span> <span class='ocrx_word' id='word_1_355' title='bbox 906 4813 1211 4864; x_wconf 76' lang='lat' dir='ltr'><strong>manubiis.</strong></span> <span class='ocrx_word' id='word_1_356' title='bbox 1234 4814 1412 4873; x_wconf 82' lang='lat' dir='ltr'><strong>Abest,</strong></span> <span class='ocrx_word' id='word_1_357' title='bbox 1430 4815 1724 4876; x_wconf 84' lang='lat' dir='ltr'><strong>bellorum,</strong></span> <span class='ocrx_word' id='word_1_358' title='bbox 1745 4830 1778 4866; x_wconf 86' lang='lat' dir='ltr'><strong>a</strong></span> <span class='ocrx_word' id='word_1_359' title='bbox 1794 4829 1906 4867; x_wconf 84' lang='lat' dir='ltr'><strong>ma-</strong></span> 
     </span>
    </p>
   </div>
   <div class='ocr_carea' id='block_1_50' title="bbox 254 4875 1902 4943">
    <p class='ocr_par' dir='ltr' id='par_1_50' title="bbox 254 4875 1902 4943">
     <span class='ocr_line' id='line_1_50' title="bbox 254 4875 1902 4943; baseline 0.003 -20"><span class='ocrx_word' id='word_1_360' title='bbox 254 4875 579 4943; x_wconf 52' lang='lat' dir='ltr'><strong>nuscriptisj</strong></span> <span class='ocrx_word' id='word_1_361' title='bbox 599 4889 887 4943; x_wconf 84' lang='lat' dir='ltr'><strong>_nec__op_us</strong></span> <span class='ocrx_word' id='word_1_362' title='bbox 922 4879 1037 4927; x_wconf 86' lang='lat' dir='ltr'><strong>erat</strong></span> <span class='ocrx_word' id='word_1_363' title='bbox 1081 4878 1301 4937; x_wconf 86' lang='lat' dir='ltr'><strong>addere;</strong></span> <span class='ocrx_word' id='word_1_364' title='bbox 1333 4879 1564 4943; x_wconf 85' lang='lat' dir='ltr'><strong>quando,</strong></span> <span class='ocrx_word' id='word_1_365' title='bbox 1600 4875 1902 4943; x_wconf 73' lang='lat' dir='ltr'><strong>manubiis,</strong></span> 
     </span>
    </p>
   </div>
   <div class='ocr_carea' id='block_1_51' title="bbox 254 4937 1906 5004">
    <p class='ocr_par' dir='ltr' id='par_1_51' title="bbox 254 4937 1906 5004">
     <span class='ocr_line' id='line_1_51' title="bbox 254 4937 1906 5004; baseline 0.004 -18"><span class='ocrx_word' id='word_1_366' title='bbox 254 4937 570 5004; x_wconf 79' lang='lat' dir='ltr'><strong>aliud</strong></span> <span class='ocrx_word' id='word_1_367' title='bbox 597 4937 1103 5004; x_wconf 15' lang='lat' dir='ltr'><strong>intelligituriquam</strong></span> <span class='ocrx_word' id='word_1_368' title='bbox 1131 4943 1326 5002; x_wconf 89' lang='lat' dir='ltr'><strong>praeda</strong></span> <span class='ocrx_word' id='word_1_369' title='bbox 1346 4937 1492 4990; x_wconf 82' lang='lat' dir='ltr'><strong>bello</strong></span> <span class='ocrx_word' id='word_1_370' title='bbox 1520 4937 1693 5004; x_wconf 82' lang='lat' dir='ltr'><strong>parta,</strong></span> <span class='ocrx_word' id='word_1_371' title='bbox 1723 4945 1811 4992; x_wconf 86' lang='lat' dir='ltr'><strong>vel</strong></span> <span class='ocrx_word' id='word_1_372' title='bbox 1838 4937 1906 4994; x_wconf 70' lang='lat' dir='ltr'><strong>ex</strong></span> 
     </span>
    </p>
   </div>
   <div class='ocr_carea' id='block_1_52' title="bbox 275 4955 1900 5072">
    <p class='ocr_par' dir='ltr' id='par_1_52' title="bbox 275 4955 1900 5072">
     <span class='ocr_line' id='line_1_52' title="bbox 275 4955 1900 5004; baseline 0.004 -18"><span class='ocrx_word' id='word_1_373' title='bbox 275 4955 386 4986; x_wconf 84' lang='lat' dir='ltr'><strong>tum</strong></span> <span class='ocrx_word' id='word_1_374' title='bbox 414 4955 570 4987; x_wconf 80' lang='lat' dir='ltr'><strong>anno</strong></span> <span class='ocrx_word' id='word_1_375' title='bbox 597 4955 916 5000; x_wconf 77' lang='grc' dir='ltr'><strong>ιηιοωεςιιῖιιι·</strong></span> <span class='ocrx_word' id='word_1_376' title='bbox 977 4955 1103 4989; x_wconf 87' lang='lat' dir='ltr'><strong>nam</strong></span> <span class='ocrx_word' id='word_1_377' title='bbox 1131 4955 1326 5002; x_wconf 88' lang='lat' dir='ltr'><strong>praeua</strong></span> <span class='ocrx_word' id='word_1_378' title='bbox 1355 4955 1492 4990; x_wconf 83' lang='lat' dir='ltr'><strong>neue</strong></span> <span class='ocrx_word' id='word_1_379' title='bbox 1520 4955 1693 5004; x_wconf 84' lang='lat' dir='ltr'><strong>parta,</strong></span> <span class='ocrx_word' id='word_1_380' title='bbox 1723 4955 1811 4992; x_wconf 86' lang='lat' dir='ltr'><strong>vet</strong></span> <span class='ocrx_word' id='word_1_381' title='bbox 1838 4958 1900 4994; x_wconf 86' lang='lat' dir='ltr'><strong>ex</strong></span> 
     </span>
     <span class='ocr_line' id='line_1_53' title="bbox 275 4955 1900 5072; baseline 0.005 -24"><span class='ocrx_word' id='word_1_382' title='bbox 275 5002 478 5072; x_wconf 52' lang='lat' dir='ltr'><strong>[raedae</strong></span> <span class='ocrx_word' id='word_1_383' title='bbox 505 5001 818 5072; x_wconf 49' lang='lat' dir='ltr'><strong>venditione</strong></span> <span class='ocrx_word' id='word_1_384' title='bbox 863 4955 1366 5072; x_wconf 50' lang='lat' dir='ltr'><strong>colllectapecunia.</strong></span> <span class='ocrx_word' id='word_1_385' title='bbox 1399 5005 1513 5072; x_wconf 73' lang='lat' dir='ltr'><strong>Vid.</strong></span> <span class='ocrx_word' id='word_1_386' title='bbox 1547 5006 1620 5072; x_wconf 49' lang='grc' dir='ltr'>Α.</span> <span class='ocrx_word' id='word_1_387' title='bbox 1655 5004 1900 5072; x_wconf 75' lang='lat' dir='ltr'><strong>Gellium,</strong></span> 
     </span>
    </p>
   </div>
   <div class='ocr_carea' id='block_1_53' title="bbox 332 5063 1900 5129">
    <p class='ocr_par' dir='ltr' id='par_1_53' title="bbox 332 5063 1900 5129">
     <span class='ocr_line' id='line_1_54' title="bbox 332 5063 1900 5129; baseline 0.008 -20"><span class='ocrx_word' id='word_1_388' title='bbox 332 5100 341 5109; x_wconf 90' lang='lat'><strong>.</strong></span> <span class='ocrx_word' id='word_1_389' title='bbox 375 5063 457 5124; x_wconf 84' lang='grc'><strong>13,</strong></span> <span class='ocrx_word' id='word_1_390' title='bbox 491 5077 535 5113; x_wconf 89' lang='lat' dir='ltr'><strong>c.</strong></span> <span class='ocrx_word' id='word_1_391' title='bbox 564 5063 669 5129; x_wconf 29' lang='lat'><strong>23‘;</strong></span> <span class='ocrx_word' id='word_1_392' title='bbox 702 5064 885 5114; x_wconf 85' lang='lat' dir='ltr'><strong>Florus</strong></span> <span class='ocrx_word' id='word_1_393' title='bbox 913 5067 977 5114; x_wconf 91' lang='lat' dir='ltr'><strong>de</strong></span> <span class='ocrx_word' id='word_1_394' title='bbox 1017 5063 1198 5114; x_wconf 78' lang='lat' dir='ltr'><strong>eodem</strong></span> <span class='ocrx_word' id='word_1_395' title='bbox 1225 5067 1513 5129; x_wconf 89' lang='lat' dir='ltr'><strong>Tarquinio</strong></span> <span class='ocrx_word' id='word_1_396' title='bbox 1547 5068 1638 5115; x_wconf 90' lang='lat' dir='ltr'><strong>lib.</strong></span> <span class='ocrx_word' id='word_1_397' title='bbox 1675 5069 1720 5124; x_wconf 85' lang='grc'><strong>1,</strong></span> <span class='ocrx_word' id='word_1_398' title='bbox 1751 5084 1795 5119; x_wconf 90' lang='lat' dir='ltr'><strong>c.</strong></span> <span class='ocrx_word' id='word_1_399' title='bbox 1825 5069 1857 5119; x_wconf 88' lang='lat'><strong>7</strong></span> <span class='ocrx_word' id='word_1_400' title='bbox 1886 5083 1900 5121; x_wconf 89' lang='lat'><strong>:</strong></span> 
     </span>
    </p>
   </div>
   <div class='ocr_carea' id='block_1_54' title="bbox 252 5125 1777 5193">
    <p class='ocr_par' dir='ltr' id='par_1_54' title="bbox 252 5125 1777 5193">
     <span class='ocr_line' id='line_1_55' title="bbox 252 5125 1777 5193; baseline 0.003 -24"><span class='ocrx_word' id='word_1_401' title='bbox 252 5143 276 5168; x_wconf 79' lang='grc' dir='ltr'>ι</span> <span class='ocrx_word' id='word_1_402' title='bbox 295 5125 673 5193; x_wconf 47' lang='lat' dir='ltr'><strong>Qelnanubiis</strong></span> <span class='ocrx_word' id='word_1_403' title='bbox 698 5129 972 5193; x_wconf 84' lang='lat' dir='ltr'><strong>captarum</strong></span> <span class='ocrx_word' id='word_1_404' title='bbox 999 5129 1216 5193; x_wconf 77' lang='lat' dir='ltr'><strong>u_rb_i_ur_n</strong></span> <span class='ocrx_word' id='word_1_405' title='bbox 1248 5125 1495 5193; x_wconf 69' lang='lat' dir='ltr'><strong>templum</strong></span> <span class='ocrx_word' id='word_1_406' title='bbox 1525 5132 1710 5180; x_wconf 82' lang='lat' dir='ltr'><strong>erexit.</strong></span> <span class='ocrx_word' id='word_1_407' title='bbox 1751 5151 1777 5174; x_wconf 69' lang='grc' dir='ltr'><strong>ι</strong></span> 
     </span>
    </p>
   </div>
   <div class='ocr_carea' id='block_1_55' title="bbox 313 5187 1806 5255">
    <p class='ocr_par' dir='ltr' id='par_1_55' title="bbox 313 5187 1806 5255">
     <span class='ocr_line' id='line_1_56' title="bbox 313 5187 1806 5255; baseline 0.003 -17"><span class='ocrx_word' id='word_1_408' title='bbox 313 5187 335 5255; x_wconf 58' lang='grc' dir='ltr'><strong><em>ξ</em></strong></span> <span class='ocrx_word' id='word_1_409' title='bbox 365 5187 456 5255; x_wconf 73' lang='lat' dir='ltr'><strong>Sic</strong></span> <span class='ocrx_word' id='word_1_410' title='bbox 484 5201 671 5238; x_wconf 88' lang='lat' dir='ltr'><strong>omnes</strong></span> <span class='ocrx_word' id='word_1_411' title='bbox 697 5187 1058 5255; x_wconf 69' lang='lat' dir='ltr'><strong>manuscripti.</strong></span> <span class='ocrx_word' id='word_1_412' title='bbox 1090 5191 1258 5254; x_wconf 81' lang='lat' dir='ltr'><strong>Vulgo</strong></span> <span class='ocrx_word' id='word_1_413' title='bbox 1285 5187 1578 5255; x_wconf 70' lang='lat' dir='ltr'><strong>legebatur,</strong></span> <span class='ocrx_word' id='word_1_414' title='bbox 1611 5194 1806 5243; x_wconf 81' lang='lat' dir='ltr'><strong>valuit.</strong></span> 
     </span>
    </p>
   </div>
   <div class='ocr_carea' id='block_1_56' title="bbox 315 5250 1531 5309">
    <p class='ocr_par' dir='ltr' id='par_1_56' title="bbox 315 5250 1531 5309">
     <span class='ocr_line' id='line_1_57' title="bbox 315 5250 1531 5309; baseline 0.005 -10"><span class='ocrx_word' id='word_1_415' title='bbox 315 5252 335 5284; x_wconf 82' lang='grc'><strong>³</strong></span> <span class='ocrx_word' id='word_1_416' title='bbox 364 5250 455 5301; x_wconf 88' lang='lat' dir='ltr'><strong>Sic</strong></span> <span class='ocrx_word' id='word_1_417' title='bbox 483 5265 670 5301; x_wconf 87' lang='lat' dir='ltr'><strong>omnes</strong></span> <span class='ocrx_word' id='word_1_418' title='bbox 697 5252 818 5301; x_wconf 88' lang='lat' dir='ltr'><strong>Mss.</strong></span> <span class='ocrx_word' id='word_1_419' title='bbox 849 5277 909 5289; x_wconf 92' lang='lat'>—</span> <span class='ocrx_word' id='word_1_420' title='bbox 939 5250 998 5301; x_wconf 76' lang='lat' dir='ltr'><strong>In</strong></span> <span class='ocrx_word' id='word_1_421' title='bbox 1026 5254 1102 5309; x_wconf 90' lang='lat' dir='ltr'><strong>B.,</strong></span> <span class='ocrx_word' id='word_1_422' title='bbox 1132 5250 1433 5305; x_wconf 57' lang='lat' dir='ltr'><strong>milliafia.</strong></span> <span class='ocrx_word' id='word_1_423' title='bbox 1466 5257 1531 5305; x_wconf 86' lang='lat' dir='ltr'><strong>M.</strong></span> 
     </span>
    </p>
   </div>
   <div class='ocr_carea' id='block_1_57' title="bbox 314 5314 1306 5436">
    <p class='ocr_par' dir='ltr' id='par_1_57' title="bbox 314 5314 1306 5436">
     <span class='ocr_line' id='line_1_58' title="bbox 314 5314 1306 5436; baseline 0.006 -76"><span class='ocrx_word' id='word_1_424' title='bbox 314 5314 390 5436; x_wconf 56' lang='grc' dir='ltr'><strong>ξα)</strong></span> <span class='ocrx_word' id='word_1_425' title='bbox 418 5315 620 5369; x_wconf 84' lang='lat' dir='ltr'><strong>Livius,</strong></span> <span class='ocrx_word' id='word_1_426' title='bbox 652 5315 744 5364; x_wconf 87' lang='lat' dir='ltr'><strong>lib.</strong></span> <span class='ocrx_word' id='word_1_427' title='bbox 779 5315 821 5369; x_wconf 88' lang='grc'><strong>1,</strong></span> <span class='ocrx_word' id='word_1_428' title='bbox 854 5328 967 5378; x_wconf 87' lang='lat' dir='ltr'><strong>cap.</strong></span> <span class='ocrx_word' id='word_1_429' title='bbox 999 5315 1060 5363; x_wconf 85' lang='lat'><strong>57</strong></span> <span class='ocrx_word' id='word_1_430' title='bbox 1081 5319 1136 5366; x_wconf 85' lang='lat' dir='ltr'><strong>et</strong></span> <span class='ocrx_word' id='word_1_431' title='bbox 1163 5331 1306 5380; x_wconf 88' lang='lat' dir='ltr'><strong>seqq.</strong></span> 
     </span>
     <span class='ocr_line' id='line_1_59' title="bbox 332 5376 1297 5436; baseline 0.006 -13"><span class='ocrx_word' id='word_1_432' title='bbox 332 5376 720 5436; x_wconf 78' lang='lat' dir='ltr'><strong>b)Tarquinius</strong></span> <span class='ocrx_word' id='word_1_433' title='bbox 748 5390 934 5427; x_wconf 82' lang='lat' dir='ltr'><strong>revera</strong></span> <span class='ocrx_word' id='word_1_434' title='bbox 950 5378 1164 5428; x_wconf 89' lang='lat' dir='ltr'><strong>Tusculi</strong></span> <span class='ocrx_word' id='word_1_435' title='bbox 1191 5382 1297 5436; x_wconf 76' lang='lat' dir='ltr'><strong>egit</strong></span> 
     </span>
    </p>
   </div>
   <div class='ocr_carea' id='block_1_58' title="bbox 332 5376 1904 5445">
    <p class='ocr_par' dir='ltr' id='par_1_58' title="bbox 332 5376 1904 5445">
     <span class='ocr_line' id='line_1_60' title="bbox 332 5376 1904 5445; baseline 0.005 -22"><span class='ocrx_word' id='word_1_436' title='bbox 332 5376 720 5445; x_wconf 80' lang='lat' dir='ltr'><strong>b)Tarq_uiniu_s</strong></span> <span class='ocrx_word' id='word_1_437' title='bbox 748 5376 935 5445; x_wconf 70' lang='lat' dir='ltr'><strong>revera</strong></span> <span class='ocrx_word' id='word_1_438' title='bbox 950 5378 1164 5445; x_wconf 69' lang='lat' dir='ltr'><strong>Tusculi</strong></span> <span class='ocrx_word' id='word_1_439' title='bbox 1191 5376 1302 5445; x_wconf 13' lang='lat' dir='ltr'><strong>egi—t7</strong></span> <span class='ocrx_word' id='word_1_440' title='bbox 1316 5382 1520 5443; x_wconf 87' lang='lat' dir='ltr'><strong>aliquot</strong></span> <span class='ocrx_word' id='word_1_441' title='bbox 1549 5394 1720 5430; x_wconf 87' lang='lat' dir='ltr'><strong>annos</strong></span> <span class='ocrx_word' id='word_1_442' title='bbox 1757 5383 1904 5445; x_wconf 89' lang='lat' dir='ltr'><strong>apud</strong></span> 
     </span>
    </p>
   </div>
   <div class='ocr_carea' id='block_1_59' title="bbox 253 5440 1904 5506">
    <p class='ocr_par' dir='ltr' id='par_1_59' title="bbox 253 5440 1904 5506">
     <span class='ocr_line' id='line_1_61' title="bbox 253 5440 1904 5506; baseline 0.004 -19"><span class='ocrx_word' id='word_1_443' title='bbox 253 5449 504 5506; x_wconf 72' lang='lat' dir='ltr'><strong>generum</strong></span> <span class='ocrx_word' id='word_1_444' title='bbox 521 5440 799 5506; x_wconf 77' lang='lat' dir='ltr'><strong>Octavium</strong></span> <span class='ocrx_word' id='word_1_445' title='bbox 815 5441 1132 5506; x_wconf 84' lang='lat' dir='ltr'><strong>Mamilium;</strong></span> <span class='ocrx_word' id='word_1_446' title='bbox 1151 5440 1240 5506; x_wconf 85' lang='lat' dir='ltr'><strong>sed</strong></span> <span class='ocrx_word' id='word_1_447' title='bbox 1261 5444 1394 5492; x_wconf 87' lang='lat' dir='ltr'><strong>obiit</strong></span> <span class='ocrx_word' id='word_1_448' title='bbox 1406 5440 1588 5493; x_wconf 75' lang='lat' dir='ltr'><strong>Cumis</strong></span> <span class='ocrx_word' id='word_1_449' title='bbox 1608 5446 1749 5506; x_wconf 87' lang='lat' dir='ltr'><strong>apud</strong></span> <span class='ocrx_word' id='word_1_450' title='bbox 1763 5440 1904 5494; x_wconf 65' lang='lat' dir='ltr'><strong>Kris-</strong></span> 
     </span>
    </p>
   </div>
   <div class='ocr_carea' id='block_1_60' title="bbox 253 5499 1896 5568">
    <p class='ocr_par' dir='ltr' id='par_1_60' title="bbox 253 5499 1896 5568">
     <span class='ocr_line' id='line_1_62' title="bbox 253 5499 1896 5568; baseline 0.004 -18"><span class='ocrx_word' id='word_1_451' title='bbox 253 5499 527 5568; x_wconf 75' lang='lat' dir='ltr'><strong>todem_u_m_</strong></span> <span class='ocrx_word' id='word_1_452' title='bbox 559 5503 1034 5568; x_wconf 47' lang='lat' dir='ltr'><strong>tyrannumLteste</strong></span> <span class='ocrx_word' id='word_1_453' title='bbox 1065 5505 1231 5568; x_wconf 84' lang='lat' dir='ltr'><strong>Livio,</strong></span> <span class='ocrx_word' id='word_1_454' title='bbox 1263 5507 1352 5554; x_wconf 90' lang='lat' dir='ltr'><strong>lib.</strong></span> <span class='ocrx_word' id='word_1_455' title='bbox 1387 5507 1436 5560; x_wconf 89' lang='lat'><strong>2.</strong></span> <span class='ocrx_word' id='word_1_456' title='bbox 1467 5520 1614 5568; x_wconf 84' lang='lat' dir='ltr'><strong>capp.</strong></span> <span class='ocrx_word' id='word_1_457' title='bbox 1641 5499 1706 5555; x_wconf 66' lang='grc'><strong>15</strong></span> <span class='ocrx_word' id='word_1_458' title='bbox 1737 5511 1790 5556; x_wconf 93' lang='lat' dir='ltr'><strong>et</strong></span> <span class='ocrx_word' id='word_1_459' title='bbox 1817 5507 1896 5556; x_wconf 85' lang='grc'><strong>21.</strong></span> 
     </span>
    </p>
   </div>
   <div class='ocr_carea' id='block_1_61' title="bbox 312 5565 1484 5629">
    <p class='ocr_par' dir='ltr' id='par_1_61' title="bbox 312 5565 1484 5629">
     <span class='ocr_line' id='line_1_63' title="bbox 312 5565 1484 5629; baseline 0.004 -18"><span class='ocrx_word' id='word_1_460' title='bbox 312 5565 378 5629; x_wconf 79' lang='lat' dir='ltr'><strong>(c_)</strong></span> <span class='ocrx_word' id='word_1_461' title='bbox 412 5565 600 5629; x_wconf 60' lang='lat' dir='ltr'><strong>Livius</strong></span> <span class='ocrx_word' id='word_1_462' title='bbox 633 5565 724 5629; x_wconf 85' lang='lat' dir='ltr'><strong>lib.</strong></span> <span class='ocrx_word' id='word_1_463' title='bbox 759 5566 782 5613; x_wconf 89' lang='grc'><strong>1</strong></span> <span class='ocrx_word' id='word_1_464' title='bbox 809 5581 822 5624; x_wconf 88' lang='lat'><strong>;</strong></span> <span class='ocrx_word' id='word_1_465' title='bbox 853 5566 1026 5629; x_wconf 87' lang='lat' dir='ltr'><strong>Valer.</strong></span> <span class='ocrx_word' id='word_1_466' title='bbox 1058 5567 1149 5616; x_wconf 91' lang='lat' dir='ltr'><strong>lib.</strong></span> <span class='ocrx_word' id='word_1_467' title='bbox 1176 5567 1224 5626; x_wconf 83' lang='grc'><strong>9,</strong></span> <span class='ocrx_word' id='word_1_468' title='bbox 1256 5581 1368 5629; x_wconf 86' lang='lat' dir='ltr'><strong>cap.</strong></span> <span class='ocrx_word' id='word_1_469' title='bbox 1409 5568 1484 5616; x_wconf 92' lang='grc'><strong>11.</strong></span> 
     </span>
    </p>
   </div>
   <div class='ocr_carea' id='block_1_62' title="bbox 307 5627 1898 5697">
    <p class='ocr_par' dir='ltr' id='par_1_62' title="bbox 307 5627 1898 5697">
     <span class='ocr_line' id='line_1_64' title="bbox 307 5627 1898 5697; baseline 0.006 -23"><span class='ocrx_word' id='word_1_470' title='bbox 307 5627 378 5689; x_wconf 80' lang='grc' dir='ltr'><strong>(ἀ)</strong></span> <span class='ocrx_word' id='word_1_471' title='bbox 414 5627 726 5690; x_wconf 80' lang='lat' dir='ltr'><strong>Getulae,id</strong></span> <span class='ocrx_word' id='word_1_472' title='bbox 745 5628 905 5687; x_wconf 84' lang='lat' dir='ltr'><strong>est,ln</strong></span> <span class='ocrx_word' id='word_1_473' title='bbox 919 5629 1285 5694; x_wconf 87' lang='lat' dir='ltr'><strong>Getnlia,quae</strong></span> <span class='ocrx_word' id='word_1_474' title='bbox 1303 5627 1494 5681; x_wconf 57' lang='lat' dir='ltr'><strong>Africa;</strong></span> <span class='ocrx_word' id='word_1_475' title='bbox 1512 5644 1636 5694; x_wconf 88' lang='lat' dir='ltr'><strong>pars</strong></span> <span class='ocrx_word' id='word_1_476' title='bbox 1661 5633 1898 5697; x_wconf 75' lang='lat' dir='ltr'><strong>est,sitaa.</strong></span> 
     </span>
    </p>
   </div>
   <div class='ocr_carea' id='block_1_63' title="bbox 2021 452 3665 528">
    <p class='ocr_par' dir='ltr' id='par_1_63' title="bbox 2021 452 3665 528">
     <span class='ocr_line' id='line_1_65' title="bbox 2021 452 3665 528; baseline 0.004 -22"><span class='ocrx_word' id='word_1_477' title='bbox 2021 452 2254 507; x_wconf 80' lang='lat' dir='ltr'><strong>CAPUT</strong></span> <span class='ocrx_word' id='word_1_478' title='bbox 2283 452 2405 510; x_wconf 88' lang='lat' dir='ltr'><strong>XVI</strong></span> <span class='ocrx_word' id='word_1_479' title='bbox 2437 487 2502 496; x_wconf 97' lang='lat'>—</span> <span class='ocrx_word' id='word_1_480' title='bbox 2533 457 2606 513; x_wconf 82' lang='lat' dir='ltr'><strong>De</strong></span> <span class='ocrx_word' id='word_1_481' title='bbox 2631 458 2828 528; x_wconf 76' lang='lat' dir='ltr'><strong>primis</strong></span> <span class='ocrx_word' id='word_1_482' title='bbox 2857 457 3003 526; x_wconf 84' lang='lat' dir='ltr'><strong>apud</strong></span> <span class='ocrx_word' id='word_1_483' title='bbox 3035 460 3307 514; x_wconf 74' lang='lat' dir='ltr'><strong>Romanos</strong></span> <span class='ocrx_word' id='word_1_484' title='bbox 3327 457 3665 526; x_wconf 75' lang='lat' dir='ltr'><strong>consulibus,</strong></span> 
     </span>
    </p>
   </div>
   <div class='ocr_carea' id='block_1_64' title="bbox 2095 546 3674 619">
    <p class='ocr_par' dir='ltr' id='par_1_64' title="bbox 2095 546 3674 619">
     <span class='ocr_line' id='line_1_66' title="bbox 2095 546 3674 619; baseline 0.002 -21"><span class='ocrx_word' id='word_1_485' title='bbox 2095 559 2329 613; x_wconf 82' lang='lat' dir='ltr'><strong>quorum</strong></span> <span class='ocrx_word' id='word_1_486' title='bbox 2350 546 2493 602; x_wconf 84' lang='lat' dir='ltr'><strong>alter</strong></span> <span class='ocrx_word' id='word_1_487' title='bbox 2512 547 2744 603; x_wconf 82' lang='lat' dir='ltr'><strong>alterum</strong></span> <span class='ocrx_word' id='word_1_488' title='bbox 2759 549 2948 617; x_wconf 82' lang='lat' dir='ltr'><strong>patria</strong></span> <span class='ocrx_word' id='word_1_489' title='bbox 2969 548 3204 619; x_wconf 77' lang='lat' dir='ltr'><strong>pepulit,</strong></span> <span class='ocrx_word' id='word_1_490' title='bbox 3229 563 3464 619; x_wconf 75' lang='lat' dir='ltr'><strong>moxque</strong></span> <span class='ocrx_word' id='word_1_491' title='bbox 3494 548 3674 603; x_wconf 73' lang='lat' dir='ltr'><strong>Romae</strong></span> 
     </span>
    </p>
   </div>
   <div class='ocr_carea' id='block_1_65' title="bbox 2094 635 3674 708">
    <p class='ocr_par' dir='ltr' id='par_1_65' title="bbox 2094 635 3674 708">
     <span class='ocr_line' id='line_1_67' title="bbox 2094 635 3674 708; baseline 0.003 -20"><span class='ocrx_word' id='word_1_492' title='bbox 2094 642 2213 704; x_wconf 79' lang='lat' dir='ltr'><strong>post</strong></span> <span class='ocrx_word' id='word_1_493' title='bbox 2235 635 2582 692; x_wconf 76' lang='lat' dir='ltr'><strong>atrocissima</strong></span> <span class='ocrx_word' id='word_1_494' title='bbox 2607 637 2924 708; x_wconf 79' lang='lat' dir='ltr'><strong>parricidia</strong></span> <span class='ocrx_word' id='word_1_495' title='bbox 2943 654 2976 692; x_wconf 90' lang='lat' dir='ltr'><strong>a</strong></span> <span class='ocrx_word' id='word_1_496' title='bbox 2996 639 3278 693; x_wconf 82' lang='lat' dir='ltr'><strong>vulnerato</strong></span> <span class='ocrx_word' id='word_1_497' title='bbox 3307 638 3454 693; x_wconf 72' lang='lat' dir='ltr'><strong>hoste</strong></span> <span class='ocrx_word' id='word_1_498' title='bbox 3485 637 3674 694; x_wconf 82' lang='lat' dir='ltr'><strong>vulne-</strong></span> 
     </span>
    </p>
   </div>
   <div class='ocr_carea' id='block_1_66' title="bbox 2097 724 2506 780">
    <p class='ocr_par' dir='ltr' id='par_1_66' title="bbox 2097 724 2506 780">
     <span class='ocr_line' id='line_1_68' title="bbox 2097 724 2506 780; baseline 0.01 -4"><span class='ocrx_word' id='word_1_499' title='bbox 2097 730 2248 779; x_wconf 74' lang='lat' dir='ltr'><strong>ratus</strong></span> <span class='ocrx_word' id='word_1_500' title='bbox 2274 724 2506 780; x_wconf 76' lang='lat' dir='ltr'><strong>interiit.</strong></span> 
     </span>
    </p>
   </div>
   <div class='ocr_carea' id='block_1_67' title="bbox 2098 829 3672 905">
    <p class='ocr_par' dir='ltr' id='par_1_67' title="bbox 2098 829 3672 905">
     <span class='ocr_line' id='line_1_69' title="bbox 2098 829 3672 905; baseline 0.003 -22"><span class='ocrx_word' id='word_1_501' title='bbox 2098 829 2239 884; x_wconf 86' lang='lat' dir='ltr'><strong>Huic</strong></span> <span class='ocrx_word' id='word_1_502' title='bbox 2265 831 2499 902; x_wconf 90' lang='lat' dir='ltr'><strong>tempori</strong></span> <span class='ocrx_word' id='word_1_503' title='bbox 2524 832 2874 902; x_wconf 89' lang='lat' dir='ltr'><strong>adjiciamus</strong></span> <span class='ocrx_word' id='word_1_504' title='bbox 2896 833 3073 888; x_wconf 89' lang='lat' dir='ltr'><strong>etiam</strong></span> <span class='ocrx_word' id='word_1_505' title='bbox 3093 836 3323 903; x_wconf 87' lang='lat' dir='ltr'><strong>tempus</strong></span> <span class='ocrx_word' id='word_1_506' title='bbox 3346 831 3672 905; x_wconf 88' lang='lat' dir='ltr'><strong>illud,quo-</strong></span> 
     </span>
    </p>
   </div>
   <div class='ocr_carea' id='block_1_68' title="bbox 2029 919 3671 993">
    <p class='ocr_par' dir='ltr' id='par_1_68' title="bbox 2029 919 3671 993">
     <span class='ocr_line' id='line_1_70' title="bbox 2029 919 3671 993; baseline 0.001 -20"><span class='ocrx_word' id='word_1_507' title='bbox 2029 934 2216 990; x_wconf 88' lang='lat' dir='ltr'><strong>usque</strong></span> <span class='ocrx_word' id='word_1_508' title='bbox 2247 919 2388 975; x_wconf 83' lang='lat' dir='ltr'><strong>dicit</strong></span> <span class='ocrx_word' id='word_1_509' title='bbox 2416 919 2734 975; x_wconf 88' lang='lat' dir='ltr'><strong>Sallustius</strong></span> <span class='ocrx_word' id='word_1_510' title='bbox 2773 921 2929 992; x_wconf 81' lang='lat' dir='ltr'><strong>(Vide</strong></span> <span class='ocrx_word' id='word_1_511' title='bbox 2955 938 3142 992; x_wconf 79' lang='lat' dir='ltr'><strong>supra,</strong></span> <span class='ocrx_word' id='word_1_512' title='bbox 3181 921 3280 976; x_wconf 85' lang='lat' dir='ltr'><strong>lib.</strong></span> <span class='ocrx_word' id='word_1_513' title='bbox 3311 923 3365 991; x_wconf 86' lang='lat'><strong>2,</strong></span> <span class='ocrx_word' id='word_1_514' title='bbox 3397 938 3516 992; x_wconf 85' lang='lat' dir='ltr'><strong>cap.</strong></span> <span class='ocrx_word' id='word_1_515' title='bbox 3579 922 3671 993; x_wconf 87' lang='grc'><strong>18)</strong></span> 
     </span>
    </p>
   </div>
   <div class='ocr_carea' id='block_1_69' title="bbox 2028 1009 3676 1081">
    <p class='ocr_par' dir='ltr' id='par_1_69' title="bbox 2028 1009 3676 1081">
     <span class='ocr_line' id='line_1_71' title="bbox 2028 1009 3676 1081; baseline 0.002 -19"><span class='ocrx_word' id='word_1_516' title='bbox 2028 1024 2187 1077; x_wconf 83' lang='lat' dir='ltr'><strong>aequo</strong></span> <span class='ocrx_word' id='word_1_517' title='bbox 2219 1013 2274 1064; x_wconf 93' lang='lat' dir='ltr'><strong>et</strong></span> <span class='ocrx_word' id='word_1_518' title='bbox 2305 1009 2566 1064; x_wconf 88' lang='lat' dir='ltr'><strong>modesto</strong></span> <span class='ocrx_word' id='word_1_519' title='bbox 2590 1009 2723 1080; x_wconf 90' lang='lat' dir='ltr'><strong>jure</strong></span> <span class='ocrx_word' id='word_1_520' title='bbox 2754 1010 3063 1081; x_wconf 85' lang='lat' dir='ltr'><strong>agitatum,</strong></span> <span class='ocrx_word' id='word_1_521' title='bbox 3099 1010 3238 1066; x_wconf 88' lang='lat' dir='ltr'><strong>dum</strong></span> <span class='ocrx_word' id='word_1_522' title='bbox 3270 1013 3460 1066; x_wconf 88' lang='lat' dir='ltr'><strong>metus</strong></span> <span class='ocrx_word' id='word_1_523' title='bbox 3491 1015 3676 1066; x_wconf 88' lang='lat' dir='ltr'><strong>aTar-</strong></span> 
     </span>
    </p>
   </div>
   <div class='ocr_carea' id='block_1_70' title="bbox 2030 1098 3674 1171">
    <p class='ocr_par' dir='ltr' id='par_1_70' title="bbox 2030 1098 3674 1171">
     <span class='ocr_line' id='line_1_72' title="bbox 2030 1098 3674 1171; baseline 0.002 -19"><span class='ocrx_word' id='word_1_524' title='bbox 2030 1098 2232 1170; x_wconf 90' lang='lat' dir='ltr'><strong>quinio</strong></span> <span class='ocrx_word' id='word_1_525' title='bbox 2260 1104 2316 1154; x_wconf 94' lang='lat' dir='ltr'><strong>et</strong></span> <span class='ocrx_word' id='word_1_526' title='bbox 2362 1115 2534 1171; x_wconf 87' lang='lat' dir='ltr'><strong>grave</strong></span> <span class='ocrx_word' id='word_1_527' title='bbox 2565 1099 2785 1156; x_wconf 90' lang='lat' dir='ltr'><strong>bellum</strong></span> <span class='ocrx_word' id='word_1_528' title='bbox 2833 1116 2966 1155; x_wconf 89' lang='lat' dir='ltr'><strong>cum</strong></span> <span class='ocrx_word' id='word_1_529' title='bbox 3017 1101 3242 1155; x_wconf 83' lang='lat' dir='ltr'><strong>Etruria</strong></span> <span class='ocrx_word' id='word_1_530' title='bbox 3275 1100 3528 1170; x_wconf 88' lang='lat' dir='ltr'><strong>positum</strong></span> <span class='ocrx_word' id='word_1_531' title='bbox 3560 1103 3674 1156; x_wconf 86' lang='lat' dir='ltr'><strong>est.</strong></span> 
     </span>
    </p>
   </div>
   <div class='ocr_carea' id='block_1_71' title="bbox 2028 1188 3675 1261">
    <p class='ocr_par' dir='ltr' id='par_1_71' title="bbox 2028 1188 3675 1261">
     <span class='ocr_line' id='line_1_73' title="bbox 2028 1188 3675 1261; baseline 0.001 -19"><span class='ocrx_word' id='word_1_532' title='bbox 2028 1189 2310 1251; x_wconf 85' lang='lat' dir='ltr'><strong>Quamdiu</strong></span> <span class='ocrx_word' id='word_1_533' title='bbox 2333 1189 2487 1244; x_wconf 90' lang='lat' dir='ltr'><strong>enim</strong></span> <span class='ocrx_word' id='word_1_534' title='bbox 2511 1188 2737 1244; x_wconf 88' lang='lat' dir='ltr'><strong>Etrusci</strong></span> <span class='ocrx_word' id='word_1_535' title='bbox 2769 1189 3084 1260; x_wconf 87' lang='lat' dir='ltr'><strong>Tarquinio</strong></span> <span class='ocrx_word' id='word_1_536' title='bbox 3118 1189 3304 1244; x_wconf 90' lang='lat' dir='ltr'><strong>redire</strong></span> <span class='ocrx_word' id='word_1_537' title='bbox 3334 1190 3393 1245; x_wconf 90' lang='lat' dir='ltr'><strong>in</strong></span> <span class='ocrx_word' id='word_1_538' title='bbox 3426 1205 3675 1261; x_wconf 88' lang='lat' dir='ltr'><strong>regnum</strong></span> 
     </span>
    </p>
   </div>
   <div class='ocr_carea' id='block_1_72' title="bbox 2028 1278 3677 1350">
    <p class='ocr_par' dir='ltr' id='par_1_72' title="bbox 2028 1278 3677 1350">
     <span class='ocr_line' id='line_1_74' title="bbox 2028 1278 3677 1350; baseline 0.002 -18"><span class='ocrx_word' id='word_1_539' title='bbox 2028 1280 2262 1334; x_wconf 89' lang='lat' dir='ltr'><strong>conanti</strong></span> <span class='ocrx_word' id='word_1_540' title='bbox 2293 1278 2558 1348; x_wconf 89' lang='lat' dir='ltr'><strong>opitulati</strong></span> <span class='ocrx_word' id='word_1_541' title='bbox 2591 1286 2748 1344; x_wconf 89' lang='lat' dir='ltr'><strong>sunt,</strong></span> <span class='ocrx_word' id='word_1_542' title='bbox 2780 1279 2940 1350; x_wconf 86' lang='lat' dir='ltr'><strong>gravi</strong></span> <span class='ocrx_word' id='word_1_543' title='bbox 2993 1279 3140 1333; x_wconf 90' lang='lat' dir='ltr'><strong>bello</strong></span> <span class='ocrx_word' id='word_1_544' title='bbox 3182 1284 3362 1334; x_wconf 88' lang='lat' dir='ltr'><strong>Roma</strong></span> <span class='ocrx_word' id='word_1_545' title='bbox 3393 1296 3677 1335; x_wconf 87' lang='lat' dir='ltr'><strong>concussa</strong></span> 
     </span>
    </p>
   </div>
   <div class='ocr_carea' id='block_1_73' title="bbox 2030 1368 3678 1440">
    <p class='ocr_par' dir='ltr' id='par_1_73' title="bbox 2030 1368 3678 1440">
     <span class='ocr_line' id='line_1_75' title="bbox 2030 1368 3678 1440; baseline 0.001 -18"><span class='ocrx_word' id='word_1_546' title='bbox 2030 1371 2138 1424; x_wconf 86' lang='lat' dir='ltr'><strong>est.</strong></span> <span class='ocrx_word' id='word_1_547' title='bbox 2164 1369 2297 1424; x_wconf 90' lang='lat' dir='ltr'><strong>Ideo</strong></span> <span class='ocrx_word' id='word_1_548' title='bbox 2319 1368 2462 1424; x_wconf 87' lang='lat' dir='ltr'><strong>dicit</strong></span> <span class='ocrx_word' id='word_1_549' title='bbox 2482 1385 2642 1439; x_wconf 83' lang='lat' dir='ltr'><strong>aequo</strong></span> <span class='ocrx_word' id='word_1_550' title='bbox 2665 1369 2996 1425; x_wconf 86' lang='lat' dir='ltr'><strong>etmodesto</strong></span> <span class='ocrx_word' id='word_1_551' title='bbox 3029 1369 3166 1438; x_wconf 91' lang='lat' dir='ltr'><strong>jure</strong></span> <span class='ocrx_word' id='word_1_552' title='bbox 3187 1373 3408 1439; x_wconf 85' lang='lat' dir='ltr'><strong>gestam</strong></span> <span class='ocrx_word' id='word_1_553' title='bbox 3442 1384 3678 1440; x_wconf 89' lang='lat' dir='ltr'><strong>rempu-</strong></span> 
     </span>
    </p>
   </div>
   <div class='ocr_carea' id='block_1_74' title="bbox 2030 1455 3682 1528">
    <p class='ocr_par' dir='ltr' id='par_1_74' title="bbox 2030 1455 3682 1528">
     <span class='ocr_line' id='line_1_76' title="bbox 2030 1455 3682 1528; baseline 0 -16"><span class='ocrx_word' id='word_1_554' title='bbox 2030 1455 2247 1512; x_wconf 88' lang='lat' dir='ltr'><strong>blicam</strong></span> <span class='ocrx_word' id='word_1_555' title='bbox 2270 1462 2428 1513; x_wconf 89' lang='lat' dir='ltr'><strong>metu</strong></span> <span class='ocrx_word' id='word_1_556' title='bbox 2454 1463 2776 1528; x_wconf 88' lang='lat' dir='ltr'><strong>premente,</strong></span> <span class='ocrx_word' id='word_1_557' title='bbox 2793 1475 2907 1514; x_wconf 91' lang='lat' dir='ltr'><strong>non</strong></span> <span class='ocrx_word' id='word_1_558' title='bbox 2933 1457 3322 1527; x_wconf 87' lang='lat' dir='ltr'><strong>persuadente</strong></span> <span class='ocrx_word' id='word_1_559' title='bbox 3339 1456 3594 1525; x_wconf 86' lang='lat' dir='ltr'><strong>justitia.</strong></span> <span class='ocrx_word' id='word_1_560' title='bbox 3617 1459 3682 1512; x_wconf 89' lang='lat' dir='ltr'><strong>In</strong></span> 
     </span>
    </p>
   </div>
   <div class='ocr_carea' id='block_1_75' title="bbox 2029 1543 3682 1618">
    <p class='ocr_par' dir='ltr' id='par_1_75' title="bbox 2029 1543 3682 1618">
     <span class='ocr_line' id='line_1_77' title="bbox 2029 1543 3682 1618; baseline 0.001 -18"><span class='ocrx_word' id='word_1_561' title='bbox 2029 1562 2140 1616; x_wconf 88' lang='lat' dir='ltr'><strong>quo</strong></span> <span class='ocrx_word' id='word_1_562' title='bbox 2171 1546 2515 1602; x_wconf 90' lang='lat' dir='ltr'><strong>brevissimo</strong></span> <span class='ocrx_word' id='word_1_563' title='bbox 2548 1551 2806 1618; x_wconf 90' lang='lat' dir='ltr'><strong>tempore</strong></span> <span class='ocrx_word' id='word_1_564' title='bbox 2838 1562 3015 1617; x_wconf 89' lang='lat' dir='ltr'><strong>quam</strong></span> <span class='ocrx_word' id='word_1_565' title='bbox 3050 1545 3314 1600; x_wconf 81' lang='lat' dir='ltr'><strong>funestus</strong></span> <span class='ocrx_word' id='word_1_566' title='bbox 3360 1543 3457 1599; x_wconf 84' lang='lat' dir='ltr'><strong>ille</strong></span> <span class='ocrx_word' id='word_1_567' title='bbox 3489 1562 3682 1602; x_wconf 87' lang='lat' dir='ltr'><strong>annus</strong></span> 
     </span>
    </p>
   </div>
   <div class='ocr_carea' id='block_1_76' title="bbox 2028 1632 3676 1706">
    <p class='ocr_par' dir='ltr' id='par_1_76' title="bbox 2028 1632 3676 1706">
     <span class='ocr_line' id='line_1_78' title="bbox 2028 1632 3676 1706; baseline 0 -17"><span class='ocrx_word' id='word_1_568' title='bbox 2028 1635 2153 1702; x_wconf 89' lang='lat' dir='ltr'><strong>fuit,</strong></span> <span class='ocrx_word' id='word_1_569' title='bbox 2190 1651 2306 1706; x_wconf 92' lang='lat' dir='ltr'><strong>quo</strong></span> <span class='ocrx_word' id='word_1_570' title='bbox 2329 1635 2501 1704; x_wconf 88' lang='lat' dir='ltr'><strong>primi</strong></span> <span class='ocrx_word' id='word_1_571' title='bbox 2524 1635 2798 1690; x_wconf 90' lang='lat' dir='ltr'><strong>consules</strong></span> <span class='ocrx_word' id='word_1_572' title='bbox 2829 1635 3002 1690; x_wconf 82' lang='lat' dir='ltr'><strong>creati</strong></span> <span class='ocrx_word' id='word_1_573' title='bbox 3027 1639 3182 1702; x_wconf 84' lang='lat' dir='ltr'><strong>sunt,</strong></span> <span class='ocrx_word' id='word_1_574' title='bbox 3207 1632 3449 1704; x_wconf 75' lang='lat' dir='ltr'><strong>expulsa</strong></span> <span class='ocrx_word' id='word_1_575' title='bbox 3509 1636 3676 1705; x_wconf 86' lang='lat' dir='ltr'><strong>regia</strong></span> 
     </span>
    </p>
   </div>
   <div class='ocr_carea' id='block_1_77' title="bbox 2030 1721 3670 1796">
    <p class='ocr_par' dir='ltr' id='par_1_77' title="bbox 2030 1721 3670 1796">
     <span class='ocr_line' id='line_1_79' title="bbox 2030 1721 3670 1796; baseline -0.002 -16"><span class='ocrx_word' id='word_1_576' title='bbox 2030 1725 2352 1796; x_wconf 88' lang='lat' dir='ltr'><strong>potestate?</strong></span> <span class='ocrx_word' id='word_1_577' title='bbox 2383 1728 2615 1779; x_wconf 80' lang='lat' dir='ltr'><strong>Annum</strong></span> <span class='ocrx_word' id='word_1_578' title='bbox 2644 1724 2856 1796; x_wconf 89' lang='lat' dir='ltr'><strong>quippe</strong></span> <span class='ocrx_word' id='word_1_579' title='bbox 2874 1738 3049 1779; x_wconf 89' lang='lat' dir='ltr'><strong>suum</strong></span> <span class='ocrx_word' id='word_1_580' title='bbox 3075 1738 3191 1778; x_wconf 88' lang='lat' dir='ltr'><strong>non</strong></span> <span class='ocrx_word' id='word_1_581' title='bbox 3213 1721 3670 1793; x_wconf 90' lang='lat' dir='ltr'><strong>compleverunt.</strong></span> 
     </span>
    </p>
   </div>
   <div class='ocr_carea' id='block_1_78' title="bbox 2028 1810 3674 1880">
    <p class='ocr_par' dir='ltr' id='par_1_78' title="bbox 2028 1810 3674 1880">
     <span class='ocr_line' id='line_1_80' title="bbox 2028 1810 3674 1880; baseline -0.002 -11"><span class='ocrx_word' id='word_1_582' title='bbox 2028 1814 2174 1869; x_wconf 87' lang='lat' dir='ltr'><strong>Nam</strong></span> <span class='ocrx_word' id='word_1_583' title='bbox 2203 1813 2417 1869; x_wconf 88' lang='lat' dir='ltr'><strong>Junius</strong></span> <span class='ocrx_word' id='word_1_584' title='bbox 2442 1814 2651 1868; x_wconf 89' lang='lat' dir='ltr'><strong>Brutus</strong></span> <span class='ocrx_word' id='word_1_585' title='bbox 2679 1813 3099 1868; x_wconf 87' lang='lat' dir='ltr'><strong>exhonoratum</strong></span> <span class='ocrx_word' id='word_1_586' title='bbox 3127 1811 3292 1880; x_wconf 84' lang='lat' dir='ltr'><strong>ejecit</strong></span> <span class='ocrx_word' id='word_1_587' title='bbox 3319 1810 3470 1866; x_wconf 91' lang='lat' dir='ltr'><strong>Urbe</strong></span> <span class='ocrx_word' id='word_1_588' title='bbox 3501 1811 3674 1866; x_wconf 91' lang='lat' dir='ltr'><strong>colle-</strong></span> 
     </span>
    </p>
   </div>
   <div class='ocr_carea' id='block_1_79' title="bbox 2030 1899 3679 1977">
    <p class='ocr_par' dir='ltr' id='par_1_79' title="bbox 2030 1899 3679 1977">
     <span class='ocr_line' id='line_1_81' title="bbox 2030 1899 3679 1977; baseline -0.002 -18"><span class='ocrx_word' id='word_1_589' title='bbox 2030 1920 2160 1977; x_wconf 88' lang='lat' dir='ltr'><strong>gam</strong></span> <span class='ocrx_word' id='word_1_590' title='bbox 2190 1903 2432 1958; x_wconf 89' lang='lat' dir='ltr'><strong>Lucium</strong></span> <span class='ocrx_word' id='word_1_591' title='bbox 2453 1902 2836 1972; x_wconf 87' lang='lat' dir='ltr'><strong>Tarquinium</strong></span> <span class='ocrx_word' id='word_1_592' title='bbox 2873 1902 3256 1968; x_wconf 88' lang='lat' dir='ltr'><strong>Collatinum;</strong></span> <span class='ocrx_word' id='word_1_593' title='bbox 3299 1899 3509 1956; x_wconf 89' lang='lat' dir='ltr'><strong>deinde</strong></span> <span class='ocrx_word' id='word_1_594' title='bbox 3549 1915 3679 1955; x_wconf 87' lang='lat' dir='ltr'><strong>mox</strong></span> 
     </span>
    </p>
   </div>
   <div class='ocr_carea' id='block_1_80' title="bbox 2028 1988 3679 2064">
    <p class='ocr_par' dir='ltr' id='par_1_80' title="bbox 2028 1988 3679 2064">
     <span class='ocr_line' id='line_1_82' title="bbox 2028 1988 3679 2064; baseline -0.002 -16"><span class='ocrx_word' id='word_1_595' title='bbox 2028 1993 2154 2064; x_wconf 91' lang='lat' dir='ltr'><strong>ipse</strong></span> <span class='ocrx_word' id='word_1_596' title='bbox 2177 1993 2233 2047; x_wconf 93' lang='lat' dir='ltr'><strong>in</strong></span> <span class='ocrx_word' id='word_1_597' title='bbox 2250 1992 2400 2046; x_wconf 90' lang='lat' dir='ltr'><strong>bello</strong></span> <span class='ocrx_word' id='word_1_598' title='bbox 2419 1991 2624 2046; x_wconf 87' lang='lat' dir='ltr'><strong>cecidit</strong></span> <span class='ocrx_word' id='word_1_599' title='bbox 2645 1993 2863 2047; x_wconf 88' lang='lat' dir='ltr'><strong>mutuis</strong></span> <span class='ocrx_word' id='word_1_600' title='bbox 2878 2007 3009 2047; x_wconf 89' lang='lat' dir='ltr'><strong>cum</strong></span> <span class='ocrx_word' id='word_1_601' title='bbox 3031 1990 3197 2046; x_wconf 88' lang='lat' dir='ltr'><strong>hoste</strong></span> <span class='ocrx_word' id='word_1_602' title='bbox 3218 1989 3557 2044; x_wconf 91' lang='lat' dir='ltr'><strong>vulneribus</strong></span> <span class='ocrx_word' id='word_1_603' title='bbox 3574 1988 3679 2060; x_wconf 88' lang='lat' dir='ltr'><strong>(a),</strong></span> 
     </span>
    </p>
   </div>
   <div class='ocr_carea' id='block_1_81' title="bbox 2029 2077 3680 2152">
    <p class='ocr_par' dir='ltr' id='par_1_81' title="bbox 2029 2077 3680 2152">
     <span class='ocr_line' id='line_1_83' title="bbox 2029 2077 3680 2152; baseline -0.005 -14"><span class='ocrx_word' id='word_1_604' title='bbox 2029 2081 2238 2138; x_wconf 88' lang='lat' dir='ltr'><strong>occisis</strong></span> <span class='ocrx_word' id='word_1_605' title='bbox 2258 2097 2366 2136; x_wconf 85' lang='lat' dir='ltr'><strong>ase</strong></span> <span class='ocrx_word' id='word_1_606' title='bbox 2388 2081 2514 2152; x_wconf 91' lang='lat' dir='ltr'><strong>ipso</strong></span> <span class='ocrx_word' id='word_1_607' title='bbox 2531 2081 2802 2150; x_wconf 89' lang='lat' dir='ltr'><strong>primitus</strong></span> <span class='ocrx_word' id='word_1_608' title='bbox 2829 2081 2967 2135; x_wconf 82' lang='lat' dir='ltr'><strong>filiis</strong></span> <span class='ocrx_word' id='word_1_609' title='bbox 2991 2080 3116 2135; x_wconf 89' lang='lat' dir='ltr'><strong>suis</strong></span> <span class='ocrx_word' id='word_1_610' title='bbox 3131 2083 3187 2134; x_wconf 91' lang='lat' dir='ltr'><strong>et</strong></span> <span class='ocrx_word' id='word_1_611' title='bbox 3209 2078 3404 2132; x_wconf 86' lang='lat' dir='ltr'><strong>uxoris</strong></span> <span class='ocrx_word' id='word_1_612' title='bbox 3427 2093 3544 2132; x_wconf 64' lang='lat' dir='ltr'><strong>sum</strong></span> <span class='ocrx_word' id='word_1_613' title='bbox 3567 2077 3680 2131; x_wconf 83' lang='lat' dir='ltr'><strong>fra-</strong></span> 
     </span>
    </p>
   </div>
   <div class='ocr_carea' id='block_1_82' title="bbox 2028 2165 3677 2241">
    <p class='ocr_par' dir='ltr' id='par_1_82' title="bbox 2028 2165 3677 2241">
     <span class='ocr_line' id='line_1_84' title="bbox 2028 2165 3677 2241; baseline -0.004 -15"><span class='ocrx_word' id='word_1_614' title='bbox 2028 2171 2245 2238; x_wconf 90' lang='lat' dir='ltr'><strong>tribus,</strong></span> <span class='ocrx_word' id='word_1_615' title='bbox 2279 2171 2432 2241; x_wconf 91' lang='lat' dir='ltr'><strong>quod</strong></span> <span class='ocrx_word' id='word_1_616' title='bbox 2467 2186 2568 2225; x_wconf 90' lang='lat' dir='ltr'><strong>eos</strong></span> <span class='ocrx_word' id='word_1_617' title='bbox 2600 2187 2701 2240; x_wconf 91' lang='lat' dir='ltr'><strong>pro</strong></span> <span class='ocrx_word' id='word_1_618' title='bbox 2735 2169 3094 2226; x_wconf 90' lang='lat' dir='ltr'><strong>restituendo</strong></span> <span class='ocrx_word' id='word_1_619' title='bbox 3125 2165 3442 2236; x_wconf 90' lang='lat' dir='ltr'><strong>Tarquinio</strong></span> <span class='ocrx_word' id='word_1_620' title='bbox 3473 2167 3677 2235; x_wconf 88' lang='lat' dir='ltr'><strong>conju-</strong></span> 
     </span>
    </p>
   </div>
   <div class='ocr_carea' id='block_1_83' title="bbox 2030 2254 3678 2332">
    <p class='ocr_par' dir='ltr' id='par_1_83' title="bbox 2030 2254 3678 2332">
     <span class='ocr_line' id='line_1_85' title="bbox 2030 2254 3678 2332; baseline -0.004 -18"><span class='ocrx_word' id='word_1_621' title='bbox 2030 2275 2192 2314; x_wconf 87' lang='lat' dir='ltr'><strong>rasse</strong></span> <span class='ocrx_word' id='word_1_622' title='bbox 2222 2263 2589 2332; x_wconf 88' lang='lat' dir='ltr'><strong>cognoverat.</strong></span> <span class='ocrx_word' id='word_1_623' title='bbox 2647 2258 2810 2324; x_wconf 89' lang='lat' dir='ltr'><strong>Quod</strong></span> <span class='ocrx_word' id='word_1_624' title='bbox 2861 2259 3080 2313; x_wconf 88' lang='lat' dir='ltr'><strong>factum</strong></span> <span class='ocrx_word' id='word_1_625' title='bbox 3113 2254 3388 2324; x_wconf 84' lang='lat' dir='ltr'><strong>Virgilius</strong></span> <span class='ocrx_word' id='word_1_626' title='bbox 3444 2259 3678 2323; x_wconf 90' lang='lat' dir='ltr'><strong>postea-</strong></span> 
     </span>
    </p>
   </div>
   <div class='ocr_carea' id='block_1_84' title="bbox 2030 2342 3680 2424">
    <p class='ocr_par' dir='ltr' id='par_1_84' title="bbox 2030 2342 3680 2424">
     <span class='ocr_line' id='line_1_86' title="bbox 2030 2342 3680 2424; baseline -0.006 -18"><span class='ocrx_word' id='word_1_627' title='bbox 2030 2367 2206 2424; x_wconf 88' lang='lat' dir='ltr'><strong>quam</strong></span> <span class='ocrx_word' id='word_1_628' title='bbox 2228 2347 2600 2405; x_wconf 87' lang='lat' dir='ltr'><strong>laudabiliter</strong></span> <span class='ocrx_word' id='word_1_629' title='bbox 2619 2348 3118 2412; x_wconf 88' lang='lat' dir='ltr'><strong>commemoravit,</strong></span> <span class='ocrx_word' id='word_1_630' title='bbox 3137 2343 3414 2400; x_wconf 91' lang='lat' dir='ltr'><strong>continuo</strong></span> <span class='ocrx_word' id='word_1_631' title='bbox 3429 2342 3680 2397; x_wconf 91' lang='lat' dir='ltr'><strong>clemen-</strong></span> 
     </span>
    </p>
   </div>
   <div class='ocr_carea' id='block_1_85' title="bbox 2029 2438 3121 2505">
    <p class='ocr_par' dir='ltr' id='par_1_85' title="bbox 2029 2438 3121 2505">
     <span class='ocr_line' id='line_1_87' title="bbox 2029 2438 3121 2505; baseline -0.006 -9"><span class='ocrx_word' id='word_1_632' title='bbox 2029 2445 2117 2496; x_wconf 88' lang='lat' dir='ltr'><strong>ter</strong></span> <span class='ocrx_word' id='word_1_633' title='bbox 2144 2439 2460 2497; x_wconf 85' lang='lat' dir='ltr'><strong>exhorruit.</strong></span> <span class='ocrx_word' id='word_1_634' title='bbox 2493 2440 2638 2495; x_wconf 87' lang='lat' dir='ltr'><strong>Cum</strong></span> <span class='ocrx_word' id='word_1_635' title='bbox 2671 2439 2826 2494; x_wconf 89' lang='lat' dir='ltr'><strong>enim</strong></span> <span class='ocrx_word' id='word_1_636' title='bbox 2857 2438 3121 2505; x_wconf 83' lang='lat' dir='ltr'><strong>dixisset,</strong></span> 
     </span>
    </p>
   </div>
   <div class='ocr_carea' id='block_1_86' title="bbox 2245 2527 3424 2596">
    <p class='ocr_par' dir='ltr' id='par_1_86' title="bbox 2245 2527 3424 2596">
     <span class='ocr_line' id='line_1_88' title="bbox 2245 2527 3424 2596; baseline -0.003 -18"><span class='ocrx_word' id='word_1_637' title='bbox 2245 2529 2508 2596; x_wconf 74' lang='lat' dir='ltr'><strong>Natosque</strong></span> <span class='ocrx_word' id='word_1_638' title='bbox 2536 2529 2687 2596; x_wconf 76' lang='lat' dir='ltr'><strong>pater</strong></span> <span class='ocrx_word' id='word_1_639' title='bbox 2714 2539 2857 2596; x_wconf 80' lang='lat' dir='ltr'><strong>nova</strong></span> <span class='ocrx_word' id='word_1_640' title='bbox 2884 2527 3025 2596; x_wconf 67' lang='lat' dir='ltr'><strong>bella</strong></span> <span class='ocrx_word' id='word_1_641' title='bbox 3057 2527 3330 2596; x_wconf 75' lang='lat' dir='ltr'><strong>moventes</strong></span> <span class='ocrx_word' id='word_1_642' title='bbox 3375 2587 3389 2596; x_wconf 32' lang='grc' dir='ltr'><strong>τ</strong></span> <span class='ocrx_word' id='word_1_643' title='bbox 3414 2585 3424 2596; x_wconf 83' lang='lat'><em>_</em></span> 
     </span>
    </p>
   </div>
   <div class='ocr_carea' id='block_1_87' title="bbox 2243 2587 3481 2655">
    <p class='ocr_par' dir='ltr' id='par_1_87' title="bbox 2243 2587 3481 2655">
     <span class='ocr_line' id='line_1_89' title="bbox 2243 2587 3481 2655; baseline -0.005 -14"><span class='ocrx_word' id='word_1_644' title='bbox 2243 2593 2323 2641; x_wconf 83' lang='lat' dir='ltr'><strong>Ad</strong></span> <span class='ocrx_word' id='word_1_645' title='bbox 2350 2587 2564 2655; x_wconf 68' lang='lat' dir='ltr'><strong>poenam</strong></span> <span class='ocrx_word' id='word_1_646' title='bbox 2593 2590 2817 2653; x_wconf 90' lang='lat' dir='ltr'><strong>pulchra</strong></span> <span class='ocrx_word' id='word_1_647' title='bbox 2843 2604 2938 2654; x_wconf 89' lang='lat' dir='ltr'><strong>pro</strong></span> <span class='ocrx_word' id='word_1_648' title='bbox 2970 2589 3215 2639; x_wconf 89' lang='lat' dir='ltr'><strong>libertate</strong></span> <span class='ocrx_word' id='word_1_649' title='bbox 3242 2587 3481 2648; x_wconf 87' lang='lat' dir='ltr'><strong>vocabit;</strong></span> 
     </span>
    </p>
   </div>
   <div class='ocr_carea' id='block_1_88' title="bbox 2028 2689 2996 2758">
    <p class='ocr_par' dir='ltr' id='par_1_88' title="bbox 2028 2689 2996 2758">
     <span class='ocr_line' id='line_1_90' title="bbox 2028 2689 2996 2758; baseline -0.002 -12"><span class='ocrx_word' id='word_1_650' title='bbox 2028 2707 2164 2746; x_wconf 86' lang='lat' dir='ltr'><strong>mox</strong></span> <span class='ocrx_word' id='word_1_651' title='bbox 2193 2690 2402 2746; x_wconf 90' lang='lat' dir='ltr'><strong>deinde</strong></span> <span class='ocrx_word' id='word_1_652' title='bbox 2433 2689 2798 2758; x_wconf 83' lang='lat' dir='ltr'><strong>exclamavit,</strong></span> <span class='ocrx_word' id='word_1_653' title='bbox 2829 2694 2886 2744; x_wconf 94' lang='lat' dir='ltr'><strong>et</strong></span> <span class='ocrx_word' id='word_1_654' title='bbox 2917 2691 2996 2745; x_wconf 89' lang='lat' dir='ltr'><strong>ait</strong></span> 
     </span>
    </p>
   </div>
   <div class='ocr_carea' id='block_1_89' title="bbox 2087 2779 3362 2844">
    <p class='ocr_par' dir='ltr' id='par_1_89' title="bbox 2087 2779 3362 2844">
     <span class='ocr_line' id='line_1_91' title="bbox 2087 2779 3362 2844; baseline 0.003 -16"><span class='ocrx_word' id='word_1_655' title='bbox 2087 2780 2277 2830; x_wconf 85' lang='lat' dir='ltr'><strong>Infelix</strong></span> <span class='ocrx_word' id='word_1_656' title='bbox 2300 2779 2312 2828; x_wconf 86' lang='grc' dir='ltr'>Ι</span> <span class='ocrx_word' id='word_1_657' title='bbox 2341 2782 2632 2844; x_wconf 87' lang='lat' dir='ltr'><strong>utcumque</strong></span> <span class='ocrx_word' id='word_1_658' title='bbox 2659 2782 2830 2830; x_wconf 80' lang='lat' dir='ltr'><strong>ferent</strong></span> <span class='ocrx_word' id='word_1_659' title='bbox 2856 2793 2919 2831; x_wconf 89' lang='lat' dir='ltr'><strong>ea</strong></span> <span class='ocrx_word' id='word_1_660' title='bbox 2944 2782 3086 2831; x_wconf 78' lang='lat' dir='ltr'><strong>tacta</strong></span> <span class='ocrx_word' id='word_1_661' title='bbox 3113 2781 3362 2832; x_wconf 89' lang='lat' dir='ltr'><strong>minores.</strong></span> 
     </span>
    </p>
   </div>
   <div class='ocr_carea' id='block_1_90' title="bbox 2027 2861 3682 2934">
    <p class='ocr_par' dir='ltr' id='par_1_90' title="bbox 2027 2861 3682 2934">
     <span class='ocr_line' id='line_1_92' title="bbox 2027 2861 3682 2934; baseline 0.002 -18"><span class='ocrx_word' id='word_1_662' title='bbox 2027 2861 2492 2930; x_wconf 87' lang='lat' dir='ltr'><strong>Quomodolibet,</strong></span> <span class='ocrx_word' id='word_1_663' title='bbox 2521 2862 2733 2932; x_wconf 89' lang='lat' dir='ltr'><strong>inquit,</strong></span> <span class='ocrx_word' id='word_1_664' title='bbox 2759 2878 2822 2916; x_wconf 87' lang='lat' dir='ltr'><strong>ea</strong></span> <span class='ocrx_word' id='word_1_665' title='bbox 2842 2863 2986 2917; x_wconf 88' lang='lat' dir='ltr'><strong>facta</strong></span> <span class='ocrx_word' id='word_1_666' title='bbox 3017 2863 3234 2932; x_wconf 88' lang='lat' dir='ltr'><strong>posteri</strong></span> <span class='ocrx_word' id='word_1_667' title='bbox 3265 2864 3471 2934; x_wconf 88' lang='lat' dir='ltr'><strong>ferant,</strong></span> <span class='ocrx_word' id='word_1_668' title='bbox 3507 2864 3562 2919; x_wconf 89' lang='lat' dir='ltr'><strong>id</strong></span> <span class='ocrx_word' id='word_1_669' title='bbox 3588 2868 3682 2921; x_wconf 91' lang='lat' dir='ltr'><strong>est</strong></span> 
     </span>
    </p>
   </div>
   <div class='ocr_carea' id='block_1_91' title="bbox 2026 2949 3673 3021">
    <p class='ocr_par' dir='ltr' id='par_1_91' title="bbox 2026 2949 3673 3021">
     <span class='ocr_line' id='line_1_93' title="bbox 2026 2949 3673 3021; baseline 0.002 -17"><span class='ocrx_word' id='word_1_670' title='bbox 2026 2951 2335 3019; x_wconf 63' lang='lat' dir='ltr'><strong>praeferant</strong></span> <span class='ocrx_word' id='word_1_671' title='bbox 2364 2954 2420 3005; x_wconf 90' lang='lat' dir='ltr'><strong>et</strong></span> <span class='ocrx_word' id='word_1_672' title='bbox 2439 2949 2754 3019; x_wconf 83' lang='lat' dir='ltr'><strong>extollant;</strong></span> <span class='ocrx_word' id='word_1_673' title='bbox 2781 2950 2880 3021; x_wconf 90' lang='lat' dir='ltr'><strong>qui</strong></span> <span class='ocrx_word' id='word_1_674' title='bbox 2907 2950 3057 3006; x_wconf 80' lang='lat' dir='ltr'><strong>ﬁlios</strong></span> <span class='ocrx_word' id='word_1_675' title='bbox 3078 2953 3308 3019; x_wconf 88' lang='lat' dir='ltr'><strong>occidit,</strong></span> <span class='ocrx_word' id='word_1_676' title='bbox 3336 2953 3531 3009; x_wconf 80' lang='lat' dir='ltr'><strong>infelix</strong></span> <span class='ocrx_word' id='word_1_677' title='bbox 3563 2960 3673 3009; x_wconf 86' lang='lat' dir='ltr'><strong>est.</strong></span> 
     </span>
    </p>
   </div>
   <div class='ocr_carea' id='block_1_92' title="bbox 2025 3029 3680 3105">
    <p class='ocr_par' dir='ltr' id='par_1_92' title="bbox 2025 3029 3680 3105">
     <span class='ocr_line' id='line_1_94' title="bbox 2025 3029 3680 3105; baseline 0.004 -21"><span class='ocrx_word' id='word_1_678' title='bbox 2025 3031 2095 3085; x_wconf 91' lang='lat' dir='ltr'><strong>Et</strong></span> <span class='ocrx_word' id='word_1_679' title='bbox 2143 3036 2422 3101; x_wconf 86' lang='lat' dir='ltr'><strong>tanquam</strong></span> <span class='ocrx_word' id='word_1_680' title='bbox 2471 3031 2542 3086; x_wconf 87' lang='lat' dir='ltr'><strong>ad</strong></span> <span class='ocrx_word' id='word_1_681' title='bbox 2602 3029 3025 3086; x_wconf 87' lang='lat' dir='ltr'><strong>consolandum</strong></span> <span class='ocrx_word' id='word_1_682' title='bbox 3077 3031 3388 3100; x_wconf 78' lang='lat' dir='ltr'><strong>infelicem,</strong></span> <span class='ocrx_word' id='word_1_683' title='bbox 3434 3035 3680 3105; x_wconf 85' lang='lat' dir='ltr'><strong>subjun-</strong></span> 
     </span>
    </p>
   </div>
   <div class='ocr_carea' id='block_1_93' title="bbox 2028 3119 2151 3174">
    <p class='ocr_par' dir='ltr' id='par_1_93' title="bbox 2028 3119 2151 3174">
     <span class='ocr_line' id='line_1_95' title="bbox 2028 3119 2151 3174; baseline -0.008 0"><span class='ocrx_word' id='word_1_684' title='bbox 2028 3119 2113 3174; x_wconf 85' lang='lat' dir='ltr'><strong>xit</strong></span> <span class='ocrx_word' id='word_1_685' title='bbox 2137 3135 2151 3173; x_wconf 88' lang='lat'>:</span> 
     </span>
    </p>
   </div>
   <div class='ocr_carea' id='block_1_94' title="bbox 2086 3207 3577 3277">
    <p class='ocr_par' dir='ltr' id='par_1_94' title="bbox 2086 3207 3577 3277">
     <span class='ocr_line' id='line_1_96' title="bbox 2086 3207 3577 3277; baseline 0.005 -20"><span class='ocrx_word' id='word_1_686' title='bbox 2086 3207 2262 3260; x_wconf 83' lang='lat' dir='ltr'><strong>Vincit</strong></span> <span class='ocrx_word' id='word_1_687' title='bbox 2288 3220 2438 3258; x_wconf 89' lang='lat' dir='ltr'><strong>amor</strong></span> <span class='ocrx_word' id='word_1_688' title='bbox 2469 3209 2701 3277; x_wconf 69' lang='lat' dir='ltr'><strong>patijae,</strong></span> <span class='ocrx_word' id='word_1_689' title='bbox 2723 3209 3050 3277; x_wconf 73' lang='lat' dir='ltr'><strong>laudumque</strong></span> <span class='ocrx_word' id='word_1_690' title='bbox 3078 3210 3577 3277; x_wconf 70' lang='lat' dir='ltr'><strong>immensacupido.</strong></span> 
     </span>
    </p>
   </div>
   <div class='ocr_carea' id='block_1_95' title="bbox 2516 3272 3421 3338">
    <p class='ocr_par' dir='ltr' id='par_1_95' title="bbox 2516 3272 3421 3338">
     <span class='ocr_line' id='line_1_97' title="bbox 2516 3272 3421 3338; baseline 0.004 -18"><span class='ocrx_word' id='word_1_691' title='bbox 2516 3272 2756 3332; x_wconf 63' lang='lat' dir='ltr'><strong>(xEneid.</strong></span> <span class='ocrx_word' id='word_1_692' title='bbox 2790 3273 2885 3323; x_wconf 77' lang='lat' dir='ltr'><strong>lib.</strong></span> <span class='ocrx_word' id='word_1_693' title='bbox 2914 3272 2980 3338; x_wconf 54' lang='grc' dir='ltr'><strong>ϐξ</strong></span> <span class='ocrx_word' id='word_1_694' title='bbox 3000 3289 3140 3324; x_wconf 80' lang='lat' dir='ltr'><strong>vers.</strong></span> <span class='ocrx_word' id='word_1_695' title='bbox 3171 3274 3421 3336; x_wconf 78' lang='lat'><strong>820-823.)</strong></span> 
     </span>
    </p>
   </div>
   <div class='ocr_carea' id='block_1_96' title="bbox 2023 3369 3671 3445">
    <p class='ocr_par' dir='ltr' id='par_1_96' title="bbox 2023 3369 3671 3445">
     <span class='ocr_line' id='line_1_98' title="bbox 2023 3369 3671 3445; baseline 0.003 -19"><span class='ocrx_word' id='word_1_696' title='bbox 2023 3373 2222 3426; x_wconf 90' lang='lat' dir='ltr'><strong>Nonne</strong></span> <span class='ocrx_word' id='word_1_697' title='bbox 2253 3369 2310 3424; x_wconf 92' lang='lat' dir='ltr'><strong>in</strong></span> <span class='ocrx_word' id='word_1_698' title='bbox 2336 3369 2441 3425; x_wconf 90' lang='lat' dir='ltr'><strong>hoc</strong></span> <span class='ocrx_word' id='word_1_699' title='bbox 2466 3370 2664 3436; x_wconf 88' lang='lat' dir='ltr'><strong>Bruto,</strong></span> <span class='ocrx_word' id='word_1_700' title='bbox 2690 3371 2788 3442; x_wconf 90' lang='lat' dir='ltr'><strong>qui</strong></span> <span class='ocrx_word' id='word_1_701' title='bbox 2817 3378 2874 3428; x_wconf 88' lang='lat' dir='ltr'><strong>et</strong></span> <span class='ocrx_word' id='word_1_702' title='bbox 2902 3371 3051 3428; x_wconf 82' lang='lat' dir='ltr'><strong>filios</strong></span> <span class='ocrx_word' id='word_1_703' title='bbox 3071 3374 3297 3441; x_wconf 85' lang='lat' dir='ltr'><strong>occidit,</strong></span> <span class='ocrx_word' id='word_1_704' title='bbox 3325 3379 3427 3428; x_wconf 90' lang='lat' dir='ltr'><strong>eta</strong></span> <span class='ocrx_word' id='word_1_705' title='bbox 3450 3391 3510 3430; x_wconf 92' lang='lat' dir='ltr'><strong>se</strong></span> <span class='ocrx_word' id='word_1_706' title='bbox 3543 3391 3671 3445; x_wconf 85' lang='lat' dir='ltr'><strong>per-</strong></span> 
     </span>
    </p>
   </div>
   <div class='ocr_carea' id='block_1_97' title="bbox 2022 3459 3672 3535">
    <p class='ocr_par' dir='ltr' id='par_1_97' title="bbox 2022 3459 3672 3535">
     <span class='ocr_line' id='line_1_99' title="bbox 2022 3459 3672 3535; baseline 0.002 -21"><span class='ocrx_word' id='word_1_707' title='bbox 2022 3475 2190 3514; x_wconf 89' lang='lat' dir='ltr'><strong>cusso</strong></span> <span class='ocrx_word' id='word_1_708' title='bbox 2214 3459 2367 3515; x_wconf 87' lang='lat' dir='ltr'><strong>hosti</strong></span> <span class='ocrx_word' id='word_1_709' title='bbox 2393 3459 2511 3516; x_wconf 85' lang='lat' dir='ltr'><strong>ﬁlio</strong></span> <span class='ocrx_word' id='word_1_710' title='bbox 2531 3459 2831 3531; x_wconf 86' lang='lat' dir='ltr'><strong>Tarquinii</strong></span> <span class='ocrx_word' id='word_1_711' title='bbox 2856 3466 3055 3517; x_wconf 87' lang='lat' dir='ltr'><strong>mutuo</strong></span> <span class='ocrx_word' id='word_1_712' title='bbox 3071 3477 3385 3530; x_wconf 89' lang='lat' dir='ltr'><strong>percussus</strong></span> <span class='ocrx_word' id='word_1_713' title='bbox 3404 3465 3672 3535; x_wconf 83' lang='lat' dir='ltr'><strong>supervi-</strong></span> 
     </span>
    </p>
   </div>
   <div class='ocr_carea' id='block_1_98' title="bbox 2019 3548 3662 3622">
    <p class='ocr_par' dir='ltr' id='par_1_98' title="bbox 2019 3548 3662 3622">
     <span class='ocr_line' id='line_1_100' title="bbox 2019 3548 3662 3622; baseline 0.005 -22"><span class='ocrx_word' id='word_1_714' title='bbox 2019 3563 2153 3603; x_wconf 88' lang='lat' dir='ltr'><strong>vere</strong></span> <span class='ocrx_word' id='word_1_715' title='bbox 2175 3565 2288 3604; x_wconf 92' lang='lat' dir='ltr'><strong>non</strong></span> <span class='ocrx_word' id='word_1_716' title='bbox 2312 3549 2517 3617; x_wconf 88' lang='lat' dir='ltr'><strong>potuit,</strong></span> <span class='ocrx_word' id='word_1_717' title='bbox 2543 3548 2712 3618; x_wconf 90' lang='lat' dir='ltr'><strong>eique</strong></span> <span class='ocrx_word' id='word_1_718' title='bbox 2735 3549 2926 3619; x_wconf 88' lang='lat' dir='ltr'><strong>potius</strong></span> <span class='ocrx_word' id='word_1_719' title='bbox 2948 3550 3070 3619; x_wconf 89' lang='lat' dir='ltr'><strong>ipse</strong></span> <span class='ocrx_word' id='word_1_720' title='bbox 3085 3551 3440 3620; x_wconf 89' lang='lat' dir='ltr'><strong>Tarquinius</strong></span> <span class='ocrx_word' id='word_1_721' title='bbox 3459 3569 3662 3622; x_wconf 87' lang='lat' dir='ltr'><strong>super-</strong></span> 
     </span>
    </p>
   </div>
   <div class='ocr_carea' id='block_1_99' title="bbox 2018 3635 3659 3709">
    <p class='ocr_par' dir='ltr' id='par_1_99' title="bbox 2018 3635 3659 3709">
     <span class='ocr_line' id='line_1_101' title="bbox 2018 3635 3659 3709; baseline 0.002 -19"><span class='ocrx_word' id='word_1_722' title='bbox 2018 3635 2180 3698; x_wconf 77' lang='lat' dir='ltr'><strong>vixit,</strong></span> <span class='ocrx_word' id='word_1_723' title='bbox 2205 3635 2475 3690; x_wconf 87' lang='lat' dir='ltr'><strong>Collatini</strong></span> <span class='ocrx_word' id='word_1_724' title='bbox 2497 3636 2727 3707; x_wconf 71' lang='lat' dir='ltr'><strong>collegas</strong></span> <span class='ocrx_word' id='word_1_725' title='bbox 2750 3636 2975 3690; x_wconf 88' lang='lat' dir='ltr'><strong>videtur</strong></span> <span class='ocrx_word' id='word_1_726' title='bbox 2995 3637 3328 3692; x_wconf 89' lang='lat' dir='ltr'><strong>innocentia</strong></span> <span class='ocrx_word' id='word_1_727' title='bbox 3348 3640 3659 3709; x_wconf 88' lang='lat' dir='ltr'><strong>vindicata,</strong></span> 
     </span>
    </p>
   </div>
   <div class='ocr_carea' id='block_1_100' title="bbox 2020 3723 3661 3799">
    <p class='ocr_par' dir='ltr' id='par_1_100' title="bbox 2020 3723 3661 3799">
     <span class='ocr_line' id='line_1_102' title="bbox 2020 3723 3661 3799; baseline 0.002 -19"><span class='ocrx_word' id='word_1_728' title='bbox 2020 3725 2117 3796; x_wconf 90' lang='lat' dir='ltr'><strong>qui</strong></span> <span class='ocrx_word' id='word_1_729' title='bbox 2141 3723 2328 3780; x_wconf 89' lang='lat' dir='ltr'><strong>bonus</strong></span> <span class='ocrx_word' id='word_1_730' title='bbox 2351 3725 2490 3779; x_wconf 89' lang='lat' dir='ltr'><strong>civis</strong></span> <span class='ocrx_word' id='word_1_731' title='bbox 2514 3725 2621 3779; x_wconf 90' lang='lat' dir='ltr'><strong>hoc</strong></span> <span class='ocrx_word' id='word_1_732' title='bbox 2643 3724 2956 3794; x_wconf 91' lang='lat' dir='ltr'><strong>Tarquinio</strong></span> <span class='ocrx_word' id='word_1_733' title='bbox 2985 3725 3151 3794; x_wconf 90' lang='lat' dir='ltr'><strong>pulso</strong></span> <span class='ocrx_word' id='word_1_734' title='bbox 3175 3742 3383 3796; x_wconf 90' lang='lat' dir='ltr'><strong>passus</strong></span> <span class='ocrx_word' id='word_1_735' title='bbox 3404 3731 3488 3782; x_wconf 87' lang='lat' dir='ltr'><strong>est</strong></span> <span class='ocrx_word' id='word_1_736' title='bbox 3505 3729 3661 3799; x_wconf 89' lang='lat' dir='ltr'><strong>quod</strong></span> 
     </span>
    </p>
   </div>
   <div class='ocr_carea' id='block_1_101' title="bbox 2017 3811 3661 3887">
    <p class='ocr_par' dir='ltr' id='par_1_101' title="bbox 2017 3811 3661 3887">
     <span class='ocr_line' id='line_1_103' title="bbox 2017 3811 3661 3887; baseline 0.001 -17"><span class='ocrx_word' id='word_1_737' title='bbox 2017 3818 2298 3887; x_wconf 86' lang='lat' dir='ltr'><strong>tyrannus</strong></span> <span class='ocrx_word' id='word_1_738' title='bbox 2315 3813 2441 3884; x_wconf 90' lang='lat' dir='ltr'><strong>ipse</strong></span> <span class='ocrx_word' id='word_1_739' title='bbox 2462 3813 2815 3884; x_wconf 88' lang='lat' dir='ltr'><strong>Tarquinius</strong></span> <span class='ocrx_word' id='word_1_740' title='bbox 2835 3811 3016 3867; x_wconf 86' lang='lat' dir='ltr'><strong>?Nam</strong></span> <span class='ocrx_word' id='word_1_741' title='bbox 3041 3817 3096 3869; x_wconf 90' lang='lat' dir='ltr'><strong>et</strong></span> <span class='ocrx_word' id='word_1_742' title='bbox 3117 3813 3267 3868; x_wconf 91' lang='lat' dir='ltr'><strong>idem</strong></span> <span class='ocrx_word' id='word_1_743' title='bbox 3292 3815 3500 3871; x_wconf 89' lang='lat' dir='ltr'><strong>Brutus</strong></span> <span class='ocrx_word' id='word_1_744' title='bbox 3522 3832 3661 3872; x_wconf 89' lang='lat' dir='ltr'><strong>con-</strong></span> 
     </span>
    </p>
   </div>
   <div class='ocr_carea' id='block_1_102' title="bbox 2017 3901 3662 3975">
    <p class='ocr_par' dir='ltr' id='par_1_102' title="bbox 2017 3901 3662 3975">
     <span class='ocr_line' id='line_1_104' title="bbox 2017 3901 3662 3975; baseline 0.002 -17"><span class='ocrx_word' id='word_1_745' title='bbox 2017 3903 2375 3975; x_wconf 88' lang='lat' dir='ltr'><strong>sanguineus</strong></span> <span class='ocrx_word' id='word_1_746' title='bbox 2396 3901 2695 3973; x_wconf 90' lang='lat' dir='ltr'><strong>Tarquinii</strong></span> <span class='ocrx_word' id='word_1_747' title='bbox 2719 3902 2897 3956; x_wconf 87' lang='lat' dir='ltr'><strong>fuisse</strong></span> <span class='ocrx_word' id='word_1_748' title='bbox 2915 3902 3269 3973; x_wconf 91' lang='lat' dir='ltr'><strong>perhibetur.</strong></span> <span class='ocrx_word' id='word_1_749' title='bbox 3294 3903 3404 3959; x_wconf 91' lang='lat' dir='ltr'><strong>Sed</strong></span> <span class='ocrx_word' id='word_1_750' title='bbox 3429 3905 3662 3961; x_wconf 86' lang='lat' dir='ltr'><strong>Collati-</strong></span> 
     </span>
    </p>
   </div>
   <div class='ocr_carea' id='block_1_103' title="bbox 2017 3990 3658 4064">
    <p class='ocr_par' dir='ltr' id='par_1_103' title="bbox 2017 3990 3658 4064">
     <span class='ocr_line' id='line_1_105' title="bbox 2017 3990 3658 4064; baseline 0.002 -16"><span class='ocrx_word' id='word_1_751' title='bbox 2017 4008 2162 4048; x_wconf 91' lang='lat' dir='ltr'><strong>num</strong></span> <span class='ocrx_word' id='word_1_752' title='bbox 2183 3990 2450 4047; x_wconf 89' lang='lat' dir='ltr'><strong>videlicet</strong></span> <span class='ocrx_word' id='word_1_753' title='bbox 2469 3990 2790 4047; x_wconf 89' lang='lat' dir='ltr'><strong>similitudo</strong></span> <span class='ocrx_word' id='word_1_754' title='bbox 2814 3991 3063 4047; x_wconf 91' lang='lat' dir='ltr'><strong>nominis</strong></span> <span class='ocrx_word' id='word_1_755' title='bbox 3078 3992 3309 4062; x_wconf 89' lang='lat' dir='ltr'><strong>pressit,</strong></span> <span class='ocrx_word' id='word_1_756' title='bbox 3324 3992 3464 4064; x_wconf 90' lang='lat' dir='ltr'><strong>quia</strong></span> <span class='ocrx_word' id='word_1_757' title='bbox 3483 3996 3658 4051; x_wconf 89' lang='lat' dir='ltr'><strong>etiam</strong></span> 
     </span>
    </p>
   </div>
   <div class='ocr_carea' id='block_1_104' title="bbox 2016 4080 3658 4155">
    <p class='ocr_par' dir='ltr' id='par_1_104' title="bbox 2016 4080 3658 4155">
     <span class='ocr_line' id='line_1_106' title="bbox 2016 4080 3658 4155; baseline 0.002 -19"><span class='ocrx_word' id='word_1_758' title='bbox 2016 4080 2369 4152; x_wconf 87' lang='lat' dir='ltr'><strong>Tarquinius</strong></span> <span class='ocrx_word' id='word_1_759' title='bbox 2391 4080 2726 4138; x_wconf 89' lang='lat' dir='ltr'><strong>vocabatur.</strong></span> <span class='ocrx_word' id='word_1_760' title='bbox 2756 4080 2982 4138; x_wconf 88' lang='lat' dir='ltr'><strong>Mutare</strong></span> <span class='ocrx_word' id='word_1_761' title='bbox 2999 4097 3132 4154; x_wconf 86' lang='lat' dir='ltr'><strong>ergo</strong></span> <span class='ocrx_word' id='word_1_762' title='bbox 3160 4097 3393 4151; x_wconf 91' lang='lat' dir='ltr'><strong>nomen,</strong></span> <span class='ocrx_word' id='word_1_763' title='bbox 3420 4098 3536 4139; x_wconf 90' lang='lat' dir='ltr'><strong>non</strong></span> <span class='ocrx_word' id='word_1_764' title='bbox 3559 4099 3658 4155; x_wconf 90' lang='lat' dir='ltr'><strong>pa-</strong></span> 
     </span>
    </p>
   </div>
   <div class='ocr_carea' id='block_1_105' title="bbox 2017 4171 3657 4242">
    <p class='ocr_par' dir='ltr' id='par_1_105' title="bbox 2017 4171 3657 4242">
     <span class='ocr_line' id='line_1_107' title="bbox 2017 4171 3657 4242; baseline 0.003 -17"><span class='ocrx_word' id='word_1_765' title='bbox 2017 4171 2187 4226; x_wconf 88' lang='lat' dir='ltr'><strong>triam</strong></span> <span class='ocrx_word' id='word_1_766' title='bbox 2209 4175 2548 4242; x_wconf 86' lang='lat' dir='ltr'><strong>cogeretur:</strong></span> <span class='ocrx_word' id='word_1_767' title='bbox 2582 4175 2870 4242; x_wconf 91' lang='lat' dir='ltr'><strong>postremo</strong></span> <span class='ocrx_word' id='word_1_768' title='bbox 2894 4171 2953 4226; x_wconf 92' lang='lat' dir='ltr'><strong>in</strong></span> <span class='ocrx_word' id='word_1_769' title='bbox 2975 4172 3101 4242; x_wconf 89' lang='lat' dir='ltr'><strong>ejus</strong></span> <span class='ocrx_word' id='word_1_770' title='bbox 3127 4172 3363 4228; x_wconf 90' lang='lat' dir='ltr'><strong>nomine</strong></span> <span class='ocrx_word' id='word_1_771' title='bbox 3385 4175 3402 4209; x_wconf 79' lang='grc' dir='ltr'>ί</span> <span class='ocrx_word' id='word_1_772' title='bbox 3427 4172 3536 4230; x_wconf 91' lang='lat' dir='ltr'><strong>hoc</strong></span> <span class='ocrx_word' id='word_1_773' title='bbox 3556 4189 3657 4230; x_wconf 90' lang='lat' dir='ltr'><strong>vo-</strong></span> 
     </span>
    </p>
   </div>
   <div class='ocr_carea' id='block_1_106' title="bbox 2015 4260 3658 4331">
    <p class='ocr_par' dir='ltr' id='par_1_106' title="bbox 2015 4260 3658 4331">
     <span class='ocr_line' id='line_1_108' title="bbox 2015 4260 3658 4331; baseline 0.003 -16"><span class='ocrx_word' id='word_1_774' title='bbox 2015 4260 2284 4316; x_wconf 89' lang='lat' dir='ltr'><strong>cabulum</strong></span> <span class='ocrx_word' id='word_1_775' title='bbox 2302 4261 2495 4317; x_wconf 91' lang='lat' dir='ltr'><strong>minus</strong></span> <span class='ocrx_word' id='word_1_776' title='bbox 2509 4264 2684 4331; x_wconf 87' lang='lat' dir='ltr'><strong>esset,</strong></span> <span class='ocrx_word' id='word_1_777' title='bbox 2701 4262 2761 4316; x_wconf 91' lang='lat' dir='ltr'><strong>L.</strong></span> <span class='ocrx_word' id='word_1_778' title='bbox 2799 4261 3117 4318; x_wconf 88' lang='lat' dir='ltr'><strong>Collatinus</strong></span> <span class='ocrx_word' id='word_1_779' title='bbox 3138 4264 3546 4320; x_wconf 88' lang='lat' dir='ltr'><strong>tantummodo</strong></span> <span class='ocrx_word' id='word_1_780' title='bbox 3569 4281 3658 4320; x_wconf 91' lang='lat' dir='ltr'><strong>vo-</strong></span> 
     </span>
    </p>
   </div>
   <div class='ocr_carea' id='block_1_107' title="bbox 2015 4350 3658 4422">
    <p class='ocr_par' dir='ltr' id='par_1_107' title="bbox 2015 4350 3658 4422">
     <span class='ocr_line' id='line_1_109' title="bbox 2015 4350 3658 4422; baseline 0.003 -16"><span class='ocrx_word' id='word_1_781' title='bbox 2015 4354 2264 4407; x_wconf 90' lang='lat' dir='ltr'><strong>caretur.</strong></span> <span class='ocrx_word' id='word_1_782' title='bbox 2299 4350 2409 4406; x_wconf 82' lang='lat' dir='ltr'><strong>Sed</strong></span> <span class='ocrx_word' id='word_1_783' title='bbox 2441 4351 2569 4407; x_wconf 91' lang='lat' dir='ltr'><strong>ideo</strong></span> <span class='ocrx_word' id='word_1_784' title='bbox 2603 4368 2716 4407; x_wconf 90' lang='lat' dir='ltr'><strong>non</strong></span> <span class='ocrx_word' id='word_1_785' title='bbox 2748 4351 2945 4407; x_wconf 89' lang='lat' dir='ltr'><strong>amisit</strong></span> <span class='ocrx_word' id='word_1_786' title='bbox 2975 4353 3129 4422; x_wconf 91' lang='lat' dir='ltr'><strong>quod</strong></span> <span class='ocrx_word' id='word_1_787' title='bbox 3169 4353 3298 4410; x_wconf 88' lang='lat' dir='ltr'><strong>sine</strong></span> <span class='ocrx_word' id='word_1_788' title='bbox 3327 4353 3446 4411; x_wconf 90' lang='lat' dir='ltr'><strong>ullo</strong></span> <span class='ocrx_word' id='word_1_789' title='bbox 3478 4355 3658 4412; x_wconf 86' lang='lat' dir='ltr'><strong>detri-</strong></span> 
     </span>
    </p>
   </div>
   <div class='ocr_carea' id='block_1_108' title="bbox 2014 4441 3658 4514">
    <p class='ocr_par' dir='ltr' id='par_1_108' title="bbox 2014 4441 3658 4514">
     <span class='ocr_line' id='line_1_110' title="bbox 2014 4441 3658 4514; baseline 0.005 -19"><span class='ocrx_word' id='word_1_790' title='bbox 2014 4445 2209 4496; x_wconf 91' lang='lat' dir='ltr'><strong>mento</strong></span> <span class='ocrx_word' id='word_1_791' title='bbox 2228 4445 2420 4512; x_wconf 91' lang='lat' dir='ltr'><strong>posset</strong></span> <span class='ocrx_word' id='word_1_792' title='bbox 2438 4441 2726 4510; x_wconf 86' lang='lat' dir='ltr'><strong>amittere,</strong></span> <span class='ocrx_word' id='word_1_793' title='bbox 2752 4449 2811 4496; x_wconf 92' lang='lat' dir='ltr'><strong>ut</strong></span> <span class='ocrx_word' id='word_1_794' title='bbox 2833 4447 2888 4498; x_wconf 88' lang='lat' dir='ltr'><strong>et</strong></span> <span class='ocrx_word' id='word_1_795' title='bbox 2909 4443 3126 4499; x_wconf 89' lang='lat' dir='ltr'><strong>honore</strong></span> <span class='ocrx_word' id='word_1_796' title='bbox 3148 4443 3372 4514; x_wconf 90' lang='lat' dir='ltr'><strong>primus</strong></span> <span class='ocrx_word' id='word_1_797' title='bbox 3387 4447 3658 4503; x_wconf 90' lang='lat' dir='ltr'><strong>consulet</strong></span> 
     </span>
    </p>
   </div>
   <div class='ocr_carea' id='block_1_109' title="bbox 2013 4530 3657 4603">
    <p class='ocr_par' dir='ltr' id='par_1_109' title="bbox 2013 4530 3657 4603">
     <span class='ocr_line' id='line_1_111' title="bbox 2013 4530 3657 4603; baseline 0.004 -18"><span class='ocrx_word' id='word_1_798' title='bbox 2013 4530 2237 4586; x_wconf 87' lang='lat' dir='ltr'><strong>civitate</strong></span> <span class='ocrx_word' id='word_1_799' title='bbox 2268 4531 2458 4586; x_wconf 90' lang='lat' dir='ltr'><strong>bonus</strong></span> <span class='ocrx_word' id='word_1_800' title='bbox 2491 4532 2632 4588; x_wconf 89' lang='lat' dir='ltr'><strong>civis</strong></span> <span class='ocrx_word' id='word_1_801' title='bbox 2662 4547 2855 4588; x_wconf 90' lang='lat' dir='ltr'><strong>carere</strong></span> <span class='ocrx_word' id='word_1_802' title='bbox 2879 4533 3203 4603; x_wconf 90' lang='lat' dir='ltr'><strong>juberetur.</strong></span> <span class='ocrx_word' id='word_1_803' title='bbox 3239 4533 3498 4591; x_wconf 89' lang='lat' dir='ltr'><strong>Etiamne</strong></span> <span class='ocrx_word' id='word_1_804' title='bbox 3546 4536 3657 4592; x_wconf 91' lang='lat' dir='ltr'><strong>ista</strong></span> 
     </span>
    </p>
   </div>
   <div class='ocr_carea' id='block_1_110' title="bbox 2011 4618 3655 4694">
    <p class='ocr_par' dir='ltr' id='par_1_110' title="bbox 2011 4618 3655 4694">
     <span class='ocr_line' id='line_1_112' title="bbox 2011 4618 3655 4694; baseline 0.004 -20"><span class='ocrx_word' id='word_1_805' title='bbox 2011 4622 2100 4674; x_wconf 90' lang='lat' dir='ltr'><strong>est</strong></span> <span class='ocrx_word' id='word_1_806' title='bbox 2129 4618 2313 4690; x_wconf 88' lang='lat' dir='ltr'><strong>gloria</strong></span> <span class='ocrx_word' id='word_1_807' title='bbox 2341 4619 2503 4675; x_wconf 88' lang='lat' dir='ltr'><strong>Junii</strong></span> <span class='ocrx_word' id='word_1_808' title='bbox 2529 4620 2684 4675; x_wconf 89' lang='lat' dir='ltr'><strong>Bruti</strong></span> <span class='ocrx_word' id='word_1_809' title='bbox 2705 4621 3046 4678; x_wconf 86' lang='lat' dir='ltr'><strong>detestanda</strong></span> <span class='ocrx_word' id='word_1_810' title='bbox 3081 4622 3360 4694; x_wconf 87' lang='lat' dir='ltr'><strong>iniquitas</strong></span> <span class='ocrx_word' id='word_1_811' title='bbox 3389 4627 3446 4680; x_wconf 92' lang='lat' dir='ltr'><strong>et</strong></span> <span class='ocrx_word' id='word_1_812' title='bbox 3474 4623 3655 4680; x_wconf 92' lang='lat' dir='ltr'><strong>nihilo</strong></span> 
     </span>
    </p>
   </div>
   <div class='ocr_carea' id='block_1_111' title="bbox 2013 4707 3653 4784">
    <p class='ocr_par' dir='ltr' id='par_1_111' title="bbox 2013 4707 3653 4784">
     <span class='ocr_line' id='line_1_113' title="bbox 2013 4707 3653 4784; baseline 0.006 -22"><span class='ocrx_word' id='word_1_813' title='bbox 2013 4707 2171 4763; x_wconf 89' lang='lat' dir='ltr'><strong>utilis</strong></span> <span class='ocrx_word' id='word_1_814' title='bbox 2193 4708 2520 4780; x_wconf 67' lang='lat' dir='ltr'><strong>reipublicae</strong></span> <span class='ocrx_word' id='word_1_815' title='bbox 2546 4710 2574 4764; x_wconf 81' lang='lat'><strong>‘?</strong></span> <span class='ocrx_word' id='word_1_816' title='bbox 2601 4709 2868 4766; x_wconf 84' lang='lat' dir='ltr'><strong>Etiamne</strong></span> <span class='ocrx_word' id='word_1_817' title='bbox 2890 4711 2960 4766; x_wconf 90' lang='lat' dir='ltr'><strong>ad</strong></span> <span class='ocrx_word' id='word_1_818' title='bbox 2993 4710 3145 4768; x_wconf 90' lang='lat' dir='ltr'><strong>hanc</strong></span> <span class='ocrx_word' id='word_1_819' title='bbox 3178 4715 3653 4784; x_wconf 87' lang='lat' dir='ltr'><strong>perpetrandam,</strong></span> 
     </span>
    </p>
   </div>
   <div class='ocr_carea' id='block_1_112' title="bbox 2071 4828 3534 4893">
    <p class='ocr_par' dir='ltr' id='par_1_112' title="bbox 2071 4828 3534 4893">
     <span class='ocr_line' id='line_1_114' title="bbox 2071 4828 3534 4893; baseline 0.003 -18"><span class='ocrx_word' id='word_1_820' title='bbox 2071 4828 2209 4878; x_wconf 86' lang='lat' dir='ltr'><strong>Vicit</strong></span> <span class='ocrx_word' id='word_1_821' title='bbox 2235 4841 2384 4878; x_wconf 90' lang='lat' dir='ltr'><strong>amor</strong></span> <span class='ocrx_word' id='word_1_822' title='bbox 2410 4829 2633 4892; x_wconf 85' lang='lat' dir='ltr'><strong>patriae,</strong></span> <span class='ocrx_word' id='word_1_823' title='bbox 2660 4829 2990 4892; x_wconf 88' lang='lat' dir='ltr'><strong>laudumque</strong></span> <span class='ocrx_word' id='word_1_824' title='bbox 3017 4830 3280 4880; x_wconf 87' lang='lat' dir='ltr'><strong>immensa</strong></span> <span class='ocrx_word' id='word_1_825' title='bbox 3302 4830 3534 4893; x_wconf 74' lang='lat' dir='ltr'><strong>cupido?</strong></span> 
     </span>
    </p>
   </div>
   <div class='ocr_carea' id='block_1_113' title="bbox 2009 4937 3650 5010">
    <p class='ocr_par' dir='ltr' id='par_1_113' title="bbox 2009 4937 3650 5010">
     <span class='ocr_line' id='line_1_115' title="bbox 2009 4937 3650 5010; baseline 0.002 -16"><span class='ocrx_word' id='word_1_826' title='bbox 2009 4937 2135 4994; x_wconf 89' lang='lat' dir='ltr'><strong>Jam</strong></span> <span class='ocrx_word' id='word_1_827' title='bbox 2151 4938 2391 5006; x_wconf 85' lang='lat' dir='ltr'><strong>expulso</strong></span> <span class='ocrx_word' id='word_1_828' title='bbox 2413 4938 2613 5008; x_wconf 88' lang='lat' dir='ltr'><strong>utique</strong></span> <span class='ocrx_word' id='word_1_829' title='bbox 2635 4938 2950 5009; x_wconf 91' lang='lat' dir='ltr'><strong>Tarquinio</strong></span> <span class='ocrx_word' id='word_1_830' title='bbox 2973 4943 3219 5010; x_wconf 87' lang='lat' dir='ltr'><strong>tyranno</strong></span> <span class='ocrx_word' id='word_1_831' title='bbox 3240 4939 3493 5007; x_wconf 74' lang='lat' dir='ltr'><strong>’,consul</strong></span> <span class='ocrx_word' id='word_1_832' title='bbox 3517 4956 3650 4997; x_wconf 89' lang='lat' dir='ltr'><strong>cum</strong></span> 
     </span>
    </p>
   </div>
   <div class='ocr_carea' id='block_1_114' title="bbox 2012 5027 3647 5102">
    <p class='ocr_par' dir='ltr' id='par_1_114' title="bbox 2012 5027 3647 5102">
     <span class='ocr_line' id='line_1_116' title="bbox 2012 5027 3647 5102; baseline 0.001 -20"><span class='ocrx_word' id='word_1_833' title='bbox 2012 5029 2186 5083; x_wconf 88' lang='lat' dir='ltr'><strong>Bruto</strong></span> <span class='ocrx_word' id='word_1_834' title='bbox 2219 5031 2446 5083; x_wconf 90' lang='lat' dir='ltr'><strong>creatus</strong></span> <span class='ocrx_word' id='word_1_835' title='bbox 2476 5029 2564 5082; x_wconf 90' lang='lat' dir='ltr'><strong>est</strong></span> <span class='ocrx_word' id='word_1_836' title='bbox 2595 5027 2834 5083; x_wconf 87' lang='lat' dir='ltr'><strong>maritus</strong></span> <span class='ocrx_word' id='word_1_837' title='bbox 2870 5028 3142 5085; x_wconf 84' lang='lat' dir='ltr'><strong>Lucretiae</strong></span> <span class='ocrx_word' id='word_1_838' title='bbox 3195 5030 3258 5085; x_wconf 92' lang='lat' dir='ltr'><strong>L.</strong></span> <span class='ocrx_word' id='word_1_839' title='bbox 3290 5029 3647 5102; x_wconf 89' lang='lat' dir='ltr'><strong>Tarquinius</strong></span> 
     </span>
    </p>
   </div>
   <div class='ocr_carea' id='block_1_115' title="bbox 2073 5195 3653 5264">
    <p class='ocr_par' dir='ltr' id='par_1_115' title="bbox 2073 5195 3653 5264">
     <span class='ocr_line' id='line_1_117' title="bbox 2073 5195 3653 5264; baseline 0.004 -20"><span class='ocrx_word' id='word_1_840' title='bbox 2073 5200 2090 5234; x_wconf 80' lang='grc'><strong>1</strong></span> <span class='ocrx_word' id='word_1_841' title='bbox 2122 5197 2412 5264; x_wconf 65' lang='lat' dir='ltr'><strong>Vind._Am.</strong></span> <span class='ocrx_word' id='word_1_842' title='bbox 2431 5197 2484 5247; x_wconf 88' lang='lat' dir='ltr'><strong>et</strong></span> <span class='ocrx_word' id='word_1_843' title='bbox 2511 5195 2698 5264; x_wconf 68' lang='lat' dir='ltr'><strong>Er.,_si</strong></span> <span class='ocrx_word' id='word_1_844' title='bbox 2731 5198 2790 5247; x_wconf 77' lang='lat' dir='ltr'><strong>in</strong></span> <span class='ocrx_word' id='word_1_845' title='bbox 2816 5199 2940 5259; x_wconf 70' lang='lat' dir='ltr'><strong>ejus</strong></span> <span class='ocrx_word' id='word_1_846' title='bbox 2960 5201 3204 5250; x_wconf 80' lang='lat' dir='ltr'><strong>nomine.</strong></span> <span class='ocrx_word' id='word_1_847' title='bbox 3235 5202 3389 5264; x_wconf 84' lang='lat' dir='ltr'><strong>Apud</strong></span> <span class='ocrx_word' id='word_1_848' title='bbox 3408 5203 3530 5250; x_wconf 86' lang='lat' dir='ltr'><strong>Lov.</strong></span> <span class='ocrx_word' id='word_1_849' title='bbox 3562 5213 3653 5264; x_wconf 86' lang='lat' dir='ltr'><strong>au-</strong></span> 
     </span>
    </p>
   </div>
   <div class='ocr_carea' id='block_1_116' title="bbox 2007 5261 3651 5324">
    <p class='ocr_par' dir='ltr' id='par_1_116' title="bbox 2007 5261 3651 5324">
     <span class='ocr_line' id='line_1_118' title="bbox 2007 5261 3651 5324; baseline 0.001 -15"><span class='ocrx_word' id='word_1_850' title='bbox 2007 5261 2114 5309; x_wconf 89' lang='lat' dir='ltr'><strong>tem</strong></span> <span class='ocrx_word' id='word_1_851' title='bbox 2143 5274 2250 5309; x_wconf 88' lang='lat' dir='ltr'><strong>non</strong></span> <span class='ocrx_word' id='word_1_852' title='bbox 2278 5261 2415 5321; x_wconf 89' lang='lat' dir='ltr'><strong>istic,</strong></span> <span class='ocrx_word' id='word_1_853' title='bbox 2451 5261 2543 5310; x_wconf 91' lang='lat' dir='ltr'><strong>sed</strong></span> <span class='ocrx_word' id='word_1_854' title='bbox 2563 5261 2721 5321; x_wconf 80' lang='lat' dir='ltr'><strong>intra,</strong></span> <span class='ocrx_word' id='word_1_855' title='bbox 2740 5265 2873 5324; x_wconf 90' lang='lat' dir='ltr'><strong>post,</strong></span> <span class='ocrx_word' id='word_1_856' title='bbox 2906 5264 3099 5312; x_wconf 79' lang='lat' dir='ltr'><strong>minus</strong></span> <span class='ocrx_word' id='word_1_857' title='bbox 3120 5272 3256 5311; x_wconf 78' lang='lat' dir='ltr'><strong>esset</strong></span> <span class='ocrx_word' id='word_1_858' title='bbox 3276 5261 3300 5323; x_wconf 70' lang='grc' dir='ltr'><strong><em>ξ</em></strong></span> <span class='ocrx_word' id='word_1_859' title='bbox 3312 5265 3542 5324; x_wconf 87' lang='lat' dir='ltr'><strong>additur,</strong></span> <span class='ocrx_word' id='word_1_860' title='bbox 3563 5263 3617 5311; x_wconf 80' lang='grc' dir='ltr'><strong>.ςί</strong></span> <span class='ocrx_word' id='word_1_861' title='bbox 3632 5276 3651 5310; x_wconf 76' lang='lat'><strong>.-</strong></span> 
     </span>
    </p>
   </div>
   <div class='ocr_carea' id='block_1_117' title="bbox 2005 5324 3653 5388">
    <p class='ocr_par' dir='ltr' id='par_1_117' title="bbox 2005 5324 3653 5388">
     <span class='ocr_line' id='line_1_119' title="bbox 2005 5324 3653 5388; baseline 0.002 -16"><span class='ocrx_word' id='word_1_862' title='bbox 2005 5337 2150 5388; x_wconf 84' lang='lat' dir='ltr'><strong>quae</strong></span> <span class='ocrx_word' id='word_1_863' title='bbox 2169 5324 2431 5388; x_wconf 86' lang='lat' dir='ltr'><strong>particula</strong></span> <span class='ocrx_word' id='word_1_864' title='bbox 2457 5326 2645 5388; x_wconf 82' lang='lat' dir='ltr'><strong>neutro</strong></span> <span class='ocrx_word' id='word_1_865' title='bbox 2660 5326 2786 5388; x_wconf 91' lang='lat' dir='ltr'><strong>loco</strong></span> <span class='ocrx_word' id='word_1_866' title='bbox 2815 5327 2893 5375; x_wconf 88' lang='lat' dir='ltr'><strong>est</strong></span> <span class='ocrx_word' id='word_1_867' title='bbox 2925 5327 2981 5374; x_wconf 89' lang='lat' dir='ltr'><strong>in</strong></span> <span class='ocrx_word' id='word_1_868' title='bbox 3015 5327 3408 5388; x_wconf 88' lang='lat' dir='ltr'><strong>manuscriptis,</strong></span> <span class='ocrx_word' id='word_1_869' title='bbox 3434 5340 3531 5375; x_wconf 89' lang='lat' dir='ltr'><strong>nec</strong></span> <span class='ocrx_word' id='word_1_870' title='bbox 3558 5326 3653 5375; x_wconf 86' lang='lat' dir='ltr'><strong>mi-</strong></span> 
     </span>
    </p>
   </div>
   <div class='ocr_carea' id='block_1_118' title="bbox 2007 5386 3560 5451">
    <p class='ocr_par' dir='ltr' id='par_1_118' title="bbox 2007 5386 3560 5451">
     <span class='ocr_line' id='line_1_120' title="bbox 2007 5386 3560 5451; baseline 0.004 -17"><span class='ocrx_word' id='word_1_871' title='bbox 2007 5399 2110 5451; x_wconf 90' lang='lat' dir='ltr'><strong>nu_s</strong></span> <span class='ocrx_word' id='word_1_872' title='bbox 2123 5386 2360 5451; x_wconf 64' lang='lat' dir='ltr'><strong>integra.</strong></span> <span class='ocrx_word' id='word_1_873' title='bbox 2392 5387 2500 5435; x_wconf 91' lang='lat' dir='ltr'><strong>imo</strong></span> <span class='ocrx_word' id='word_1_874' title='bbox 2528 5387 2734 5435; x_wconf 79' lang='lat' dir='ltr'><strong>firmior</strong></span> <span class='ocrx_word' id='word_1_875' title='bbox 2762 5389 2958 5450; x_wconf 89' lang='lat' dir='ltr'><strong>absque</strong></span> <span class='ocrx_word' id='word_1_876' title='bbox 2991 5389 3088 5438; x_wconf 86' lang='lat' dir='ltr'><strong>illa</strong></span> <span class='ocrx_word' id='word_1_877' title='bbox 3113 5386 3346 5451; x_wconf 85' lang='lat' dir='ltr'><strong>procedit</strong></span> <span class='ocrx_word' id='word_1_878' title='bbox 3373 5389 3560 5440; x_wconf 84' lang='lat' dir='ltr'><strong>oratio.</strong></span> 
     </span>
    </p>
   </div>
   <div class='ocr_carea' id='block_1_119' title="bbox 2072 5448 3648 5517">
    <p class='ocr_par' dir='ltr' id='par_1_119' title="bbox 2072 5448 3648 5517">
     <span class='ocr_line' id='line_1_121' title="bbox 2072 5448 3648 5517; baseline 0.003 -23"><span class='ocrx_word' id='word_1_879' title='bbox 2072 5449 2092 5480; x_wconf 69' lang='grc'>2</span> <span class='ocrx_word' id='word_1_880' title='bbox 2123 5448 2181 5495; x_wconf 83' lang='grc' dir='ltr'>Ιη</span> <span class='ocrx_word' id='word_1_881' title='bbox 2211 5451 2532 5511; x_wconf 87' lang='lat' dir='ltr'><strong>quibusdam</strong></span> <span class='ocrx_word' id='word_1_882' title='bbox 2561 5451 2757 5510; x_wconf 89' lang='lat' dir='ltr'><strong>probae</strong></span> <span class='ocrx_word' id='word_1_883' title='bbox 2788 5448 2944 5499; x_wconf 74' lang='lat' dir='ltr'><strong>notae</strong></span> <span class='ocrx_word' id='word_1_884' title='bbox 2970 5448 3349 5512; x_wconf 77' lang='lat' dir='ltr'><strong>manuscriptis</strong></span> <span class='ocrx_word' id='word_1_885' title='bbox 3377 5453 3545 5509; x_wconf 86' lang='lat' dir='ltr'><strong>abest,</strong></span> <span class='ocrx_word' id='word_1_886' title='bbox 3570 5460 3648 5517; x_wconf 78' lang='lat' dir='ltr'><strong>ty-</strong></span> 
     </span>
    </p>
   </div>
   <div class='ocr_carea' id='block_1_120' title="bbox 2006 5524 2208 5558">
    <p class='ocr_par' dir='ltr' id='par_1_120' title="bbox 2006 5524 2208 5558">
     <span class='ocr_line' id='line_1_122' title="bbox 2006 5524 2208 5558; baseline 0.01 -2"><span class='ocrx_word' id='word_1_887' title='bbox 2006 5524 2208 5558; x_wconf 80' lang='lat' dir='ltr'><strong>ranno.</strong></span> 
     </span>
    </p>
   </div>
   <div class='ocr_carea' id='block_1_121' title="bbox 2003 5573 3648 5690">
    <p class='ocr_par' dir='ltr' id='par_1_121' title="bbox 2003 5573 3648 5690">
     <span class='ocr_line' id='line_1_123' title="bbox 2003 5573 3648 5690; baseline 0.008 -72"><span class='ocrx_word' id='word_1_888' title='bbox 2003 5634 2035 5683; x_wconf 72' lang='grc'><strong>2</strong></span> <span class='ocrx_word' id='word_1_889' title='bbox 2069 5573 2319 5690; x_wconf 49' lang='grc' dir='ltr'><strong>(ξένοιὲωδ</strong></span> <span class='ocrx_word' id='word_1_890' title='bbox 2331 5573 2532 5624; x_wconf 76' lang='lat' dir='ltr'><strong>Arunte</strong></span> <span class='ocrx_word' id='word_1_891' title='bbox 2562 5575 2699 5637; x_wconf 87' lang='lat' dir='ltr'><strong>regis</strong></span> <span class='ocrx_word' id='word_1_892' title='bbox 2727 5576 3001 5640; x_wconf 87' lang='lat' dir='ltr'><strong>Tarquinii</strong></span> <span class='ocrx_word' id='word_1_893' title='bbox 3033 5575 3253 5638; x_wconf 87' lang='lat' dir='ltr'><strong>Superbi</strong></span> <span class='ocrx_word' id='word_1_894' title='bbox 3269 5576 3399 5629; x_wconf 86' lang='lat' dir='ltr'><strong>ﬁlio.</strong></span> <span class='ocrx_word' id='word_1_895' title='bbox 3423 5579 3534 5630; x_wconf 88' lang='lat' dir='ltr'><strong>Liv.</strong></span> <span class='ocrx_word' id='word_1_896' title='bbox 3556 5580 3648 5630; x_wconf 91' lang='lat' dir='ltr'><strong>lib.</strong></span> 
     </span>
    </p>
   </div>
   <div class='ocr_carea' id='block_1_122' title="bbox 2041 5648 2335 5698">
    <p class='ocr_par' dir='ltr' id='par_1_122' title="bbox 2041 5648 2335 5698">
     <span class='ocr_line' id='line_1_124' title="bbox 2041 5648 2335 5698; baseline -0.01 -12"><span class='ocrx_word' id='word_1_897' title='bbox 2041 5672 2054 5694; x_wconf 89' lang='lat'><strong>,</strong></span> <span class='ocrx_word' id='word_1_898' title='bbox 2085 5648 2196 5698; x_wconf 85' lang='lat' dir='ltr'><strong>cap.</strong></span> <span class='ocrx_word' id='word_1_899' title='bbox 2228 5648 2335 5690; x_wconf 74' lang='lat' dir='ltr'><strong>z-s.</strong></span> 
     </span>
    </p>
   </div>
  </div>
