4142 6186
299 301 369 362 97
1657 298 1890 361 LIBER
1934 297 2302 364 TERTIUS.
3615 310 3694 369 98

295 430 1202 504 cadibusimpleverunt(a)iUbi
1225 429 1942 504 erant,cumillainsignis
2051 450 2086 489 a
2116 433 2330 508 Pyrrho
2361 436 2744 506 vincerentur,
2777 456 3017 498 securus
3056 442 3324 500 fatidicus
3355 445 3695 503 utrumlibet

293 525 613 597 pestilentia
639 529 756 580 tam
779 525 1076 596 ingentem
1108 528 1360 596 stragem
1394 525 1573 593 dedit,
1609 541 1725 598 qua
1757 529 1813 579 et
1841 523 1939 580 ille

294 615 496 672 Furius
518 613 793 673 Camillus
806 615 1125 671 exstinctus
1145 622 1252 681 est,
1275 615 1376 687 qui
1399 614 1822 687 rempublicam
1845 613 1933 668 in-

293 709 511 778 gratam
544 709 598 762 et
628 722 661 760 a
694 703 1036 761 Veientibus
1068 708 1202 760 ante
1242 706 1521 771 defendit,
1552 708 1608 761 et
1639 704 1709 760 de
1755 703 1935 761 Gallis

291 799 488 868 postea
507 793 820 849 vindicavit
850 793 927 865 (b)
949 794 978 849 ?
999 793 1062 849 In
1089 794 1193 849 hac
1221 793 1549 866 pestilentia
1571 793 1829 850 scenicos
1847 792 1936 849 lu-

293 883 412 952 dos,
435 883 605 940 aliam
629 899 836 939 novam
869 887 1115 955 pestem,
1136 900 1253 940 non
1291 883 1629 954 corporibus
1651 883 1940 939 Romano-

292 989 434 1034 rum.
460 973 582 1044 sed,
605 973 754 1044 quod
778 980 864 1029 est
880 971 1065 1029 multo
1080 972 1481 1044 perniciosius,
1497 973 1754 1029 moribus
1776 972 1938 1028 intu-

289 1061 479 1118 lerunt
507 1061 598 1135 (ε).
630 1060 737 1118 Ubi
767 1065 952 1130 erant,
986 1061 1219 1134 quando
1251 1062 1365 1118 alia
1390 1060 1724 1135 pestilentia
1744 1059 1938 1134 gravis

292 1153 359 1209 de
386 1151 623 1209 venenis
653 1157 1053 1209 matronarum
1077 1157 1273 1208 exorta
1303 1153 1523 1208 credita
1553 1158 1660 1220 est,
1691 1166 1936 1222 quarum

293 1258 468 1314 supra
484 1241 657 1298 fidem
682 1239 1003 1298 multarum
1022 1245 1198 1313 atque
1214 1241 1502 1298 nobilium
1524 1257 1714 1297 mores
1736 1241 1935 1312 depre-

288 1330 452 1388 hensi
471 1335 612 1388 sunt
627 1329 786 1387 omni
811 1329 1147 1404 pestilentia
1158 1330 1449 1402 graviores
1464 1331 1570 1404 (d)?
1584 1329 1685 1386 Vel
1702 1331 1936 1403 quando

283 1419 339 1476 in
384 1419 677 1476 Caudinas
709 1421 969 1477 furculas
990 1418 1010 1453 ί
1038 1437 1070 1475 a
1111 1419 1469 1475 Samnitibus
1500 1417 1725 1476 obsessi
1764 1417 1936 1474 ambo

282 1526 409 1566 cum
440 1510 696 1566 exercitu
729 1507 1002 1566 consules
1033 1508 1218 1564 iadus
1237 1525 1365 1564 cum
1387 1508 1471 1566 eis
1496 1508 1709 1563 fadum
1745 1507 1931 1563 facere

284 1600 454 1657 coacti
472 1603 655 1668 sunt;
679 1599 762 1655 ita
787 1603 850 1656 ut
869 1598 1168 1671 equitibus
1190 1597 1465 1654 Romanis
1479 1595 1768 1656 sexcentis
1788 1595 1941 1653 obsi-

283 1689 446 1746 dibus
477 1689 664 1759 datis,
710 1688 902 1745 cateri
935 1687 1168 1744 amissis
1197 1687 1376 1744 armis
1406 1687 1653 1760 aliisque
1696 1685 1923 1758 spoliati

279 1777 1121 1852 privatiquetegminibus,sub
1137 1777 1346 1850 jugum
1367 1777 1760 1833 hostiumcum
1774 1773 1941 1831 vesti-

282 1869 497 1925 mentis
521 1868 777 1940 singulis
809 1867 1185 1924 mitterentur
1214 1865 1336 1940 (e)?
1374 1867 1475 1923 Vel
1507 1866 1742 1939 quando
1772 1866 1937 1938 gravi

281 1956 607 2028 pestilentia
628 1957 845 2014 cateris
877 1956 1276 2014 laborantibus
1303 1956 1472 2012 multi
1495 1957 1670 2013 etiam
1696 1956 1754 2010 in
1781 1971 1938 2012 exer-

281 2047 394 2103 citu
425 2047 528 2104 icti
558 2046 804 2104 fulmine
827 2047 1117 2118 perierunt
1135 2045 1204 2117 (Γ)
1225 2045 1253 2101 ?
1279 2045 1377 2101 Vel
1397 2046 1632 2118 quando
1657 2045 1796 2101 item
1821 2045 1937 2102 alia

277 2135 634 2195 intolerabili
693 2135 1028 2208 pestilentia
1076 2135 1470 2208 Esculapium
1523 2135 1594 2191 ab
1643 2134 1933 2207 Epidauro

281 2227 442 2298 quasi
468 2225 762 2283 medicum
787 2227 960 2282 deum
979 2229 1162 2282 Roma
1186 2225 1464 2282 advocare
1478 2228 1649 2296 atque
1662 2223 1934 2280 adhibere

277 2315 580 2388 compulsa
592 2320 681 2372 est
694 2315 787 2386 (g‘?
801 2315 1078 2388 quoniam
1095 2331 1286 2386 regem
1302 2314 1568 2370 omnium
1588 2313 1813 2381 Jovem,
1833 2311 1934 2382 qui

268 2403 386 2476 jam
412 2407 523 2462 diu
570 2405 631 2459 in
654 2403 936 2474 Capitolio
975 2403 1232 2468 sedebat,
1252 2402 1441 2458 multa
1470 2406 1693 2472 stupra,
1720 2400 1934 2471 quibus

272 2494 623 2552 adolescens
633 2495 962 2558 vacaverat,
977 2507 1091 2548 non
1106 2491 1494 2563 permiserant
1506 2490 1744 2545 fortasse
1756 2488 1934 2545 disce-

267 2600 328 2640 re
353 2582 738 2639 medicinam.
762 2579 862 2638 Vel
885 2597 1018 2637 cum
1042 2579 1511 2653 conspirantibus
1535 2593 1651 2633 uno
1675 2581 1933 2650 tempore

270 2671 575 2740 hostibus,
605 2669 878 2739 Lucanis,
913 2669 1150 2730 Brutiis,
1184 2667 1561 2733 Samnitibus,
1589 2665 1844 2722 Etruscis
1875 2671 1932 2722 et

274 2764 613 2823 Senonibus
636 2763 837 2832 Gallis,
861 2761 1049 2834 primo
1073 2761 1144 2817 ab
1166 2761 1249 2816 eis
1273 2759 1446 2831 legati
1470 2758 1927 2831 peremptisunt,

277 2855 489 2912 deinde
513 2869 646 2910 cum
671 2855 914 2924 pratore
935 2865 1249 2922 oppressus
1269 2848 1570 2917 exercitus,
1592 2853 1814 2921 septem
1835 2847 1931 2904 tri-

277 2944 444 3001 bunis
461 2959 599 3001 cum
616 2942 713 2999 illo
727 2941 1104 3014 pereuntibus
1121 2944 1176 2996 et
1191 2939 1445 2995 militum
1461 2937 1738 2996 tredecim
1754 2938 1928 2994 milli-

280 3037 430 3094 bus?
476 3036 579 3093 Vel
633 3035 864 3108 quando
922 3037 1052 3106 post
1104 3049 1304 3106 graves
1360 3039 1415 3088 et
1471 3030 1674 3104 longas
1732 3030 1926 3088 Roma

278 3125 610 3196 seditiones,
645 3125 860 3198 quibus
889 3124 964 3179 ad
996 3123 1271 3179 ultimum
1308 3121 1474 3196 plebs
1503 3122 1562 3176 in
1593 3120 1925 3179 Janiculum

279 3216 474 3273 hostili
506 3215 836 3287 direptione
858 3212 879 3247 ²
910 3216 1248 3281 secesserat,
1282 3211 1459 3282 hujus
1481 3209 1618 3267 mali
1651 3215 1769 3267 tam
1801 3210 1926 3266 dira

281 3306 579 3364 calamitas
607 3309 751 3373 erat,
787 3307 850 3360 ut
880 3304 1006 3375 ejus
1039 3304 1117 3358 rei
1149 3319 1347 3371 causa,
1381 3301 1620 3374 quodin
1649 3301 1924 3358 extremis

280 3395 558 3468 periculis
585 3394 709 3450 ﬁeri
731 3392 1541 3463 solebat,dictatorcrearetur
1555 3390 1923 3460 Hortensius,

280 3485 393 3557 qui,
433 3485 606 3559 plebe
642 3487 924 3551 revocata,
959 3481 1019 3538 in
1050 3483 1253 3538 eodem
1288 3481 1631 3554 magistratu
1663 3480 1927 3552 exspira-

281 3577 376 3645 vit,
406 3575 568 3648 quod
619 3573 764 3630 nulli
795 3571 1060 3629 dictatori
1119 3577 1252 3628 ante
1298 3570 1638 3642 contigerat,
1678 3577 1732 3625 et
1771 3566 1926 3640 quod

287 3664 394 3722 illis
416 3665 532 3721 diis
541 3665 664 3736 jam
679 3665 962 3736 prasente
973 3659 1298 3732 IEsculapio
1315 3659 1550 3732 gravius
1564 3659 1778 3714 crimen
1802 3656 1928 3715 fuit.

351 3755 402 3810 3.
433 3756 586 3810 Tum
616 3769 748 3810 vero
771 3757 889 3808 tam
916 3749 1102 3807 multa
1120 3748 1274 3806 bella
1294 3748 1502 3820 ubique
1524 3748 1926 3816 crebruerunt,

290 3848 349 3900 ut
372 3844 575 3916 inopia
613 3840 868 3898 militum
896 3839 1190 3913 proletarii
1216 3837 1322 3907 illi,
1351 3839 1450 3910 qui
1487 3853 1554 3894 eo
1595 3838 1750 3909 quod
1779 3836 1924 3909 proli

282 3935 580 4009 gignenda
594 3931 973 4000 vacabant,ob
995 3932 1316 4004 egestatem
1333 3928 1583 3985 militare
1599 3944 1714 3985 non
1730 3928 1928 3985 valen-

286 4028 387 4094 tes,
408 4025 518 4084 hoc
543 4041 760 4081 nomen
783 4019 1372 4092 acceperant,militia
1397 4018 1926 4080 conscriberentur.

289 4115 513 4171 Accitus
528 4113 707 4170 etiam
724 4129 754 4168 a
765 4109 1090 4168 Tarentinis
1105 4108 1384 4181 Pyrrhus,
1402 4123 1501 4164 rex
1516 4107 1772 4174 Gracia,
1788 4111 1926 4164 tunc

290 4203 498 4277 ingenti
516 4203 704 4277 gloria
715 4200 1061 4270 celebratus,
1080 4199 1471 4255 Romanorum
1487 4197 1668 4254 hostis
1685 4197 1925 4256 effectus

289 4297 388 4348 est.
427 4293 533 4350 Cui
565 4307 705 4348 sane
737 4289 807 4346 de
837 4304 1030 4346 rerum
1079 4288 1272 4344 futuro
1325 4289 1535 4343 eventu
1575 4286 1923 4357 consulenti,

290 4383 419 4439 satis
441 4382 665 4439 urbane
690 4379 892 4452 Apollo
914 4379 999 4436 sic
1022 4377 1367 4450 ambiguum
1395 4375 1693 4433 oraculum
1721 4377 1872 4433 edidi
1888 4385 1924 4447 ι,

289 4474 349 4527 ut
366 4486 394 4526 e
410 4471 639 4528 duobus
659 4466 946 4541 quidquid
963 4465 1288 4535 accidisset,
1304 4465 1428 4537 ipse
1441 4464 1678 4522 divinus
1690 4465 1925 4522 habere-

291 4565 390 4616 tur.
413 4562 509 4618 Ait
536 4560 691 4617 enim
716 4575 731 4615 :
756 4557 891 4615 Dico
911 4561 988 4628 te,
1013 4556 1251 4629 Pyrrhe,
1273 4553 1501 4612 vincere
1522 4570 1686 4628 posse
1709 4555 1926 4612 Roma-

293 4664 409 4708 nos.
431 4653 625 4722 Atque
647 4649 727 4706 ita
739 4648 858 4705 sive
879 4646 1135 4720 Pyrrhus
1157 4663 1190 4703 a
1211 4644 1514 4715 Romanis,
1537 4645 1655 4702 sive
1682 4644 1926 4702 Romani

355 4831 369 4865 ί
401 4827 543 4888 Lov.,
576 4825 861 4880 Caudinas
887 4826 1102 4887 furcas.
1151 4824 1353 4874 Caetcri
1393 4824 1597 4874 codices
1639 4825 1692 4873 et
1729 4823 1926 4888 Livius,

295 4891 380 4940 lib.
393 4887 732 4948 9.0audinas
741 4888 1314 4952 furculas.Angustiae
1325 4889 1581 4952 montium
1595 4888 1787 4952 suntin
1798 4887 1930 4939 Cau-

298 4950 751 5030 dina‘vall'ejnte}:
767 4953 1007 5002 Abellam
1032 4953 1086 5030 et
1097 4952 1472 5030 Be‘neventuin,
1488 4951 1644 5030 Illita
1670 4950 1928 5030 Caudium

297 5018 537 5114 oppidum
552 5014 755 5090 samnii
770 5029 879 5088 non
894 5015 1075 5077 procul
1091 5027 1123 5062 a
1147 5015 1446 5088 Benevento
1462 5015 1514 5063 et
1541 5014 1720 5087 Capua
1742 5015 1923 5064 situm.

403 5081 546 5135 Lov.,
576 5081 943 5140 diremptione
961 5077 1345 5136 ;caeter111bri.
1377 5077 1704 5135 direptione.
1737 5076 1807 5126 De
1825 5079 1926 5128 hac

297 5144 615 5206 secessionne
623 5142 794 5206 plebis
807 5142 862 5206 in
873 5140 1174 5206 Janiculum
1185 5139 1591 5206 _montem,quod
1604 5140 1924 5192 Montorium

296 5203 440 5256 hodie
468 5203 678 5260 vocarit.
709 5205 816 5260 egit
842 5203 1023 5252 Livius
1051 5203 1141 5251 lib.
1179 5203 1253 5252 11.

353 5270 426 5339 te.)
453 5269 586 5339 Ξέίῐη
619 5269 713 5318 lib-
745 5264 936 5339 δεξεμ
967 5264 1028 5314 37
1062 5279 1206 5339 sese;

353 5327 420 5394 (ὁ)
449 5327 600 5394 Ιὶιὶᾶζ,
633 5344 744 5393 cap.
777 5327 1034 5394 tonsequ
1067 5330 1120 5376 et
1147 5327 1239 5394 lib.
1277 5327 1326 5387 7,
1357 5342 1470 5394 cap.

375 5389 421 5456 σς)
446 5389 780 5456 Ἦάθέηρῖἀ,
810 5391 902 5456 lib.
939 5389 1256 5456 l,’_c_ap.r3Af2;
1287 5393 1339 5456 et
1365 5389 1464 5441 lib.
1499 5389 1547 5456 2.
1579 5403 1689 5456 cap.
1722 5389 1769 5438 8.

372 5454 421 5516 d)
455 5457 592 5506 Duae
620 5453 686 5505 ei
714 5456 808 5510 eis.
839 5453 1081 5516 Cornelia
1103 5455 1157 5502 et
1175 5453 1372 5516 Sergia,
1390 5453 1561 5514 gentis
1589 5453 1806 5502 fuerunt
1833 5466 1924 5515 pa-

301 5511 484 5580 triciae,
515 5521 644 5570 teste
673 5517 839 5573 Livio.
869 5516 962 5565 lib.
994 5515 1040 5574 8,
1072 5529 1184 5580 cap.
1221 5511 1296 5571 18,
1325 5511 1435 5580 qui
1475 5517 1745 5580 matronas
1775 5511 1854 5566 ob.
1868 5515 1925 5565 id

303 5581 494 5630 sceleris
519 5584 585 5632 ad
618 5583 828 5632 centum
860 5582 912 5628 et
945 5579 1283 5641 septuaginta
1310 5579 1589 5627 damnatas
1618 5579 1763 5630 dicit.

358 5645 423 5704 (ε)
447 5645 574 5702 Liv.,
603 5645 694 5693 lib.
727 5644 777 5698 9.
809 5655 922 5704 cap.
951 5641 982 5690 2
1011 5655 1156 5705 seqq.

360 5707 424 5770 (ι)
451 5707 543 5770 1a.,
576 5707 672 5758 lib.
703 5707 781 5765 1ο,
810 5705 1034 5770 (ιαμ-31,

362 5767 430 5832 (α)
456 5766 549 5836 1a.;
577 5769 730 5831 Ihid.,
761 5766 986 5834 capia,
1015 5767 1073 5818 in
1100 5766 1223 5818 nne.

2051 531 2405 596 exspectaret
2445 535 2737 587 eventum.
2773 533 2902 598 Qua
2933 540 3068 590 tunc
3099 537 3155 590 et
3194 551 3372 607 quam
3407 535 3695 593 horrenda

2049 615 2357 688 utriusque
2387 620 2673 678 exercitus
2704 621 2896 678 clades
2916 623 2944 678 ?
2973 626 3034 679 In
3066 641 3183 696 qua
3213 629 3405 682 tamen
3431 627 3694 699 superior

2049 701 2301 774 Pyrrhus
2324 709 2560 778 exstitit,
2587 717 2648 765 ut
2668 712 2789 781 jam
2816 719 3002 782 posset
3027 714 3349 786 Apollinem
3365 732 3468 788 pro
3489 732 3596 773 suo
3613 716 3694 771 in-

2046 793 2278 852 tellectu
2301 800 2614 869 pradicare
2629 801 2921 872 divinum;
2950 804 3058 858 nisi
3081 806 3338 875 proxime
3360 805 3468 861 alio
3491 805 3691 878 pralio

2048 884 2292 943 Romani
2307 888 2682 946 abscederent
2696 892 3045 963 superiores.
3062 896 3248 965 Atque
3261 895 3318 949 in
3333 900 3486 951 tanta
3501 905 3694 968 strage

2045 975 2329 1032 bellorum
2359 979 2535 1035 etiam
2569 979 2902 1052 pestilentia
2931 984 3124 1054 gravis
3159 987 3355 1040 exorta
3377 989 3463 1040 est
3495 985 3694 1042 mulie-

2046 1081 2175 1121 rum
2201 1081 2216 1120 :
2248 1082 2383 1124 nam
2415 1069 2752 1141 priusquam
2786 1076 3044 1128 maturos
3065 1077 3264 1143 partus
3286 1074 3543 1145 ederent,
3563 1091 3693 1146 gra-

2048 1154 2189 1211 vida
2204 1155 2620 1214 moriebantur.
2637 1158 2744 1214 Ubi
2761 1176 2844 1225 se,
2861 1161 3054 1228 credo,
3078 1162 3447 1234 JEsculapius
3463 1179 3697 1220 excusa-

2045 1245 2333 1318 bat,jquod
2349 1248 2699 1306 archiatrum
2718 1253 2756 1318 ί,
2774 1267 2888 1306 non
2903 1251 3271 1308 obstetricem
3290 1252 3691 1324 profitebatur.

2045 1337 2304 1394 Pecudes
2327 1356 2557 1411 quoque
2579 1341 2844 1397 similiter
2865 1343 3201 1408 interibant,
3224 1344 3304 1400 ita
3325 1343 3519 1414 utjam
3544 1344 3695 1400 defe-

2048 1431 2282 1482 cturum
2314 1444 2497 1500 genus
2533 1431 2879 1488 animalium
2922 1433 3274 1490 crederetur.
3319 1433 3467 1497 Quid
3507 1433 3692 1490 hiems

2045 1515 2147 1572 illa
2160 1519 2685 1577 memorabilistam
2703 1522 3403 1580 incredibiliimmanitate
3425 1523 3688 1593 saeviens,

2047 1611 2111 1662 ut
2133 1607 2363 1664 nivibus
2387 1609 2682 1667 horrenda
2702 1612 3008 1668 altitudine
3029 1615 3197 1669 etiam
3230 1613 3287 1669 in
3311 1613 3430 1669 foro
3450 1629 3552 1684 per
3568 1613 3690 1668 dies

2046 1698 2437 1771 quadraginta
2454 1702 3064 1768 manentibus,Tiberis
3085 1718 3317 1776 quoque
3332 1703 3515 1775 glacie
3529 1703 3692 1758 dura-

2045 1789 2208 1842 retur
2229 1788 2272 1856 ²,
2295 1789 2342 1845 si
2375 1791 2594 1847 nostris
2629 1791 2982 1863 temporibus
3006 1792 3330 1858 accidisset,
3359 1809 3484 1863 qua
3517 1791 3611 1848 isti
3633 1794 3691 1848 et

2044 1882 2260 1946 quanta
2280 1877 2551 1935 dixissent
2571 1878 2755 1946 ?Quid
2771 1879 2869 1934 illa
2885 1879 3086 1935 itidem
3112 1881 3315 1952 ingens
3341 1879 3688 1952 pestilentia,

2043 1965 2323 2035 quamdiu
2339 1967 2576 2033 savivit,
2593 1985 2768 2040 quam
2795 1968 3008 2025 multos
3029 1969 3456 2042 peremit?Qua
3479 1985 3613 2026 cum
3630 1969 3687 2025 in

2042 2068 2263 2110 annum
2279 2053 2456 2113 alium
2475 2057 2660 2114 multo
2673 2059 2906 2132 gravius
2929 2059 3284 2127 tenderetur,
3305 2060 3524 2115 frustra
3548 2076 3692 2131 pra-

2039 2148 2199 2200 sente
2213 2146 2558 2220 Esculapio,
2573 2149 2793 2205 aditum
2807 2151 2975 2205 estad
2990 2149 3170 2206 libros
3183 2147 3494 2220 Sibyllinos
3509 2152 3606 2218 (a).
3624 2151 3688 2204 In

2040 2250 2152 2304 quo
2183 2249 2389 2306 genere
2410 2237 2963 2309 oraculorum,sicut
2984 2238 3426 2294 Ciceroinlibris
3441 2239 3510 2292 de
3543 2237 3687 2293 Divi-

2043 2323 2279 2378 natione
2290 2327 2921 2398 commemorat,magis
2936 2327 3350 2398 interpretibus
3366 2331 3429 2381 ut
3444 2333 3688 2397 possunt

2041 2427 2141 2466 seu
2159 2409 2575 2480 volunt,dubia
2595 2414 3075 2485 conjectantibus,
3100 2415 3256 2470 credi
3281 2414 3690 2486 solet(Lz'br02,

2037 2499 2285 2572 cap.54).
2303 2501 2462 2558 Tunc
2474 2518 2610 2574 ergo
2631 2502 2848 2558 dictum
2873 2507 3098 2559 esteam
3121 2519 3242 2560 esse
3265 2520 3498 2560 causam
3515 2505 3692 2575 pesti-

2039 2593 2253 2660 lentia,
2286 2592 2442 2664 quod
2467 2593 2756 2666 plurimas
2787 2595 2940 2650 ades
2970 2611 3164 2650 sacras
3186 2593 3354 2650 multi
3381 2600 3690 2668 occupatas

2039 2683 2309 2757 privatim
2331 2688 2621 2741 tenerent:
2647 2683 3024 2741 sicinterima
3047 2701 3260 2757 magno
3279 2685 3575 2755 imperitia
3601 2685 3689 2741 vel

2034 2776 2268 2833 desidia
2282 2774 2526 2832 crimine
2537 2775 2898 2848 Esculaplus
2915 2774 3192 2832 liberatus
3207 2775 3481 2832 est.Unde
3494 2783 3685 2832 autem

2035 2882 2070 2921 a
2091 2865 2293 2920 multis
2321 2864 2472 2921 ades
2493 2863 2604 2921 illa
2629 2865 2827 2921 furant
2857 2869 3174 2938 occupata,
3210 2865 3442 2921 nemine
3482 2865 3686 2938 prohi-

2034 2954 2228 3032 bente,
2244 2954 2357 3011 nisi
2371 2955 2506 3026 quia
2519 2959 2690 3011 tanta
2705 2954 3008 3011 numinum
3026 2956 3207 3011 turba
3222 2955 3322 3010 diu
3337 2956 3550 3010 frustra
3568 2955 3688 3010 fue'

2031 3044 2727 3115 ratsupplioatum;atque
2742 3043 2820 3099 ita
2834 3044 3111 3115 paulatim
3126 3043 3253 3100 loca
3265 3044 3688 3100 deserebantur

2034 3150 2068 3190 a
2089 3132 2424 3201 cultoribus,
2445 3136 2505 3189 ut
2523 3137 2798 3205 tauquam
2821 3149 2999 3188 vacua
3017 3132 3142 3188 sine
3163 3132 3338 3187 ullius
3362 3132 3682 3188 offensione

2033 3228 2275 3300 possent
2297 3225 2566 3282 humanis
2587 3225 2794 3281 saltem
2818 3225 3020 3282 usibus
3039 3225 3366 3281 vindicari?
3387 3225 3532 3281 Nam
3557 3241 3687 3297 qua

2033 3319 2169 3372 tunc
2192 3313 2349 3371 velut
2371 3316 2441 3372 ad
2457 3315 2774 3370 sedandam
2792 3314 3189 3386 pestilentiam
3207 3313 3512 3384 diligenter
3529 3330 3689 3386 repe-

2031 3405 2138 3460 tita
2163 3409 2338 3477 atque
2361 3409 2646 3477 reparata,
2671 3404 2783 3460 nisi
2809 3408 3004 3474 postea
3017 3404 3220 3460 eodem
3246 3405 3411 3460 modo
3427 3403 3689 3473 neglecta

2035 3499 2210 3566 atque
2232 3502 2509 3565 usurpata
2531 3493 2849 3561 latitarent,
2873 3511 2988 3550 non
3018 3495 3216 3566 utique
3232 3509 3455 3565 magna
3471 3493 3682 3564 peritia

2033 3583 2312 3640 Varronis
2325 3584 2700 3652 tribueretur,
2717 3583 2872 3654 quod
2887 3582 3148 3638 scribens
3172 3584 3242 3637 de
3266 3582 3487 3636 adibus
3501 3583 3685 3638 sacris

2035 3677 2154 3730 tam
2187 3673 2372 3730 multa
2393 3674 2659 3745 ignorata
2689 3676 3122 3727 commemorat.
3147 3671 3257 3726 Sed
3293 3671 3684 3724 tuncinterim

2034 3760 2292 3834 elegans,
2313 3776 2427 3817 non
2453 3757 2792 3830 pestilentia
2818 3757 3108 3828 depulsio,
3136 3756 3234 3812 sed
3258 3755 3497 3810 deorum
3523 3771 3687 3812 excu-

2035 3852 2184 3910 satio
2214 3853 2526 3923 procurata
2547 3851 2656 3905 est.

2034 3941 2266 3998 CAPUT
2287 3938 2492 3996 XVIII.
2516 3969 2583 3979 —
2617 3941 2859 4010 Quanta
2889 3935 3072 3992 clades
3101 3937 3369 3992 Romanos
3399 3935 3498 3991 sub
3530 3935 3686 3992 bellis

2104 4030 2332 4088 Punicis
2352 4029 2842 4100 triverint,frustra
2861 4025 3092 4082 deorum
3119 4024 3393 4099 prasidiis
3409 4027 3681 4097 expetitis.

2107 4123 2156 4176 1.
2190 4125 2318 4178 Jam
2351 4135 2484 4176 vero
2515 4117 2754 4175 Punicis
2779 4114 2972 4184 bellis,
3005 4132 3138 4172 cum
3176 4116 3328 4173 inter
3368 4119 3686 4189 utrumque

2033 4211 2347 4285 imperium
2360 4209 2600 4268 victoria
2613 4208 2710 4266 diu
2729 4223 2942 4278 anceps
2966 4213 3138 4279 atque
3152 4206 3370 4262 incerta
3385 4207 3687 4278 penderet,

2037 4301 2358 4375 pepuliquc
2380 4301 2494 4357 duo
2517 4297 2813 4373 praevalidi
2835 4297 3088 4370 impetus
3109 4298 3168 4353 in
3201 4296 3549 4354 alterutrum
3572 4297 3685 4354 for-

2032 4391 2294 4462 tissimos
2318 4395 2374 4448 et
2395 4387 2867 4463 opulentissimas
2909 4391 3160 4459 agerent,
3196 4391 3339 4458 quot
3367 4387 3688 4444 minutiora

2034 4499 2212 4556 regna
2243 4480 2490 4538 contrita
2526 4486 2662 4536 sunt
2683 4479 2710 4534 ?
2736 4494 2865 4550 qua
2902 4478 3077 4535 urbes
3113 4475 3316 4548 ampla
3346 4475 3688 4547 nobilesque

2033 4574 2232 4630 deleta
2258 4572 2286 4627 ‘i
2305 4574 2445 4643 quot
2467 4570 2715 4639 afﬂicta,
2754 4571 2894 4640 quot
2916 4567 3147 4640 perdita
3181 4567 3444 4624 civitates
3463 4568 3490 4622 ‘2
3511 4583 3684 4639 quam

2031 4664 2203 4736 longe
2215 4662 2446 4734 lateque
2463 4663 2547 4716 tot
2560 4659 2822 4732 regiones
2837 4663 3117 4729 terraque
3129 4661 3363 4714 vatasta
3379 4657 3680 4728 sunt?quo-

2033 4755 2144 4811 ties
2157 4751 2290 4809 victi
2307 4750 2443 4808 hinc
2455 4747 3224 4822 atqueindevictores?quid
3241 4747 3542 4805 hominum
3560 4763 3689 4804 con-

2033 4847 2334 4918 sumptum
2353 4844 2460 4909 est,
2483 4841 2569 4898 vel
2595 4839 2982 4911 pugnantium
3005 4838 3286 4907 militum,
3309 4837 3392 4893 vel
3415 4836 3486 4892 ab
3511 4836 3687 4892 armis

2031 4933 2362 4992 vacantium
2385 4929 2778 5003 populorum?
2810 4933 3026 5000 quanta
3058 4928 3144 4985 vis
3181 4927 3415 4984 navium
3444 4924 3685 4981 marinis

2031 5025 2209 5083 etiam
2231 5021 2442 5096 praliis
2461 5035 2762 5093 oppressa,
2788 5022 2844 5075 et
2869 5019 3234 5078 diversarum
3270 5018 3683 5090 tempestatum

2030 5113 2305 5171 varietate
2316 5111 2621 5168 submersa
2634 5109 2828 5166 est?Si
2843 5125 3112 5168 enarrare
3128 5107 3216 5168 vel
3231 5119 3685 5164 commemorare

2030 5218 2310 5262 conemur
2323 5200 2633 5259 nihilaliud
2647 5217 2824 5273 quam
2839 5199 3150 5273 scriptores
3162 5198 3336 5255 etiam
3351 5212 3453 5253 nos
3464 5195 3684 5253 erimus

2030 5292 2310 5350 historia.
2326 5297 2485 5348 Tunc
2505 5307 2716 5363 magno
2734 5295 2891 5347 metu
2911 5290 3245 5364 perturbata
3261 5288 3523 5344 Romana
3545 5284 3682 5342 civi-

2028 5385 2116 5438 tas
2147 5383 2218 5438 ad
2238 5382 2491 5439 remedia
2509 5398 2654 5437 vana
2690 5383 2747 5436 et
2779 5379 3018 5438 ridenda
3053 5377 3340 5436 currebat.
3367 5374 3686 5434 Instaurati

2030 5474 2164 5527 sunt
2185 5487 2254 5527 ex
2274 5470 2615 5527 auctoritate
2631 5467 2906 5526 librorum
2928 5468 3339 5541 Sibyllinorum
3361 5464 3482 5522 ludi
3499 5483 3684 5524 sacu-

2095 5598 2113 5634 ί
2137 5595 2294 5650 Editi.
2325 5596 2670 5645 archiatrum
2703 5612 2776 5646 se.
2808 5596 3107 5658 Redundat,
3135 5607 3208 5653 se,
3239 5595 3293 5645 et
3317 5594 3469 5646 abest
3497 5608 3530 5646 α
3557 5595 3680 5646 M88.

2097 5678 2118 5714 2
2147 5677 2400 5727 Nonnulli
2425 5678 2570 5737 Mss.,
2588 5687 2922 5729 moraretur.

2100 5761 2169 5828 (α)
2201 5758 2437 5820 Orosius,
2472 5759 2564 5812 lib.
2595 5761 2646 5817 4.
2677 5773 2791 5824 cap.
2819 5758 2867 5808 5.
