  <div class='ocr_page' id='page_1' title='image "/cluster/home/n/w/nwhite01/storage/ocr_20150623/41/hvd.32044096580634/055.png"; bbox 0 0 4142 6186; ppageno 0'>
   <div class='ocr_carea' id='block_1_1' title="bbox 392 308 2766 400">
    <p class='ocr_par' dir='ltr' id='par_1_1' title="bbox 392 308 2766 400">
     <span class='ocr_line' id='line_1_1' title="bbox 392 308 2766 400; baseline -0.01 -1"><span class='ocrx_word' id='word_1_1' title='bbox 392 332 470 400; x_wconf 89' lang='lat'><strong>99</strong></span> <span class='ocrx_word' id='word_1_2' title='bbox 1042 310 1047 317; x_wconf 81' lang='grc'><em>’</em></span> <span class='ocrx_word' id='word_1_3' title='bbox 1473 322 1573 383; x_wconf 92' lang='lat' dir='ltr'><strong>DE</strong></span> <span class='ocrx_word' id='word_1_4' title='bbox 1618 312 1988 382; x_wconf 81' lang='lat' dir='ltr'><strong>ClVl&#39;l‘ATE</strong></span> <span class='ocrx_word' id='word_1_5' title='bbox 2033 308 2187 377; x_wconf 90' lang='lat' dir='ltr'><strong>DEI.</strong></span> <span class='ocrx_word' id='word_1_6' title='bbox 2236 311 2300 371; x_wconf 90' lang='lat' dir='ltr'><strong>s.</strong></span> <span class='ocrx_word' id='word_1_7' title='bbox 2347 312 2766 377; x_wconf 84' lang='lat' dir='ltr'><strong>AUGUSTINI</strong></span> 
     </span>
    </p>
   </div>
   <div class='ocr_carea' id='block_1_2' title="bbox 390 448 2043 546">
    <p class='ocr_par' dir='ltr' id='par_1_2' title="bbox 390 448 2043 546">
     <span class='ocr_line' id='line_1_2' title="bbox 390 448 2043 546; baseline -0.017 -19"><span class='ocrx_word' id='word_1_8' title='bbox 390 470 566 536; x_wconf 89' lang='lat' dir='ltr'><strong>lares,</strong></span> <span class='ocrx_word' id='word_1_9' title='bbox 592 479 841 541; x_wconf 87' lang='lat' dir='ltr'><strong>quorum</strong></span> <span class='ocrx_word' id='word_1_10' title='bbox 876 458 1183 520; x_wconf 80' lang='lat' dir='ltr'><strong>celebritas</strong></span> <span class='ocrx_word' id='word_1_11' title='bbox 1212 460 1363 515; x_wconf 89' lang='lat' dir='ltr'><strong>inter</strong></span> <span class='ocrx_word' id='word_1_12' title='bbox 1383 462 1610 512; x_wconf 85' lang='lat' dir='ltr'><strong>centum</strong></span> <span class='ocrx_word' id='word_1_13' title='bbox 1637 466 1821 546; x_wconf 79' lang='lat' dir='ltr'><strong>annos</strong></span> <span class='ocrx_word' id='word_1_14' title='bbox 1854 448 2043 546; x_wconf 70' lang='lat' dir='ltr'><strong>fuerat</strong></span> 
     </span>
    </p>
   </div>
   <div class='ocr_carea' id='block_1_3' title="bbox 390 534 2040 623">
    <p class='ocr_par' dir='ltr' id='par_1_3' title="bbox 390 534 2040 623">
     <span class='ocr_line' id='line_1_3' title="bbox 390 534 2040 623; baseline -0.016 -7"><span class='ocrx_word' id='word_1_15' title='bbox 390 534 677 623; x_wconf 76' lang='lat' dir='ltr'><strong>instituta,</strong></span> <span class='ocrx_word' id='word_1_16' title='bbox 695 555 1163 622; x_wconf 88' lang='lat' dir='ltr'><strong>felicioribusque</strong></span> <span class='ocrx_word' id='word_1_17' title='bbox 1181 546 1541 617; x_wconf 80' lang='lat' dir='ltr'><strong>temporibus</strong></span> <span class='ocrx_word' id='word_1_18' title='bbox 1558 539 1837 599; x_wconf 83' lang='lat' dir='ltr'><strong>memoria</strong></span> <span class='ocrx_word' id='word_1_19' title='bbox 1856 534 2040 607; x_wconf 88' lang='lat' dir='ltr'><strong>negli-</strong></span> 
     </span>
    </p>
   </div>
   <div class='ocr_carea' id='block_1_4' title="bbox 393 630 2040 728">
    <p class='ocr_par' dir='ltr' id='par_1_4' title="bbox 393 630 2040 728">
     <span class='ocr_line' id='line_1_4' title="bbox 393 630 2040 728; baseline -0.016 -21"><span class='ocrx_word' id='word_1_20' title='bbox 393 655 565 723; x_wconf 88' lang='lat' dir='ltr'><strong>gente</strong></span> <span class='ocrx_word' id='word_1_21' title='bbox 584 648 853 719; x_wconf 90' lang='lat' dir='ltr'><strong>perierat.</strong></span> <span class='ocrx_word' id='word_1_22' title='bbox 870 641 1244 728; x_wconf 82' lang='lat' dir='ltr'><strong>Renovarunt</strong></span> <span class='ocrx_word' id='word_1_23' title='bbox 1264 630 2040 728; x_wconf 35' lang='lat' dir='ltr'><strong>etiam-pontificesludos‘sa-</strong></span> 
     </span>
    </p>
   </div>
   <div class='ocr_carea' id='block_1_5' title="bbox 394 716 2043 802">
    <p class='ocr_par' dir='ltr' id='par_1_5' title="bbox 394 716 2043 802">
     <span class='ocr_line' id='line_1_5' title="bbox 394 716 2043 802; baseline -0.015 -6"><span class='ocrx_word' id='word_1_24' title='bbox 394 716 522 795; x_wconf 70' lang='lat' dir='ltr'><strong>cros</strong></span> <span class='ocrx_word' id='word_1_25' title='bbox 548 716 770 802; x_wconf 81' lang='lat' dir='ltr'><strong>inferis,</strong></span> <span class='ocrx_word' id='word_1_26' title='bbox 796 743 848 790; x_wconf 92' lang='lat' dir='ltr'><strong>et</strong></span> <span class='ocrx_word' id='word_1_27' title='bbox 873 735 1032 802; x_wconf 90' lang='lat' dir='ltr'><strong>ipsos</strong></span> <span class='ocrx_word' id='word_1_28' title='bbox 1055 726 1302 784; x_wconf 88' lang='lat' dir='ltr'><strong>abolitos</strong></span> <span class='ocrx_word' id='word_1_29' title='bbox 1314 724 1479 780; x_wconf 87' lang='lat' dir='ltr'><strong>annis</strong></span> <span class='ocrx_word' id='word_1_30' title='bbox 1502 728 1816 779; x_wconf 84' lang='lat' dir='ltr'><strong>retrorsum</strong></span> <span class='ocrx_word' id='word_1_31' title='bbox 1841 716 2043 773; x_wconf 89' lang='lat' dir='ltr'><strong>melio-</strong></span> 
     </span>
    </p>
   </div>
   <div class='ocr_carea' id='block_1_6' title="bbox 394 812 2043 889">
    <p class='ocr_par' dir='ltr' id='par_1_6' title="bbox 394 812 2043 889">
     <span class='ocr_line' id='line_1_6' title="bbox 394 812 2043 889; baseline -0.016 -4"><span class='ocrx_word' id='word_1_32' title='bbox 394 829 580 884; x_wconf 84' lang='lat' dir='ltr'><strong>ribus.</strong></span> <span class='ocrx_word' id='word_1_33' title='bbox 598 826 883 882; x_wconf 85' lang='lat' dir='ltr'><strong>Nimirum</strong></span> <span class='ocrx_word' id='word_1_34' title='bbox 900 819 1055 875; x_wconf 90' lang='lat' dir='ltr'><strong>enim</strong></span> <span class='ocrx_word' id='word_1_35' title='bbox 1076 817 1310 889; x_wconf 85' lang='lat' dir='ltr'><strong>quando</strong></span> <span class='ocrx_word' id='word_1_36' title='bbox 1326 813 1585 870; x_wconf 84' lang='lat' dir='ltr'><strong>renovati</strong></span> <span class='ocrx_word' id='word_1_37' title='bbox 1608 812 1932 878; x_wconf 89' lang='lat' dir='ltr'><strong>sunt,tanta</strong></span> <span class='ocrx_word' id='word_1_38' title='bbox 1946 822 2043 861; x_wconf 89' lang='lat' dir='ltr'><strong>co-</strong></span> 
     </span>
    </p>
   </div>
   <div class='ocr_carea' id='block_1_7' title="bbox 398 897 2042 990">
    <p class='ocr_par' dir='ltr' id='par_1_7' title="bbox 398 897 2042 990">
     <span class='ocr_line' id='line_1_7' title="bbox 398 897 2042 990; baseline -0.016 -16"><span class='ocrx_word' id='word_1_39' title='bbox 398 918 492 990; x_wconf 92' lang='lat' dir='ltr'><strong>pia</strong></span> <span class='ocrx_word' id='word_1_40' title='bbox 507 913 879 971; x_wconf 89' lang='lat' dir='ltr'><strong>morientium</strong></span> <span class='ocrx_word' id='word_1_41' title='bbox 907 908 1115 963; x_wconf 90' lang='lat' dir='ltr'><strong>ditatos</strong></span> <span class='ocrx_word' id='word_1_42' title='bbox 1138 905 1359 961; x_wconf 85' lang='lat' dir='ltr'><strong>inferos</strong></span> <span class='ocrx_word' id='word_1_43' title='bbox 1373 904 1545 959; x_wconf 90' lang='lat' dir='ltr'><strong>etiam</strong></span> <span class='ocrx_word' id='word_1_44' title='bbox 1571 902 1772 990; x_wconf 83' lang='lat' dir='ltr'><strong>ludere</strong></span> <span class='ocrx_word' id='word_1_45' title='bbox 1794 897 2042 990; x_wconf 30' lang='lat' dir='ltr'><strong>delectas-</strong></span> 
     </span>
    </p>
   </div>
   <div class='ocr_carea' id='block_1_8' title="bbox 396 984 2044 1071">
    <p class='ocr_par' dir='ltr' id='par_1_8' title="bbox 396 984 2044 1071">
     <span class='ocr_line' id='line_1_8' title="bbox 396 984 2044 1071; baseline -0.015 -10"><span class='ocrx_word' id='word_1_46' title='bbox 396 984 521 1061; x_wconf 78' lang='lat' dir='ltr'><strong>bat:</strong></span> <span class='ocrx_word' id='word_1_47' title='bbox 539 1018 671 1058; x_wconf 89' lang='lat' dir='ltr'><strong>cum</strong></span> <span class='ocrx_word' id='word_1_48' title='bbox 690 999 947 1071; x_wconf 85' lang='lat' dir='ltr'><strong>profecto</strong></span> <span class='ocrx_word' id='word_1_49' title='bbox 965 996 1162 1051; x_wconf 80' lang='lat' dir='ltr'><strong>miseri</strong></span> <span class='ocrx_word' id='word_1_50' title='bbox 1180 992 1589 1064; x_wconf 87' lang='lat' dir='ltr'><strong>hominesipsa</strong></span> <span class='ocrx_word' id='word_1_51' title='bbox 1602 988 1802 1045; x_wconf 90' lang='lat' dir='ltr'><strong>rabida</strong></span> <span class='ocrx_word' id='word_1_52' title='bbox 1824 984 1975 1040; x_wconf 91' lang='lat' dir='ltr'><strong>bella</strong></span> <span class='ocrx_word' id='word_1_53' title='bbox 1987 987 2044 1038; x_wconf 88' lang='lat' dir='ltr'><strong>et</strong></span> 
     </span>
    </p>
   </div>
   <div class='ocr_carea' id='block_1_9' title="bbox 395 1072 2042 1152">
    <p class='ocr_par' dir='ltr' id='par_1_9' title="bbox 395 1072 2042 1152">
     <span class='ocr_line' id='line_1_9' title="bbox 395 1072 2042 1152; baseline -0.014 -4"><span class='ocrx_word' id='word_1_54' title='bbox 395 1095 671 1148; x_wconf 86' lang='lat' dir='ltr'><strong>cruentas</strong></span> <span class='ocrx_word' id='word_1_55' title='bbox 695 1087 1098 1142; x_wconf 77' lang='lat' dir='ltr'><strong>animositates</strong></span> <span class='ocrx_word' id='word_1_56' title='bbox 1129 1084 1511 1152; x_wconf 81' lang='lat' dir='ltr'><strong>funereasque</strong></span> <span class='ocrx_word' id='word_1_57' title='bbox 1552 1079 1688 1134; x_wconf 88' lang='lat' dir='ltr'><strong>hinc</strong></span> <span class='ocrx_word' id='word_1_58' title='bbox 1717 1079 1887 1145; x_wconf 88' lang='lat' dir='ltr'><strong>atque</strong></span> <span class='ocrx_word' id='word_1_59' title='bbox 1909 1072 2042 1127; x_wconf 90' lang='lat' dir='ltr'><strong>inde</strong></span> 
     </span>
    </p>
   </div>
   <div class='ocr_carea' id='block_1_10' title="bbox 396 1162 2043 1246">
    <p class='ocr_par' dir='ltr' id='par_1_10' title="bbox 396 1162 2043 1246">
     <span class='ocr_line' id='line_1_10' title="bbox 396 1162 2043 1246; baseline -0.014 -9"><span class='ocrx_word' id='word_1_60' title='bbox 396 1180 694 1244; x_wconf 87' lang='lat' dir='ltr'><strong>victorias,</strong></span> <span class='ocrx_word' id='word_1_61' title='bbox 711 1192 955 1246; x_wconf 84' lang='lat' dir='ltr'><strong>magnos</strong></span> <span class='ocrx_word' id='word_1_62' title='bbox 977 1176 1213 1242; x_wconf 81' lang='lat' dir='ltr'><strong>agerent</strong></span> <span class='ocrx_word' id='word_1_63' title='bbox 1228 1171 1391 1226; x_wconf 88' lang='lat' dir='ltr'><strong>ludos</strong></span> <span class='ocrx_word' id='word_1_64' title='bbox 1405 1171 1736 1224; x_wconf 78' lang='lat' dir='ltr'><strong>daemonum</strong></span> <span class='ocrx_word' id='word_1_65' title='bbox 1751 1168 1806 1220; x_wconf 89' lang='lat' dir='ltr'><strong>et</strong></span> <span class='ocrx_word' id='word_1_66' title='bbox 1819 1162 2043 1234; x_wconf 85' lang='lat' dir='ltr'><strong>Opimas</strong></span> 
     </span>
    </p>
   </div>
   <div class='ocr_carea' id='block_1_11' title="bbox 395 1250 2043 1341">
    <p class='ocr_par' dir='ltr' id='par_1_11' title="bbox 395 1250 2043 1341">
     <span class='ocr_line' id='line_1_11' title="bbox 395 1250 2043 1341; baseline -0.012 -15"><span class='ocrx_word' id='word_1_67' title='bbox 395 1269 598 1341; x_wconf 86' lang='lat' dir='ltr'><strong>epulas</strong></span> <span class='ocrx_word' id='word_1_68' title='bbox 619 1268 947 1323; x_wconf 83' lang='lat' dir='ltr'><strong>inferorum.</strong></span> <span class='ocrx_word' id='word_1_69' title='bbox 963 1262 1116 1319; x_wconf 86' lang='lat' dir='ltr'><strong>Nihil</strong></span> <span class='ocrx_word' id='word_1_70' title='bbox 1132 1278 1270 1317; x_wconf 87' lang='lat' dir='ltr'><strong>sane</strong></span> <span class='ocrx_word' id='word_1_71' title='bbox 1291 1258 1683 1316; x_wconf 85' lang='lat' dir='ltr'><strong>miserabilius</strong></span> <span class='ocrx_word' id='word_1_72' title='bbox 1697 1254 1881 1327; x_wconf 89' lang='lat' dir='ltr'><strong>primo</strong></span> <span class='ocrx_word' id='word_1_73' title='bbox 1897 1250 2043 1307; x_wconf 90' lang='lat' dir='ltr'><strong>bello</strong></span> 
     </span>
    </p>
   </div>
   <div class='ocr_carea' id='block_1_12' title="bbox 394 1343 2044 1423">
    <p class='ocr_par' dir='ltr' id='par_1_12' title="bbox 394 1343 2044 1423">
     <span class='ocr_line' id='line_1_12' title="bbox 394 1343 2044 1423; baseline -0.012 -8"><span class='ocrx_word' id='word_1_74' title='bbox 394 1360 611 1415; x_wconf 88' lang='lat' dir='ltr'><strong>Punico</strong></span> <span class='ocrx_word' id='word_1_75' title='bbox 636 1355 863 1418; x_wconf 88' lang='lat' dir='ltr'><strong>accidit,</strong></span> <span class='ocrx_word' id='word_1_76' title='bbox 881 1367 1055 1423; x_wconf 87' lang='lat' dir='ltr'><strong>quam</strong></span> <span class='ocrx_word' id='word_1_77' title='bbox 1078 1352 1232 1422; x_wconf 92' lang='lat' dir='ltr'><strong>quod</strong></span> <span class='ocrx_word' id='word_1_78' title='bbox 1257 1349 1337 1405; x_wconf 90' lang='lat' dir='ltr'><strong>ita</strong></span> <span class='ocrx_word' id='word_1_79' title='bbox 1367 1348 1613 1404; x_wconf 81' lang='lat' dir='ltr'><strong>Romani</strong></span> <span class='ocrx_word' id='word_1_80' title='bbox 1634 1345 1767 1400; x_wconf 91' lang='lat' dir='ltr'><strong>victi</strong></span> <span class='ocrx_word' id='word_1_81' title='bbox 1791 1344 1951 1407; x_wconf 85' lang='lat' dir='ltr'><strong>sunt,</strong></span> <span class='ocrx_word' id='word_1_82' title='bbox 1978 1343 2044 1396; x_wconf 88' lang='lat' dir='ltr'><strong>ut</strong></span> 
     </span>
    </p>
   </div>
   <div class='ocr_carea' id='block_1_13' title="bbox 395 1428 2045 1517">
    <p class='ocr_par' dir='ltr' id='par_1_13' title="bbox 395 1428 2045 1517">
     <span class='ocr_line' id='line_1_13' title="bbox 395 1428 2045 1517; baseline -0.013 -13"><span class='ocrx_word' id='word_1_83' title='bbox 395 1450 566 1505; x_wconf 89' lang='lat' dir='ltr'><strong>etiam</strong></span> <span class='ocrx_word' id='word_1_84' title='bbox 583 1444 839 1517; x_wconf 80' lang='lat' dir='ltr'><strong>Regulus</strong></span> <span class='ocrx_word' id='word_1_85' title='bbox 860 1442 957 1497; x_wconf 91' lang='lat' dir='ltr'><strong>ille</strong></span> <span class='ocrx_word' id='word_1_86' title='bbox 988 1444 1311 1512; x_wconf 79' lang='lat' dir='ltr'><strong>caperetur,</strong></span> <span class='ocrx_word' id='word_1_87' title='bbox 1336 1440 1506 1508; x_wconf 87' lang='lat' dir='ltr'><strong>cujus</strong></span> <span class='ocrx_word' id='word_1_88' title='bbox 1538 1438 1595 1491; x_wconf 92' lang='lat' dir='ltr'><strong>in</strong></span> <span class='ocrx_word' id='word_1_89' title='bbox 1610 1434 1799 1507; x_wconf 90' lang='lat' dir='ltr'><strong>primo</strong></span> <span class='ocrx_word' id='word_1_90' title='bbox 1818 1431 1945 1487; x_wconf 88' lang='lat' dir='ltr'><strong>etin</strong></span> <span class='ocrx_word' id='word_1_91' title='bbox 1960 1428 2045 1484; x_wconf 89' lang='lat' dir='ltr'><strong>a1-</strong></span> 
     </span>
    </p>
   </div>
   <div class='ocr_carea' id='block_1_14' title="bbox 396 1523 2043 1601">
    <p class='ocr_par' dir='ltr' id='par_1_14' title="bbox 396 1523 2043 1601">
     <span class='ocr_line' id='line_1_14' title="bbox 396 1523 2043 1601; baseline -0.01 -7"><span class='ocrx_word' id='word_1_92' title='bbox 396 1546 514 1596; x_wconf 89' lang='lat' dir='ltr'><strong>tero</strong></span> <span class='ocrx_word' id='word_1_93' title='bbox 531 1538 679 1593; x_wconf 87' lang='lat' dir='ltr'><strong>libro</strong></span> <span class='ocrx_word' id='word_1_94' title='bbox 699 1534 1049 1590; x_wconf 85' lang='lat' dir='ltr'><strong>mentionem</strong></span> <span class='ocrx_word' id='word_1_95' title='bbox 1065 1529 1460 1601; x_wconf 85' lang='lat' dir='ltr'><strong>fecimus(Lib.</strong></span> <span class='ocrx_word' id='word_1_96' title='bbox 1488 1532 1708 1597; x_wconf 83' lang='lat' dir='ltr'><strong>l,capp.</strong></span> <span class='ocrx_word' id='word_1_97' title='bbox 1731 1524 1799 1578; x_wconf 79' lang='grc'><strong>45</strong></span> <span class='ocrx_word' id='word_1_98' title='bbox 1815 1523 2043 1589; x_wconf 60' lang='lat' dir='ltr'><strong>e124;et</strong></span> 
     </span>
    </p>
   </div>
   <div class='ocr_carea' id='block_1_15' title="bbox 397 1612 2042 1696">
    <p class='ocr_par' dir='ltr' id='par_1_15' title="bbox 397 1612 2042 1696">
     <span class='ocr_line' id='line_1_15' title="bbox 397 1612 2042 1696; baseline -0.011 -12"><span class='ocrx_word' id='word_1_99' title='bbox 397 1629 498 1684; x_wconf 82' lang='lat' dir='ltr'><strong>lib.</strong></span> <span class='ocrx_word' id='word_1_100' title='bbox 532 1632 585 1681; x_wconf 85' lang='lat'><strong>2.</strong></span> <span class='ocrx_word' id='word_1_101' title='bbox 617 1643 734 1696; x_wconf 87' lang='lat' dir='ltr'><strong>cap.</strong></span> <span class='ocrx_word' id='word_1_102' title='bbox 758 1625 873 1695; x_wconf 86' lang='lat'><strong>23),</strong></span> <span class='ocrx_word' id='word_1_103' title='bbox 898 1622 984 1678; x_wconf 90' lang='lat' dir='ltr'><strong>vir</strong></span> <span class='ocrx_word' id='word_1_104' title='bbox 1005 1620 1176 1693; x_wconf 88' lang='lat' dir='ltr'><strong>plane</strong></span> <span class='ocrx_word' id='word_1_105' title='bbox 1193 1635 1441 1691; x_wconf 88' lang='lat' dir='ltr'><strong>magnus</strong></span> <span class='ocrx_word' id='word_1_106' title='bbox 1464 1624 1516 1673; x_wconf 91' lang='lat' dir='ltr'><strong>et</strong></span> <span class='ocrx_word' id='word_1_107' title='bbox 1537 1617 1715 1673; x_wconf 90' lang='lat' dir='ltr'><strong>victor</strong></span> <span class='ocrx_word' id='word_1_108' title='bbox 1738 1617 1906 1670; x_wconf 83' lang='lat' dir='ltr'><strong>antea</strong></span> <span class='ocrx_word' id='word_1_109' title='bbox 1939 1612 2042 1667; x_wconf 91' lang='lat' dir='ltr'><strong>do-</strong></span> 
     </span>
    </p>
   </div>
   <div class='ocr_carea' id='block_1_16' title="bbox 390 1703 2039 1789">
    <p class='ocr_par' dir='ltr' id='par_1_16' title="bbox 390 1703 2039 1789">
     <span class='ocr_line' id='line_1_16' title="bbox 390 1703 2039 1789; baseline -0.012 -14"><span class='ocrx_word' id='word_1_110' title='bbox 390 1720 677 1789; x_wconf 90' lang='lat' dir='ltr'><strong>mitorque</strong></span> <span class='ocrx_word' id='word_1_111' title='bbox 693 1717 1031 1771; x_wconf 82' lang='lat' dir='ltr'><strong>Poenorum:</strong></span> <span class='ocrx_word' id='word_1_112' title='bbox 1048 1711 1145 1783; x_wconf 89' lang='lat' dir='ltr'><strong>qui</strong></span> <span class='ocrx_word' id='word_1_113' title='bbox 1163 1710 1334 1766; x_wconf 89' lang='lat' dir='ltr'><strong>etiam</strong></span> <span class='ocrx_word' id='word_1_114' title='bbox 1351 1710 1539 1781; x_wconf 89' lang='lat' dir='ltr'><strong>ipsum</strong></span> <span class='ocrx_word' id='word_1_115' title='bbox 1552 1707 1804 1779; x_wconf 87' lang='lat' dir='ltr'><strong>primum</strong></span> <span class='ocrx_word' id='word_1_116' title='bbox 1817 1703 2039 1759; x_wconf 88' lang='lat' dir='ltr'><strong>bellum</strong></span> 
     </span>
    </p>
   </div>
   <div class='ocr_carea' id='block_1_17' title="bbox 395 1791 2044 1868">
    <p class='ocr_par' dir='ltr' id='par_1_17' title="bbox 395 1791 2044 1868">
     <span class='ocr_line' id='line_1_17' title="bbox 395 1791 2044 1868; baseline -0.012 -4"><span class='ocrx_word' id='word_1_117' title='bbox 395 1808 676 1864; x_wconf 90' lang='lat' dir='ltr'><strong>Punicum</strong></span> <span class='ocrx_word' id='word_1_118' title='bbox 706 1804 1074 1868; x_wconf 83' lang='lat' dir='ltr'><strong>confecisset,</strong></span> <span class='ocrx_word' id='word_1_119' title='bbox 1108 1800 1216 1855; x_wconf 87' lang='lat' dir='ltr'><strong>nisi</strong></span> <span class='ocrx_word' id='word_1_120' title='bbox 1243 1798 1519 1855; x_wconf 88' lang='lat' dir='ltr'><strong>aviditate</strong></span> <span class='ocrx_word' id='word_1_121' title='bbox 1551 1795 1734 1852; x_wconf 89' lang='lat' dir='ltr'><strong>nimia</strong></span> <span class='ocrx_word' id='word_1_122' title='bbox 1761 1791 1956 1849; x_wconf 90' lang='lat' dir='ltr'><strong>laudis</strong></span> <span class='ocrx_word' id='word_1_123' title='bbox 1986 1794 2044 1847; x_wconf 90' lang='lat' dir='ltr'><strong>et</strong></span> 
     </span>
    </p>
   </div>
   <div class='ocr_carea' id='block_1_18' title="bbox 393 1882 2042 1970">
    <p class='ocr_par' dir='ltr' id='par_1_18' title="bbox 393 1882 2042 1970">
     <span class='ocr_line' id='line_1_18' title="bbox 393 1882 2042 1970; baseline -0.009 -17"><span class='ocrx_word' id='word_1_124' title='bbox 393 1898 587 1970; x_wconf 68' lang='lat' dir='ltr'><strong>gloriae</strong></span> <span class='ocrx_word' id='word_1_125' title='bbox 602 1895 866 1951; x_wconf 90' lang='lat' dir='ltr'><strong>duriores</strong></span> <span class='ocrx_word' id='word_1_126' title='bbox 888 1890 1268 1957; x_wconf 87' lang='lat' dir='ltr'><strong>conditiones,</strong></span> <span class='ocrx_word' id='word_1_127' title='bbox 1293 1904 1467 1960; x_wconf 90' lang='lat' dir='ltr'><strong>quam</strong></span> <span class='ocrx_word' id='word_1_128' title='bbox 1495 1888 1639 1943; x_wconf 89' lang='lat' dir='ltr'><strong>ferre</strong></span> <span class='ocrx_word' id='word_1_129' title='bbox 1660 1886 1913 1955; x_wconf 87' lang='lat' dir='ltr'><strong>possent,</strong></span> <span class='ocrx_word' id='word_1_130' title='bbox 1930 1882 2042 1938; x_wconf 84' lang='lat' dir='ltr'><strong>fes-</strong></span> 
     </span>
    </p>
   </div>
   <div class='ocr_carea' id='block_1_19' title="bbox 393 1970 2042 2055">
    <p class='ocr_par' dir='ltr' id='par_1_19' title="bbox 393 1970 2042 2055">
     <span class='ocr_line' id='line_1_19' title="bbox 393 1970 2042 2055; baseline -0.012 -12"><span class='ocrx_word' id='word_1_131' title='bbox 393 1986 474 2043; x_wconf 90' lang='lat' dir='ltr'><strong>sis</strong></span> <span class='ocrx_word' id='word_1_132' title='bbox 488 1982 1047 2055; x_wconf 85' lang='lat' dir='ltr'><strong>Cartbaginensibus</strong></span> <span class='ocrx_word' id='word_1_133' title='bbox 1061 1979 1424 2051; x_wconf 88' lang='lat' dir='ltr'><strong>imperasset.</strong></span> <span class='ocrx_word' id='word_1_134' title='bbox 1441 1974 1726 2031; x_wconf 91' lang='lat' dir='ltr'><strong>Illiusviri</strong></span> <span class='ocrx_word' id='word_1_135' title='bbox 1739 1970 2042 2043; x_wconf 84' lang='lat' dir='ltr'><strong>etcaptivi-</strong></span> 
     </span>
    </p>
   </div>
   <div class='ocr_carea' id='block_1_20' title="bbox 392 2060 2041 2145">
    <p class='ocr_par' dir='ltr' id='par_1_20' title="bbox 392 2060 2041 2145">
     <span class='ocr_line' id='line_1_20' title="bbox 392 2060 2041 2145; baseline -0.01 -13"><span class='ocrx_word' id='word_1_136' title='bbox 392 2071 982 2145; x_wconf 86' lang='lat' dir='ltr'><strong>tasinopinatissima,</strong></span> <span class='ocrx_word' id='word_1_137' title='bbox 997 2065 1749 2138; x_wconf 87' lang='lat' dir='ltr'><strong>etservitusindignissima,</strong></span> <span class='ocrx_word' id='word_1_138' title='bbox 1763 2060 2041 2132; x_wconf 86' lang='lat' dir='ltr'><strong>etjuratio</strong></span> 
     </span>
    </p>
   </div>
   <div class='ocr_carea' id='block_1_21' title="bbox 396 2153 2041 2228">
    <p class='ocr_par' dir='ltr' id='par_1_21' title="bbox 396 2153 2041 2228">
     <span class='ocr_line' id='line_1_21' title="bbox 396 2153 2041 2228; baseline -0.009 -9"><span class='ocrx_word' id='word_1_139' title='bbox 396 2164 754 2228; x_wconf 82' lang='lat' dir='ltr'><strong>fidelissima,</strong></span> <span class='ocrx_word' id='word_1_140' title='bbox 769 2166 825 2217; x_wconf 90' lang='lat' dir='ltr'><strong>et</strong></span> <span class='ocrx_word' id='word_1_141' title='bbox 839 2176 992 2216; x_wconf 91' lang='lat' dir='ltr'><strong>mors</strong></span> <span class='ocrx_word' id='word_1_142' title='bbox 1014 2157 1420 2214; x_wconf 87' lang='lat' dir='ltr'><strong>crudelissima</strong></span> <span class='ocrx_word' id='word_1_143' title='bbox 1442 2156 1488 2211; x_wconf 91' lang='lat' dir='ltr'><strong>si</strong></span> <span class='ocrx_word' id='word_1_144' title='bbox 1513 2157 1651 2211; x_wconf 87' lang='lat' dir='ltr'><strong>deos</strong></span> <span class='ocrx_word' id='word_1_145' title='bbox 1668 2153 1800 2208; x_wconf 89' lang='lat' dir='ltr'><strong>illos</strong></span> <span class='ocrx_word' id='word_1_146' title='bbox 1816 2167 1924 2207; x_wconf 91' lang='lat' dir='ltr'><strong>non</strong></span> <span class='ocrx_word' id='word_1_147' title='bbox 1941 2166 2041 2206; x_wconf 91' lang='lat' dir='ltr'><strong>co-</strong></span> 
     </span>
    </p>
   </div>
   <div class='ocr_carea' id='block_1_22' title="bbox 394 2245 2042 2325">
    <p class='ocr_par' dir='ltr' id='par_1_22' title="bbox 394 2245 2042 2325">
     <span class='ocr_line' id='line_1_22' title="bbox 394 2245 2042 2325; baseline -0.007 -18"><span class='ocrx_word' id='word_1_148' title='bbox 394 2253 479 2325; x_wconf 91' lang='lat' dir='ltr'><strong>git</strong></span> <span class='ocrx_word' id='word_1_149' title='bbox 519 2252 879 2319; x_wconf 88' lang='lat' dir='ltr'><strong>erubescere,</strong></span> <span class='ocrx_word' id='word_1_150' title='bbox 915 2263 1115 2305; x_wconf 90' lang='lat' dir='ltr'><strong>verum</strong></span> <span class='ocrx_word' id='word_1_151' title='bbox 1144 2251 1232 2304; x_wconf 90' lang='lat' dir='ltr'><strong>est</strong></span> <span class='ocrx_word' id='word_1_152' title='bbox 1275 2246 1426 2317; x_wconf 92' lang='lat' dir='ltr'><strong>quod</strong></span> <span class='ocrx_word' id='word_1_153' title='bbox 1469 2245 1600 2301; x_wconf 63' lang='lat' dir='ltr'><strong>aerei</strong></span> <span class='ocrx_word' id='word_1_154' title='bbox 1631 2246 1790 2310; x_wconf 89' lang='lat' dir='ltr'><strong>sunt,</strong></span> <span class='ocrx_word' id='word_1_155' title='bbox 1832 2245 1886 2298; x_wconf 88' lang='lat' dir='ltr'><strong>et</strong></span> <span class='ocrx_word' id='word_1_156' title='bbox 1923 2255 2042 2296; x_wconf 91' lang='lat' dir='ltr'><strong>non</strong></span> 
     </span>
    </p>
   </div>
   <div class='ocr_carea' id='block_1_23' title="bbox 396 2341 1013 2411">
    <p class='ocr_par' dir='ltr' id='par_1_23' title="bbox 396 2341 1013 2411">
     <span class='ocr_line' id='line_1_23' title="bbox 396 2341 1013 2411; baseline -0.01 -12"><span class='ocrx_word' id='word_1_157' title='bbox 396 2344 616 2399; x_wconf 82' lang='lat' dir='ltr'><strong>habent</strong></span> <span class='ocrx_word' id='word_1_158' title='bbox 644 2341 1013 2411; x_wconf 86' lang='lat' dir='ltr'><strong>sanguinem.</strong></span> 
     </span>
    </p>
   </div>
   <div class='ocr_carea' id='block_1_24' title="bbox 461 2418 2045 2497">
    <p class='ocr_par' dir='ltr' id='par_1_24' title="bbox 461 2418 2045 2497">
     <span class='ocr_line' id='line_1_24' title="bbox 461 2418 2045 2497; baseline -0.008 -10"><span class='ocrx_word' id='word_1_159' title='bbox 461 2434 517 2488; x_wconf 86' lang='lat'><strong>2.</strong></span> <span class='ocrx_word' id='word_1_160' title='bbox 551 2431 667 2486; x_wconf 89' lang='lat' dir='ltr'><strong>Nec</strong></span> <span class='ocrx_word' id='word_1_161' title='bbox 689 2430 844 2484; x_wconf 91' lang='lat' dir='ltr'><strong>mala</strong></span> <span class='ocrx_word' id='word_1_162' title='bbox 866 2426 965 2483; x_wconf 92' lang='lat' dir='ltr'><strong>illo</strong></span> <span class='ocrx_word' id='word_1_163' title='bbox 988 2436 1246 2497; x_wconf 89' lang='lat' dir='ltr'><strong>tempore</strong></span> <span class='ocrx_word' id='word_1_164' title='bbox 1267 2423 1615 2495; x_wconf 87' lang='lat' dir='ltr'><strong>gravissima</strong></span> <span class='ocrx_word' id='word_1_165' title='bbox 1646 2421 1801 2477; x_wconf 88' lang='lat' dir='ltr'><strong>intra</strong></span> <span class='ocrx_word' id='word_1_166' title='bbox 1831 2418 2045 2475; x_wconf 79' lang='lat' dir='ltr'><strong>mmnia</strong></span> 
     </span>
    </p>
   </div>
   <div class='ocr_carea' id='block_1_25' title="bbox 390 2508 2044 2578">
    <p class='ocr_par' dir='ltr' id='par_1_25' title="bbox 390 2508 2044 2578">
     <span class='ocr_line' id='line_1_25' title="bbox 390 2508 2044 2578; baseline -0.008 0"><span class='ocrx_word' id='word_1_167' title='bbox 390 2523 722 2578; x_wconf 87' lang='lat' dir='ltr'><strong>defuerunt.</strong></span> <span class='ocrx_word' id='word_1_168' title='bbox 739 2519 881 2574; x_wconf 87' lang='lat' dir='ltr'><strong>Nam</strong></span> <span class='ocrx_word' id='word_1_169' title='bbox 906 2516 1237 2572; x_wconf 87' lang='lat' dir='ltr'><strong>exundante</strong></span> <span class='ocrx_word' id='word_1_170' title='bbox 1265 2513 1440 2568; x_wconf 91' lang='lat' dir='ltr'><strong>nimis</strong></span> <span class='ocrx_word' id='word_1_171' title='bbox 1460 2512 1611 2568; x_wconf 89' lang='lat' dir='ltr'><strong>ultra</strong></span> <span class='ocrx_word' id='word_1_172' title='bbox 1635 2527 1850 2567; x_wconf 91' lang='lat' dir='ltr'><strong>morem</strong></span> <span class='ocrx_word' id='word_1_173' title='bbox 1868 2508 2044 2564; x_wconf 88' lang='lat' dir='ltr'><strong>ﬂuvio</strong></span> 
     </span>
    </p>
   </div>
   <div class='ocr_carea' id='block_1_26' title="bbox 393 2598 2042 2680">
    <p class='ocr_par' dir='ltr' id='par_1_26' title="bbox 393 2598 2042 2680">
     <span class='ocr_line' id='line_1_26' title="bbox 393 2598 2042 2680; baseline -0.009 -11"><span class='ocrx_word' id='word_1_174' title='bbox 393 2612 663 2669; x_wconf 89' lang='lat' dir='ltr'><strong>Tiberino</strong></span> <span class='ocrx_word' id='word_1_175' title='bbox 688 2624 834 2680; x_wconf 88' lang='lat' dir='ltr'><strong>pene</strong></span> <span class='ocrx_word' id='word_1_176' title='bbox 855 2607 1052 2663; x_wconf 88' lang='lat' dir='ltr'><strong>omnia</strong></span> <span class='ocrx_word' id='word_1_177' title='bbox 1074 2604 1230 2659; x_wconf 89' lang='lat' dir='ltr'><strong>urbis</strong></span> <span class='ocrx_word' id='word_1_178' title='bbox 1252 2603 1424 2673; x_wconf 90' lang='lat' dir='ltr'><strong>plana</strong></span> <span class='ocrx_word' id='word_1_179' title='bbox 1445 2603 1722 2657; x_wconf 88' lang='lat' dir='ltr'><strong>subversa</strong></span> <span class='ocrx_word' id='word_1_180' title='bbox 1736 2604 1897 2665; x_wconf 83' lang='lat' dir='ltr'><strong>sunt;</strong></span> <span class='ocrx_word' id='word_1_181' title='bbox 1914 2598 2042 2654; x_wconf 90' lang='lat' dir='ltr'><strong>allis</strong></span> 
     </span>
    </p>
   </div>
   <div class='ocr_carea' id='block_1_27' title="bbox 393 2689 2042 2773">
    <p class='ocr_par' dir='ltr' id='par_1_27' title="bbox 393 2689 2042 2773">
     <span class='ocr_line' id='line_1_27' title="bbox 393 2689 2042 2773; baseline -0.008 -16"><span class='ocrx_word' id='word_1_182' title='bbox 393 2703 614 2773; x_wconf 88' lang='lat' dir='ltr'><strong>impetu</strong></span> <span class='ocrx_word' id='word_1_183' title='bbox 643 2697 806 2769; x_wconf 87' lang='lat' dir='ltr'><strong>quasi</strong></span> <span class='ocrx_word' id='word_1_184' title='bbox 840 2693 1109 2752; x_wconf 83' lang='lat' dir='ltr'><strong>torrentis</strong></span> <span class='ocrx_word' id='word_1_185' title='bbox 1148 2691 1441 2764; x_wconf 87' lang='lat' dir='ltr'><strong>impulsis,</strong></span> <span class='ocrx_word' id='word_1_186' title='bbox 1476 2691 1605 2745; x_wconf 89' lang='lat' dir='ltr'><strong>aliis</strong></span> <span class='ocrx_word' id='word_1_187' title='bbox 1651 2689 1808 2744; x_wconf 89' lang='lat' dir='ltr'><strong>velut</strong></span> <span class='ocrx_word' id='word_1_188' title='bbox 1836 2692 2042 2760; x_wconf 88' lang='lat' dir='ltr'><strong>stagno</strong></span> 
     </span>
    </p>
   </div>
   <div class='ocr_carea' id='block_1_28' title="bbox 393 2777 2044 2853">
    <p class='ocr_par' dir='ltr' id='par_1_28' title="bbox 393 2777 2044 2853">
     <span class='ocr_line' id='line_1_28' title="bbox 393 2777 2044 2853; baseline -0.007 -8"><span class='ocrx_word' id='word_1_189' title='bbox 393 2789 673 2845; x_wconf 90' lang='lat' dir='ltr'><strong>diuturno</strong></span> <span class='ocrx_word' id='word_1_190' title='bbox 708 2784 1048 2841; x_wconf 80' lang='lat' dir='ltr'><strong>madefactis</strong></span> <span class='ocrx_word' id='word_1_191' title='bbox 1078 2790 1249 2853; x_wconf 90' lang='lat' dir='ltr'><strong>atque</strong></span> <span class='ocrx_word' id='word_1_192' title='bbox 1280 2778 1594 2851; x_wconf 86' lang='lat' dir='ltr'><strong>sublapsis.</strong></span> <span class='ocrx_word' id='word_1_193' title='bbox 1630 2779 1802 2833; x_wconf 89' lang='lat' dir='ltr'><strong>Istam</strong></span> <span class='ocrx_word' id='word_1_194' title='bbox 1835 2777 2044 2833; x_wconf 86' lang='lat' dir='ltr'><strong>deinde</strong></span> 
     </span>
    </p>
   </div>
   <div class='ocr_carea' id='block_1_29' title="bbox 392 2866 2046 2950">
    <p class='ocr_par' dir='ltr' id='par_1_29' title="bbox 392 2866 2046 2950">
     <span class='ocr_line' id='line_1_29' title="bbox 392 2866 2046 2950; baseline -0.008 -16"><span class='ocrx_word' id='word_1_195' title='bbox 392 2886 615 2950; x_wconf 87' lang='lat' dir='ltr'><strong>pestem</strong></span> <span class='ocrx_word' id='word_1_196' title='bbox 635 2876 788 2947; x_wconf 82' lang='lat' dir='ltr'><strong>ignis</strong></span> <span class='ocrx_word' id='word_1_197' title='bbox 817 2871 1196 2946; x_wconf 89' lang='lat' dir='ltr'><strong>perniciosior</strong></span> <span class='ocrx_word' id='word_1_198' title='bbox 1217 2872 1560 2924; x_wconf 88' lang='lat' dir='ltr'><strong>subsecutus</strong></span> <span class='ocrx_word' id='word_1_199' title='bbox 1590 2871 1696 2933; x_wconf 90' lang='lat' dir='ltr'><strong>est,</strong></span> <span class='ocrx_word' id='word_1_200' title='bbox 1731 2866 1830 2937; x_wconf 92' lang='lat' dir='ltr'><strong>qui</strong></span> <span class='ocrx_word' id='word_1_201' title='bbox 1863 2882 2046 2921; x_wconf 89' lang='lat' dir='ltr'><strong>corre-</strong></span> 
     </span>
    </p>
   </div>
   <div class='ocr_carea' id='block_1_30' title="bbox 389 2957 2040 3041">
    <p class='ocr_par' dir='ltr' id='par_1_30' title="bbox 389 2957 2040 3041">
     <span class='ocr_line' id='line_1_30' title="bbox 389 2957 2040 3041; baseline -0.008 -16"><span class='ocrx_word' id='word_1_202' title='bbox 389 2970 505 3041; x_wconf 90' lang='lat' dir='ltr'><strong>ptis</strong></span> <span class='ocrx_word' id='word_1_203' title='bbox 529 2969 681 3024; x_wconf 91' lang='lat' dir='ltr'><strong>circa</strong></span> <span class='ocrx_word' id='word_1_204' title='bbox 699 2967 887 3022; x_wconf 86' lang='lat' dir='ltr'><strong>forum</strong></span> <span class='ocrx_word' id='word_1_205' title='bbox 912 2965 1242 3035; x_wconf 90' lang='lat' dir='ltr'><strong>quibusque</strong></span> <span class='ocrx_word' id='word_1_206' title='bbox 1255 2959 1613 3026; x_wconf 90' lang='lat' dir='ltr'><strong>celsioribus,</strong></span> <span class='ocrx_word' id='word_1_207' title='bbox 1638 2958 1805 3013; x_wconf 90' lang='lat' dir='ltr'><strong>etiam</strong></span> <span class='ocrx_word' id='word_1_208' title='bbox 1821 2957 2040 3027; x_wconf 87' lang='lat' dir='ltr'><strong>templo</strong></span> 
     </span>
    </p>
   </div>
   <div class='ocr_carea' id='block_1_31' title="bbox 388 3046 2041 3120">
    <p class='ocr_par' dir='ltr' id='par_1_31' title="bbox 388 3046 2041 3120">
     <span class='ocr_line' id='line_1_31' title="bbox 388 3046 2041 3120; baseline -0.008 -7"><span class='ocrx_word' id='word_1_209' title='bbox 388 3060 573 3115; x_wconf 77' lang='lat' dir='ltr'><strong>Vestae</strong></span> <span class='ocrx_word' id='word_1_210' title='bbox 605 3075 709 3113; x_wconf 92' lang='lat' dir='ltr'><strong>suo</strong></span> <span class='ocrx_word' id='word_1_211' title='bbox 734 3053 1192 3111; x_wconf 87' lang='lat' dir='ltr'><strong>familiarissimo</strong></span> <span class='ocrx_word' id='word_1_212' title='bbox 1218 3066 1330 3105; x_wconf 89' lang='lat' dir='ltr'><strong>non</strong></span> <span class='ocrx_word' id='word_1_213' title='bbox 1358 3049 1634 3120; x_wconf 89' lang='lat' dir='ltr'><strong>pepercit,</strong></span> <span class='ocrx_word' id='word_1_214' title='bbox 1659 3046 1757 3101; x_wconf 93' lang='lat' dir='ltr'><strong>ubi</strong></span> <span class='ocrx_word' id='word_1_215' title='bbox 1791 3046 1840 3101; x_wconf 85' lang='lat' dir='ltr'><strong>ei</strong></span> <span class='ocrx_word' id='word_1_216' title='bbox 1868 3046 2041 3101; x_wconf 92' lang='lat' dir='ltr'><strong>veluti</strong></span> 
     </span>
    </p>
   </div>
   <div class='ocr_carea' id='block_1_32' title="bbox 390 3133 2045 3218">
    <p class='ocr_par' dir='ltr' id='par_1_32' title="bbox 390 3133 2045 3218">
     <span class='ocr_line' id='line_1_32' title="bbox 390 3133 2045 3218; baseline -0.008 -14"><span class='ocrx_word' id='word_1_217' title='bbox 390 3150 571 3204; x_wconf 89' lang='lat' dir='ltr'><strong>vitam</strong></span> <span class='ocrx_word' id='word_1_218' title='bbox 596 3149 935 3218; x_wconf 89' lang='lat' dir='ltr'><strong>perpetuam</strong></span> <span class='ocrx_word' id='word_1_219' title='bbox 952 3139 1404 3212; x_wconf 88' lang='lat' dir='ltr'><strong>diligentissima</strong></span> <span class='ocrx_word' id='word_1_220' title='bbox 1426 3135 1842 3192; x_wconf 89' lang='lat' dir='ltr'><strong>substitutione</strong></span> <span class='ocrx_word' id='word_1_221' title='bbox 1865 3133 2045 3205; x_wconf 85' lang='lat' dir='ltr'><strong>ligno-</strong></span> 
     </span>
    </p>
   </div>
   <div class='ocr_carea' id='block_1_33' title="bbox 395 3225 2046 3303">
    <p class='ocr_par' dir='ltr' id='par_1_33' title="bbox 395 3225 2046 3303">
     <span class='ocr_line' id='line_1_33' title="bbox 395 3225 2046 3303; baseline -0.007 -10"><span class='ocrx_word' id='word_1_222' title='bbox 395 3254 545 3303; x_wconf 90' lang='lat' dir='ltr'><strong>rum,</strong></span> <span class='ocrx_word' id='word_1_223' title='bbox 573 3252 686 3291; x_wconf 91' lang='lat' dir='ltr'><strong>non</strong></span> <span class='ocrx_word' id='word_1_224' title='bbox 709 3240 825 3289; x_wconf 88' lang='lat' dir='ltr'><strong>tam</strong></span> <span class='ocrx_word' id='word_1_225' title='bbox 856 3233 1150 3287; x_wconf 71' lang='lat' dir='ltr'><strong>honoratas</strong></span> <span class='ocrx_word' id='word_1_226' title='bbox 1171 3243 1347 3300; x_wconf 91' lang='lat' dir='ltr'><strong>quam</strong></span> <span class='ocrx_word' id='word_1_227' title='bbox 1373 3227 1660 3281; x_wconf 61' lang='lat' dir='ltr'><strong>damnatas</strong></span> <span class='ocrx_word' id='word_1_228' title='bbox 1682 3225 1935 3294; x_wconf 81' lang='lat' dir='ltr'><strong>virgines</strong></span> <span class='ocrx_word' id='word_1_229' title='bbox 1952 3226 2046 3281; x_wconf 89' lang='lat' dir='ltr'><strong>do-</strong></span> 
     </span>
    </p>
   </div>
   <div class='ocr_carea' id='block_1_34' title="bbox 391 3315 2046 3387">
    <p class='ocr_par' dir='ltr' id='par_1_34' title="bbox 391 3315 2046 3387">
     <span class='ocr_line' id='line_1_34' title="bbox 391 3315 2046 3387; baseline -0.008 -4"><span class='ocrx_word' id='word_1_230' title='bbox 391 3343 532 3383; x_wconf 88' lang='lat' dir='ltr'><strong>nare</strong></span> <span class='ocrx_word' id='word_1_231' title='bbox 571 3327 1011 3381; x_wconf 88' lang='lat' dir='ltr'><strong>consueverant.</strong></span> <span class='ocrx_word' id='word_1_232' title='bbox 1043 3321 1205 3375; x_wconf 91' lang='lat' dir='ltr'><strong>Tunc</strong></span> <span class='ocrx_word' id='word_1_233' title='bbox 1235 3333 1371 3371; x_wconf 92' lang='lat' dir='ltr'><strong>vero</strong></span> <span class='ocrx_word' id='word_1_234' title='bbox 1416 3315 1533 3371; x_wconf 91' lang='lat' dir='ltr'><strong>illic</strong></span> <span class='ocrx_word' id='word_1_235' title='bbox 1564 3316 1739 3387; x_wconf 86' lang='lat' dir='ltr'><strong>ignis,</strong></span> <span class='ocrx_word' id='word_1_236' title='bbox 1773 3331 1890 3369; x_wconf 91' lang='lat' dir='ltr'><strong>non</strong></span> <span class='ocrx_word' id='word_1_237' title='bbox 1920 3319 2046 3370; x_wconf 91' lang='lat' dir='ltr'><strong>tan-</strong></span> 
     </span>
    </p>
   </div>
   <div class='ocr_carea' id='block_1_35' title="bbox 388 3404 2039 3483">
    <p class='ocr_par' dir='ltr' id='par_1_35' title="bbox 388 3404 2039 3483">
     <span class='ocr_line' id='line_1_35' title="bbox 388 3404 2039 3483; baseline -0.008 -11"><span class='ocrx_word' id='word_1_238' title='bbox 388 3422 514 3472; x_wconf 90' lang='lat' dir='ltr'><strong>tum</strong></span> <span class='ocrx_word' id='word_1_239' title='bbox 536 3413 781 3483; x_wconf 85' lang='lat' dir='ltr'><strong>vivebat,</strong></span> <span class='ocrx_word' id='word_1_240' title='bbox 815 3411 916 3467; x_wconf 90' lang='lat' dir='ltr'><strong>sed</strong></span> <span class='ocrx_word' id='word_1_241' title='bbox 949 3409 1121 3464; x_wconf 87' lang='lat' dir='ltr'><strong>etiam</strong></span> <span class='ocrx_word' id='word_1_242' title='bbox 1148 3407 1436 3463; x_wconf 70' lang='lat' dir='ltr'><strong>saeviebat.</strong></span> <span class='ocrx_word' id='word_1_243' title='bbox 1475 3404 1653 3474; x_wconf 86' lang='lat' dir='ltr'><strong>Cujus</strong></span> <span class='ocrx_word' id='word_1_244' title='bbox 1693 3404 1914 3475; x_wconf 89' lang='lat' dir='ltr'><strong>impetu</strong></span> <span class='ocrx_word' id='word_1_245' title='bbox 1940 3420 2039 3459; x_wconf 84' lang='lat' dir='ltr'><strong>ex-</strong></span> 
     </span>
    </p>
   </div>
   <div class='ocr_carea' id='block_1_36' title="bbox 388 3494 2043 3575">
    <p class='ocr_par' dir='ltr' id='par_1_36' title="bbox 388 3494 2043 3575">
     <span class='ocr_line' id='line_1_36' title="bbox 388 3494 2043 3575; baseline -0.007 -14"><span class='ocrx_word' id='word_1_246' title='bbox 388 3507 598 3561; x_wconf 65' lang='lat' dir='ltr'><strong>territa;</strong></span> <span class='ocrx_word' id='word_1_247' title='bbox 629 3503 903 3575; x_wconf 82' lang='lat' dir='ltr'><strong>virgines,</strong></span> <span class='ocrx_word' id='word_1_248' title='bbox 927 3514 1093 3554; x_wconf 90' lang='lat' dir='ltr'><strong>sacra</strong></span> <span class='ocrx_word' id='word_1_249' title='bbox 1121 3497 1223 3551; x_wconf 91' lang='lat' dir='ltr'><strong>illa</strong></span> <span class='ocrx_word' id='word_1_250' title='bbox 1255 3495 1473 3559; x_wconf 86' lang='lat' dir='ltr'><strong>fatalia,</strong></span> <span class='ocrx_word' id='word_1_251' title='bbox 1508 3509 1636 3564; x_wconf 67' lang='lat' dir='ltr'><strong>quae</strong></span> <span class='ocrx_word' id='word_1_252' title='bbox 1661 3494 1783 3561; x_wconf 88' lang='lat' dir='ltr'><strong>jam</strong></span> <span class='ocrx_word' id='word_1_253' title='bbox 1808 3496 1948 3560; x_wconf 87' lang='lat' dir='ltr'><strong>tres,</strong></span> <span class='ocrx_word' id='word_1_254' title='bbox 1982 3494 2043 3549; x_wconf 86' lang='lat' dir='ltr'><strong>in</strong></span> 
     </span>
    </p>
   </div>
   <div class='ocr_carea' id='block_1_37' title="bbox 390 3582 2043 3668">
    <p class='ocr_par' dir='ltr' id='par_1_37' title="bbox 390 3582 2043 3668">
     <span class='ocr_line' id='line_1_37' title="bbox 390 3582 2043 3668; baseline -0.007 -18"><span class='ocrx_word' id='word_1_255' title='bbox 390 3594 605 3668; x_wconf 87' lang='lat' dir='ltr'><strong>quibus</strong></span> <span class='ocrx_word' id='word_1_256' title='bbox 638 3594 887 3654; x_wconf 87' lang='lat' dir='ltr'><strong>fuerant,</strong></span> <span class='ocrx_word' id='word_1_257' title='bbox 923 3590 1256 3661; x_wconf 86' lang='lat' dir='ltr'><strong>presserant</strong></span> <span class='ocrx_word' id='word_1_258' title='bbox 1279 3585 1539 3641; x_wconf 90' lang='lat' dir='ltr'><strong>civitates</strong></span> <span class='ocrx_word' id='word_1_259' title='bbox 1567 3583 1665 3654; x_wconf 83' lang='grc' dir='ltr'><strong>(α),</strong></span> <span class='ocrx_word' id='word_1_260' title='bbox 1691 3598 1818 3638; x_wconf 93' lang='lat' dir='ltr'><strong>cum</strong></span> <span class='ocrx_word' id='word_1_261' title='bbox 1843 3583 1914 3638; x_wconf 86' lang='lat' dir='ltr'><strong>ab</strong></span> <span class='ocrx_word' id='word_1_262' title='bbox 1943 3582 2043 3639; x_wconf 91' lang='lat' dir='ltr'><strong>illo</strong></span> 
     </span>
    </p>
   </div>
   <div class='ocr_carea' id='block_1_38' title="bbox 386 3672 2042 3749">
    <p class='ocr_par' dir='ltr' id='par_1_38' title="bbox 386 3672 2042 3749">
     <span class='ocr_line' id='line_1_38' title="bbox 386 3672 2042 3749; baseline -0.007 -10"><span class='ocrx_word' id='word_1_263' title='bbox 386 3683 655 3739; x_wconf 90' lang='lat' dir='ltr'><strong>incendio</strong></span> <span class='ocrx_word' id='word_1_264' title='bbox 676 3681 922 3737; x_wconf 90' lang='lat' dir='ltr'><strong>liberare</strong></span> <span class='ocrx_word' id='word_1_265' title='bbox 937 3694 1052 3733; x_wconf 91' lang='lat' dir='ltr'><strong>non</strong></span> <span class='ocrx_word' id='word_1_266' title='bbox 1074 3678 1337 3749; x_wconf 84' lang='lat' dir='ltr'><strong>possent,</strong></span> <span class='ocrx_word' id='word_1_267' title='bbox 1361 3672 1624 3729; x_wconf 88' lang='lat' dir='ltr'><strong>Metellus</strong></span> <span class='ocrx_word' id='word_1_268' title='bbox 1648 3672 1903 3743; x_wconf 84' lang='lat' dir='ltr'><strong>pontifex</strong></span> <span class='ocrx_word' id='word_1_269' title='bbox 1922 3688 2042 3729; x_wconf 65' lang='lat' dir='ltr'><strong>suae</strong></span> 
     </span>
    </p>
   </div>
   <div class='ocr_carea' id='block_1_39' title="bbox 386 3762 2047 3844">
    <p class='ocr_par' dir='ltr' id='par_1_39' title="bbox 386 3762 2047 3844">
     <span class='ocr_line' id='line_1_39' title="bbox 386 3762 2047 3844; baseline -0.006 -16"><span class='ocrx_word' id='word_1_270' title='bbox 386 3772 641 3844; x_wconf 88' lang='lat' dir='ltr'><strong>quodam</strong></span> <span class='ocrx_word' id='word_1_271' title='bbox 667 3770 839 3824; x_wconf 91' lang='lat' dir='ltr'><strong>modo</strong></span> <span class='ocrx_word' id='word_1_272' title='bbox 865 3766 1070 3823; x_wconf 90' lang='lat' dir='ltr'><strong>salutis</strong></span> <span class='ocrx_word' id='word_1_273' title='bbox 1092 3763 1309 3821; x_wconf 90' lang='lat' dir='ltr'><strong>oblitus</strong></span> <span class='ocrx_word' id='word_1_274' title='bbox 1332 3763 1558 3818; x_wconf 87' lang='lat' dir='ltr'><strong>irruens</strong></span> <span class='ocrx_word' id='word_1_275' title='bbox 1579 3778 1646 3816; x_wconf 90' lang='lat' dir='ltr'><strong>ea</strong></span> <span class='ocrx_word' id='word_1_276' title='bbox 1678 3762 2047 3818; x_wconf 81' lang='lat' dir='ltr'><strong>semiustula&#39;</strong></span> 
     </span>
    </p>
   </div>
   <div class='ocr_carea' id='block_1_40' title="bbox 389 3850 2045 3930">
    <p class='ocr_par' dir='ltr' id='par_1_40' title="bbox 389 3850 2045 3930">
     <span class='ocr_line' id='line_1_40' title="bbox 389 3850 2045 3930; baseline -0.007 -13"><span class='ocrx_word' id='word_1_277' title='bbox 389 3871 483 3917; x_wconf 89' lang='lat' dir='ltr'><strong>tus</strong></span> <span class='ocrx_word' id='word_1_278' title='bbox 518 3858 774 3930; x_wconf 91' lang='lat' dir='ltr'><strong>abripuit</strong></span> <span class='ocrx_word' id='word_1_279' title='bbox 797 3858 895 3927; x_wconf 86' lang='lat' dir='ltr'><strong>(b).</strong></span> <span class='ocrx_word' id='word_1_280' title='bbox 930 3856 1128 3925; x_wconf 87' lang='lat' dir='ltr'><strong>Neque</strong></span> <span class='ocrx_word' id='word_1_281' title='bbox 1159 3853 1315 3909; x_wconf 89' lang='lat' dir='ltr'><strong>enim</strong></span> <span class='ocrx_word' id='word_1_282' title='bbox 1348 3851 1434 3908; x_wconf 94' lang='lat' dir='ltr'><strong>vel</strong></span> <span class='ocrx_word' id='word_1_283' title='bbox 1464 3852 1660 3923; x_wconf 90' lang='lat' dir='ltr'><strong>ipsum</strong></span> <span class='ocrx_word' id='word_1_284' title='bbox 1685 3850 1839 3920; x_wconf 87' lang='lat' dir='ltr'><strong>ignis</strong></span> <span class='ocrx_word' id='word_1_285' title='bbox 1870 3866 2045 3921; x_wconf 87' lang='lat' dir='ltr'><strong>agno-</strong></span> 
     </span>
    </p>
   </div>
   <div class='ocr_carea' id='block_1_41' title="bbox 387 3938 2044 4012">
    <p class='ocr_par' dir='ltr' id='par_1_41' title="bbox 387 3938 2044 4012">
     <span class='ocr_line' id='line_1_41' title="bbox 387 3938 2044 4012; baseline -0.008 -6"><span class='ocrx_word' id='word_1_286' title='bbox 387 3952 506 4006; x_wconf 89' lang='lat' dir='ltr'><strong>vit:</strong></span> <span class='ocrx_word' id='word_1_287' title='bbox 559 3953 660 4005; x_wconf 91' lang='lat' dir='ltr'><strong>aut</strong></span> <span class='ocrx_word' id='word_1_288' title='bbox 689 3964 820 4003; x_wconf 90' lang='lat' dir='ltr'><strong>vero</strong></span> <span class='ocrx_word' id='word_1_289' title='bbox 862 3948 986 3999; x_wconf 87' lang='lat' dir='ltr'><strong>erat</strong></span> <span class='ocrx_word' id='word_1_290' title='bbox 1012 3944 1088 3998; x_wconf 90' lang='lat' dir='ltr'><strong>ibi</strong></span> <span class='ocrx_word' id='word_1_291' title='bbox 1135 3959 1374 4007; x_wconf 90' lang='lat' dir='ltr'><strong>numen,</strong></span> <span class='ocrx_word' id='word_1_292' title='bbox 1405 3941 1559 4012; x_wconf 90' lang='lat' dir='ltr'><strong>quod</strong></span> <span class='ocrx_word' id='word_1_293' title='bbox 1604 3955 1719 3995; x_wconf 85' lang='lat' dir='ltr'><strong>non</strong></span> <span class='ocrx_word' id='word_1_294' title='bbox 1765 3940 1960 4005; x_wconf 89' lang='lat' dir='ltr'><strong>etiam,</strong></span> <span class='ocrx_word' id='word_1_295' title='bbox 1994 3938 2044 3994; x_wconf 91' lang='lat' dir='ltr'><strong>si</strong></span> 
     </span>
    </p>
   </div>
   <div class='ocr_carea' id='block_1_42' title="bbox 389 4027 2040 4106">
    <p class='ocr_par' dir='ltr' id='par_1_42' title="bbox 389 4027 2040 4106">
     <span class='ocr_line' id='line_1_42' title="bbox 389 4027 2040 4106; baseline -0.006 -13"><span class='ocrx_word' id='word_1_296' title='bbox 389 4040 614 4102; x_wconf 82' lang='lat' dir='ltr'><strong>fuisset,</strong></span> <span class='ocrx_word' id='word_1_297' title='bbox 656 4036 922 4106; x_wconf 88' lang='lat' dir='ltr'><strong>fugisset.</strong></span> <span class='ocrx_word' id='word_1_298' title='bbox 957 4032 1141 4086; x_wconf 88' lang='lat' dir='ltr'><strong>Homo</strong></span> <span class='ocrx_word' id='word_1_299' title='bbox 1168 4030 1351 4100; x_wconf 86' lang='lat' dir='ltr'><strong>igitur</strong></span> <span class='ocrx_word' id='word_1_300' title='bbox 1387 4029 1581 4098; x_wconf 88' lang='lat' dir='ltr'><strong>potius</strong></span> <span class='ocrx_word' id='word_1_301' title='bbox 1616 4028 1798 4082; x_wconf 88' lang='lat' dir='ltr'><strong>sacris</strong></span> <span class='ocrx_word' id='word_1_302' title='bbox 1830 4027 2040 4097; x_wconf 59' lang='lat' dir='ltr'><strong>Vesta),</strong></span> 
     </span>
    </p>
   </div>
   <div class='ocr_carea' id='block_1_43' title="bbox 397 4118 2044 4199">
    <p class='ocr_par' dir='ltr' id='par_1_43' title="bbox 397 4118 2044 4199">
     <span class='ocr_line' id='line_1_43' title="bbox 397 4118 2044 4199; baseline -0.002 -19"><span class='ocrx_word' id='word_1_303' title='bbox 397 4142 571 4199; x_wconf 88' lang='lat' dir='ltr'><strong>quam</strong></span> <span class='ocrx_word' id='word_1_304' title='bbox 600 4125 697 4178; x_wconf 88' lang='lat' dir='ltr'><strong>illa</strong></span> <span class='ocrx_word' id='word_1_305' title='bbox 727 4120 950 4177; x_wconf 89' lang='lat' dir='ltr'><strong>homini</strong></span> <span class='ocrx_word' id='word_1_306' title='bbox 972 4121 1246 4190; x_wconf 86' lang='lat' dir='ltr'><strong>prodesse</strong></span> <span class='ocrx_word' id='word_1_307' title='bbox 1269 4121 1601 4189; x_wconf 90' lang='lat' dir='ltr'><strong>potuerunt.</strong></span> <span class='ocrx_word' id='word_1_308' title='bbox 1627 4118 1685 4173; x_wconf 90' lang='lat' dir='ltr'><strong>Si</strong></span> <span class='ocrx_word' id='word_1_309' title='bbox 1710 4122 1903 4173; x_wconf 89' lang='lat' dir='ltr'><strong>autem</strong></span> <span class='ocrx_word' id='word_1_310' title='bbox 1928 4136 1961 4175; x_wconf 90' lang='lat' dir='ltr'><strong>a</strong></span> <span class='ocrx_word' id='word_1_311' title='bbox 1983 4136 2044 4176; x_wconf 90' lang='lat' dir='ltr'><strong>se</strong></span> 
     </span>
    </p>
   </div>
   <div class='ocr_carea' id='block_1_44' title="bbox 397 4206 2047 4285">
    <p class='ocr_par' dir='ltr' id='par_1_44' title="bbox 397 4206 2047 4285">
     <span class='ocr_line' id='line_1_44' title="bbox 397 4206 2047 4285; baseline -0.003 -17"><span class='ocrx_word' id='word_1_312' title='bbox 397 4215 541 4285; x_wconf 91' lang='lat' dir='ltr'><strong>ipsis</strong></span> <span class='ocrx_word' id='word_1_313' title='bbox 568 4214 761 4284; x_wconf 87' lang='lat' dir='ltr'><strong>ignem</strong></span> <span class='ocrx_word' id='word_1_314' title='bbox 797 4225 910 4265; x_wconf 89' lang='lat' dir='ltr'><strong>non</strong></span> <span class='ocrx_word' id='word_1_315' title='bbox 946 4208 1327 4279; x_wconf 83' lang='lat' dir='ltr'><strong>repellebant,</strong></span> <span class='ocrx_word' id='word_1_316' title='bbox 1350 4206 1666 4275; x_wconf 88' lang='lat' dir='ltr'><strong>civitatem,</strong></span> <span class='ocrx_word' id='word_1_317' title='bbox 1692 4208 1862 4278; x_wconf 89' lang='lat' dir='ltr'><strong>cujus</strong></span> <span class='ocrx_word' id='word_1_318' title='bbox 1897 4208 2047 4265; x_wconf 87' lang='lat' dir='ltr'><strong>salu-</strong></span> 
     </span>
    </p>
   </div>
   <div class='ocr_carea' id='block_1_45' title="bbox 392 4294 2045 4372">
    <p class='ocr_par' dir='ltr' id='par_1_45' title="bbox 392 4294 2045 4372">
     <span class='ocr_line' id='line_1_45' title="bbox 392 4294 2045 4372; baseline -0.003 -14"><span class='ocrx_word' id='word_1_319' title='bbox 392 4307 504 4359; x_wconf 92' lang='lat' dir='ltr'><strong>tem</strong></span> <span class='ocrx_word' id='word_1_320' title='bbox 539 4302 690 4356; x_wconf 85' lang='lat' dir='ltr'><strong>tueri</strong></span> <span class='ocrx_word' id='word_1_321' title='bbox 722 4299 1098 4372; x_wconf 88' lang='lat' dir='ltr'><strong>putabantur,</strong></span> <span class='ocrx_word' id='word_1_322' title='bbox 1132 4296 1268 4369; x_wconf 89' lang='lat' dir='ltr'><strong>quid</strong></span> <span class='ocrx_word' id='word_1_323' title='bbox 1300 4300 1498 4353; x_wconf 87' lang='lat' dir='ltr'><strong>contra</strong></span> <span class='ocrx_word' id='word_1_324' title='bbox 1520 4294 1648 4350; x_wconf 90' lang='lat' dir='ltr'><strong>illas</strong></span> <span class='ocrx_word' id='word_1_325' title='bbox 1671 4312 1852 4367; x_wconf 89' lang='lat' dir='ltr'><strong>aquas</strong></span> <span class='ocrx_word' id='word_1_326' title='bbox 1885 4298 2045 4354; x_wconf 89' lang='lat' dir='ltr'><strong>ﬂam—</strong></span> 
     </span>
    </p>
   </div>
   <div class='ocr_carea' id='block_1_46' title="bbox 393 4383 2044 4463">
    <p class='ocr_par' dir='ltr' id='par_1_46' title="bbox 393 4383 2044 4463">
     <span class='ocr_line' id='line_1_46' title="bbox 393 4383 2044 4463; baseline -0.002 -15"><span class='ocrx_word' id='word_1_327' title='bbox 393 4384 1557 4463; x_wconf 50' lang='lat' dir='ltr'><strong>masquejpoterantadjuvare?sicutetiam</strong></span> <span class='ocrx_word' id='word_1_328' title='bbox 1575 4401 1665 4441; x_wconf 89' lang='lat' dir='ltr'><strong>res</strong></span> <span class='ocrx_word' id='word_1_329' title='bbox 1678 4383 1808 4457; x_wconf 90' lang='lat' dir='ltr'><strong>ipsa</strong></span> <span class='ocrx_word' id='word_1_330' title='bbox 1823 4386 1964 4441; x_wconf 87' lang='lat' dir='ltr'><strong>nihil</strong></span> <span class='ocrx_word' id='word_1_331' title='bbox 1979 4403 2044 4444; x_wconf 87' lang='lat' dir='ltr'><strong>ea</strong></span> 
     </span>
    </p>
   </div>
   <div class='ocr_carea' id='block_1_47' title="bbox 389 4473 2047 4553">
    <p class='ocr_par' dir='ltr' id='par_1_47' title="bbox 389 4473 2047 4553">
     <span class='ocr_line' id='line_1_47' title="bbox 389 4473 2047 4553; baseline -0.003 -16"><span class='ocrx_word' id='word_1_332' title='bbox 389 4496 624 4553; x_wconf 89' lang='lat' dir='ltr'><strong>prorsus</strong></span> <span class='ocrx_word' id='word_1_333' title='bbox 658 4477 916 4550; x_wconf 90' lang='lat' dir='ltr'><strong>potuisse</strong></span> <span class='ocrx_word' id='word_1_334' title='bbox 939 4474 1222 4545; x_wconf 89' lang='lat' dir='ltr'><strong>patefecit.</strong></span> <span class='ocrx_word' id='word_1_335' title='bbox 1250 4474 1378 4529; x_wconf 69' lang='lat' dir='ltr'><strong>Haec</strong></span> <span class='ocrx_word' id='word_1_336' title='bbox 1400 4473 1529 4529; x_wconf 86' lang='lat' dir='ltr'><strong>istis</strong></span> <span class='ocrx_word' id='word_1_337' title='bbox 1560 4489 1925 4547; x_wconf 84' lang='lat' dir='ltr'><strong>nequaquam</strong></span> <span class='ocrx_word' id='word_1_338' title='bbox 1950 4477 2047 4533; x_wconf 84' lang='lat' dir='ltr'><strong>ob-</strong></span> 
     </span>
    </p>
   </div>
   <div class='ocr_carea' id='block_1_48' title="bbox 384 4562 2047 4640">
    <p class='ocr_par' dir='ltr' id='par_1_48' title="bbox 384 4562 2047 4640">
     <span class='ocr_line' id='line_1_48' title="bbox 384 4562 2047 4640; baseline -0.004 -16"><span class='ocrx_word' id='word_1_339' title='bbox 384 4571 709 4640; x_wconf 89' lang='lat' dir='ltr'><strong>jicerentur</strong></span> <span class='ocrx_word' id='word_1_340' title='bbox 739 4583 773 4623; x_wconf 86' lang='lat' dir='ltr'><strong>a</strong></span> <span class='ocrx_word' id='word_1_341' title='bbox 805 4565 988 4632; x_wconf 81' lang='lat' dir='ltr'><strong>nobis,</strong></span> <span class='ocrx_word' id='word_1_342' title='bbox 1022 4565 1071 4619; x_wconf 93' lang='lat' dir='ltr'><strong>si</strong></span> <span class='ocrx_word' id='word_1_343' title='bbox 1101 4563 1201 4618; x_wconf 89' lang='lat' dir='ltr'><strong>illa</strong></span> <span class='ocrx_word' id='word_1_344' title='bbox 1231 4579 1392 4619; x_wconf 90' lang='lat' dir='ltr'><strong>sacra</strong></span> <span class='ocrx_word' id='word_1_345' title='bbox 1423 4562 1701 4632; x_wconf 90' lang='lat' dir='ltr'><strong>dicerent,</strong></span> <span class='ocrx_word' id='word_1_346' title='bbox 1734 4580 1847 4619; x_wconf 90' lang='lat' dir='ltr'><strong>non</strong></span> <span class='ocrx_word' id='word_1_347' title='bbox 1881 4569 2047 4621; x_wconf 89' lang='lat' dir='ltr'><strong>tuen.</strong></span> 
     </span>
    </p>
   </div>
   <div class='ocr_carea' id='block_1_49' title="bbox 392 4651 2043 4725">
    <p class='ocr_par' dir='ltr' id='par_1_49' title="bbox 392 4651 2043 4725">
     <span class='ocr_line' id='line_1_49' title="bbox 392 4651 2043 4725; baseline -0.002 -12"><span class='ocrx_word' id='word_1_348' title='bbox 392 4659 483 4713; x_wconf 82' lang='lat' dir='ltr'><strong>dis</strong></span> <span class='ocrx_word' id='word_1_349' title='bbox 500 4657 584 4711; x_wconf 89' lang='lat' dir='ltr'><strong>bis</strong></span> <span class='ocrx_word' id='word_1_350' title='bbox 601 4656 768 4712; x_wconf 87' lang='lat' dir='ltr'><strong>bonis</strong></span> <span class='ocrx_word' id='word_1_351' title='bbox 784 4652 1206 4725; x_wconf 88' lang='lat' dir='ltr'><strong>temporalibus</strong></span> <span class='ocrx_word' id='word_1_352' title='bbox 1222 4652 1507 4721; x_wconf 89' lang='lat' dir='ltr'><strong>instituta,</strong></span> <span class='ocrx_word' id='word_1_353' title='bbox 1526 4651 1623 4706; x_wconf 90' lang='lat' dir='ltr'><strong>sed</strong></span> <span class='ocrx_word' id='word_1_354' title='bbox 1641 4651 2043 4722; x_wconf 83' lang='lat' dir='ltr'><strong>signiﬁcandis</strong></span> 
     </span>
    </p>
   </div>
   <div class='ocr_carea' id='block_1_50' title="bbox 395 4740 2043 4815">
    <p class='ocr_par' dir='ltr' id='par_1_50' title="bbox 395 4740 2043 4815">
     <span class='ocr_line' id='line_1_50' title="bbox 395 4740 2043 4815; baseline -0.003 -13"><span class='ocrx_word' id='word_1_355' title='bbox 395 4745 628 4803; x_wconf 65' lang='lat' dir='ltr'><strong>aeternis</strong></span> <span class='ocrx_word' id='word_1_356' title='bbox 651 4765 665 4815; x_wconf 89' lang='lat'><strong>;</strong></span> <span class='ocrx_word' id='word_1_357' title='bbox 691 4748 747 4799; x_wconf 91' lang='lat' dir='ltr'><strong>et</strong></span> <span class='ocrx_word' id='word_1_358' title='bbox 768 4743 920 4811; x_wconf 87' lang='lat' dir='ltr'><strong>ideo,</strong></span> <span class='ocrx_word' id='word_1_359' title='bbox 943 4757 1077 4797; x_wconf 91' lang='lat' dir='ltr'><strong>cum</strong></span> <span class='ocrx_word' id='word_1_360' title='bbox 1103 4745 1119 4777; x_wconf 85' lang='grc'>¹</span> <span class='ocrx_word' id='word_1_361' title='bbox 1144 4758 1211 4796; x_wconf 89' lang='lat' dir='ltr'><strong>ea</strong></span> <span class='ocrx_word' id='word_1_362' title='bbox 1240 4740 1391 4811; x_wconf 89' lang='lat' dir='ltr'><strong>quod</strong></span> <span class='ocrx_word' id='word_1_363' title='bbox 1415 4740 1740 4811; x_wconf 85' lang='lat' dir='ltr'><strong>corporalia</strong></span> <span class='ocrx_word' id='word_1_364' title='bbox 1763 4741 2043 4797; x_wconf 87' lang='lat' dir='ltr'><strong>visibilia-</strong></span> 
     </span>
    </p>
   </div>
   <div class='ocr_carea' id='block_1_51' title="bbox 392 4829 2042 4909">
    <p class='ocr_par' dir='ltr' id='par_1_51' title="bbox 392 4829 2042 4909">
     <span class='ocr_line' id='line_1_51' title="bbox 392 4829 2042 4909; baseline -0.004 -16"><span class='ocrx_word' id='word_1_365' title='bbox 392 4852 507 4909; x_wconf 93' lang='lat' dir='ltr'><strong>que</strong></span> <span class='ocrx_word' id='word_1_366' title='bbox 528 4839 741 4903; x_wconf 89' lang='lat' dir='ltr'><strong>essent,</strong></span> <span class='ocrx_word' id='word_1_367' title='bbox 760 4832 944 4906; x_wconf 90' lang='lat' dir='ltr'><strong>perire</strong></span> <span class='ocrx_word' id='word_1_368' title='bbox 960 4832 1339 4903; x_wconf 88' lang='lat' dir='ltr'><strong>contingeret,</strong></span> <span class='ocrx_word' id='word_1_369' title='bbox 1354 4829 1498 4884; x_wconf 86' lang='lat' dir='ltr'><strong>nihil</strong></span> <span class='ocrx_word' id='word_1_370' title='bbox 1523 4830 1615 4887; x_wconf 89' lang='lat' dir='ltr'><strong>bis</strong></span> <span class='ocrx_word' id='word_1_371' title='bbox 1636 4831 1813 4886; x_wconf 91' lang='lat' dir='ltr'><strong>rebus</strong></span> <span class='ocrx_word' id='word_1_372' title='bbox 1834 4830 2042 4893; x_wconf 87' lang='lat' dir='ltr'><strong>minui,</strong></span> 
     </span>
    </p>
   </div>
   <div class='ocr_carea' id='block_1_52' title="bbox 392 4921 2044 5001">
    <p class='ocr_par' dir='ltr' id='par_1_52' title="bbox 392 4921 2044 5001">
     <span class='ocr_line' id='line_1_52' title="bbox 392 4921 2044 5001; baseline -0.004 -18"><span class='ocrx_word' id='word_1_373' title='bbox 392 4930 626 5001; x_wconf 89' lang='lat' dir='ltr'><strong>propter</strong></span> <span class='ocrx_word' id='word_1_374' title='bbox 655 4940 797 4995; x_wconf 92' lang='lat' dir='ltr'><strong>quas</strong></span> <span class='ocrx_word' id='word_1_375' title='bbox 832 4923 1062 4979; x_wconf 84' lang='lat' dir='ltr'><strong>fuerant</strong></span> <span class='ocrx_word' id='word_1_376' title='bbox 1085 4922 1371 4987; x_wconf 88' lang='lat' dir='ltr'><strong>instituta,</strong></span> <span class='ocrx_word' id='word_1_377' title='bbox 1411 4924 1468 4976; x_wconf 90' lang='lat' dir='ltr'><strong>et</strong></span> <span class='ocrx_word' id='word_1_378' title='bbox 1511 4937 1682 4993; x_wconf 85' lang='lat' dir='ltr'><strong>posse</strong></span> <span class='ocrx_word' id='word_1_379' title='bbox 1711 4921 1781 4978; x_wconf 90' lang='lat' dir='ltr'><strong>ad</strong></span> <span class='ocrx_word' id='word_1_380' title='bbox 1807 4922 2044 4978; x_wconf 90' lang='lat' dir='ltr'><strong>eosdem</strong></span> 
     </span>
    </p>
   </div>
   <div class='ocr_carea' id='block_1_53' title="bbox 391 5011 2043 5083">
    <p class='ocr_par' dir='ltr' id='par_1_53' title="bbox 391 5011 2043 5083">
     <span class='ocr_line' id='line_1_53' title="bbox 391 5011 2043 5083; baseline -0.005 -9"><span class='ocrx_word' id='word_1_381' title='bbox 391 5034 537 5074; x_wconf 91' lang='lat' dir='ltr'><strong>usus</strong></span> <span class='ocrx_word' id='word_1_382' title='bbox 560 5016 747 5070; x_wconf 89' lang='lat' dir='ltr'><strong>denuo</strong></span> <span class='ocrx_word' id='word_1_383' title='bbox 779 5011 1055 5083; x_wconf 86' lang='lat' dir='ltr'><strong>reparari.</strong></span> <span class='ocrx_word' id='word_1_384' title='bbox 1082 5012 1246 5067; x_wconf 92' lang='lat' dir='ltr'><strong>Nunc</strong></span> <span class='ocrx_word' id='word_1_385' title='bbox 1271 5026 1402 5066; x_wconf 84' lang='lat' dir='ltr'><strong>vero</strong></span> <span class='ocrx_word' id='word_1_386' title='bbox 1438 5011 1700 5068; x_wconf 78' lang='lat' dir='ltr'><strong>caecitate</strong></span> <span class='ocrx_word' id='word_1_387' title='bbox 1724 5011 1975 5068; x_wconf 86' lang='lat' dir='ltr'><strong>mirabili</strong></span> <span class='ocrx_word' id='word_1_388' title='bbox 1998 5012 2043 5080; x_wconf 71' lang='grc'><strong>⁸,</strong></span> 
     </span>
    </p>
   </div>
   <div class='ocr_carea' id='block_1_54' title="bbox 391 5100 2045 5173">
    <p class='ocr_par' dir='ltr' id='par_1_54' title="bbox 391 5100 2045 5173">
     <span class='ocr_line' id='line_1_54' title="bbox 391 5100 2045 5173; baseline -0.004 -9"><span class='ocrx_word' id='word_1_389' title='bbox 391 5108 473 5164; x_wconf 90' lang='lat' dir='ltr'><strong>eis</strong></span> <span class='ocrx_word' id='word_1_390' title='bbox 501 5104 685 5163; x_wconf 87' lang='lat' dir='ltr'><strong>sacris</strong></span> <span class='ocrx_word' id='word_1_391' title='bbox 716 5118 840 5173; x_wconf 65' lang='lat' dir='ltr'><strong>quae</strong></span> <span class='ocrx_word' id='word_1_392' title='bbox 884 5102 1069 5171; x_wconf 89' lang='lat' dir='ltr'><strong>perire</strong></span> <span class='ocrx_word' id='word_1_393' title='bbox 1103 5101 1351 5173; x_wconf 89' lang='lat' dir='ltr'><strong>possint,</strong></span> <span class='ocrx_word' id='word_1_394' title='bbox 1386 5100 1509 5157; x_wconf 84' lang='lat' dir='ltr'><strong>fieri</strong></span> <span class='ocrx_word' id='word_1_395' title='bbox 1557 5102 1814 5172; x_wconf 89' lang='lat' dir='ltr'><strong>potuisse</strong></span> <span class='ocrx_word' id='word_1_396' title='bbox 1845 5100 2045 5159; x_wconf 83' lang='lat' dir='ltr'><strong>existi-</strong></span> 
     </span>
    </p>
   </div>
   <div class='ocr_carea' id='block_1_55' title="bbox 392 5187 2044 5263">
    <p class='ocr_par' dir='ltr' id='par_1_55' title="bbox 392 5187 2044 5263">
     <span class='ocr_line' id='line_1_55' title="bbox 392 5187 2044 5263; baseline -0.003 -11"><span class='ocrx_word' id='word_1_397' title='bbox 392 5204 573 5263; x_wconf 86' lang='lat' dir='ltr'><strong>mant,</strong></span> <span class='ocrx_word' id='word_1_398' title='bbox 596 5203 655 5250; x_wconf 90' lang='lat' dir='ltr'><strong>ut</strong></span> <span class='ocrx_word' id='word_1_399' title='bbox 673 5193 1142 5248; x_wconf 86' lang='lat' dir='ltr'><strong>salusterrenaet</strong></span> <span class='ocrx_word' id='word_1_400' title='bbox 1160 5187 1495 5262; x_wconf 89' lang='lat' dir='ltr'><strong>temporalis</strong></span> <span class='ocrx_word' id='word_1_401' title='bbox 1513 5190 1756 5247; x_wconf 84' lang='lat' dir='ltr'><strong>felicitas</strong></span> <span class='ocrx_word' id='word_1_402' title='bbox 1790 5191 2044 5248; x_wconf 88' lang='lat' dir='ltr'><strong>civitatis</strong></span> 
     </span>
    </p>
   </div>
   <div class='ocr_carea' id='block_1_56' title="bbox 398 5277 2046 5356">
    <p class='ocr_par' dir='ltr' id='par_1_56' title="bbox 398 5277 2046 5356">
     <span class='ocr_line' id='line_1_56' title="bbox 398 5277 2046 5356; baseline -0.004 -16"><span class='ocrx_word' id='word_1_403' title='bbox 398 5285 585 5356; x_wconf 91' lang='lat' dir='ltr'><strong>perire</strong></span> <span class='ocrx_word' id='word_1_404' title='bbox 616 5300 730 5338; x_wconf 90' lang='lat' dir='ltr'><strong>non</strong></span> <span class='ocrx_word' id='word_1_405' title='bbox 756 5283 970 5350; x_wconf 85' lang='lat' dir='ltr'><strong>posset.</strong></span> <span class='ocrx_word' id='word_1_406' title='bbox 1007 5279 1252 5335; x_wconf 90' lang='lat' dir='ltr'><strong>Proinde</strong></span> <span class='ocrx_word' id='word_1_407' title='bbox 1275 5295 1401 5334; x_wconf 90' lang='lat' dir='ltr'><strong>cum</strong></span> <span class='ocrx_word' id='word_1_408' title='bbox 1427 5277 1544 5333; x_wconf 91' lang='lat' dir='ltr'><strong>illis</strong></span> <span class='ocrx_word' id='word_1_409' title='bbox 1566 5278 1737 5334; x_wconf 89' lang='lat' dir='ltr'><strong>etiam</strong></span> <span class='ocrx_word' id='word_1_410' title='bbox 1764 5278 2046 5335; x_wconf 58' lang='lat' dir='ltr'><strong>manenti-</strong></span> 
     </span>
    </p>
   </div>
   <div class='ocr_carea' id='block_1_57' title="bbox 396 5367 2046 5442">
    <p class='ocr_par' dir='ltr' id='par_1_57' title="bbox 396 5367 2046 5442">
     <span class='ocr_line' id='line_1_57' title="bbox 396 5367 2046 5442; baseline -0.001 -15"><span class='ocrx_word' id='word_1_411' title='bbox 396 5373 502 5428; x_wconf 90' lang='lat' dir='ltr'><strong>bus</strong></span> <span class='ocrx_word' id='word_1_412' title='bbox 526 5372 725 5442; x_wconf 89' lang='lat' dir='ltr'><strong>sacris,</strong></span> <span class='ocrx_word' id='word_1_413' title='bbox 752 5367 840 5429; x_wconf 88' lang='lat' dir='ltr'><strong>vel</strong></span> <span class='ocrx_word' id='word_1_414' title='bbox 860 5369 1063 5426; x_wconf 87' lang='lat' dir='ltr'><strong>salutis</strong></span> <span class='ocrx_word' id='word_1_415' title='bbox 1081 5368 1367 5439; x_wconf 88' lang='lat' dir='ltr'><strong>contritio,</strong></span> <span class='ocrx_word' id='word_1_416' title='bbox 1384 5367 1469 5424; x_wconf 91' lang='lat' dir='ltr'><strong>vel</strong></span> <span class='ocrx_word' id='word_1_417' title='bbox 1489 5367 2046 5426; x_wconf 87' lang='lat' dir='ltr'><strong>infelicitasirruisse</strong></span> 
     </span>
    </p>
   </div>
   <div class='ocr_carea' id='block_1_58' title="bbox 459 5524 1370 5589">
    <p class='ocr_par' dir='ltr' id='par_1_58' title="bbox 459 5524 1370 5589">
     <span class='ocr_line' id='line_1_58' title="bbox 459 5524 1370 5589; baseline 0.002 -17"><span class='ocrx_word' id='word_1_418' title='bbox 459 5528 474 5589; x_wconf 60' lang='grc' dir='ltr'>ξ</span> <span class='ocrx_word' id='word_1_419' title='bbox 505 5524 628 5589; x_wconf 73' lang='lat' dir='ltr'><strong>Sola</strong></span> <span class='ocrx_word' id='word_1_420' title='bbox 656 5528 817 5578; x_wconf 86' lang='lat' dir='ltr'><strong>editio</strong></span> <span class='ocrx_word' id='word_1_421' title='bbox 850 5529 997 5584; x_wconf 86' lang='lat' dir='ltr'><strong>Lov.,</strong></span> <span class='ocrx_word' id='word_1_422' title='bbox 1023 5538 1370 5589; x_wconf 56' lang='lat' dir='ltr'><strong>quanquam.</strong></span> 
     </span>
    </p>
   </div>
   <div class='ocr_carea' id='block_1_59' title="bbox 458 5586 1379 5645">
    <p class='ocr_par' dir='ltr' id='par_1_59' title="bbox 458 5586 1379 5645">
     <span class='ocr_line' id='line_1_59' title="bbox 458 5586 1379 5645; baseline -0.002 -10"><span class='ocrx_word' id='word_1_423' title='bbox 458 5588 479 5621; x_wconf 78' lang='grc'><strong>²</strong></span> <span class='ocrx_word' id='word_1_424' title='bbox 511 5588 595 5635; x_wconf 86' lang='lat' dir='ltr'><strong>Sic</strong></span> <span class='ocrx_word' id='word_1_425' title='bbox 623 5589 745 5637; x_wconf 79' lang='lat' dir='ltr'><strong>Mss.</strong></span> <span class='ocrx_word' id='word_1_426' title='bbox 779 5592 845 5640; x_wconf 83' lang='lat' dir='ltr'><strong>At</strong></span> <span class='ocrx_word' id='word_1_427' title='bbox 875 5586 1379 5645; x_wconf 41' lang='lat' dir='ltr'><strong>edim—miserabili.</strong></span> 
     </span>
    </p>
   </div>
   <div class='ocr_carea' id='block_1_60' title="bbox 456 5647 1643 5715">
    <p class='ocr_par' dir='ltr' id='par_1_60' title="bbox 456 5647 1643 5715">
     <span class='ocr_line' id='line_1_60' title="bbox 456 5647 1643 5715; baseline -0.001 -18"><span class='ocrx_word' id='word_1_428' title='bbox 456 5651 531 5715; x_wconf 76' lang='grc' dir='ltr'><strong>(ᾳ)</strong></span> <span class='ocrx_word' id='word_1_429' title='bbox 558 5650 714 5715; x_wconf 63' lang='lat' dir='ltr'><strong>[lium</strong></span> <span class='ocrx_word' id='word_1_430' title='bbox 744 5654 1015 5713; x_wconf 85' lang='lat' dir='ltr'><strong>intelligit,</strong></span> <span class='ocrx_word' id='word_1_431' title='bbox 1044 5650 1328 5701; x_wconf 72' lang='lat' dir='ltr'><strong>Lavinium</strong></span> <span class='ocrx_word' id='word_1_432' title='bbox 1359 5650 1411 5699; x_wconf 91' lang='lat' dir='ltr'><strong>et</strong></span> <span class='ocrx_word' id='word_1_433' title='bbox 1439 5647 1643 5697; x_wconf 82' lang='lat' dir='ltr'><strong>Albam.</strong></span> 
     </span>
    </p>
   </div>
   <div class='ocr_carea' id='block_1_61' title="bbox 463 5712 1043 5781">
    <p class='ocr_par' dir='ltr' id='par_1_61' title="bbox 463 5712 1043 5781">
     <span class='ocr_line' id='line_1_61' title="bbox 463 5712 1043 5781; baseline 0.003 -20"><span class='ocrx_word' id='word_1_434' title='bbox 463 5712 530 5781; x_wconf 76' lang='grc' dir='ltr'><strong>(ὁ)</strong></span> <span class='ocrx_word' id='word_1_435' title='bbox 567 5712 766 5771; x_wconf 82' lang='lat' dir='ltr'><strong>Livius,</strong></span> <span class='ocrx_word' id='word_1_436' title='bbox 799 5712 944 5766; x_wconf 73' lang='lat' dir='ltr'><strong>libro</strong></span> <span class='ocrx_word' id='word_1_437' title='bbox 967 5714 1043 5764; x_wconf 89' lang='grc'><strong>19.</strong></span> 
     </span>
    </p>
   </div>
   <div class='ocr_carea' id='block_1_62' title="bbox 3696 312 3818 380">
    <p class='ocr_par' dir='ltr' id='par_1_62' title="bbox 3696 312 3818 380">
     <span class='ocr_line' id='line_1_62' title="bbox 3696 312 3818 380; baseline -0.016 0"><span class='ocrx_word' id='word_1_438' title='bbox 3696 312 3818 380; x_wconf 81' lang='grc'><strong>100</strong></span> 
     </span>
    </p>
   </div>
   <div class='ocr_carea' id='block_1_63' title="bbox 2153 447 3781 518">
    <p class='ocr_par' dir='ltr' id='par_1_63' title="bbox 2153 447 3781 518">
     <span class='ocr_line' id='line_1_63' title="bbox 2153 447 3781 518; baseline 0.006 -19"><span class='ocrx_word' id='word_1_439' title='bbox 2153 450 2530 517; x_wconf 88' lang='lat' dir='ltr'><strong>monstratur,</strong></span> <span class='ocrx_word' id='word_1_440' title='bbox 2547 456 2769 504; x_wconf 85' lang='lat' dir='ltr'><strong>mutare</strong></span> <span class='ocrx_word' id='word_1_441' title='bbox 2791 447 3169 517; x_wconf 87' lang='lat' dir='ltr'><strong>sententiam,</strong></span> <span class='ocrx_word' id='word_1_442' title='bbox 3186 463 3359 518; x_wconf 87' lang='lat' dir='ltr'><strong>quam</strong></span> <span class='ocrx_word' id='word_1_443' title='bbox 3377 449 3686 507; x_wconf 84' lang='lat' dir='ltr'><strong>defendere</strong></span> <span class='ocrx_word' id='word_1_444' title='bbox 3708 469 3781 509; x_wconf 88' lang='lat' dir='ltr'><strong>ne</strong></span> 
     </span>
    </p>
   </div>
   <div class='ocr_carea' id='block_1_64' title="bbox 2160 539 2847 607">
    <p class='ocr_par' dir='ltr' id='par_1_64' title="bbox 2160 539 2847 607">
     <span class='ocr_line' id='line_1_64' title="bbox 2160 539 2847 607; baseline 0.012 -18"><span class='ocrx_word' id='word_1_445' title='bbox 2160 541 2403 607; x_wconf 89' lang='lat' dir='ltr'><strong>queunt,</strong></span> <span class='ocrx_word' id='word_1_446' title='bbox 2436 539 2847 597; x_wconf 73' lang='lat' dir='ltr'><strong>erubescunt‘.</strong></span> 
     </span>
    </p>
   </div>
   <div class='ocr_carea' id='block_1_65' title="bbox 2151 730 3803 807">
    <p class='ocr_par' dir='ltr' id='par_1_65' title="bbox 2151 730 3803 807">
     <span class='ocr_line' id='line_1_65' title="bbox 2151 730 3803 807; baseline 0.007 -22"><span class='ocrx_word' id='word_1_447' title='bbox 2151 730 2382 788; x_wconf 87' lang='lat' dir='ltr'>CAPUT</span> <span class='ocrx_word' id='word_1_448' title='bbox 2411 732 2551 790; x_wconf 89' lang='lat' dir='ltr'><strong>XIX.</strong></span> <span class='ocrx_word' id='word_1_449' title='bbox 2586 765 2655 775; x_wconf 97' lang='lat'><strong>—</strong></span> <span class='ocrx_word' id='word_1_450' title='bbox 2702 735 2775 791; x_wconf 83' lang='lat' dir='ltr'><strong>De</strong></span> <span class='ocrx_word' id='word_1_451' title='bbox 2811 734 3120 807; x_wconf 77' lang='lat' dir='ltr'><strong>afﬂictione</strong></span> <span class='ocrx_word' id='word_1_452' title='bbox 3151 735 3282 791; x_wconf 73' lang='lat' dir='ltr'><strong>belli</strong></span> <span class='ocrx_word' id='word_1_453' title='bbox 3326 737 3527 795; x_wconf 80' lang='lat' dir='ltr'><strong>Punici</strong></span> <span class='ocrx_word' id='word_1_454' title='bbox 3554 740 3803 807; x_wconf 77' lang='lat' dir='ltr'><strong>secundi,</strong></span> 
     </span>
    </p>
   </div>
   <div class='ocr_carea' id='block_1_66' title="bbox 2225 824 3592 899">
    <p class='ocr_par' dir='ltr' id='par_1_66' title="bbox 2225 824 3592 899">
     <span class='ocr_line' id='line_1_66' title="bbox 2225 824 3592 899; baseline 0.007 -24"><span class='ocrx_word' id='word_1_455' title='bbox 2225 838 2331 891; x_wconf 86' lang='lat' dir='ltr'><strong>qua</strong></span> <span class='ocrx_word' id='word_1_456' title='bbox 2362 824 2503 879; x_wconf 80' lang='lat' dir='ltr'><strong>vires</strong></span> <span class='ocrx_word' id='word_1_457' title='bbox 2533 824 2714 893; x_wconf 75' lang='lat' dir='ltr'><strong>partis</strong></span> <span class='ocrx_word' id='word_1_458' title='bbox 2737 826 3055 896; x_wconf 75' lang='lat' dir='ltr'><strong>utriusque,</strong></span> <span class='ocrx_word' id='word_1_459' title='bbox 3079 832 3413 899; x_wconf 70' lang='lat' dir='ltr'><strong>consumpta:</strong></span> <span class='ocrx_word' id='word_1_460' title='bbox 3442 838 3592 885; x_wconf 75' lang='lat' dir='ltr'><strong>sunt.</strong></span> 
     </span>
    </p>
   </div>
   <div class='ocr_carea' id='block_1_67' title="bbox 2226 992 3814 1073">
    <p class='ocr_par' dir='ltr' id='par_1_67' title="bbox 2226 992 3814 1073">
     <span class='ocr_line' id='line_1_67' title="bbox 2226 992 3814 1073; baseline 0.008 -27"><span class='ocrx_word' id='word_1_461' title='bbox 2226 992 2492 1049; x_wconf 90' lang='lat' dir='ltr'><strong>Secundo</strong></span> <span class='ocrx_word' id='word_1_462' title='bbox 2542 998 2727 1051; x_wconf 88' lang='lat' dir='ltr'><strong>autem</strong></span> <span class='ocrx_word' id='word_1_463' title='bbox 2762 996 2915 1052; x_wconf 92' lang='lat' dir='ltr'><strong>bello</strong></span> <span class='ocrx_word' id='word_1_464' title='bbox 2960 996 3173 1053; x_wconf 90' lang='lat' dir='ltr'><strong>Punico</strong></span> <span class='ocrx_word' id='word_1_465' title='bbox 3223 998 3399 1054; x_wconf 89' lang='lat' dir='ltr'><strong>nimis</strong></span> <span class='ocrx_word' id='word_1_466' title='bbox 3448 1000 3687 1073; x_wconf 90' lang='lat' dir='ltr'><strong>longum</strong></span> <span class='ocrx_word' id='word_1_467' title='bbox 3723 1006 3814 1058; x_wconf 86' lang='lat' dir='ltr'><strong>est</strong></span> 
     </span>
    </p>
   </div>
   <div class='ocr_carea' id='block_1_68' title="bbox 2155 1083 3813 1160">
    <p class='ocr_par' dir='ltr' id='par_1_68' title="bbox 2155 1083 3813 1160">
     <span class='ocr_line' id='line_1_68' title="bbox 2155 1083 3813 1160; baseline 0.008 -26"><span class='ocrx_word' id='word_1_468' title='bbox 2155 1096 2614 1139; x_wconf 89' lang='lat' dir='ltr'><strong>commemorare</strong></span> <span class='ocrx_word' id='word_1_469' title='bbox 2628 1083 2824 1141; x_wconf 89' lang='lat' dir='ltr'><strong>clades</strong></span> <span class='ocrx_word' id='word_1_470' title='bbox 2839 1086 3088 1142; x_wconf 85' lang='lat' dir='ltr'><strong>duorum</strong></span> <span class='ocrx_word' id='word_1_471' title='bbox 3114 1087 3482 1159; x_wconf 91' lang='lat' dir='ltr'><strong>populorum,</strong></span> <span class='ocrx_word' id='word_1_472' title='bbox 3502 1095 3617 1145; x_wconf 86' lang='lat' dir='ltr'><strong>tam</strong></span> <span class='ocrx_word' id='word_1_473' title='bbox 3642 1089 3813 1160; x_wconf 81' lang='lat' dir='ltr'><strong>longe</strong></span> 
     </span>
    </p>
   </div>
   <div class='ocr_carea' id='block_1_69' title="bbox 2155 1170 3809 1250">
    <p class='ocr_par' dir='ltr' id='par_1_69' title="bbox 2155 1170 3809 1250">
     <span class='ocr_line' id='line_1_69' title="bbox 2155 1170 3809 1250; baseline 0.007 -26"><span class='ocrx_word' id='word_1_474' title='bbox 2155 1186 2350 1226; x_wconf 90' lang='lat' dir='ltr'><strong>secum</strong></span> <span class='ocrx_word' id='word_1_475' title='bbox 2372 1170 2601 1243; x_wconf 86' lang='lat' dir='ltr'><strong>lateque</strong></span> <span class='ocrx_word' id='word_1_476' title='bbox 2620 1177 3006 1246; x_wconf 88' lang='lat' dir='ltr'><strong>pugnantium</strong></span> <span class='ocrx_word' id='word_1_477' title='bbox 3032 1194 3045 1243; x_wconf 87' lang='lat'><strong>;</strong></span> <span class='ocrx_word' id='word_1_478' title='bbox 3072 1176 3152 1230; x_wconf 91' lang='lat' dir='ltr'><strong>ita</strong></span> <span class='ocrx_word' id='word_1_479' title='bbox 3176 1180 3239 1231; x_wconf 89' lang='lat' dir='ltr'><strong>ut</strong></span> <span class='ocrx_word' id='word_1_480' title='bbox 3260 1177 3352 1233; x_wconf 90' lang='lat' dir='ltr'><strong>his</strong></span> <span class='ocrx_word' id='word_1_481' title='bbox 3368 1194 3598 1250; x_wconf 89' lang='lat' dir='ltr'><strong>quoque</strong></span> <span class='ocrx_word' id='word_1_482' title='bbox 3622 1180 3809 1236; x_wconf 86' lang='lat' dir='ltr'><strong>faten-</strong></span> 
     </span>
    </p>
   </div>
   <div class='ocr_carea' id='block_1_70' title="bbox 2154 1259 3806 1338">
    <p class='ocr_par' dir='ltr' id='par_1_70' title="bbox 2154 1259 3806 1338">
     <span class='ocr_line' id='line_1_70' title="bbox 2154 1259 3806 1338; baseline 0.007 -24"><span class='ocrx_word' id='word_1_483' title='bbox 2154 1259 2334 1328; x_wconf 90' lang='lat' dir='ltr'><strong>tibus,</strong></span> <span class='ocrx_word' id='word_1_484' title='bbox 2360 1262 2459 1333; x_wconf 89' lang='lat' dir='ltr'><strong>qui</strong></span> <span class='ocrx_word' id='word_1_485' title='bbox 2484 1278 2597 1317; x_wconf 90' lang='lat' dir='ltr'><strong>non</strong></span> <span class='ocrx_word' id='word_1_486' title='bbox 2622 1271 2734 1318; x_wconf 87' lang='lat' dir='ltr'><strong>tam</strong></span> <span class='ocrx_word' id='word_1_487' title='bbox 2755 1279 2989 1319; x_wconf 85' lang='lat' dir='ltr'><strong>narrare</strong></span> <span class='ocrx_word' id='word_1_488' title='bbox 3011 1264 3161 1321; x_wconf 87' lang='lat' dir='ltr'><strong>bella</strong></span> <span class='ocrx_word' id='word_1_489' title='bbox 3184 1266 3460 1335; x_wconf 82' lang='lat' dir='ltr'><strong>Romana,</strong></span> <span class='ocrx_word' id='word_1_490' title='bbox 3485 1285 3661 1338; x_wconf 87' lang='lat' dir='ltr'><strong>quam</strong></span> <span class='ocrx_word' id='word_1_491' title='bbox 3689 1270 3806 1325; x_wconf 84' lang='lat' dir='ltr'><strong>Ro-</strong></span> 
     </span>
    </p>
   </div>
   <div class='ocr_carea' id='block_1_71' title="bbox 2155 1350 3807 1422">
    <p class='ocr_par' dir='ltr' id='par_1_71' title="bbox 2155 1350 3807 1422">
     <span class='ocr_line' id='line_1_71' title="bbox 2155 1350 3807 1422; baseline 0.008 -20"><span class='ocrx_word' id='word_1_492' title='bbox 2155 1363 2395 1404; x_wconf 89' lang='lat' dir='ltr'><strong>manum</strong></span> <span class='ocrx_word' id='word_1_493' title='bbox 2410 1350 2719 1421; x_wconf 88' lang='lat' dir='ltr'><strong>imperium</strong></span> <span class='ocrx_word' id='word_1_494' title='bbox 2736 1352 2970 1409; x_wconf 90' lang='lat' dir='ltr'><strong>laudare</strong></span> <span class='ocrx_word' id='word_1_495' title='bbox 2984 1354 3381 1422; x_wconf 88' lang='lat' dir='ltr'><strong>instituerunt,</strong></span> <span class='ocrx_word' id='word_1_496' title='bbox 3398 1358 3644 1413; x_wconf 90' lang='lat' dir='ltr'><strong>similior</strong></span> <span class='ocrx_word' id='word_1_497' title='bbox 3659 1360 3807 1416; x_wconf 90' lang='lat' dir='ltr'><strong>victo</strong></span> 
     </span>
    </p>
   </div>
   <div class='ocr_carea' id='block_1_72' title="bbox 2154 1437 3811 1519">
    <p class='ocr_par' dir='ltr' id='par_1_72' title="bbox 2154 1437 3811 1519">
     <span class='ocr_line' id='line_1_72' title="bbox 2154 1437 3811 1519; baseline 0.008 -28"><span class='ocrx_word' id='word_1_498' title='bbox 2154 1437 2329 1493; x_wconf 90' lang='lat' dir='ltr'><strong>fuerit</strong></span> <span class='ocrx_word' id='word_1_499' title='bbox 2353 1438 2451 1494; x_wconf 89' lang='lat' dir='ltr'><strong>ille</strong></span> <span class='ocrx_word' id='word_1_500' title='bbox 2474 1440 2575 1510; x_wconf 92' lang='lat' dir='ltr'><strong>qui</strong></span> <span class='ocrx_word' id='word_1_501' title='bbox 2598 1441 2738 1496; x_wconf 92' lang='lat' dir='ltr'><strong>vicit</strong></span> <span class='ocrx_word' id='word_1_502' title='bbox 2758 1442 2855 1514; x_wconf 81' lang='grc' dir='ltr'><strong>(α).</strong></span> <span class='ocrx_word' id='word_1_503' title='bbox 2879 1440 3166 1499; x_wconf 88' lang='lat' dir='ltr'><strong>Annibale</strong></span> <span class='ocrx_word' id='word_1_504' title='bbox 3188 1444 3405 1516; x_wconf 84' lang='lat' dir='ltr'><strong>quippe</strong></span> <span class='ocrx_word' id='word_1_505' title='bbox 3429 1446 3501 1501; x_wconf 90' lang='lat' dir='ltr'><strong>ab</strong></span> <span class='ocrx_word' id='word_1_506' title='bbox 3525 1446 3811 1519; x_wconf 86' lang='lat' dir='ltr'><strong>Hispania</strong></span> 
     </span>
    </p>
   </div>
   <div class='ocr_carea' id='block_1_73' title="bbox 2153 1530 3811 1605">
    <p class='ocr_par' dir='ltr' id='par_1_73' title="bbox 2153 1530 3811 1605">
     <span class='ocr_line' id='line_1_73' title="bbox 2153 1530 3811 1605; baseline 0.007 -24"><span class='ocrx_word' id='word_1_507' title='bbox 2153 1531 2446 1598; x_wconf 87' lang='lat' dir='ltr'><strong>surgente,</strong></span> <span class='ocrx_word' id='word_1_508' title='bbox 2476 1532 2533 1584; x_wconf 91' lang='lat' dir='ltr'><strong>et</strong></span> <span class='ocrx_word' id='word_1_509' title='bbox 2584 1530 2871 1598; x_wconf 69' lang='lat' dir='ltr'><strong>Pyrenaeis</strong></span> <span class='ocrx_word' id='word_1_510' title='bbox 2903 1531 3198 1587; x_wconf 88' lang='lat' dir='ltr'><strong>montibus</strong></span> <span class='ocrx_word' id='word_1_511' title='bbox 3244 1535 3559 1605; x_wconf 88' lang='lat' dir='ltr'><strong>superatis,</strong></span> <span class='ocrx_word' id='word_1_512' title='bbox 3623 1537 3811 1593; x_wconf 88' lang='lat' dir='ltr'><strong>Gallia</strong></span> 
     </span>
    </p>
   </div>
   <div class='ocr_carea' id='block_1_74' title="bbox 2152 1617 3807 1694">
    <p class='ocr_par' dir='ltr' id='par_1_74' title="bbox 2152 1617 3807 1694">
     <span class='ocr_line' id='line_1_74' title="bbox 2152 1617 3807 1694; baseline 0.006 -23"><span class='ocrx_word' id='word_1_513' title='bbox 2152 1617 2886 1691; x_wconf 86' lang='lat' dir='ltr'><strong>transcursa,Alpibusque</strong></span> <span class='ocrx_word' id='word_1_514' title='bbox 2907 1619 3209 1692; x_wconf 89' lang='lat' dir='ltr'><strong>disruptis,</strong></span> <span class='ocrx_word' id='word_1_515' title='bbox 3232 1624 3351 1676; x_wconf 89' lang='lat' dir='ltr'><strong>tam</strong></span> <span class='ocrx_word' id='word_1_516' title='bbox 3379 1622 3545 1694; x_wconf 86' lang='lat' dir='ltr'><strong>longo</strong></span> <span class='ocrx_word' id='word_1_517' title='bbox 3558 1625 3807 1681; x_wconf 88' lang='lat' dir='ltr'><strong>circuitu</strong></span> 
     </span>
    </p>
   </div>
   <div class='ocr_carea' id='block_1_75' title="bbox 2154 1706 3797 1784">
    <p class='ocr_par' dir='ltr' id='par_1_75' title="bbox 2154 1706 3797 1784">
     <span class='ocr_line' id='line_1_75' title="bbox 2154 1706 3797 1784; baseline 0.007 -24"><span class='ocrx_word' id='word_1_518' title='bbox 2154 1706 2342 1762; x_wconf 91' lang='lat' dir='ltr'><strong>auctis</strong></span> <span class='ocrx_word' id='word_1_519' title='bbox 2372 1706 2612 1772; x_wconf 88' lang='lat' dir='ltr'><strong>viribus,</strong></span> <span class='ocrx_word' id='word_1_520' title='bbox 2637 1713 2848 1763; x_wconf 90' lang='lat' dir='ltr'><strong>cuncta</strong></span> <span class='ocrx_word' id='word_1_521' title='bbox 2869 1710 3144 1765; x_wconf 87' lang='lat' dir='ltr'><strong>vestando</strong></span> <span class='ocrx_word' id='word_1_522' title='bbox 3176 1715 3278 1765; x_wconf 90' lang='lat' dir='ltr'><strong>aut</strong></span> <span class='ocrx_word' id='word_1_523' title='bbox 3306 1712 3651 1784; x_wconf 87' lang='lat' dir='ltr'><strong>subigendo,</strong></span> <span class='ocrx_word' id='word_1_524' title='bbox 3674 1719 3797 1771; x_wconf 83' lang='lat' dir='ltr'><strong>tor-</strong></span> 
     </span>
    </p>
   </div>
   <div class='ocr_carea' id='block_1_76' title="bbox 2152 1796 3810 1868">
    <p class='ocr_par' dir='ltr' id='par_1_76' title="bbox 2152 1796 3810 1868">
     <span class='ocr_line' id='line_1_76' title="bbox 2152 1796 3810 1868; baseline 0.006 -17"><span class='ocrx_word' id='word_1_525' title='bbox 2152 1796 2334 1852; x_wconf 90' lang='lat' dir='ltr'><strong>rentis</strong></span> <span class='ocrx_word' id='word_1_526' title='bbox 2353 1798 2523 1853; x_wconf 91' lang='lat' dir='ltr'><strong>modo</strong></span> <span class='ocrx_word' id='word_1_527' title='bbox 2546 1798 2719 1854; x_wconf 69' lang='lat' dir='ltr'><strong>Italiae</strong></span> <span class='ocrx_word' id='word_1_528' title='bbox 2743 1798 3006 1855; x_wconf 88' lang='lat' dir='ltr'><strong>faucibus</strong></span> <span class='ocrx_word' id='word_1_529' title='bbox 3039 1799 3313 1865; x_wconf 88' lang='lat' dir='ltr'><strong>irruente,</strong></span> <span class='ocrx_word' id='word_1_530' title='bbox 3350 1818 3529 1868; x_wconf 88' lang='lat' dir='ltr'><strong>quam</strong></span> <span class='ocrx_word' id='word_1_531' title='bbox 3564 1809 3810 1862; x_wconf 86' lang='lat' dir='ltr'><strong>cruenta</strong></span> 
     </span>
    </p>
   </div>
   <div class='ocr_carea' id='block_1_77' title="bbox 2151 1886 3811 1960">
    <p class='ocr_par' dir='ltr' id='par_1_77' title="bbox 2151 1886 3811 1960">
     <span class='ocr_line' id='line_1_77' title="bbox 2151 1886 3811 1960; baseline 0.006 -20"><span class='ocrx_word' id='word_1_532' title='bbox 2151 1886 2305 1942; x_wconf 90' lang='lat' dir='ltr'><strong>bella</strong></span> <span class='ocrx_word' id='word_1_533' title='bbox 2334 1892 2499 1958; x_wconf 89' lang='lat' dir='ltr'><strong>gesta</strong></span> <span class='ocrx_word' id='word_1_534' title='bbox 2527 1891 2686 1954; x_wconf 93' lang='lat' dir='ltr'><strong>sunt,</strong></span> <span class='ocrx_word' id='word_1_535' title='bbox 2712 1904 2887 1959; x_wconf 90' lang='lat' dir='ltr'><strong>quam</strong></span> <span class='ocrx_word' id='word_1_536' title='bbox 2920 1889 3106 1944; x_wconf 89' lang='lat' dir='ltr'><strong>multa</strong></span> <span class='ocrx_word' id='word_1_537' title='bbox 3142 1889 3407 1960; x_wconf 58' lang='lat' dir='ltr'><strong>praelia”!</strong></span> <span class='ocrx_word' id='word_1_538' title='bbox 3436 1893 3670 1955; x_wconf 88' lang='lat' dir='ltr'><strong>Quoties</strong></span> <span class='ocrx_word' id='word_1_539' title='bbox 3694 1893 3811 1950; x_wconf 83' lang='lat' dir='ltr'><strong>Ro-</strong></span> 
     </span>
    </p>
   </div>
   <div class='ocr_carea' id='block_1_78' title="bbox 2154 1975 3814 2053">
    <p class='ocr_par' dir='ltr' id='par_1_78' title="bbox 2154 1975 3814 2053">
     <span class='ocr_line' id='line_1_78' title="bbox 2154 1975 3814 2053; baseline 0.005 -23"><span class='ocrx_word' id='word_1_540' title='bbox 2154 1975 2310 2031; x_wconf 89' lang='lat' dir='ltr'><strong>mani</strong></span> <span class='ocrx_word' id='word_1_541' title='bbox 2332 1976 2585 2046; x_wconf 87' lang='lat' dir='ltr'><strong>superati</strong></span> <span class='ocrx_word' id='word_1_542' title='bbox 2612 1976 2625 2030; x_wconf 88' lang='lat' dir='ltr'><strong>l</strong></span> <span class='ocrx_word' id='word_1_543' title='bbox 2659 1993 2835 2047; x_wconf 89' lang='lat' dir='ltr'><strong>quam</strong></span> <span class='ocrx_word' id='word_1_544' title='bbox 2867 1976 3050 2033; x_wconf 89' lang='lat' dir='ltr'><strong>multa</strong></span> <span class='ocrx_word' id='word_1_545' title='bbox 3071 1977 3143 2033; x_wconf 90' lang='lat' dir='ltr'><strong>ad</strong></span> <span class='ocrx_word' id='word_1_546' title='bbox 3172 1977 3395 2035; x_wconf 80' lang='lat' dir='ltr'><strong>hostem</strong></span> <span class='ocrx_word' id='word_1_547' title='bbox 3422 1983 3633 2053; x_wconf 90' lang='lat' dir='ltr'><strong>oppida</strong></span> <span class='ocrx_word' id='word_1_548' title='bbox 3654 1983 3814 2039; x_wconf 86' lang='lat' dir='ltr'><strong>defe-</strong></span> 
     </span>
    </p>
   </div>
   <div class='ocr_carea' id='block_1_79' title="bbox 2154 2065 3802 2141">
    <p class='ocr_par' dir='ltr' id='par_1_79' title="bbox 2154 2065 3802 2141">
     <span class='ocr_line' id='line_1_79' title="bbox 2154 2065 3802 2141; baseline 0.005 -22"><span class='ocrx_word' id='word_1_549' title='bbox 2154 2069 2381 2131; x_wconf 90' lang='lat' dir='ltr'><strong>cerunt,</strong></span> <span class='ocrx_word' id='word_1_550' title='bbox 2404 2081 2584 2136; x_wconf 90' lang='lat' dir='ltr'><strong>quam</strong></span> <span class='ocrx_word' id='word_1_551' title='bbox 2618 2065 2803 2121; x_wconf 89' lang='lat' dir='ltr'><strong>multa</strong></span> <span class='ocrx_word' id='word_1_552' title='bbox 2823 2070 2992 2138; x_wconf 87' lang='lat' dir='ltr'><strong>capta</strong></span> <span class='ocrx_word' id='word_1_553' title='bbox 3017 2070 3073 2122; x_wconf 89' lang='lat' dir='ltr'><strong>et</strong></span> <span class='ocrx_word' id='word_1_554' title='bbox 3102 2083 3385 2139; x_wconf 90' lang='lat' dir='ltr'><strong>oppressa</strong></span> <span class='ocrx_word' id='word_1_555' title='bbox 3408 2070 3420 2124; x_wconf 92' lang='lat' dir='ltr'><strong>l</strong></span> <span class='ocrx_word' id='word_1_556' title='bbox 3464 2086 3637 2141; x_wconf 90' lang='lat' dir='ltr'><strong>quam</strong></span> <span class='ocrx_word' id='word_1_557' title='bbox 3661 2071 3802 2127; x_wconf 73' lang='lat' dir='ltr'><strong>diras</strong></span> 
     </span>
    </p>
   </div>
   <div class='ocr_carea' id='block_1_80' title="bbox 2154 2154 3791 2231">
    <p class='ocr_par' dir='ltr' id='par_1_80' title="bbox 2154 2154 3791 2231">
     <span class='ocr_line' id='line_1_80' title="bbox 2154 2154 3791 2231; baseline 0.005 -24"><span class='ocrx_word' id='word_1_558' title='bbox 2154 2168 2382 2224; x_wconf 75' lang='lat' dir='ltr'><strong>pugnae,</strong></span> <span class='ocrx_word' id='word_1_559' title='bbox 2413 2158 2471 2209; x_wconf 89' lang='lat' dir='ltr'><strong>et</strong></span> <span class='ocrx_word' id='word_1_560' title='bbox 2501 2154 2672 2210; x_wconf 91' lang='lat' dir='ltr'><strong>toties</strong></span> <span class='ocrx_word' id='word_1_561' title='bbox 2702 2154 2974 2210; x_wconf 89' lang='lat' dir='ltr'><strong>Annibali</strong></span> <span class='ocrx_word' id='word_1_562' title='bbox 3006 2156 3267 2212; x_wconf 82' lang='lat' dir='ltr'><strong>Romana</strong></span> <span class='ocrx_word' id='word_1_563' title='bbox 3301 2156 3464 2215; x_wconf 88' lang='lat' dir='ltr'><strong>clade</strong></span> <span class='ocrx_word' id='word_1_564' title='bbox 3501 2158 3791 2231; x_wconf 68' lang='lat' dir='ltr'><strong>gloriose!</strong></span> 
     </span>
    </p>
   </div>
   <div class='ocr_carea' id='block_1_81' title="bbox 2152 2242 3799 2319">
    <p class='ocr_par' dir='ltr' id='par_1_81' title="bbox 2152 2242 3799 2319">
     <span class='ocr_line' id='line_1_81' title="bbox 2152 2242 3799 2319; baseline 0.004 -20"><span class='ocrx_word' id='word_1_565' title='bbox 2152 2242 2233 2299; x_wconf 91' lang='lat' dir='ltr'><strong>De</strong></span> <span class='ocrx_word' id='word_1_566' title='bbox 2263 2242 2553 2300; x_wconf 87' lang='lat' dir='ltr'><strong>Cannensi</strong></span> <span class='ocrx_word' id='word_1_567' title='bbox 2574 2252 2766 2300; x_wconf 90' lang='lat' dir='ltr'><strong>autem</strong></span> <span class='ocrx_word' id='word_1_568' title='bbox 2794 2244 3134 2301; x_wconf 90' lang='lat' dir='ltr'><strong>mirabiliter</strong></span> <span class='ocrx_word' id='word_1_569' title='bbox 3164 2245 3451 2303; x_wconf 88' lang='lat' dir='ltr'><strong>horrendo</strong></span> <span class='ocrx_word' id='word_1_570' title='bbox 3483 2248 3633 2304; x_wconf 91' lang='lat' dir='ltr'><strong>malo</strong></span> <span class='ocrx_word' id='word_1_571' title='bbox 3655 2250 3799 2319; x_wconf 91' lang='lat' dir='ltr'><strong>quid</strong></span> 
     </span>
    </p>
   </div>
   <div class='ocr_carea' id='block_1_82' title="bbox 2152 2332 3798 2404">
    <p class='ocr_par' dir='ltr' id='par_1_82' title="bbox 2152 2332 3798 2404">
     <span class='ocr_line' id='line_1_82' title="bbox 2152 2332 3798 2404; baseline 0.005 -17"><span class='ocrx_word' id='word_1_572' title='bbox 2152 2332 2366 2400; x_wconf 89' lang='lat' dir='ltr'><strong>dicam,</strong></span> <span class='ocrx_word' id='word_1_573' title='bbox 2400 2333 2499 2388; x_wconf 92' lang='lat' dir='ltr'><strong>ubi</strong></span> <span class='ocrx_word' id='word_1_574' title='bbox 2523 2333 2768 2390; x_wconf 89' lang='lat' dir='ltr'><strong>Annibal</strong></span> <span class='ocrx_word' id='word_1_575' title='bbox 2793 2350 2926 2388; x_wconf 93' lang='lat' dir='ltr'><strong>cum</strong></span> <span class='ocrx_word' id='word_1_576' title='bbox 2947 2339 3103 2390; x_wconf 83' lang='lat' dir='ltr'><strong>esset</strong></span> <span class='ocrx_word' id='word_1_577' title='bbox 3122 2336 3579 2404; x_wconf 91' lang='lat' dir='ltr'><strong>crudelissimus,</strong></span> <span class='ocrx_word' id='word_1_578' title='bbox 3603 2343 3798 2396; x_wconf 89' lang='lat' dir='ltr'><strong>tamen</strong></span> 
     </span>
    </p>
   </div>
   <div class='ocr_carea' id='block_1_83' title="bbox 2153 2421 3809 2498">
    <p class='ocr_par' dir='ltr' id='par_1_83' title="bbox 2153 2421 3809 2498">
     <span class='ocr_line' id='line_1_83' title="bbox 2153 2421 3809 2498; baseline 0.005 -23"><span class='ocrx_word' id='word_1_579' title='bbox 2153 2426 2308 2476; x_wconf 88' lang='lat' dir='ltr'><strong>tanta</strong></span> <span class='ocrx_word' id='word_1_580' title='bbox 2324 2421 2693 2477; x_wconf 90' lang='lat' dir='ltr'><strong>inimicorum</strong></span> <span class='ocrx_word' id='word_1_581' title='bbox 2708 2424 3202 2480; x_wconf 89' lang='lat' dir='ltr'><strong>atrocissimorum</strong></span> <span class='ocrx_word' id='word_1_582' title='bbox 3226 2427 3378 2482; x_wconf 74' lang='lat' dir='ltr'><strong>caede</strong></span> <span class='ocrx_word' id='word_1_583' title='bbox 3393 2427 3665 2494; x_wconf 85' lang='lat' dir='ltr'><strong>satiatus,</strong></span> <span class='ocrx_word' id='word_1_584' title='bbox 3682 2445 3809 2498; x_wconf 88' lang='lat' dir='ltr'><strong>par-</strong></span> 
     </span>
    </p>
   </div>
   <div class='ocr_carea' id='block_1_84' title="bbox 2152 2509 3807 2583">
    <p class='ocr_par' dir='ltr' id='par_1_84' title="bbox 2152 2509 3807 2583">
     <span class='ocr_line' id='line_1_84' title="bbox 2152 2509 3807 2583; baseline 0.004 -16"><span class='ocrx_word' id='word_1_585' title='bbox 2152 2509 2468 2581; x_wconf 89' lang='lat' dir='ltr'><strong>cijussisse</strong></span> <span class='ocrx_word' id='word_1_586' title='bbox 2494 2511 2827 2582; x_wconf 86' lang='lat' dir='ltr'><strong>perhibetur</strong></span> <span class='ocrx_word' id='word_1_587' title='bbox 2847 2512 2966 2583; x_wconf 86' lang='lat' dir='ltr'><strong>(b)?</strong></span> <span class='ocrx_word' id='word_1_588' title='bbox 2989 2512 3149 2569; x_wconf 88' lang='lat' dir='ltr'><strong>Unde</strong></span> <span class='ocrx_word' id='word_1_589' title='bbox 3174 2519 3292 2571; x_wconf 88' lang='lat' dir='ltr'><strong>tres</strong></span> <span class='ocrx_word' id='word_1_590' title='bbox 3316 2516 3540 2572; x_wconf 85' lang='lat' dir='ltr'><strong>modios</strong></span> <span class='ocrx_word' id='word_1_591' title='bbox 3558 2518 3807 2574; x_wconf 89' lang='lat' dir='ltr'><strong>annulo-</strong></span> 
     </span>
    </p>
   </div>
   <div class='ocr_carea' id='block_1_85' title="bbox 2152 2600 3804 2679">
    <p class='ocr_par' dir='ltr' id='par_1_85' title="bbox 2152 2600 3804 2679">
     <span class='ocr_line' id='line_1_85' title="bbox 2152 2600 3804 2679; baseline 0.005 -25"><span class='ocrx_word' id='word_1_592' title='bbox 2152 2615 2276 2655; x_wconf 91' lang='lat' dir='ltr'><strong>rum</strong></span> <span class='ocrx_word' id='word_1_593' title='bbox 2302 2616 2605 2656; x_wconf 90' lang='lat' dir='ltr'><strong>aureorum</strong></span> <span class='ocrx_word' id='word_1_594' title='bbox 2627 2600 3037 2674; x_wconf 88' lang='lat' dir='ltr'><strong>Carthaginem</strong></span> <span class='ocrx_word' id='word_1_595' title='bbox 3064 2604 3221 2659; x_wconf 89' lang='lat' dir='ltr'><strong>misit</strong></span> <span class='ocrx_word' id='word_1_596' title='bbox 3241 2605 3317 2677; x_wconf 88' lang='lat' dir='ltr'><strong>(c)</strong></span> <span class='ocrx_word' id='word_1_597' title='bbox 3339 2623 3360 2661; x_wconf 85' lang='lat'><strong><em>:</em></strong></span> <span class='ocrx_word' id='word_1_598' title='bbox 3382 2622 3497 2677; x_wconf 90' lang='lat' dir='ltr'><strong>quo</strong></span> <span class='ocrx_word' id='word_1_599' title='bbox 3519 2607 3804 2679; x_wconf 87' lang='lat' dir='ltr'><strong>intellige-</strong></span> 
     </span>
    </p>
   </div>
   <div class='ocr_carea' id='block_1_86' title="bbox 2150 2689 3802 2763">
    <p class='ocr_par' dir='ltr' id='par_1_86' title="bbox 2150 2689 3802 2763">
     <span class='ocr_line' id='line_1_86' title="bbox 2150 2689 3802 2763; baseline 0.004 -18"><span class='ocrx_word' id='word_1_600' title='bbox 2150 2694 2278 2745; x_wconf 91' lang='lat' dir='ltr'><strong>rent</strong></span> <span class='ocrx_word' id='word_1_601' title='bbox 2300 2694 2518 2745; x_wconf 89' lang='lat' dir='ltr'><strong>tantam</strong></span> <span class='ocrx_word' id='word_1_602' title='bbox 2541 2689 2599 2745; x_wconf 88' lang='lat' dir='ltr'><strong>in</strong></span> <span class='ocrx_word' id='word_1_603' title='bbox 2613 2689 2711 2746; x_wconf 91' lang='lat' dir='ltr'><strong>illo</strong></span> <span class='ocrx_word' id='word_1_604' title='bbox 2728 2691 2919 2761; x_wconf 78' lang='lat' dir='ltr'><strong>praeiio</strong></span> <span class='ocrx_word' id='word_1_605' title='bbox 2939 2692 3277 2763; x_wconf 87' lang='lat' dir='ltr'><strong>dignitatem</strong></span> <span class='ocrx_word' id='word_1_606' title='bbox 3298 2694 3574 2751; x_wconf 87' lang='lat' dir='ltr'><strong>cecidisse</strong></span> <span class='ocrx_word' id='word_1_607' title='bbox 3589 2696 3802 2752; x_wconf 82' lang='lat' dir='ltr'><strong>Roma-</strong></span> 
     </span>
    </p>
   </div>
   <div class='ocr_carea' id='block_1_87' title="bbox 2149 2777 3797 2853">
    <p class='ocr_par' dir='ltr' id='par_1_87' title="bbox 2149 2777 3797 2853">
     <span class='ocr_line' id='line_1_87' title="bbox 2149 2777 3797 2853; baseline 0.004 -20"><span class='ocrx_word' id='word_1_608' title='bbox 2149 2782 2379 2846; x_wconf 87' lang='lat' dir='ltr'><strong>nam,ut</strong></span> <span class='ocrx_word' id='word_1_609' title='bbox 2392 2777 2620 2834; x_wconf 88' lang='lat' dir='ltr'><strong>facilius</strong></span> <span class='ocrx_word' id='word_1_610' title='bbox 2635 2794 2760 2834; x_wconf 89' lang='lat' dir='ltr'><strong>eam</strong></span> <span class='ocrx_word' id='word_1_611' title='bbox 2778 2784 3005 2850; x_wconf 86' lang='lat' dir='ltr'><strong>caperet</strong></span> <span class='ocrx_word' id='word_1_612' title='bbox 3020 2796 3287 2837; x_wconf 86' lang='lat' dir='ltr'><strong>mensura</strong></span> <span class='ocrx_word' id='word_1_613' title='bbox 3300 2798 3475 2853; x_wconf 87' lang='lat' dir='ltr'><strong>quam</strong></span> <span class='ocrx_word' id='word_1_614' title='bbox 3491 2799 3797 2845; x_wconf 78' lang='lat' dir='ltr'><strong>numerus;</strong></span> 
     </span>
    </p>
   </div>
   <div class='ocr_carea' id='block_1_88' title="bbox 2149 2867 3800 2944">
    <p class='ocr_par' dir='ltr' id='par_1_88' title="bbox 2149 2867 3800 2944">
     <span class='ocr_line' id='line_1_88' title="bbox 2149 2867 3800 2944; baseline 0.004 -20"><span class='ocrx_word' id='word_1_615' title='bbox 2149 2871 2324 2939; x_wconf 89' lang='lat' dir='ltr'><strong>atque</strong></span> <span class='ocrx_word' id='word_1_616' title='bbox 2346 2867 2481 2923; x_wconf 86' lang='lat' dir='ltr'><strong>hinc</strong></span> <span class='ocrx_word' id='word_1_617' title='bbox 2504 2872 2913 2940; x_wconf 73' lang='lat' dir='ltr'><strong>stragesturbae</strong></span> <span class='ocrx_word' id='word_1_618' title='bbox 2931 2875 3163 2936; x_wconf 71' lang='lat' dir='ltr'><strong>caeteras,</strong></span> <span class='ocrx_word' id='word_1_619' title='bbox 3185 2872 3560 2944; x_wconf 89' lang='lat' dir='ltr'><strong>tantoutique</strong></span> <span class='ocrx_word' id='word_1_620' title='bbox 3584 2890 3800 2931; x_wconf 89' lang='lat' dir='ltr'><strong>nume-</strong></span> 
     </span>
    </p>
   </div>
   <div class='ocr_carea' id='block_1_89' title="bbox 2146 2956 3796 3033">
    <p class='ocr_par' dir='ltr' id='par_1_89' title="bbox 2146 2956 3796 3033">
     <span class='ocr_line' id='line_1_89' title="bbox 2146 2956 3796 3033; baseline 0.005 -22"><span class='ocrx_word' id='word_1_621' title='bbox 2146 2956 2636 3029; x_wconf 88' lang='lat' dir='ltr'><strong>rosioris,quanto</strong></span> <span class='ocrx_word' id='word_1_622' title='bbox 2652 2958 3145 3031; x_wconf 71' lang='lat' dir='ltr'><strong>inﬂmioris3,quaa</strong></span> <span class='ocrx_word' id='word_1_623' title='bbox 3159 2959 3282 3014; x_wconf 89' lang='lat' dir='ltr'><strong>sine</strong></span> <span class='ocrx_word' id='word_1_624' title='bbox 3295 2961 3796 3033; x_wconf 86' lang='lat' dir='ltr'><strong>annulisjacebat,</strong></span> 
     </span>
    </p>
   </div>
   <div class='ocr_carea' id='block_1_90' title="bbox 2147 3046 3800 3121">
    <p class='ocr_par' dir='ltr' id='par_1_90' title="bbox 2147 3046 3800 3121">
     <span class='ocr_line' id='line_1_90' title="bbox 2147 3046 3800 3121; baseline 0.002 -17"><span class='ocrx_word' id='word_1_625' title='bbox 2147 3046 2506 3118; x_wconf 88' lang='lat' dir='ltr'><strong>conjicienda</strong></span> <span class='ocrx_word' id='word_1_626' title='bbox 2530 3048 2724 3118; x_wconf 89' lang='lat' dir='ltr'><strong>potius</strong></span> <span class='ocrx_word' id='word_1_627' title='bbox 2746 3064 2919 3118; x_wconf 88' lang='lat' dir='ltr'><strong>quam</strong></span> <span class='ocrx_word' id='word_1_628' title='bbox 2940 3049 3253 3104; x_wconf 84' lang='lat' dir='ltr'><strong>nuntianda</strong></span> <span class='ocrx_word' id='word_1_629' title='bbox 3278 3054 3600 3121; x_wconf 89' lang='lat' dir='ltr'><strong>putaretur.</strong></span> <span class='ocrx_word' id='word_1_630' title='bbox 3625 3052 3800 3108; x_wconf 83' lang='lat' dir='ltr'><strong>Deni-</strong></span> 
     </span>
    </p>
   </div>
   <div class='ocr_carea' id='block_1_91' title="bbox 2148 3136 3799 3209">
    <p class='ocr_par' dir='ltr' id='par_1_91' title="bbox 2148 3136 3799 3209">
     <span class='ocr_line' id='line_1_91' title="bbox 2148 3136 3799 3209; baseline 0.005 -18"><span class='ocrx_word' id='word_1_631' title='bbox 2148 3153 2260 3209; x_wconf 89' lang='lat' dir='ltr'><strong>que</strong></span> <span class='ocrx_word' id='word_1_632' title='bbox 2284 3141 2444 3192; x_wconf 88' lang='lat' dir='ltr'><strong>tanta</strong></span> <span class='ocrx_word' id='word_1_633' title='bbox 2466 3136 2720 3193; x_wconf 88' lang='lat' dir='ltr'><strong>militum</strong></span> <span class='ocrx_word' id='word_1_634' title='bbox 2743 3137 2938 3209; x_wconf 91' lang='lat' dir='ltr'><strong>in0pia</strong></span> <span class='ocrx_word' id='word_1_635' title='bbox 2967 3142 3164 3194; x_wconf 86' lang='lat' dir='ltr'><strong>secuta</strong></span> <span class='ocrx_word' id='word_1_636' title='bbox 3184 3146 3289 3208; x_wconf 89' lang='lat' dir='ltr'><strong>est,</strong></span> <span class='ocrx_word' id='word_1_637' title='bbox 3314 3142 3376 3195; x_wconf 92' lang='lat' dir='ltr'><strong>ut</strong></span> <span class='ocrx_word' id='word_1_638' title='bbox 3403 3139 3648 3197; x_wconf 86' lang='lat' dir='ltr'><strong>Romani</strong></span> <span class='ocrx_word' id='word_1_639' title='bbox 3671 3158 3799 3199; x_wconf 86' lang='lat' dir='ltr'><strong>reos</strong></span> 
     </span>
    </p>
   </div>
   <div class='ocr_carea' id='block_1_92' title="bbox 2148 3225 3801 3299">
    <p class='ocr_par' dir='ltr' id='par_1_92' title="bbox 2148 3225 3801 3299">
     <span class='ocr_line' id='line_1_92' title="bbox 2148 3225 3801 3299; baseline 0.004 -19"><span class='ocrx_word' id='word_1_640' title='bbox 2148 3225 2470 3282; x_wconf 91' lang='lat' dir='ltr'><strong>facinorum</strong></span> <span class='ocrx_word' id='word_1_641' title='bbox 2490 3226 2785 3297; x_wconf 90' lang='lat' dir='ltr'><strong>proposita</strong></span> <span class='ocrx_word' id='word_1_642' title='bbox 2805 3226 3158 3297; x_wconf 89' lang='lat' dir='ltr'><strong>impunitate</strong></span> <span class='ocrx_word' id='word_1_643' title='bbox 3179 3226 3537 3299; x_wconf 88' lang='lat' dir='ltr'><strong>colligerent,</strong></span> <span class='ocrx_word' id='word_1_644' title='bbox 3567 3230 3801 3287; x_wconf 90' lang='lat' dir='ltr'><strong>servitia</strong></span> 
     </span>
    </p>
   </div>
   <div class='ocr_carea' id='block_1_93' title="bbox 2148 3314 3798 3388">
    <p class='ocr_par' dir='ltr' id='par_1_93' title="bbox 2148 3314 3798 3388">
     <span class='ocr_line' id='line_1_93' title="bbox 2148 3314 3798 3388; baseline 0.005 -20"><span class='ocrx_word' id='word_1_645' title='bbox 2148 3314 2416 3369; x_wconf 89' lang='lat' dir='ltr'><strong>libertate</strong></span> <span class='ocrx_word' id='word_1_646' title='bbox 2439 3315 2743 3383; x_wconf 89' lang='lat' dir='ltr'><strong>donarent,</strong></span> <span class='ocrx_word' id='word_1_647' title='bbox 2768 3320 2942 3387; x_wconf 91' lang='lat' dir='ltr'><strong>atque</strong></span> <span class='ocrx_word' id='word_1_648' title='bbox 2954 3332 3021 3372; x_wconf 87' lang='lat' dir='ltr'><strong>ex</strong></span> <span class='ocrx_word' id='word_1_649' title='bbox 3044 3315 3162 3372; x_wconf 92' lang='lat' dir='ltr'><strong>illis</strong></span> <span class='ocrx_word' id='word_1_650' title='bbox 3182 3317 3523 3388; x_wconf 69' lang='lat' dir='ltr'><strong>pudendus‘</strong></span> <span class='ocrx_word' id='word_1_651' title='bbox 3546 3324 3798 3378; x_wconf 90' lang='lat' dir='ltr'><strong>nontam</strong></span> 
     </span>
    </p>
   </div>
   <div class='ocr_carea' id='block_1_94' title="bbox 2150 3403 3801 3476">
    <p class='ocr_par' dir='ltr' id='par_1_94' title="bbox 2150 3403 3801 3476">
     <span class='ocr_line' id='line_1_94' title="bbox 2150 3403 3801 3476; baseline 0.004 -16"><span class='ocrx_word' id='word_1_652' title='bbox 2150 3403 2521 3476; x_wconf 89' lang='lat' dir='ltr'><strong>suppleretur</strong></span> <span class='ocrx_word' id='word_1_653' title='bbox 2540 3420 2715 3474; x_wconf 90' lang='lat' dir='ltr'><strong>quam</strong></span> <span class='ocrx_word' id='word_1_654' title='bbox 2730 3405 3460 3464; x_wconf 81' lang='lat' dir='ltr'><strong>instituereturexercitus.</strong></span> <span class='ocrx_word' id='word_1_655' title='bbox 3476 3409 3671 3466; x_wconf 87' lang='lat' dir='ltr'><strong>Servis</strong></span> <span class='ocrx_word' id='word_1_656' title='bbox 3693 3411 3801 3467; x_wconf 83' lang='lat' dir='ltr'><strong>ita-</strong></span> 
     </span>
    </p>
   </div>
   <div class='ocr_carea' id='block_1_95' title="bbox 2150 3494 3802 3571">
    <p class='ocr_par' dir='ltr' id='par_1_95' title="bbox 2150 3494 3802 3571">
     <span class='ocr_line' id='line_1_95' title="bbox 2150 3494 3802 3571; baseline 0.004 -22"><span class='ocrx_word' id='word_1_657' title='bbox 2150 3511 2281 3565; x_wconf 89' lang='lat' dir='ltr'><strong>que,</strong></span> <span class='ocrx_word' id='word_1_658' title='bbox 2306 3494 2422 3551; x_wconf 89' lang='lat' dir='ltr'><strong>imo</strong></span> <span class='ocrx_word' id='word_1_659' title='bbox 2445 3509 2515 3549; x_wconf 90' lang='lat' dir='ltr'><strong>ne</strong></span> <span class='ocrx_word' id='word_1_660' title='bbox 2542 3495 2823 3550; x_wconf 86' lang='lat' dir='ltr'><strong>faciamus</strong></span> <span class='ocrx_word' id='word_1_661' title='bbox 2846 3495 3144 3565; x_wconf 86' lang='lat' dir='ltr'><strong>injuriam,</strong></span> <span class='ocrx_word' id='word_1_662' title='bbox 3163 3496 3534 3566; x_wconf 88' lang='lat' dir='ltr'><strong>jamlibertis</strong></span> <span class='ocrx_word' id='word_1_663' title='bbox 3559 3517 3663 3571; x_wconf 91' lang='lat' dir='ltr'><strong>pro</strong></span> <span class='ocrx_word' id='word_1_664' title='bbox 3694 3500 3802 3557; x_wconf 85' lang='lat' dir='ltr'><strong>Ro-</strong></span> 
     </span>
    </p>
   </div>
   <div class='ocr_carea' id='block_1_96' title="bbox 2150 3583 3795 3656">
    <p class='ocr_par' dir='ltr' id='par_1_96' title="bbox 2150 3583 3795 3656">
     <span class='ocr_line' id='line_1_96' title="bbox 2150 3583 3795 3656; baseline 0.005 -17"><span class='ocrx_word' id='word_1_665' title='bbox 2150 3600 2325 3641; x_wconf 88' lang='lat' dir='ltr'><strong>mana</strong></span> <span class='ocrx_word' id='word_1_666' title='bbox 2356 3583 2652 3655; x_wconf 89' lang='lat' dir='ltr'><strong>republica</strong></span> <span class='ocrx_word' id='word_1_667' title='bbox 2705 3586 3051 3656; x_wconf 87' lang='lat' dir='ltr'><strong>pugnaturis</strong></span> <span class='ocrx_word' id='word_1_668' title='bbox 3091 3602 3253 3641; x_wconf 86' lang='lat' dir='ltr'><strong>arma</strong></span> <span class='ocrx_word' id='word_1_669' title='bbox 3303 3587 3633 3645; x_wconf 86' lang='lat' dir='ltr'><strong>defuerunt.</strong></span> <span class='ocrx_word' id='word_1_670' title='bbox 3684 3590 3795 3647; x_wconf 90' lang='lat' dir='ltr'><strong>De-</strong></span> 
     </span>
    </p>
   </div>
   <div class='ocr_carea' id='block_1_97' title="bbox 2149 3673 3801 3745">
    <p class='ocr_par' dir='ltr' id='par_1_97' title="bbox 2149 3673 3801 3745">
     <span class='ocr_line' id='line_1_97' title="bbox 2149 3673 3801 3745; baseline 0.005 -18"><span class='ocrx_word' id='word_1_671' title='bbox 2149 3677 2333 3729; x_wconf 79' lang='lat' dir='ltr'><strong>tracta</strong></span> <span class='ocrx_word' id='word_1_672' title='bbox 2361 3677 2499 3728; x_wconf 90' lang='lat' dir='ltr'><strong>sunt</strong></span> <span class='ocrx_word' id='word_1_673' title='bbox 2521 3673 2773 3744; x_wconf 88' lang='lat' dir='ltr'><strong>templis,</strong></span> <span class='ocrx_word' id='word_1_674' title='bbox 2795 3677 3073 3745; x_wconf 89' lang='lat' dir='ltr'><strong>tanquam</strong></span> <span class='ocrx_word' id='word_1_675' title='bbox 3100 3674 3349 3732; x_wconf 84' lang='lat' dir='ltr'><strong>Romani</strong></span> <span class='ocrx_word' id='word_1_676' title='bbox 3370 3676 3481 3731; x_wconf 91' lang='lat' dir='ltr'><strong>diis</strong></span> <span class='ocrx_word' id='word_1_677' title='bbox 3502 3678 3624 3733; x_wconf 90' lang='lat' dir='ltr'><strong>suis</strong></span> <span class='ocrx_word' id='word_1_678' title='bbox 3646 3678 3801 3735; x_wconf 90' lang='lat' dir='ltr'><strong>dice-</strong></span> 
     </span>
    </p>
   </div>
   <div class='ocr_carea' id='block_1_98' title="bbox 2150 3762 3800 3833">
    <p class='ocr_par' dir='ltr' id='par_1_98' title="bbox 2150 3762 3800 3833">
     <span class='ocr_line' id='line_1_98' title="bbox 2150 3762 3800 3833; baseline 0.005 -17"><span class='ocrx_word' id='word_1_679' title='bbox 2150 3767 2276 3817; x_wconf 91' lang='lat' dir='ltr'><strong>rent</strong></span> <span class='ocrx_word' id='word_1_680' title='bbox 2295 3779 2307 3818; x_wconf 74' lang='grc' dir='ltr'>ε</span> <span class='ocrx_word' id='word_1_681' title='bbox 2325 3762 2523 3818; x_wconf 88' lang='lat' dir='ltr'><strong>Ponite</strong></span> <span class='ocrx_word' id='word_1_682' title='bbox 2544 3779 2668 3833; x_wconf 67' lang='lat' dir='ltr'><strong>quas</strong></span> <span class='ocrx_word' id='word_1_683' title='bbox 2691 3766 2809 3818; x_wconf 89' lang='lat' dir='ltr'><strong>tam</strong></span> <span class='ocrx_word' id='word_1_684' title='bbox 2832 3763 2934 3818; x_wconf 91' lang='lat' dir='ltr'><strong>diu</strong></span> <span class='ocrx_word' id='word_1_685' title='bbox 2958 3763 3207 3819; x_wconf 79' lang='lat' dir='ltr'><strong>inaniter</strong></span> <span class='ocrx_word' id='word_1_686' title='bbox 3227 3763 3534 3833; x_wconf 84' lang='lat' dir='ltr'><strong>habuistis,</strong></span> <span class='ocrx_word' id='word_1_687' title='bbox 3560 3784 3631 3824; x_wconf 90' lang='lat' dir='ltr'><strong>ne</strong></span> <span class='ocrx_word' id='word_1_688' title='bbox 3656 3768 3800 3824; x_wconf 87' lang='lat' dir='ltr'><strong>forte</strong></span> 
     </span>
    </p>
   </div>
   <div class='ocr_carea' id='block_1_99' title="bbox 2150 3850 3796 3927">
    <p class='ocr_par' dir='ltr' id='par_1_99' title="bbox 2150 3850 3796 3927">
     <span class='ocr_line' id='line_1_99' title="bbox 2150 3850 3796 3927; baseline 0.005 -23"><span class='ocrx_word' id='word_1_689' title='bbox 2150 3850 2372 3923; x_wconf 89' lang='lat' dir='ltr'><strong>aliquid</strong></span> <span class='ocrx_word' id='word_1_690' title='bbox 2406 3852 2549 3908; x_wconf 89' lang='lat' dir='ltr'><strong>utile</strong></span> <span class='ocrx_word' id='word_1_691' title='bbox 2584 3852 2719 3907; x_wconf 89' lang='lat' dir='ltr'><strong>inde</strong></span> <span class='ocrx_word' id='word_1_692' title='bbox 2760 3852 2947 3908; x_wconf 88' lang='lat' dir='ltr'><strong>facere</strong></span> <span class='ocrx_word' id='word_1_693' title='bbox 2989 3852 3212 3923; x_wconf 90' lang='lat' dir='ltr'><strong>possint</strong></span> <span class='ocrx_word' id='word_1_694' title='bbox 3252 3858 3450 3911; x_wconf 89' lang='lat' dir='ltr'><strong>nostra</strong></span> <span class='ocrx_word' id='word_1_695' title='bbox 3490 3856 3796 3927; x_wconf 87' lang='lat' dir='ltr'><strong>mancipia,</strong></span> 
     </span>
    </p>
   </div>
   <div class='ocr_carea' id='block_1_100' title="bbox 2150 3939 3798 4016">
    <p class='ocr_par' dir='ltr' id='par_1_100' title="bbox 2150 3939 3798 4016">
     <span class='ocr_line' id='line_1_100' title="bbox 2150 3939 3798 4016; baseline 0.005 -23"><span class='ocrx_word' id='word_1_696' title='bbox 2150 3939 2302 3993; x_wconf 91' lang='lat' dir='ltr'><strong>unde</strong></span> <span class='ocrx_word' id='word_1_697' title='bbox 2318 3956 2439 4009; x_wconf 91' lang='lat' dir='ltr'><strong>vos,</strong></span> <span class='ocrx_word' id='word_1_698' title='bbox 2455 3944 2654 3995; x_wconf 88' lang='lat' dir='ltr'><strong>nostra</strong></span> <span class='ocrx_word' id='word_1_699' title='bbox 2670 3941 2932 4006; x_wconf 90' lang='lat' dir='ltr'><strong>numina,</strong></span> <span class='ocrx_word' id='word_1_700' title='bbox 2949 3941 3095 3997; x_wconf 89' lang='lat' dir='ltr'><strong>nihil</strong></span> <span class='ocrx_word' id='word_1_701' title='bbox 3120 3942 3304 3999; x_wconf 84' lang='lat' dir='ltr'><strong>facere</strong></span> <span class='ocrx_word' id='word_1_702' title='bbox 3327 3945 3611 4016; x_wconf 89' lang='lat' dir='ltr'><strong>potuistis.</strong></span> <span class='ocrx_word' id='word_1_703' title='bbox 3631 3946 3798 4001; x_wconf 89' lang='lat' dir='ltr'><strong>Tunc</strong></span> 
     </span>
    </p>
   </div>
   <div class='ocr_carea' id='block_1_101' title="bbox 2149 4029 3796 4106">
    <p class='ocr_par' dir='ltr' id='par_1_101' title="bbox 2149 4029 3796 4106">
     <span class='ocr_line' id='line_1_101' title="bbox 2149 4029 3796 4106; baseline 0.006 -23"><span class='ocrx_word' id='word_1_704' title='bbox 2149 4029 2323 4084; x_wconf 88' lang='lat' dir='ltr'><strong>etiam</strong></span> <span class='ocrx_word' id='word_1_705' title='bbox 2340 4029 2645 4101; x_wconf 90' lang='lat' dir='ltr'><strong>stipendiis</strong></span> <span class='ocrx_word' id='word_1_706' title='bbox 2660 4031 3021 4088; x_wconf 82' lang='lat' dir='ltr'><strong>sufﬁciendis</strong></span> <span class='ocrx_word' id='word_1_707' title='bbox 3034 4049 3170 4088; x_wconf 90' lang='lat' dir='ltr'><strong>cum</strong></span> <span class='ocrx_word' id='word_1_708' title='bbox 3187 4033 3493 4090; x_wconf 90' lang='lat' dir='ltr'><strong>defecisset</strong></span> <span class='ocrx_word' id='word_1_709' title='bbox 3505 4036 3796 4106; x_wconf 76' lang='lat' dir='ltr'><strong>aerarium,</strong></span> 
     </span>
    </p>
   </div>
   <div class='ocr_carea' id='block_1_102' title="bbox 2148 4117 3802 4197">
    <p class='ocr_par' dir='ltr' id='par_1_102' title="bbox 2148 4117 3802 4197">
     <span class='ocr_line' id='line_1_102' title="bbox 2148 4117 3802 4197; baseline 0.006 -25"><span class='ocrx_word' id='word_1_710' title='bbox 2148 4117 2209 4173; x_wconf 89' lang='lat' dir='ltr'><strong>in</strong></span> <span class='ocrx_word' id='word_1_711' title='bbox 2241 4134 2385 4174; x_wconf 89' lang='lat' dir='ltr'><strong>usus</strong></span> <span class='ocrx_word' id='word_1_712' title='bbox 2409 4118 2673 4190; x_wconf 90' lang='lat' dir='ltr'><strong>publicos</strong></span> <span class='ocrx_word' id='word_1_713' title='bbox 2697 4136 2832 4192; x_wconf 84' lang='lat' dir='ltr'><strong>opes</strong></span> <span class='ocrx_word' id='word_1_714' title='bbox 2852 4137 3058 4177; x_wconf 90' lang='lat' dir='ltr'><strong>venere</strong></span> <span class='ocrx_word' id='word_1_715' title='bbox 3080 4122 3338 4193; x_wconf 69' lang='lat' dir='ltr'><strong>privatae,</strong></span> <span class='ocrx_word' id='word_1_716' title='bbox 3369 4126 3512 4180; x_wconf 90' lang='lat' dir='ltr'><strong>adeo</strong></span> <span class='ocrx_word' id='word_1_717' title='bbox 3536 4142 3802 4197; x_wconf 89' lang='lat' dir='ltr'><strong>unoquo-</strong></span> 
     </span>
    </p>
   </div>
   <div class='ocr_carea' id='block_1_103' title="bbox 2150 4208 3801 4287">
    <p class='ocr_par' dir='ltr' id='par_1_103' title="bbox 2150 4208 3801 4287">
     <span class='ocr_line' id='line_1_103' title="bbox 2150 4208 3801 4287; baseline 0.006 -23"><span class='ocrx_word' id='word_1_718' title='bbox 2150 4224 2263 4279; x_wconf 91' lang='lat' dir='ltr'><strong>que</strong></span> <span class='ocrx_word' id='word_1_719' title='bbox 2293 4208 2350 4262; x_wconf 90' lang='lat' dir='ltr'><strong>id</strong></span> <span class='ocrx_word' id='word_1_720' title='bbox 2391 4210 2543 4279; x_wconf 89' lang='lat' dir='ltr'><strong>quod</strong></span> <span class='ocrx_word' id='word_1_721' title='bbox 2575 4208 2783 4264; x_wconf 86' lang='lat' dir='ltr'><strong>habuit</strong></span> <span class='ocrx_word' id='word_1_722' title='bbox 2821 4211 3176 4277; x_wconf 90' lang='lat' dir='ltr'><strong>conferente,</strong></span> <span class='ocrx_word' id='word_1_723' title='bbox 3211 4216 3272 4268; x_wconf 92' lang='lat' dir='ltr'><strong>ut</strong></span> <span class='ocrx_word' id='word_1_724' title='bbox 3302 4222 3507 4285; x_wconf 61' lang='lat' dir='ltr'><strong>printer</strong></span> <span class='ocrx_word' id='word_1_725' title='bbox 3537 4215 3801 4287; x_wconf 86' lang='lat' dir='ltr'><strong>singulos</strong></span> 
     </span>
    </p>
   </div>
   <div class='ocr_carea' id='block_1_104' title="bbox 2149 4297 3802 4378">
    <p class='ocr_par' dir='ltr' id='par_1_104' title="bbox 2149 4297 3802 4378">
     <span class='ocr_line' id='line_1_104' title="bbox 2149 4297 3802 4378; baseline 0.006 -27"><span class='ocrx_word' id='word_1_726' title='bbox 2149 4297 2396 4352; x_wconf 90' lang='lat' dir='ltr'><strong>annulos</strong></span> <span class='ocrx_word' id='word_1_727' title='bbox 2408 4313 2609 4353; x_wconf 88' lang='lat' dir='ltr'><strong>aureos</strong></span> <span class='ocrx_word' id='word_1_728' title='bbox 2624 4297 3001 4371; x_wconf 89' lang='lat' dir='ltr'><strong>singulasque</strong></span> <span class='ocrx_word' id='word_1_729' title='bbox 3017 4300 3229 4365; x_wconf 87' lang='lat' dir='ltr'><strong>bullas,</strong></span> <span class='ocrx_word' id='word_1_730' title='bbox 3249 4302 3601 4360; x_wconf 85' lang='lat' dir='ltr'><strong>miserabilia</strong></span> <span class='ocrx_word' id='word_1_731' title='bbox 3615 4304 3802 4378; x_wconf 88' lang='lat' dir='ltr'><strong>digni-</strong></span> 
     </span>
    </p>
   </div>
   <div class='ocr_carea' id='block_1_105' title="bbox 2148 4385 3795 4464">
    <p class='ocr_par' dir='ltr' id='par_1_105' title="bbox 2148 4385 3795 4464">
     <span class='ocr_line' id='line_1_105' title="bbox 2148 4385 3795 4464; baseline 0.006 -23"><span class='ocrx_word' id='word_1_732' title='bbox 2148 4385 2283 4441; x_wconf 88' lang='lat' dir='ltr'><strong>tatis</strong></span> <span class='ocrx_word' id='word_1_733' title='bbox 2314 4385 2871 4457; x_wconf 87' lang='lat' dir='ltr'><strong>insignia,nibilsibi</strong></span> <span class='ocrx_word' id='word_1_734' title='bbox 2886 4389 3008 4444; x_wconf 88' lang='lat' dir='ltr'><strong>auri</strong></span> <span class='ocrx_word' id='word_1_735' title='bbox 3024 4390 3419 4463; x_wconf 85' lang='lat' dir='ltr'><strong>senatusipse,</strong></span> <span class='ocrx_word' id='word_1_736' title='bbox 3437 4399 3655 4464; x_wconf 90' lang='lat' dir='ltr'><strong>quanto</strong></span> <span class='ocrx_word' id='word_1_737' title='bbox 3671 4411 3795 4451; x_wconf 89' lang='lat' dir='ltr'><strong>ma-</strong></span> 
     </span>
    </p>
   </div>
   <div class='ocr_carea' id='block_1_106' title="bbox 2150 4474 3801 4554">
    <p class='ocr_par' dir='ltr' id='par_1_106' title="bbox 2150 4474 3801 4554">
     <span class='ocr_line' id='line_1_106' title="bbox 2150 4474 3801 4554; baseline 0.007 -26"><span class='ocrx_word' id='word_1_738' title='bbox 2150 4474 2237 4547; x_wconf 89' lang='lat' dir='ltr'><strong>gis</strong></span> <span class='ocrx_word' id='word_1_739' title='bbox 2250 4475 2439 4530; x_wconf 79' lang='lat' dir='ltr'><strong>caeteri</strong></span> <span class='ocrx_word' id='word_1_740' title='bbox 2456 4475 2688 4531; x_wconf 89' lang='lat' dir='ltr'><strong>ordines</strong></span> <span class='ocrx_word' id='word_1_741' title='bbox 2702 4476 3012 4548; x_wconf 89' lang='lat' dir='ltr'><strong>tribusque</strong></span> <span class='ocrx_word' id='word_1_742' title='bbox 3027 4480 3421 4551; x_wconf 89' lang='lat' dir='ltr'><strong>relinquerent</strong></span> <span class='ocrx_word' id='word_1_743' title='bbox 3433 4481 3681 4554; x_wconf 84' lang='lat' dir='ltr'><strong>(d)!Quis</strong></span> <span class='ocrx_word' id='word_1_744' title='bbox 3696 4483 3801 4539; x_wconf 87' lang='lat' dir='ltr'><strong>fer-</strong></span> 
     </span>
    </p>
   </div>
   <div class='ocr_carea' id='block_1_107' title="bbox 2150 4565 3801 4646">
    <p class='ocr_par' dir='ltr' id='par_1_107' title="bbox 2150 4565 3801 4646">
     <span class='ocr_line' id='line_1_107' title="bbox 2150 4565 3801 4646; baseline 0.008 -27"><span class='ocrx_word' id='word_1_745' title='bbox 2150 4570 2235 4621; x_wconf 86' lang='lat' dir='ltr'><strong>ret</strong></span> <span class='ocrx_word' id='word_1_746' title='bbox 2266 4565 2425 4633; x_wconf 87' lang='lat' dir='ltr'><strong>istos,</strong></span> <span class='ocrx_word' id='word_1_747' title='bbox 2459 4567 2510 4622; x_wconf 92' lang='lat' dir='ltr'><strong>si</strong></span> <span class='ocrx_word' id='word_1_748' title='bbox 2532 4567 2750 4623; x_wconf 87' lang='lat' dir='ltr'><strong>nostris</strong></span> <span class='ocrx_word' id='word_1_749' title='bbox 2772 4570 3133 4639; x_wconf 92' lang='lat' dir='ltr'><strong>temporibus</strong></span> <span class='ocrx_word' id='word_1_750' title='bbox 3155 4570 3226 4626; x_wconf 90' lang='lat' dir='ltr'><strong>ad</strong></span> <span class='ocrx_word' id='word_1_751' title='bbox 3261 4571 3412 4630; x_wconf 90' lang='lat' dir='ltr'><strong>hanc</strong></span> <span class='ocrx_word' id='word_1_752' title='bbox 3442 4574 3801 4646; x_wconf 87' lang='lat' dir='ltr'><strong>inopiamco-</strong></span> 
     </span>
    </p>
   </div>
   <div class='ocr_carea' id='block_1_108' title="bbox 2149 4656 3799 4735">
    <p class='ocr_par' dir='ltr' id='par_1_108' title="bbox 2149 4656 3799 4735">
     <span class='ocr_line' id='line_1_108' title="bbox 2149 4656 3799 4735; baseline 0.007 -26"><span class='ocrx_word' id='word_1_753' title='bbox 2149 4660 2592 4726; x_wconf 88' lang='lat' dir='ltr'><strong>gerentur,cum</strong></span> <span class='ocrx_word' id='word_1_754' title='bbox 2608 4671 2705 4712; x_wconf 91' lang='lat' dir='ltr'><strong>eos</strong></span> <span class='ocrx_word' id='word_1_755' title='bbox 2731 4656 2900 4712; x_wconf 92' lang='lat' dir='ltr'><strong>modo</strong></span> <span class='ocrx_word' id='word_1_756' title='bbox 2918 4658 3010 4713; x_wconf 82' lang='lat' dir='ltr'><strong>vix</strong></span> <span class='ocrx_word' id='word_1_757' title='bbox 3033 4659 3555 4730; x_wconf 88' lang='lat' dir='ltr'><strong>feramus,quaudo</strong></span> <span class='ocrx_word' id='word_1_758' title='bbox 3586 4680 3687 4735; x_wconf 90' lang='lat' dir='ltr'><strong>pro</strong></span> <span class='ocrx_word' id='word_1_759' title='bbox 3702 4681 3799 4719; x_wconf 86' lang='lat' dir='ltr'><strong>su-</strong></span> 
     </span>
    </p>
   </div>
   <div class='ocr_carea' id='block_1_109' title="bbox 2149 4745 3796 4824">
    <p class='ocr_par' dir='ltr' id='par_1_109' title="bbox 2149 4745 3796 4824">
     <span class='ocr_line' id='line_1_109' title="bbox 2149 4745 3796 4824; baseline 0.007 -25"><span class='ocrx_word' id='word_1_760' title='bbox 2149 4745 2675 4817; x_wconf 83' lang='lat' dir='ltr'><strong>perfluavoluptate</strong></span> <span class='ocrx_word' id='word_1_761' title='bbox 2689 4745 3162 4818; x_wconf 88' lang='lat' dir='ltr'><strong>pluradonantur</strong></span> <span class='ocrx_word' id='word_1_762' title='bbox 3188 4749 3597 4822; x_wconf 86' lang='lat' dir='ltr'><strong>histrionibus,</strong></span> <span class='ocrx_word' id='word_1_763' title='bbox 3621 4770 3796 4824; x_wconf 87' lang='lat' dir='ltr'><strong>quam</strong></span> 
     </span>
    </p>
   </div>
   <div class='ocr_carea' id='block_1_110' title="bbox 2214 4960 3797 5034">
    <p class='ocr_par' dir='ltr' id='par_1_110' title="bbox 2214 4960 3797 5034">
     <span class='ocr_line' id='line_1_110' title="bbox 2214 4960 3797 5034; baseline 0.007 -26"><span class='ocrx_word' id='word_1_764' title='bbox 2214 4964 2232 4999; x_wconf 79' lang='grc'><strong>1</strong></span> <span class='ocrx_word' id='word_1_765' title='bbox 2264 4960 2427 5034; x_wconf 73' lang='lat' dir='ltr'><strong>Vetus</strong></span> <span class='ocrx_word' id='word_1_766' title='bbox 2444 4960 2608 5034; x_wconf 52' lang='lat' dir='ltr'><strong>code;</strong></span> <span class='ocrx_word' id='word_1_767' title='bbox 2628 4960 2681 5009; x_wconf 91' lang='lat' dir='ltr'><strong>S.</strong></span> <span class='ocrx_word' id='word_1_768' title='bbox 2712 4961 2958 5020; x_wconf 80' lang='lat' dir='ltr'><strong>Amandi,</strong></span> <span class='ocrx_word' id='word_1_769' title='bbox 2981 4977 3145 5025; x_wconf 80' lang='lat' dir='ltr'><strong>quem</strong></span> <span class='ocrx_word' id='word_1_770' title='bbox 3167 4964 3462 5026; x_wconf 75' lang='lat' dir='ltr'><strong>defendere</strong></span> <span class='ocrx_word' id='word_1_771' title='bbox 3491 4978 3797 5034; x_wconf 78' lang='lat' dir='ltr'><strong>nequeunt,</strong></span> 
     </span>
    </p>
   </div>
   <div class='ocr_carea' id='block_1_111' title="bbox 2150 5024 2627 5075">
    <p class='ocr_par' dir='ltr' id='par_1_111' title="bbox 2150 5024 2627 5075">
     <span class='ocr_line' id='line_1_111' title="bbox 2150 5024 2627 5075; baseline -0.006 0"><span class='ocrx_word' id='word_1_772' title='bbox 2150 5037 2260 5075; x_wconf 85' lang='lat' dir='ltr'><strong>non</strong></span> <span class='ocrx_word' id='word_1_773' title='bbox 2286 5024 2627 5072; x_wconf 76' lang='lat' dir='ltr'><strong>erubescant.</strong></span> 
     </span>
    </p>
   </div>
   <div class='ocr_carea' id='block_1_112' title="bbox 2212 5087 3797 5157">
    <p class='ocr_par' dir='ltr' id='par_1_112' title="bbox 2212 5087 3797 5157">
     <span class='ocr_line' id='line_1_112' title="bbox 2212 5087 3797 5157; baseline 0.008 -22"><span class='ocrx_word' id='word_1_774' title='bbox 2212 5088 2234 5121; x_wconf 73' lang='grc'><strong>2</strong></span> <span class='ocrx_word' id='word_1_775' title='bbox 2267 5087 2421 5157; x_wconf 42' lang='grc' dir='ltr'><strong>Μεθ’..</strong></span> <span class='ocrx_word' id='word_1_776' title='bbox 2439 5101 2609 5157; x_wconf 58' lang='lat' dir='ltr'><strong>quam</strong></span> <span class='ocrx_word' id='word_1_777' title='bbox 2639 5088 3118 5157; x_wconf 30' lang='grc' dir='ltr'><strong>σζξιεηξειὴρτεκῑία</strong></span> <span class='ocrx_word' id='word_1_778' title='bbox 3143 5099 3300 5152; x_wconf 75' lang='lat' dir='ltr'><strong>gesta</strong></span> <span class='ocrx_word' id='word_1_779' title='bbox 3344 5104 3479 5145; x_wconf 78' lang='lat' dir='ltr'><strong>sunt</strong></span> <span class='ocrx_word' id='word_1_780' title='bbox 3500 5096 3524 5143; x_wconf 67' lang='grc' dir='ltr'><em>Ρ</em></span> <span class='ocrx_word' id='word_1_781' title='bbox 3557 5098 3797 5157; x_wconf 67' lang='lat' dir='ltr'><strong>Quoties,</strong></span> 
     </span>
    </p>
   </div>
   <div class='ocr_carea' id='block_1_113' title="bbox 2150 5148 3006 5200">
    <p class='ocr_par' dir='ltr' id='par_1_113' title="bbox 2150 5148 3006 5200">
     <span class='ocr_line' id='line_1_113' title="bbox 2150 5148 3006 5200; baseline -0.008 0"><span class='ocrx_word' id='word_1_782' title='bbox 2150 5151 2252 5200; x_wconf 84' lang='lat' dir='ltr'><strong>etc.</strong></span> <span class='ocrx_word' id='word_1_783' title='bbox 2280 5176 2343 5185; x_wconf 97' lang='lat'><strong>—</strong></span> <span class='ocrx_word' id='word_1_784' title='bbox 2371 5148 2457 5197; x_wconf 89' lang='lat' dir='ltr'><strong>Sic</strong></span> <span class='ocrx_word' id='word_1_785' title='bbox 2485 5149 2647 5197; x_wconf 87' lang='lat' dir='ltr'><strong>etiam</strong></span> <span class='ocrx_word' id='word_1_786' title='bbox 2675 5150 2769 5198; x_wconf 89' lang='lat' dir='ltr'><strong>Ms.</strong></span> <span class='ocrx_word' id='word_1_787' title='bbox 2798 5148 2908 5198; x_wconf 89' lang='lat'><strong>766.</strong></span> <span class='ocrx_word' id='word_1_788' title='bbox 2941 5151 3006 5198; x_wconf 86' lang='lat' dir='ltr'><strong>M.</strong></span> 
     </span>
    </p>
   </div>
   <div class='ocr_carea' id='block_1_114' title="bbox 2213 5210 3797 5284">
    <p class='ocr_par' dir='ltr' id='par_1_114' title="bbox 2213 5210 3797 5284">
     <span class='ocr_line' id='line_1_114' title="bbox 2213 5210 3797 5284; baseline 0.009 -27"><span class='ocrx_word' id='word_1_789' title='bbox 2213 5214 2235 5284; x_wconf 61' lang='grc' dir='ltr'><strong><em>ξι</em></strong></span> <span class='ocrx_word' id='word_1_790' title='bbox 2269 5210 2806 5284; x_wconf 41' lang='grc' dir='ltr'><strong>ῌᾶίιὶεέτιβτηξίοηὶε.</strong></span> <span class='ocrx_word' id='word_1_791' title='bbox 2838 5212 3026 5284; x_wconf 76' lang='lat' dir='ltr'><strong>Melius</strong></span> <span class='ocrx_word' id='word_1_792' title='bbox 3055 5226 3180 5265; x_wconf 87' lang='lat' dir='ltr'><strong>vero</strong></span> <span class='ocrx_word' id='word_1_793' title='bbox 3210 5216 3352 5284; x_wconf 72' lang='lat' dir='ltr'><strong>Mss,</strong></span> <span class='ocrx_word' id='word_1_794' title='bbox 3386 5219 3713 5284; x_wconf 71' lang='lat' dir='ltr'><strong>inﬁmioris,</strong></span> <span class='ocrx_word' id='word_1_795' title='bbox 3741 5221 3797 5272; x_wconf 87' lang='lat' dir='ltr'><strong>id</strong></span> 
     </span>
    </p>
   </div>
   <div class='ocr_carea' id='block_1_115' title="bbox 2149 5273 3637 5336">
    <p class='ocr_par' dir='ltr' id='par_1_115' title="bbox 2149 5273 3637 5336">
     <span class='ocr_line' id='line_1_115' title="bbox 2149 5273 3637 5336; baseline 0.006 -11"><span class='ocrx_word' id='word_1_796' title='bbox 2149 5276 2246 5336; x_wconf 87' lang='lat' dir='ltr'><strong>est,</strong></span> <span class='ocrx_word' id='word_1_797' title='bbox 2277 5273 2606 5335; x_wconf 87' lang='lat' dir='ltr'><strong>ignobilioris</strong></span> <span class='ocrx_word' id='word_1_798' title='bbox 2635 5274 2836 5335; x_wconf 86' lang='lat' dir='ltr'><strong>turbae,</strong></span> <span class='ocrx_word' id='word_1_799' title='bbox 2868 5275 2953 5325; x_wconf 89' lang='lat' dir='ltr'><strong>cui</strong></span> <span class='ocrx_word' id='word_1_800' title='bbox 2985 5289 3094 5327; x_wconf 89' lang='lat' dir='ltr'><strong>non</strong></span> <span class='ocrx_word' id='word_1_801' title='bbox 3122 5282 3237 5329; x_wconf 88' lang='lat' dir='ltr'><strong>erat</strong></span> <span class='ocrx_word' id='word_1_802' title='bbox 3268 5273 3398 5332; x_wconf 82' lang='lat' dir='ltr'><strong>usus</strong></span> <span class='ocrx_word' id='word_1_803' title='bbox 3431 5273 3637 5334; x_wconf 74' lang='lat' dir='ltr'><strong>annuli.</strong></span> 
     </span>
    </p>
   </div>
   <div class='ocr_carea' id='block_1_116' title="bbox 2210 5336 3012 5413">
    <p class='ocr_par' dir='ltr' id='par_1_116' title="bbox 2210 5336 3012 5413">
     <span class='ocr_line' id='line_1_116' title="bbox 2210 5336 3012 5413; baseline 0 0"><span class='ocrx_word' id='word_1_804' title='bbox 2210 5339 2231 5413; x_wconf 58' lang='grc' dir='ltr'><strong><em>ξ</em></strong></span> <span class='ocrx_word' id='word_1_805' title='bbox 2260 5338 2375 5413; x_wconf 50' lang='lat' dir='ltr'><strong>{“P:</strong></span> <span class='ocrx_word' id='word_1_806' title='bbox 2408 5336 2593 5413; x_wconf 58' lang='grc' dir='ltr'><strong>δίλΕΞιν</strong></span> <span class='ocrx_word' id='word_1_807' title='bbox 2624 5338 2924 5413; x_wconf 60' lang='grc' dir='ltr'><strong>ῖέἷεάεζδῖῖίδι</strong></span> <span class='ocrx_word' id='word_1_808' title='bbox 2963 5400 3012 5413; x_wconf 77' lang='lat'><strong>...</strong></span> 
     </span>
    </p>
   </div>
   <div class='ocr_carea' id='block_1_117' title="bbox 2208 5399 3798 5538">
    <p class='ocr_par' dir='ltr' id='par_1_117' title="bbox 2208 5399 3798 5538">
     <span class='ocr_line' id='line_1_117' title="bbox 2208 5399 3798 5538; baseline 0.041 -62"><span class='ocrx_word' id='word_1_809' title='bbox 2208 5399 2284 5524; x_wconf 51' lang='grc' dir='ltr'><strong>εἷς</strong></span> <span class='ocrx_word' id='word_1_810' title='bbox 2314 5400 2625 5538; x_wconf 50' lang='grc' dir='ltr'><strong>πεζιᾨξέῗὲς</strong></span> <span class='ocrx_word' id='word_1_811' title='bbox 2646 5399 2848 5538; x_wconf 50' lang='grc' dir='ltr'><strong>ξ]ξᾴΞὲ</strong></span> <span class='ocrx_word' id='word_1_812' title='bbox 2877 5400 3125 5538; x_wconf 52' lang='grc' dir='ltr'><strong>ἕξιῗξξίδ</strong></span> <span class='ocrx_word' id='word_1_813' title='bbox 3142 5404 3608 5538; x_wconf 46' lang='lat' dir='ltr'><strong>éii‘eiiﬁéflme</strong></span> <span class='ocrx_word' id='word_1_814' title='bbox 3630 5486 3798 5538; x_wconf 72' lang='lat' dir='ltr'><strong>prope</strong></span> 
     </span>
    </p>
   </div>
   <div class='ocr_carea' id='block_1_118' title="bbox 2148 5524 3797 5595">
    <p class='ocr_par' dir='ltr' id='par_1_118' title="bbox 2148 5524 3797 5595">
     <span class='ocr_line' id='line_1_118' title="bbox 2148 5524 3797 5595; baseline 0.008 -22"><span class='ocrx_word' id='word_1_815' title='bbox 2148 5524 2567 5595; x_wconf 48' lang='lat' dir='ltr'><strong>Cannasuurbem</strong></span> <span class='ocrx_word' id='word_1_816' title='bbox 2600 5539 2691 5575; x_wconf 88' lang='lat' dir='ltr'><strong>seu</strong></span> <span class='ocrx_word' id='word_1_817' title='bbox 2720 5527 2898 5595; x_wconf 78' lang='lat' dir='ltr'><strong>vicum</strong></span> <span class='ocrx_word' id='word_1_818' title='bbox 2915 5528 3135 5590; x_wconf 86' lang='lat' dir='ltr'><strong>Apuliae</strong></span> <span class='ocrx_word' id='word_1_819' title='bbox 3163 5524 3797 5595; x_wconf 32' lang='lat' dir='ltr'><strong>contigit,’de§cribi‘tnr‘a</strong></span> 
     </span>
    </p>
   </div>
   <div class='ocr_carea' id='block_1_119' title="bbox 2148 5586 2965 5652">
    <p class='ocr_par' dir='ltr' id='par_1_119' title="bbox 2148 5586 2965 5652">
     <span class='ocr_line' id='line_1_119' title="bbox 2148 5586 2965 5652; baseline 0.001 -15"><span class='ocrx_word' id='word_1_820' title='bbox 2148 5588 2318 5652; x_wconf 85' lang='lat' dir='ltr'><strong>Livio,</strong></span> <span class='ocrx_word' id='word_1_821' title='bbox 2352 5586 2561 5652; x_wconf 57' lang='lat' dir='ltr'><strong>lih.g2,</strong></span> <span class='ocrx_word' id='word_1_822' title='bbox 2586 5602 2701 5652; x_wconf 24' lang='lat' dir='ltr'><strong>cap.</strong></span> <span class='ocrx_word' id='word_1_823' title='bbox 2742 5590 2797 5637; x_wconf 74' lang='grc'><strong>41</strong></span> <span class='ocrx_word' id='word_1_824' title='bbox 2823 5586 2965 5652; x_wconf 72' lang='lat' dir='ltr'><strong>seqq.</strong></span> 
     </span>
    </p>
   </div>
   <div class='ocr_carea' id='block_1_120' title="bbox 2214 5649 2922 5714">
    <p class='ocr_par' dir='ltr' id='par_1_120' title="bbox 2214 5649 2922 5714">
     <span class='ocr_line' id='line_1_120' title="bbox 2214 5649 2922 5714; baseline 0.006 -17"><span class='ocrx_word' id='word_1_825' title='bbox 2214 5657 2278 5706; x_wconf 72' lang='lat' dir='ltr'><strong>(cl</strong></span> <span class='ocrx_word' id='word_1_826' title='bbox 2312 5651 2424 5698; x_wconf 83' lang='lat' dir='ltr'><strong>Liv.</strong></span> <span class='ocrx_word' id='word_1_827' title='bbox 2450 5650 2547 5714; x_wconf 76' lang='lat' dir='ltr'><strong>lib.</strong></span> <span class='ocrx_word' id='word_1_828' title='bbox 2578 5649 2672 5714; x_wconf 71' lang='lat'><strong>2.3;</strong></span> <span class='ocrx_word' id='word_1_829' title='bbox 2695 5665 2808 5714; x_wconf 84' lang='lat' dir='ltr'><strong>cap.</strong></span> <span class='ocrx_word' id='word_1_830' title='bbox 2848 5649 2922 5701; x_wconf 75' lang='lat'><strong>12‘.</strong></span> 
     </span>
    </p>
   </div>
   <div class='ocr_carea' id='block_1_121' title="bbox 2213 5712 3328 5783">
    <p class='ocr_par' dir='ltr' id='par_1_121' title="bbox 2213 5712 3328 5783">
     <span class='ocr_line' id='line_1_121' title="bbox 2213 5712 3328 5783; baseline 0.006 -22"><span class='ocrx_word' id='word_1_831' title='bbox 2213 5714 2288 5777; x_wconf 84' lang='grc' dir='ltr'><strong>(ιῖ)</strong></span> <span class='ocrx_word' id='word_1_832' title='bbox 2322 5713 2418 5771; x_wconf 78' lang='lat' dir='ltr'><strong>1a.,</strong></span> <span class='ocrx_word' id='word_1_833' title='bbox 2448 5712 2541 5763; x_wconf 85' lang='lat' dir='ltr'><strong>lib.</strong></span> <span class='ocrx_word' id='word_1_834' title='bbox 2572 5712 2651 5775; x_wconf 84' lang='lat'><strong>22,</strong></span> <span class='ocrx_word' id='word_1_835' title='bbox 2684 5712 2796 5778; x_wconf 74' lang='lat' dir='ltr'><strong>cap.</strong></span> <span class='ocrx_word' id='word_1_836' title='bbox 2828 5714 2908 5776; x_wconf 79' lang='lat'><strong>57,</strong></span> <span class='ocrx_word' id='word_1_837' title='bbox 2934 5715 2989 5767; x_wconf 89' lang='lat' dir='ltr'><strong>et</strong></span> <span class='ocrx_word' id='word_1_838' title='bbox 3020 5729 3133 5783; x_wconf 83' lang='lat' dir='ltr'><strong>cap.</strong></span> <span class='ocrx_word' id='word_1_839' title='bbox 3166 5716 3328 5770; x_wconf 69' lang='lat'><strong>59.61.</strong></span> 
     </span>
    </p>
   </div>
  </div>
