4142 6186
270 303 379 367 101

271 445 406 498 tunc
459 441 787 514 legionibus
835 460 936 516 pro
983 448 1232 503 extrema
1261 447 1448 504 salute
1485 449 1696 508 collata
1726 455 1900 509 sunt?

269 559 485 615 CAPUT
498 559 767 617 XX.—De
785 565 953 619 exitio
985 563 1442 634 Saguntinorum,
1463 569 1661 641 quibus
1679 578 1906 640 propter

333 651 703 706 Romanorum
757 654 1070 710 amicitiam
1110 656 1470 727 pereuntibus
1524 657 1610 713 dii
1672 657 1906 715 Romani

353 741 635 796 auxilium
665 758 782 797 non
810 743 1078 800 tulerunt.

335 837 439 895 Sed
483 841 542 896 in
575 840 666 897 his
704 843 980 899 omnibus
1021 843 1158 900 belli
1189 846 1394 903 Punici
1433 847 1671 904 secundi
1704 847 1897 917 malis,

267 927 409 983 nihil
456 929 848 987 miserabilius
893 948 959 987 ac
991 933 1310 990 miserabili
1359 936 1595 1007 querela
1644 937 1900 1008 dignius,

266 1034 436 1087 quam
476 1021 714 1075 exitium
757 1020 1218 1092 Saguntinorum
1262 1025 1370 1080 fuit
1396 1027 1492 1098 (a).
1518 1027 1646 1084 Haec
1685 1028 1902 1099 quippe

263 1107 548 1178 Hispaniae
598 1108 770 1166 civita
805 1110 1162 1169 amicissima
1208 1113 1407 1185 populi
1457 1115 1724 1187 Romani,
1761 1117 1901 1174 dum

259 1197 445 1253 eidem
486 1198 700 1270 pepulo
742 1200 914 1257 ﬁdem
956 1207 1168 1270 servat,
1201 1220 1399 1261 eversa
1436 1211 1543 1262 est.
1569 1205 1714 1262 Hinc
1745 1206 1899 1262 enim

257 1287 508 1343 Annibal
533 1288 710 1345 fracto
731 1289 942 1348 laedere
959 1291 1381 1362 Romanorum,
1405 1311 1611 1351 causae
1633 1295 1902 1366 quaesivit

255 1376 460 1446 quibus
481 1394 580 1434 eos
601 1378 857 1436 irritaret
877 1382 946 1436 ad
978 1380 1221 1437 bellum.
1244 1387 1566 1454 Saguntum
1591 1400 1726 1456 ergo
1751 1385 1897 1442 fero-

251 1465 390 1520 citer
420 1465 728 1523 obsidebat
753 1485 765 1523 :
791 1470 941 1538 quod
969 1471 1061 1525 ubi
1096 1471 1290 1526 Romae
1315 1473 1578 1529 auditum
1603 1482 1708 1542 est,
1734 1474 1897 1531 missi

250 1552 416 1624 legati
431 1557 509 1610 ad
530 1557 897 1625 Annibalem,
920 1562 979 1614 ut
995 1559 1067 1614 ab
1087 1559 1134 1629 ej
1147 1577 1212 1616 us
1229 1561 1534 1618 obsidione
1550 1563 1895 1620 discederet.

251 1640 582 1716 Contempti
613 1645 1017 1719 Carthaginem
1050 1655 1324 1720 pergunt,
1348 1652 1896 1725 querimoniamque

249 1731 552 1803 deponunt
573 1734 805 1791 foederis
837 1738 1014 1808 rupti,
1039 1739 1368 1811 infectoque
1389 1741 1620 1813 negotio
1650 1743 1891 1799 Romam

245 1823 504 1878 redeunt.
533 1823 682 1879 Dum
703 1824 787 1880 hae
821 1842 991 1882 moras
1017 1833 1292 1899 aguntur,
1318 1829 1532 1887 misera
1564 1831 1663 1887 illa
1693 1833 1892 1889 civitas

244 1910 712 1983 opulentissima,
745 1931 862 1970 sua:
893 1916 1222 1988 reipublicae
1250 1919 1642 1993 Romanaeque
1671 1922 1891 1978 charis-

241 2002 400 2071 sima,
435 2009 646 2061 octavo
693 2006 782 2062 vel
831 2023 1035 2064 nonoa
1081 2011 1272 2067 Poenis
1315 2028 1515 2069 mensa
1562 2013 1748 2068 deleta
1778 2017 1888 2071 est.

239 2090 412 2162 Cujus
434 2091 740 2150 interitum
764 2094 976 2167 legere,
1000 2103 1218 2168 quanto
1243 2100 1430 2172 magis
1453 2100 1725 2170 scribere,
1751 2102 1890 2158 hor-

237 2180 371 2236 roris
403 2190 518 2238 est.
563 2183 821 2240 Breviter
857 2189 1049 2241 tamen
1087 2201 1220 2243 eum
1261 2191 1734 2246 commemorabo
1767 2207 1780 2245 :
1815 2191 1888 2247 ad

235 2283 343 2324 rem
357 2271 584 2344 quippe
598 2290 725 2344 quas
740 2273 950 2345 agitur,
968 2279 1222 2332 multum
1240 2279 1506 2349 pertinet.
1523 2279 1718 2334 Primo
1740 2281 1891 2334 fame

237 2359 540 2415 contabuit
571 2377 585 2416 :
618 2377 754 2416 nam
785 2363 961 2418 etiam
1002 2380 1238 2419 suorum
1279 2366 1662 2421 cadaveribus
1691 2383 1724 2420 a
1746 2381 1893 2421 non-

237 2445 410 2503 nullis
434 2453 601 2519 pasta
619 2449 978 2520 perhibetur.
996 2451 1213 2508 Deinde
1228 2453 1493 2509 omnium
1515 2455 1666 2510 fessa
1685 2471 1890 2524 rerum,

238 2549 297 2588 ne
327 2534 553 2591 saltem
595 2535 825 2607 captiva
864 2538 922 2594 in
966 2555 1171 2595 manus
1201 2541 1506 2597 Annibalis
1545 2541 1889 2613 perveniret,

238 2621 543 2694 ingentem
567 2641 774 2696 rogum
805 2627 1036 2697 publice
1056 2629 1286 2697 struxit,
1307 2629 1366 2684 in
1399 2646 1568 2700 quem
1589 2631 1889 2687 ardentem

239 2711 384 2766 ferro
418 2712 603 2768 etiam
628 2714 946 2772 trucidatos
974 2733 1176 2772 omnes
1201 2733 1262 2774 se
1289 2735 1548 2790 suosque
1577 2720 1886 2776 miserunt.

237 2801 336 2856 Hic
365 2801 593 2873 aliquid
628 2809 866 2875 agerent
888 2805 968 2859 dii
1002 2805 1522 2880 helluones‘atque
1544 2809 1886 2879 nebulones,

239 2891 657 2947 sacriﬁciorum
691 2891 966 2964 adipibus
996 2894 1311 2963 inhiantes,
1333 2902 1389 2953 et
1419 2897 1708 2954 fallacium
1741 2898 1885 2954 divi-

239 2979 538 3035 nationum
571 2980 821 3052 caligine
843 2982 1196 3054 decipientes
1221 3001 1234 3040 :
1259 2984 1352 3042 hic
1375 2986 1595 3059 aliquid
1624 2994 1880 3058 agerent,

237 3067 439 3124 civitati
461 3071 662 3140 pepuli
681 3070 1314 3130 Romaniamicissimaa
1329 3077 1727 3149 subvenirent,
1745 3079 1878 3134 ﬁdei

234 3157 668 3215 conservatione
701 3165 1037 3232 pereuntem
1081 3163 1268 3234 perire
1299 3181 1415 3220 non
1448 3167 1728 3222 sinerent.
1759 3168 1879 3239 Ipsi

233 3246 420 3318 utique
452 3249 636 3304 medii
671 3251 1047 3320 praefuerunt,
1073 3269 1207 3308 cum
1237 3253 1508 3310 Romanae
1541 3256 1876 3328 reipublicae

230 3335 534 3408 interjecto
583 3338 794 3395 foedere
843 3341 1111 3411 copulata
1159 3351 1265 3399 est.
1291 3343 1640 3401 Custodiens
1680 3347 1877 3418 itaque

232 3422 464 3482 fideliter
507 3427 657 3498 quod
677 3427 817 3499 ipsis
839 3431 1188 3499 praesidibus
1212 3432 1423 3503 placito
1447 3435 1738 3505 junxerat,
1766 3435 1877 3490 ﬁde

231 3513 513 3583 vinxerat,
525 3516 820 3586 juratione
848 3521 1293 3588 constrinxerat,
1313 3540 1345 3576 a
1372 3523 1589 3593 perﬁdo
1619 3524 1875 3594 obsessa,

235 3617 530 3674 oppressa,
548 3611 896 3678 consumpta
916 3617 1018 3664 est.
1035 3608 1093 3664 Si
1115 3610 1227 3679 ipsi
1246 3611 1328 3665 dii
1348 3615 1689 3683 tempestate
1703 3617 1877 3684 atque

235 3690 578 3750 fulminibus
623 3695 970 3754 Annibalem
1007 3702 1206 3768 postea
1239 3699 1517 3755 Romanis
1549 3701 1874 3771 proximum

237 3783 520 3839 moenibus
549 3788 902 3854 terruerunt,
937 3786 1224 3860 longeque
1266 3788 1554 3844 miserunt
1586 3789 1658 3860 (b)
1691 3810 1707 3861 ;
1737 3795 1877 3846 tunc

237 3871 476 3941 primum
519 3872 631 3931 tale
652 3875 872 3947 aliquid
897 3877 1176 3933 facerent.
1199 3879 1396 3935 Audeo
1428 3879 1644 3952 quippe
1665 3881 1875 3950 dicere,

239 3957 536 4019 honestius
557 3962 688 4020 illos
712 3981 814 4036 pro
832 3965 1035 4022 amicis
1057 3966 1478 4034 Romanorum,
1506 3969 1630 4025 ideo
1654 3970 1877 4041 pericli-

239 4050 484 4108 tantibus
538 4068 609 4109 ne
639 4053 914 4110 Romanis
961 4053 1292 4126 frangerent
1329 4057 1522 4126 ﬁdem,
1556 4062 1612 4114 et
1651 4059 1872 4116 nullam

242 4151 387 4207 Opem
409 4145 556 4196 tunc
575 4141 948 4211 habentibus,
967 4159 1142 4214 quam
1165 4163 1267 4217 pro
1289 4146 1436 4217 ipsis
1454 4147 1753 4218 Romanis,
1773 4148 1873 4220 qui

241 4242 329 4296 pro
356 4246 416 4284 se
448 4231 819 4303 pugnabant,
841 4240 1016 4303 atque
1046 4235 1326 4292 adversus
1357 4235 1700 4293 Annibalem
1734 4254 1873 4310 Opu-

237 4312 358 4372 lenti
389 4324 581 4390 erant,
605 4321 861 4391 potuisse
891 4327 1232 4394 tempestate
1269 4325 1488 4384 saevire.
1521 4326 1580 4381 Si
1612 4343 1749 4398 ergo
1787 4331 1874 4384 tu-

239 4408 374 4463 tores
403 4414 604 4466 essent
635 4411 906 4468 Romanaa
923 4414 1218 4471 felicitatis
1239 4420 1296 4471 et
1318 4415 1534 4486 glorias,
1553 4421 1673 4473 tam
1705 4435 1872 4490 grave

241 4495 298 4550 ab
311 4511 372 4554 ea
383 4502 605 4556 crimen
623 4501 962 4572 Saguntinas
980 4503 1330 4561 calamitatis
1345 4512 1697 4563 averterent:
1716 4526 1870 4566 nunc

241 4599 355 4642 vero
375 4605 543 4658 quam
573 4589 751 4646 stulte
775 4592 1032 4648 creditur
1053 4594 1165 4650 diis
1187 4594 1303 4650 illis
1325 4596 1732 4654 defensoribus
1755 4599 1869 4656 Ro-

244 4686 376 4730 mam
405 4679 623 4734 victore
653 4679 938 4737 Annibale
970 4699 1084 4737 non
1127 4683 1368 4754 perisse,
1405 4685 1502 4756 qui
1532 4689 1866 4759 Saguntinas

246 4763 481 4821 urbinon
505 4771 840 4838 potuerunt,
862 4785 932 4825 ne
950 4787 1050 4841 pro
1069 4772 1196 4842 ejus
1217 4773 1426 4843 periret
1444 4775 1722 4840 amicitia,
1738 4777 1870 4832 sub-

245 4851 452 4909 venire?
471 4855 530 4911 Si
549 4856 1002 4928 Saguntinorum
1025 4859 1379 4916 christianus
1418 4863 1664 4934 populus
1689 4872 1865 4937 esset,

247 4943 294 4992 et
319 4940 648 5013 hujusmodi
680 4947 899 5018 aliquid
931 4965 1030 5020 pro
1059 4949 1172 5004 ﬁde
1199 4953 1863 5026 evangelicapateretur,

247 5043 554 5104 quanquam
572 5052 632 5091 se
652 5036 776 5109 ipse
791 5054 895 5094 nec
915 5039 1087 5107 ferro,
1105 5056 1208 5096 nec
1229 5040 1458 5106 ignibus
1473 5046 1860 5117 corrupisset;

246 5119 330 5174 sed
352 5125 538 5179 tamen
559 5126 607 5180 si
631 5143 732 5196 pro
755 5127 868 5182 ﬁde
886 5129 1214 5200 evangelica
1231 5131 1518 5188 excidium
1543 5138 1859 5206 pateretur,

245 5221 298 5261 ea
331 5225 423 5281 spe
462 5220 752 5285 pateretur
793 5234 904 5288 qua
933 5218 994 5273 in
1026 5219 1320 5277 Christum
1364 5225 1708 5294 crediderat,
1743 5244 1859 5284 non

1668 318 1904 381 LIBER
1945 323 2300 391 TERTIUS.

3545 359 3658 418 102

2025 458 2195 559 mines
2211 461 2250 516 ί.
2271 465 2380 559 Pro
2401 465 2531 522 istis
2549 473 2742 528 autem
2761 473 2892 542 diis,
2913 477 3009 549 qui
3031 487 3331 553 propterea
3348 486 3455 542 coli
3477 488 3668 559 perhi-

2021 546 2254 642 bentur,
2270 555 2368 623 qui
2384 565 2685 628 propterea
2702 546 3350 642 colendi‘requiruntur,
3365 583 3425 630 ut
3449 546 3660 635 harum

2019 634 2334 736 labentium
2351 649 2522 716 atque
2540 652 2959 710 transeuntium
2977 634 3411 720 re-rumtelicit'as
3425 670 3548 721 tuta
3563 669 3657 736 sit,

2019 729 2159 797 quid
2194 731 2362 788 nobis
2393 735 2723 794 defensores
2751 746 2806 796 et
2836 753 3203 807 excusatores
3233 768 3430 808 eorum
3457 757 3527 812 de
3557 763 3662 813 Sa-

2017 819 2280 914 guntinis
2303 827 2682 914 pereuntibus
2701 835 3270 906 respondebunt,nisi
3294 846 3445 914 quod
3466 847 3535 902 de
3557 847 3656 902 illo

2018 902 2233 1002 Regulo
2274 910 2606 1002 exstincto?
2655 920 2767 974 Hoc
2809 923 3025 995 quippe
3064 902 3326 995 interest:
3365 935 3518 1002 quod
3559 935 3655 990 ille

2017 1008 2169 1089 unus
2191 995 2388 1068 homo,
2407 999 2527 1058 haec
2547 1008 2666 1060 tota
2688 1007 2920 1066 civitas:
2944 1015 3247 1089 utriusque
3270 995 3459 1077 tamen
3482 1023 3658 1080 inter-

2016 1081 2136 1139 itus
2157 1101 2332 1142 causa
2363 1096 2720 1151 conservatio
2754 1098 2885 1156 fidei
2912 1103 3035 1158 fuit.
3062 1081 3302 1178 Propter
3329 1110 3477 1167 hanc
3499 1115 3652 1168 enim

2016 1173 2086 1225 ad
2114 1173 2305 1231 hostes
2327 1183 2384 1233 et
2406 1182 2592 1236 redire
2615 1182 2708 1239 ille
2732 1188 2929 1256 voluit,
2952 1201 3004 1246 et
3029 1173 3232 1251 nodu—it
3252 1197 3363 1253 ista
3384 1203 3654 1258 transire.

2012 1261 2362 1322 Conservata
2400 1283 2532 1340 ergo
2573 1283 2846 1343 provocat
2885 1282 3120 1339 deorum
3163 1285 3310 1342 iram
3351 1289 3542 1346 ﬁdes?
3579 1309 3652 1349 an

2013 1359 2261 1452 possunt
2295 1365 2346 1411 et
2379 1358 2490 1415 diis
2539 1365 2804 1435 propitiis
2837 1370 3021 1438 perire
3070 1390 3182 1429 non
3217 1376 3402 1433 solum
3437 1380 3652 1452 quique

2011 1438 2512 1528 homines,verum
2535 1452 2706 1508 etiam
2749 1455 2983 1528 integras
3015 1461 3314 1520 civitates?
3330 1438 3533 1524 Utrum
3555 1438 3654 1526 vo-

2009 1527 2409 1604 lunt,eligant.
2429 1537 2485 1592 Si
2509 1541 2664 1597 enim
2682 1543 2812 1601 ﬁdei
2833 1527 3066 1604 servatae
3091 1552 3423 1612 irascuntur
3445 1557 3524 1612 illi
3545 1559 3648 1628 dii,

2009 1630 2272 1692 quaerant
2304 1629 2553 1696 perﬁdos
2580 1649 2612 1688 a
2635 1635 2848 1704 quibus
2877 1639 3230 1700 colanturzsi
3261 1653 3448 1702 autem
3471 1651 3648 1706 etiam

2007 1711 2126 1810 illis
2149 1716 2632 1812 propitiis‘multis
2649 1726 3033 1800 gravibusque
3052 1733 3401 1792 cruciatibus
3425 1736 3647 1812 alllicti,

2007 1800 2244 1892 interire
2280 1804 2543 1864 homines
2565 1811 2940 1886 civitatesque
2971 1828 3240 1892 possunt,
3266 1825 3425 1880 nullo
3458 1800 3645 1886 fructu

2006 1888 2296 1948 felicitatis
2313 1893 2484 1966 hujus
2497 1900 2734 1957 coluntu
2745 1921 2784 1958 r.
2805 1888 3273 1983 Desinantigitur
3284 1930 3644 1987 succensere,

2005 1981 2104 2050 qui
2137 1983 2321 2038 sacris
2347 1985 2585 2045 deorum
2613 2008 2852 2050 suorum
2877 1981 3213 2068 perditisﬁse
3235 2003 3495 2062 infelices
3517 2023 3646 2064 esse

2004 2068 2188 2127 tactos
2212 2079 2444 2142 putant.
2475 2077 2723 2137 Possent
2744 2084 2898 2139 enim
2922 2085 3035 2143 illis
3059 2106 3172 2144 non
3195 2092 3385 2148 solum
3414 2112 3648 2152 manen-

2003 2157 2182 2226 tibus,
2203 2175 2406 2217 verum
2440 2165 2616 2221 etiam
2651 2168 2997 2241 faventibus,
3024 2192 3160 2244 non,
3185 2177 3335 2234 sicut
3360 2183 3550 2252 modo,
3575 2185 3645 2238 de

2004 2246 2242 2303 miseria
2257 2265 2640 2324 murmurare,
2656 2259 2756 2312 sed
2777 2260 3076 2318 sicuttunc
3094 2264 3345 2332 Regulus
3359 2271 3415 2321 et
3428 2268 3648 2339 Sagun-

2002 2334 2133 2396 tini,
2157 2339 2466 2394 excruciati
2488 2342 2844 2401 horribiliter
2859 2349 3030 2405 etiam
3054 2353 3287 2422 penitus
3311 2334 3573 2413 interire.

2003 2448 2239 2506 CAPUT
2277 2453 2674 2526 XXI.—Quam
2712 2461 2931 2534 ingrata
2969 2466 3141 2533 fuerit
3180 2469 3421 2525 Romana
3459 2474 3650 2529 civitas

2073 2535 2322 2630 Scipioni
2343 2541 2631 2601 liberatori
2655 2563 2773 2614 suo,
2797 2552 2846 2603 et
2872 2551 2929 2605 in
2961 2553 3156 2622 quibus
3184 2556 3431 2612 moribus
3449 2563 3644 2630 egerit,

2072 2627 2286 2698 quando
2314 2646 2435 2686 eam
2464 2632 2764 2693 Sallustius
2791 2640 3054 2711 optimam
3081 2645 3256 2714 fuisse
3275 2647 3555 2705 describit;

2070 2727 2249 2783 Porro
2280 2727 2428 2786 inter
2458 2736 2778 2792 secundum
2811 2743 2868 2794 et
2886 2745 3247 2810 postremum
3275 2745 3486 2802 bellum
3513 2748 3646 2804 Car-

1996 2812 2362 2887 thaginense,
2395 2823 2627 2891 quando
2673 2825 2984 2886 Sallustius
3015 2832 3250 2904 optimis
3292 2836 3553 2893 moribus
3584 2843 3640 2894 et

1997 2903 2248 2962 maxima
2267 2912 2570 2967 concordia
2584 2915 2928 2988 dixitegisse
2943 2903 3236 2978 Romanos
3258 2924 3467 2991 (multa
3480 2927 3636 2984 enim

1991 2997 2288 3086 praetereo,
2312 3002 2569 3072 suscepti
2612 3006 2804 3075 operis
2837 3009 3074 3064 modum
3097 3012 3380 3086 cogitans)
3402 3031 3414 3068 :
3435 3017 3636 3072 eodem

1991 3097 2126 3154 ergo
2158 3084 2285 3155 ipso
2317 3091 2575 3161 tempore
2608 3109 2836 3150 morum
2870 3097 3222 3167 optimorum
3256 3084 3638 3176 matrimisque

1991 3175 2333 3268 concordia},
2358 3179 2546 3251 Scipio
2568 3181 2663 3239 ille
2688 3185 2882 3242 Romae
2913 3188 3207 3262 Italiaeque
3229 3192 3503 3250 liberator
3534 3175 3634 3268 (θα),

1989 3263 2367 3337 ejusdemque
2397 3268 2531 3324 belli
2556 3272 2755 3330 Punici
2789 3279 3025 3334 secundi
3053 3283 3170 3336 tam
3194 3281 3487 3351 horrendi,
3514 3263 3635 3342 tarn

1988 3353 2230 3425 exitiosi,
2255 3361 2377 3412 tam
2403 3361 2709 3430 periculosi
2739 3367 3051 3436 praeclarus
3075 3371 3475 3443 mirabilisque
3497 3391 3637 3430 con-

1987 3441 3633 3534 fector,victorAnnibalisdomitorqueCarthaginis,cujus

1987 3530 2060 3584 ab
2076 3531 2465 3624 adolescentia
2477 3540 3078 3604 vitadescribiturdiis
3091 3530 3634 3624 deditavtemplisque

1988 3621 2203 3677 nutrita
2216 3623 2312 3695 (ὁ),
2329 3625 2694 3686 inimicorum
2707 3635 3384 3707 accusationibuscessit,
3401 3621 3630 3696 carens-

1989 3727 2098 3780 que
2112 3716 2317 3782 patria,
2331 3732 2506 3786 quam
2521 3717 2849 3774 suavirtute
2868 3721 3088 3777 salvam
3106 3728 3163 3778 et
3177 3724 3416 3779 liberam
3435 3727 3629 3781 reddi-

1987 3800 2090 3868 dit,
2125 3801 2184 3857 in
2216 3804 2428 3874 oppido
2449 3804 2811 3863 Linternensi
2835 3810 2950 3879 egit
2978 3810 3265 3883 reliquam
3289 3814 3632 3886 complevit-

1985 3905 2099 3961 que
2137 3891 2336 3960 vitam,
2368 3897 2501 3964 post
2549 3894 2839 3967 insignem
2861 3914 3032 3954 suum
3069 3899 3431 3972 triumphum
3468 3902 3627 3959 nullo

1983 3977 2144 4034 illius
2176 3980 2337 4037 urbis
2367 3987 2572 4054 captus
2609 3984 2920 4054 desiderio,
2952 3989 3032 4044 ita
3065 3996 3121 4044 ut
3146 3989 3397 4059 jussisse
3423 3991 3627 4063 perhi-

1984 4066 2205 4137 beatur,
2230 4085 2301 4125 ne
2323 4070 2528 4127 saltem
2554 4079 2784 4130 mortuo
2807 4076 2866 4131 in
2883 4075 3114 4149 ingrata
3135 4079 3316 4150 patria
3337 4079 3510 4136 funus
3533 4081 3629 4137 ﬁe-

1982 4160 2071 4212 ret
2101 4157 2189 4230 (c).
2211 4157 2427 4216 Deinde
2461 4169 2594 4218 tunc
2626 4163 2880 4234 primum
2912 4182 3016 4238 per
3045 4169 3263 4224 Cneum
3289 4168 3571 4225 Manlium
3603 4171 3624 4205 ³

1982 4249 2388 4318 proconsulem
2403 4251 2471 4306 de
2489 4251 2858 4326 Gallograecis
2876 4257 3330 4330 triumphantem
3344 4302 3357 4328 ,
3373 4260 3625 4318 Asiatica

1981 4334 2204 4393 luxuria
2228 4338 2471 4397 Romam
2495 4343 2655 4398 omni
2686 4343 2854 4401 hoste
2884 4347 3046 4418 pejor
3077 4349 3311 4420 irrepsit
3333 4350 3430 4421 (ἀ).
3462 4355 3623 4408 Tunc

1982 4426 2136 4481 enim
2168 4428 2425 4499 primum
2476 4431 2603 4488 lecti
2637 4435 2816 4503 erati,
2839 4443 2892 4491 et
2927 4438 3181 4506 pretiosa
3211 4439 3469 4510 stragula
3498 4441 3622 4498 visa

1981 4515 2395 4584 perhibentur:
2429 4525 2568 4576 tunc
2599 4522 2850 4580 inductae
2878 4525 2932 4579 in
2967 4527 3226 4583 convivia
3259 4527 3532 4600 psaltriae,
3565 4534 3620 4587 et

1980 4604 2094 4660 alia
2117 4604 2420 4664 licentiosa
2447 4612 2720 4682 nequitia.
2745 4614 2854 4668 Sed
2885 4631 3039 4671 nunc
3072 4617 3141 4672 de
3167 4616 3256 4670 his
3292 4618 3461 4674 malis
3491 4635 3616 4691 quae

1977 4693 2418 4755 intolerabiliter
2435 4699 2695 4757 homines
2718 4703 3036 4774 patiuntur,
3060 4722 3175 4762 non
3199 4705 3270 4762 de
3287 4706 3381 4764 his
3402 4724 3528 4779 quae
3552 4709 3620 4766 li-

1976 4784 2178 4842 benter
2195 4787 2438 4859 faciunt,
2457 4791 2905 4851 dicereinstitui.
2923 4795 3242 4852 Undeillud
3261 4797 3448 4869 magis
3461 4800 3614 4868 quod

1975 4873 2045 4930 de
2071 4875 2324 4948 Scipioni
2345 4883 2812 4950 commemoravi,
2833 4885 2986 4956 quod
3011 4887 3223 4942 cedens
3245 4886 3501 4943 inimicis
3523 4903 3615 4944 ex-

2036 5053 2052 5086 1
2084 5048 2146 5097 In
2175 5050 2302 5124 solis
2329 5050 2502 5124 editis,
2547 5052 2640 5124 sed
2667 5057 3018 5124 αειεζῃίεαείε
3049 5059 3390 5110 interminae
3410 5060 3614 5124 potire-

1970 5120 2085 5161 tur.
2114 5139 2178 5149 —
2205 5113 2307 5170 En,
2339 5114 2754 5166 interminatus.
2790 5118 2855 5166 M.

2032 5175 2054 5208 2
2082 5175 2421 5248 Vind._E_r_._et
2450 5179 2592 5248 Illas...
2614 5179 2828 5248 Gueum
2857 5182 3157 5248 Manlium.
3181 5185 3394 5236 Codices
3421 5186 3610 5248 nostri,

1969 5239 2180 5288 Cneum
2193 5240 2663 5306 Mallium.lpsum
2675 5243 2855 5294 Livius
2868 5244 2930 5293 39
2949 5246 3147 5298 Cneum
3162 5249 3416 5298 Manlium
3431 5239 3612 5297 Volso:

1968 5314 2094 5371 ne_m_
2113 5305 2285 5371 vocat,
2315 5304 2648 5371 εδδ-(19681118
2670 5307 2769 5371 qui
2791 5308 2971 5357 Asiam
2995 5312 3214 5366 (scilicet
3239 5311 3518 5371 Minorem)
3529 5311 3610 5360 in-

1967 5365 2212 5413 colebant
2238 5367 2331 5427 qui
2359 5365 2709 5478 Gallograeci‘
2730 5370 2783 5419 et
2828 5371 3046 5422 Galatae
3085 5374 3213 5424 dicti
3238 5376 3382 5436 sunt)
3414 5365 3609 5424 trium-

1967 5427 2159 5478 Dhasse
2188 5432 2462 5478 memorat.
2551 5468 2562 5478 .

1965 5427 2159 5489 phasse
2188 5432 2462 5479 memorat.
2494 5427 2562 5478 lli.

2031 5488 2100 5552 (α)
2133 5489 2304 5552 Scipio
2333 5493 2613 5542 Africanus
2642 5495 2829 5557 major.

2031 5568 2099 5647 ge)
2128 5568 2324 5647 Rivius,
2475 5571 2557 5647 ἓξ,
2587 5585 2700 5636 cap.
2722 5575 2892 5647 l_9n;_e‘t
2909 5577 2970 5627 A.
2994 5576 3210 5639 Gellius,
3239 5577 3331 5630 lib.
3363 5579 3412 5646 7,
3432 5593 3544 5647 cap.
3562 5584 3607 5637 1.

2029 5631 2093 5742 (9
2125 5632 2322 5707 Livius,
2351 5635 2444 5684 lib.
2475 5634 2554 5691 38,
2586 5631 2696 5742 cui).
2732 5631 2897 5691 50:56.

2032 5693 2047 5742 ί
2093 5697 2108 5742 l
2135 5694 2232 5742 Id..
2261 5695 2354 5742 11b.
2385 5695 2465 5742 39.
2494 5711 2606 5742 can.
2675 5737 2685 5742 -

2032 5693 2108 5759 (ἀ)
2135 5694 2232 5752 Id..
2261 5693 2354 5745 lib.
2385 5695 2465 5755 39,
2494 5711 2606 5763 cap.
2639 5693 2686 5751 6.

243 5301 480 5356 mercede
507 5302 833 5361 brevissimi
863 5309 1166 5380 temporis,
1195 5311 1290 5365 sed
1325 5313 1664 5370 aeternitatis
1688 5315 1860 5372 inter-

296 5424 310 5490 ?
515 5431 567 5479 et
598 5430 735 5490 Am.,
767 5431 1097 5482 duelliones.

275 5485 792 5568 :l‘flgflguntumsive
808 5495 1076 5568 Saguntos
1087 5498 1215 5568 urbs
1227 5498 1352 5568 olim
1371 5501 1665 5568 clarissima
1677 5503 1857 5568 Hispa-

242 5549 344 5621 giae
353 5549 1075 5621 Tarraconensismonprocul
1086 5573 1118 5608 a
1131 5561 1243 5610 loco
1257 5562 1348 5610 ubi
1362 5577 1504 5613 nunc
1520 5549 1857 5617 Valenti—erlis

241 5606 366 5692 mitts
383 5627 486 5692 per
506 5606 830 5692 Annibalem‘
847 5606 1348 5692 eversione

292 5627 366 5660 ιῐιδ
425 5627 482 5664 er
506 5627 818 5669 annibalem
847 5627 1056 5671 eversio:

292 5671 355 5738 (ὁ)
383 5627 570 5739 fivius,
600 5682 693 5732 lib.
724 5682 803 5740 26,
834 5695 945 5750 cap.
979 5683 1056 5734 11.
