  <div class='ocr_page' id='page_1' title='image "/cluster/home/n/w/nwhite01/storage/ocr_20150623/41/hvd.32044096580634/057.png"; bbox 0 0 4128 6190; ppageno 0'>
   <div class='ocr_carea' id='block_1_1' title="bbox 472 281 584 342">
    <p class='ocr_par' dir='ltr' id='par_1_1' title="bbox 472 281 584 342">
     <span class='ocr_line' id='line_1_1' title="bbox 472 281 584 342; baseline 0 -1"><span class='ocrx_word' id='word_1_1' title='bbox 472 281 584 342; x_wconf 85' lang='grc'>103</span> 
     </span>
    </p>
   </div>
   <div class='ocr_carea' id='block_1_2' title="bbox 460 411 2109 488">
    <p class='ocr_par' dir='ltr' id='par_1_2' title="bbox 460 411 2109 488">
     <span class='ocr_line' id='line_1_2' title="bbox 460 411 2109 488; baseline -0.004 -15"><span class='ocrx_word' id='word_1_2' title='bbox 460 421 550 474; x_wconf 89' lang='lat' dir='ltr'>tra</span> <span class='ocrx_word' id='word_1_3' title='bbox 570 415 839 488; x_wconf 88' lang='lat' dir='ltr'>patriam,</span> <span class='ocrx_word' id='word_1_4' title='bbox 856 431 1032 487; x_wconf 89' lang='lat' dir='ltr'>quam</span> <span class='ocrx_word' id='word_1_5' title='bbox 1053 413 1341 480; x_wconf 83' lang='lat' dir='ltr'>liberavit,</span> <span class='ocrx_word' id='word_1_6' title='bbox 1360 416 1624 469; x_wconf 89' lang='lat' dir='ltr'>mortuus</span> <span class='ocrx_word' id='word_1_7' title='bbox 1639 415 1746 481; x_wconf 90' lang='lat' dir='ltr'>est,</span> <span class='ocrx_word' id='word_1_8' title='bbox 1764 411 1836 468; x_wconf 89' lang='lat' dir='ltr'>ad</span> <span class='ocrx_word' id='word_1_9' title='bbox 1852 427 2109 485; x_wconf 68' lang='lat' dir='ltr'>praesen-</span> 
     </span>
    </p>
   </div>
   <div class='ocr_carea' id='block_1_3' title="bbox 459 500 2108 578">
    <p class='ocr_par' dir='ltr' id='par_1_3' title="bbox 459 500 2108 578">
     <span class='ocr_line' id='line_1_3' title="bbox 459 500 2108 578; baseline -0.004 -16"><span class='ocrx_word' id='word_1_10' title='bbox 459 513 575 562; x_wconf 90' lang='lat' dir='ltr'>tem</span> <span class='ocrx_word' id='word_1_11' title='bbox 593 503 1326 578; x_wconf 88' lang='lat' dir='ltr'>pertinetdisputationem,</span> <span class='ocrx_word' id='word_1_12' title='bbox 1347 502 1500 574; x_wconf 88' lang='lat' dir='ltr'>quod</span> <span class='ocrx_word' id='word_1_13' title='bbox 1523 501 1571 558; x_wconf 90' lang='lat' dir='ltr'>ei</span> <span class='ocrx_word' id='word_1_14' title='bbox 1588 502 1853 558; x_wconf 86' lang='lat' dir='ltr'>Romana</span> <span class='ocrx_word' id='word_1_15' title='bbox 1865 500 2108 557; x_wconf 91' lang='lat' dir='ltr'>numina</span> 
     </span>
    </p>
   </div>
   <div class='ocr_carea' id='block_1_4' title="bbox 459 590 2108 666">
    <p class='ocr_par' dir='ltr' id='par_1_4' title="bbox 459 590 2108 666">
     <span class='ocr_line' id='line_1_4' title="bbox 459 590 2108 666; baseline -0.003 -16"><span class='ocrx_word' id='word_1_16' title='bbox 459 612 492 650; x_wconf 89' lang='lat' dir='ltr'>a</span> <span class='ocrx_word' id='word_1_17' title='bbox 523 610 772 666; x_wconf 90' lang='lat' dir='ltr'>quorum</span> <span class='ocrx_word' id='word_1_18' title='bbox 799 593 1027 665; x_wconf 85' lang='lat' dir='ltr'>templis</span> <span class='ocrx_word' id='word_1_19' title='bbox 1059 594 1260 649; x_wconf 89' lang='lat' dir='ltr'>avertit</span> <span class='ocrx_word' id='word_1_20' title='bbox 1290 590 1656 660; x_wconf 78' lang='lat' dir='ltr'>Annibalem,</span> <span class='ocrx_word' id='word_1_21' title='bbox 1691 608 1805 646; x_wconf 93' lang='lat' dir='ltr'>non</span> <span class='ocrx_word' id='word_1_22' title='bbox 1838 591 2108 647; x_wconf 90' lang='lat' dir='ltr'>reddide-</span> 
     </span>
    </p>
   </div>
   <div class='ocr_carea' id='block_1_5' title="bbox 460 680 2108 754">
    <p class='ocr_par' dir='ltr' id='par_1_5' title="bbox 460 680 2108 754">
     <span class='ocr_line' id='line_1_5' title="bbox 460 680 2108 754; baseline -0.004 -15"><span class='ocrx_word' id='word_1_23' title='bbox 460 688 597 740; x_wconf 92' lang='lat' dir='ltr'>runt</span> <span class='ocrx_word' id='word_1_24' title='bbox 613 684 790 739; x_wconf 85' lang='lat' dir='ltr'>vicem</span> <span class='ocrx_word' id='word_1_25' title='bbox 803 724 815 748; x_wconf 94' lang='lat'>,</span> <span class='ocrx_word' id='word_1_26' title='bbox 834 698 957 754; x_wconf 63' lang='lat' dir='ltr'>qua</span> <span class='ocrx_word' id='word_1_27' title='bbox 979 685 1210 753; x_wconf 81' lang='lat' dir='ltr'>propter</span> <span class='ocrx_word' id='word_1_28' title='bbox 1229 681 1399 736; x_wconf 87' lang='lat' dir='ltr'>istam</span> <span class='ocrx_word' id='word_1_29' title='bbox 1415 681 1822 737; x_wconf 78' lang='lat' dir='ltr'>tantummodo</span> <span class='ocrx_word' id='word_1_30' title='bbox 1839 680 2108 736; x_wconf 87' lang='lat' dir='ltr'>coluntur</span> 
     </span>
    </p>
   </div>
   <div class='ocr_carea' id='block_1_6' title="bbox 459 768 2107 842">
    <p class='ocr_par' dir='ltr' id='par_1_6' title="bbox 459 768 2107 842">
     <span class='ocr_line' id='line_1_6' title="bbox 459 768 2107 842; baseline -0.003 -13"><span class='ocrx_word' id='word_1_31' title='bbox 459 772 811 829; x_wconf 79' lang='lat' dir='ltr'>felicitatem.</span> <span class='ocrx_word' id='word_1_32' title='bbox 849 772 954 827; x_wconf 87' lang='lat' dir='ltr'>Sed</span> <span class='ocrx_word' id='word_1_33' title='bbox 989 771 1125 842; x_wconf 88' lang='lat' dir='ltr'>quia</span> <span class='ocrx_word' id='word_1_34' title='bbox 1146 769 1459 826; x_wconf 78' lang='lat' dir='ltr'>Sallustius</span> <span class='ocrx_word' id='word_1_35' title='bbox 1489 785 1554 826; x_wconf 91' lang='lat' dir='ltr'>eo</span> <span class='ocrx_word' id='word_1_36' title='bbox 1577 773 1836 841; x_wconf 90' lang='lat' dir='ltr'>tempore</span> <span class='ocrx_word' id='word_1_37' title='bbox 1859 769 1935 826; x_wconf 89' lang='lat' dir='ltr'>ibi</span> <span class='ocrx_word' id='word_1_38' title='bbox 1960 768 2107 825; x_wconf 84' lang='lat' dir='ltr'>dixit</span> 
     </span>
    </p>
   </div>
   <div class='ocr_carea' id='block_1_7' title="bbox 455 857 2106 932">
    <p class='ocr_par' dir='ltr' id='par_1_7' title="bbox 455 857 2106 932">
     <span class='ocr_line' id='line_1_7' title="bbox 455 857 2106 932; baseline -0.002 -15"><span class='ocrx_word' id='word_1_39' title='bbox 455 878 644 918; x_wconf 86' lang='lat' dir='ltr'>mores</span> <span class='ocrx_word' id='word_1_40' title='bbox 706 859 957 932; x_wconf 90' lang='lat' dir='ltr'>optimos</span> <span class='ocrx_word' id='word_1_41' title='bbox 1017 860 1218 929; x_wconf 86' lang='lat' dir='ltr'>fuisse,</span> <span class='ocrx_word' id='word_1_42' title='bbox 1271 864 1575 932; x_wconf 81' lang='lat' dir='ltr'>propterea</span> <span class='ocrx_word' id='word_1_43' title='bbox 1620 859 1728 914; x_wconf 91' lang='lat' dir='ltr'>hoc</span> <span class='ocrx_word' id='word_1_44' title='bbox 1777 859 1846 914; x_wconf 92' lang='lat' dir='ltr'>de</span> <span class='ocrx_word' id='word_1_45' title='bbox 1892 857 2106 914; x_wconf 81' lang='lat' dir='ltr'>Asiana</span> 
     </span>
    </p>
   </div>
   <div class='ocr_carea' id='block_1_8' title="bbox 460 947 2106 1021">
    <p class='ocr_par' dir='ltr' id='par_1_8' title="bbox 460 947 2106 1021">
     <span class='ocr_line' id='line_1_8' title="bbox 460 947 2106 1021; baseline -0.003 -13"><span class='ocrx_word' id='word_1_46' title='bbox 460 951 690 1008; x_wconf 87' lang='lat' dir='ltr'>luxuria</span> <span class='ocrx_word' id='word_1_47' title='bbox 706 949 1280 1006; x_wconf 88' lang='lat' dir='ltr'>commemorandum</span> <span class='ocrx_word' id='word_1_48' title='bbox 1301 949 1523 1021; x_wconf 87' lang='lat' dir='ltr'>putavi,</span> <span class='ocrx_word' id='word_1_49' title='bbox 1553 947 1920 1020; x_wconf 82' lang='lat' dir='ltr'>intelligatur</span> <span class='ocrx_word' id='word_1_50' title='bbox 1935 947 2106 1003; x_wconf 89' lang='lat' dir='ltr'>etiam</span> 
     </span>
    </p>
   </div>
   <div class='ocr_carea' id='block_1_9' title="bbox 452 1038 2101 1111">
    <p class='ocr_par' dir='ltr' id='par_1_9' title="bbox 452 1038 2101 1111">
     <span class='ocr_line' id='line_1_9' title="bbox 452 1038 2101 1111; baseline 0 -17"><span class='ocrx_word' id='word_1_51' title='bbox 452 1039 596 1096; x_wconf 92' lang='lat' dir='ltr'>illud</span> <span class='ocrx_word' id='word_1_52' title='bbox 629 1058 661 1095; x_wconf 89' lang='lat' dir='ltr'>a</span> <span class='ocrx_word' id='word_1_53' title='bbox 691 1038 967 1096; x_wconf 82' lang='lat' dir='ltr'>Sallustio</span> <span class='ocrx_word' id='word_1_54' title='bbox 999 1040 1057 1095; x_wconf 92' lang='lat' dir='ltr'>in</span> <span class='ocrx_word' id='word_1_55' title='bbox 1111 1039 1547 1111; x_wconf 83' lang='lat' dir='ltr'>comparatione</span> <span class='ocrx_word' id='word_1_56' title='bbox 1593 1038 1834 1094; x_wconf 86' lang='lat' dir='ltr'>aliorum</span> <span class='ocrx_word' id='word_1_57' title='bbox 1867 1041 2101 1108; x_wconf 88' lang='lat' dir='ltr'>tempo-</span> 
     </span>
    </p>
   </div>
   <div class='ocr_carea' id='block_1_10' title="bbox 455 1125 2101 1200">
    <p class='ocr_par' dir='ltr' id='par_1_10' title="bbox 455 1125 2101 1200">
     <span class='ocr_line' id='line_1_10' title="bbox 455 1125 2101 1200; baseline -0.002 -15"><span class='ocrx_word' id='word_1_58' title='bbox 455 1146 586 1185; x_wconf 89' lang='lat' dir='ltr'>rum</span> <span class='ocrx_word' id='word_1_59' title='bbox 631 1129 874 1197; x_wconf 87' lang='lat' dir='ltr'>dictum,</span> <span class='ocrx_word' id='word_1_60' title='bbox 909 1129 1122 1200; x_wconf 91' lang='lat' dir='ltr'>quibus</span> <span class='ocrx_word' id='word_1_61' title='bbox 1150 1128 1512 1199; x_wconf 84' lang='lat' dir='ltr'>temporibus</span> <span class='ocrx_word' id='word_1_62' title='bbox 1553 1128 1779 1199; x_wconf 81' lang='lat' dir='ltr'>peiores</span> <span class='ocrx_word' id='word_1_63' title='bbox 1812 1126 2010 1198; x_wconf 87' lang='lat' dir='ltr'>utique</span> <span class='ocrx_word' id='word_1_64' title='bbox 2041 1125 2101 1181; x_wconf 90' lang='lat' dir='ltr'>in</span> 
     </span>
    </p>
   </div>
   <div class='ocr_carea' id='block_1_11' title="bbox 452 1209 2100 1291">
    <p class='ocr_par' dir='ltr' id='par_1_11' title="bbox 452 1209 2100 1291">
     <span class='ocr_line' id='line_1_11' title="bbox 452 1209 2100 1291; baseline -0.004 -17"><span class='ocrx_word' id='word_1_65' title='bbox 452 1209 814 1291; x_wconf 69' lang='lat' dir='ltr'>gravissimis</span> <span class='ocrx_word' id='word_1_66' title='bbox 841 1217 1144 1273; x_wconf 88' lang='lat' dir='ltr'>discordiis</span> <span class='ocrx_word' id='word_1_67' title='bbox 1167 1233 1358 1273; x_wconf 92' lang='lat' dir='ltr'>mores</span> <span class='ocrx_word' id='word_1_68' title='bbox 1384 1217 1638 1273; x_wconf 84' lang='lat' dir='ltr'>fuerunt.</span> <span class='ocrx_word' id='word_1_69' title='bbox 1671 1219 1816 1271; x_wconf 88' lang='lat' dir='ltr'>Nam</span> <span class='ocrx_word' id='word_1_70' title='bbox 1848 1219 2009 1285; x_wconf 82' lang='lat' dir='ltr'>tunc,</span> <span class='ocrx_word' id='word_1_71' title='bbox 2042 1214 2100 1269; x_wconf 91' lang='lat' dir='ltr'>id</span> 
     </span>
    </p>
   </div>
   <div class='ocr_carea' id='block_1_12' title="bbox 451 1303 2106 1378">
    <p class='ocr_par' dir='ltr' id='par_1_12' title="bbox 451 1303 2106 1378">
     <span class='ocr_line' id='line_1_12' title="bbox 451 1303 2106 1378; baseline -0.003 -15"><span class='ocrx_word' id='word_1_72' title='bbox 451 1311 542 1363; x_wconf 90' lang='lat' dir='ltr'>est</span> <span class='ocrx_word' id='word_1_73' title='bbox 572 1308 724 1363; x_wconf 91' lang='lat' dir='ltr'>inter</span> <span class='ocrx_word' id='word_1_74' title='bbox 745 1307 1066 1362; x_wconf 89' lang='lat' dir='ltr'>secundum</span> <span class='ocrx_word' id='word_1_75' title='bbox 1095 1315 1150 1362; x_wconf 92' lang='lat' dir='ltr'>et</span> <span class='ocrx_word' id='word_1_76' title='bbox 1175 1311 1536 1378; x_wconf 89' lang='lat' dir='ltr'>postremum</span> <span class='ocrx_word' id='word_1_77' title='bbox 1557 1304 1775 1361; x_wconf 90' lang='lat' dir='ltr'>bellum</span> <span class='ocrx_word' id='word_1_78' title='bbox 1809 1303 2106 1376; x_wconf 83' lang='lat' dir='ltr'>Carthagi-</span> 
     </span>
    </p>
   </div>
   <div class='ocr_carea' id='block_1_13' title="bbox 460 1392 2103 1467">
    <p class='ocr_par' dir='ltr' id='par_1_13' title="bbox 460 1392 2103 1467">
     <span class='ocr_line' id='line_1_13' title="bbox 460 1392 2103 1467; baseline -0.002 -15"><span class='ocrx_word' id='word_1_79' title='bbox 460 1412 663 1463; x_wconf 89' lang='lat' dir='ltr'>nense,</span> <span class='ocrx_word' id='word_1_80' title='bbox 689 1396 802 1453; x_wconf 87' lang='lat' dir='ltr'>lata</span> <span class='ocrx_word' id='word_1_81' title='bbox 833 1400 922 1452; x_wconf 90' lang='lat' dir='ltr'>est</span> <span class='ocrx_word' id='word_1_82' title='bbox 939 1396 1114 1451; x_wconf 90' lang='lat' dir='ltr'>etiam</span> <span class='ocrx_word' id='word_1_83' title='bbox 1137 1395 1236 1452; x_wconf 91' lang='lat' dir='ltr'>illa</span> <span class='ocrx_word' id='word_1_84' title='bbox 1260 1396 1348 1452; x_wconf 85' lang='lat' dir='ltr'>lex</span> <span class='ocrx_word' id='word_1_85' title='bbox 1378 1394 1654 1461; x_wconf 87' lang='lat' dir='ltr'>Voconia,</span> <span class='ocrx_word' id='word_1_86' title='bbox 1678 1409 1751 1451; x_wconf 85' lang='lat' dir='ltr'>ne</span> <span class='ocrx_word' id='word_1_87' title='bbox 1772 1392 1906 1467; x_wconf 84' lang='lat' dir='ltr'>quis</span> <span class='ocrx_word' id='word_1_88' title='bbox 1929 1393 2103 1449; x_wconf 81' lang='lat' dir='ltr'>haere-</span> 
     </span>
    </p>
   </div>
   <div class='ocr_carea' id='block_1_14' title="bbox 454 1483 2104 1556">
    <p class='ocr_par' dir='ltr' id='par_1_14' title="bbox 454 1483 2104 1556">
     <span class='ocr_line' id='line_1_14' title="bbox 454 1483 2104 1556; baseline 0 -16"><span class='ocrx_word' id='word_1_89' title='bbox 454 1486 586 1541; x_wconf 89' lang='lat' dir='ltr'>dem</span> <span class='ocrx_word' id='word_1_90' title='bbox 611 1485 888 1542; x_wconf 83' lang='lat' dir='ltr'>feminam</span> <span class='ocrx_word' id='word_1_91' title='bbox 905 1485 1136 1556; x_wconf 84' lang='lat' dir='ltr'>faceret,</span> <span class='ocrx_word' id='word_1_92' title='bbox 1154 1500 1259 1540; x_wconf 91' lang='lat' dir='ltr'>nec</span> <span class='ocrx_word' id='word_1_93' title='bbox 1279 1484 1512 1542; x_wconf 90' lang='lat' dir='ltr'>unicam</span> <span class='ocrx_word' id='word_1_94' title='bbox 1532 1484 1712 1540; x_wconf 82' lang='lat' dir='ltr'>filiam</span> <span class='ocrx_word' id='word_1_95' title='bbox 1729 1483 1828 1555; x_wconf 90' lang='lat' dir='ltr'>(a).</span> <span class='ocrx_word' id='word_1_96' title='bbox 1848 1483 2104 1554; x_wconf 83' lang='lat' dir='ltr'>Qualege</span> 
     </span>
    </p>
   </div>
   <div class='ocr_carea' id='block_1_15' title="bbox 457 1572 2105 1647">
    <p class='ocr_par' dir='ltr' id='par_1_15' title="bbox 457 1572 2105 1647">
     <span class='ocr_line' id='line_1_15' title="bbox 457 1572 2105 1647; baseline -0.001 -17"><span class='ocrx_word' id='word_1_97' title='bbox 457 1575 597 1647; x_wconf 91' lang='lat' dir='ltr'>quid</span> <span class='ocrx_word' id='word_1_98' title='bbox 616 1575 880 1646; x_wconf 88' lang='lat' dir='ltr'>iniquius</span> <span class='ocrx_word' id='word_1_99' title='bbox 899 1575 1013 1631; x_wconf 89' lang='lat' dir='ltr'>dici</span> <span class='ocrx_word' id='word_1_100' title='bbox 1033 1583 1124 1631; x_wconf 89' lang='lat' dir='ltr'>aut</span> <span class='ocrx_word' id='word_1_101' title='bbox 1145 1574 1387 1646; x_wconf 86' lang='lat' dir='ltr'>cogitari</span> <span class='ocrx_word' id='word_1_102' title='bbox 1411 1574 1617 1646; x_wconf 84' lang='lat' dir='ltr'>possit,</span> <span class='ocrx_word' id='word_1_103' title='bbox 1633 1572 2105 1646; x_wconf 87' lang='lat' dir='ltr'>ignoro.Verum-</span> 
     </span>
    </p>
   </div>
   <div class='ocr_carea' id='block_1_16' title="bbox 455 1665 2104 1724">
    <p class='ocr_par' dir='ltr' id='par_1_16' title="bbox 455 1665 2104 1724">
     <span class='ocr_line' id='line_1_16' title="bbox 455 1665 2104 1724; baseline -0.001 -2"><span class='ocrx_word' id='word_1_104' title='bbox 455 1674 647 1723; x_wconf 89' lang='lat' dir='ltr'>tamen</span> <span class='ocrx_word' id='word_1_105' title='bbox 666 1670 783 1724; x_wconf 90' lang='lat' dir='ltr'>toto</span> <span class='ocrx_word' id='word_1_106' title='bbox 816 1665 915 1721; x_wconf 92' lang='lat' dir='ltr'>illo</span> <span class='ocrx_word' id='word_1_107' title='bbox 939 1666 1238 1722; x_wconf 88' lang='lat' dir='ltr'>intervallo</span> <span class='ocrx_word' id='word_1_108' title='bbox 1261 1667 1510 1723; x_wconf 90' lang='lat' dir='ltr'>duorum</span> <span class='ocrx_word' id='word_1_109' title='bbox 1542 1665 1829 1722; x_wconf 90' lang='lat' dir='ltr'>bellorum</span> <span class='ocrx_word' id='word_1_110' title='bbox 1853 1665 2104 1721; x_wconf 82' lang='lat' dir='ltr'>Punico-</span> 
     </span>
    </p>
   </div>
   <div class='ocr_carea' id='block_1_17' title="bbox 451 1754 2103 1813">
    <p class='ocr_par' dir='ltr' id='par_1_17' title="bbox 451 1754 2103 1813">
     <span class='ocr_line' id='line_1_17' title="bbox 451 1754 2103 1813; baseline -0.001 -1"><span class='ocrx_word' id='word_1_111' title='bbox 451 1773 580 1813; x_wconf 89' lang='lat' dir='ltr'>rum</span> <span class='ocrx_word' id='word_1_112' title='bbox 611 1755 968 1813; x_wconf 85' lang='lat' dir='ltr'>tolerabilior</span> <span class='ocrx_word' id='word_1_113' title='bbox 991 1755 1302 1811; x_wconf 86' lang='lat' dir='ltr'>infelicitas</span> <span class='ocrx_word' id='word_1_114' title='bbox 1327 1755 1453 1811; x_wconf 86' lang='lat' dir='ltr'>fuit.</span> <span class='ocrx_word' id='word_1_115' title='bbox 1489 1754 1664 1811; x_wconf 89' lang='lat' dir='ltr'>Bellis</span> <span class='ocrx_word' id='word_1_116' title='bbox 1696 1755 2103 1812; x_wconf 87' lang='lat' dir='ltr'>tantummodo</span> 
     </span>
    </p>
   </div>
   <div class='ocr_carea' id='block_1_18' title="bbox 451 1843 2102 1912">
    <p class='ocr_par' dir='ltr' id='par_1_18' title="bbox 451 1843 2102 1912">
     <span class='ocr_line' id='line_1_18' title="bbox 451 1843 2102 1912; baseline 0 -12"><span class='ocrx_word' id='word_1_117' title='bbox 451 1845 591 1902; x_wconf 84' lang='lat' dir='ltr'>foris</span> <span class='ocrx_word' id='word_1_118' title='bbox 607 1845 1012 1901; x_wconf 86' lang='lat' dir='ltr'>conterebatur</span> <span class='ocrx_word' id='word_1_119' title='bbox 1032 1846 1342 1912; x_wconf 89' lang='lat' dir='ltr'>exercitus,</span> <span class='ocrx_word' id='word_1_120' title='bbox 1359 1845 1460 1901; x_wconf 92' lang='lat' dir='ltr'>sed</span> <span class='ocrx_word' id='word_1_121' title='bbox 1479 1844 1740 1902; x_wconf 87' lang='lat' dir='ltr'>victoriis</span> <span class='ocrx_word' id='word_1_122' title='bbox 1758 1843 2102 1901; x_wconf 89' lang='lat' dir='ltr'>consolaba-</span> 
     </span>
    </p>
   </div>
   <div class='ocr_carea' id='block_1_19' title="bbox 449 1933 2103 2005">
    <p class='ocr_par' dir='ltr' id='par_1_19' title="bbox 449 1933 2103 2005">
     <span class='ocr_line' id='line_1_19' title="bbox 449 1933 2103 2005; baseline -0.001 -14"><span class='ocrx_word' id='word_1_123' title='bbox 449 1939 548 1991; x_wconf 91' lang='lat' dir='ltr'>tur</span> <span class='ocrx_word' id='word_1_124' title='bbox 571 1953 583 1992; x_wconf 90' lang='lat'><strong>:</strong></span> <span class='ocrx_word' id='word_1_125' title='bbox 611 1935 762 1991; x_wconf 90' lang='lat' dir='ltr'>domi</span> <span class='ocrx_word' id='word_1_126' title='bbox 789 1942 981 1990; x_wconf 89' lang='lat' dir='ltr'>autem</span> <span class='ocrx_word' id='word_1_127' title='bbox 1006 1934 1202 2005; x_wconf 73' lang='lat' dir='ltr'>nullm,</span> <span class='ocrx_word' id='word_1_128' title='bbox 1226 1935 1378 1991; x_wconf 85' lang='lat' dir='ltr'>sicut</span> <span class='ocrx_word' id='word_1_129' title='bbox 1396 1934 1562 2005; x_wconf 88' lang='lat' dir='ltr'>alias,</span> <span class='ocrx_word' id='word_1_130' title='bbox 1588 1934 1888 1991; x_wconf 75' lang='lat' dir='ltr'>discordias</span> <span class='ocrx_word' id='word_1_131' title='bbox 1904 1933 2103 1990; x_wconf 70' lang='lat' dir='ltr'>saevie-</span> 
     </span>
    </p>
   </div>
   <div class='ocr_carea' id='block_1_20' title="bbox 453 2022 2104 2096">
    <p class='ocr_par' dir='ltr' id='par_1_20' title="bbox 453 2022 2104 2096">
     <span class='ocr_line' id='line_1_20' title="bbox 453 2022 2104 2096; baseline 0.001 -16"><span class='ocrx_word' id='word_1_132' title='bbox 453 2025 614 2082; x_wconf 87' lang='lat' dir='ltr'>bant.</span> <span class='ocrx_word' id='word_1_133' title='bbox 644 2025 750 2080; x_wconf 91' lang='lat' dir='ltr'>Sed</span> <span class='ocrx_word' id='word_1_134' title='bbox 786 2024 993 2080; x_wconf 89' lang='lat' dir='ltr'>ultimo</span> <span class='ocrx_word' id='word_1_135' title='bbox 1026 2023 1176 2080; x_wconf 93' lang='lat' dir='ltr'>bello</span> <span class='ocrx_word' id='word_1_136' title='bbox 1209 2023 1427 2080; x_wconf 91' lang='lat' dir='ltr'>Punico</span> <span class='ocrx_word' id='word_1_137' title='bbox 1457 2041 1573 2080; x_wconf 90' lang='lat' dir='ltr'>uno</span> <span class='ocrx_word' id='word_1_138' title='bbox 1604 2025 1827 2096; x_wconf 88' lang='lat' dir='ltr'>impetu</span> <span class='ocrx_word' id='word_1_139' title='bbox 1859 2022 2104 2081; x_wconf 84' lang='lat' dir='ltr'>alterius</span> 
     </span>
    </p>
   </div>
   <div class='ocr_carea' id='block_1_21' title="bbox 453 2113 2103 2186">
    <p class='ocr_par' dir='ltr' id='par_1_21' title="bbox 453 2113 2103 2186">
     <span class='ocr_line' id='line_1_21' title="bbox 453 2113 2103 2186; baseline 0 -18"><span class='ocrx_word' id='word_1_140' title='bbox 453 2114 763 2185; x_wconf 86' lang='lat' dir='ltr'>Scipionis,</span> <span class='ocrx_word' id='word_1_141' title='bbox 797 2113 896 2185; x_wconf 91' lang='lat' dir='ltr'>qui</span> <span class='ocrx_word' id='word_1_142' title='bbox 926 2113 997 2170; x_wconf 92' lang='lat' dir='ltr'>ob</span> <span class='ocrx_word' id='word_1_143' title='bbox 1018 2113 1126 2169; x_wconf 90' lang='lat' dir='ltr'>hoc</span> <span class='ocrx_word' id='word_1_144' title='bbox 1147 2114 1324 2170; x_wconf 87' lang='lat' dir='ltr'>etiam</span> <span class='ocrx_word' id='word_1_145' title='bbox 1352 2115 1475 2186; x_wconf 92' lang='lat' dir='ltr'>ipse</span> <span class='ocrx_word' id='word_1_146' title='bbox 1503 2113 1756 2170; x_wconf 85' lang='lat' dir='ltr'>Africani</span> <span class='ocrx_word' id='word_1_147' title='bbox 1781 2129 2103 2186; x_wconf 89' lang='lat' dir='ltr'>cognomen</span> 
     </span>
    </p>
   </div>
   <div class='ocr_carea' id='block_1_22' title="bbox 453 2202 2102 2275">
    <p class='ocr_par' dir='ltr' id='par_1_22' title="bbox 453 2202 2102 2275">
     <span class='ocr_line' id='line_1_22' title="bbox 453 2202 2102 2275; baseline 0.001 -18"><span class='ocrx_word' id='word_1_148' title='bbox 453 2203 676 2258; x_wconf 89' lang='lat' dir='ltr'>invenit</span> <span class='ocrx_word' id='word_1_149' title='bbox 702 2203 800 2273; x_wconf 87' lang='lat' dir='ltr'>(b),</span> <span class='ocrx_word' id='word_1_150' title='bbox 846 2203 1056 2259; x_wconf 86' lang='lat' dir='ltr'>aemula</span> <span class='ocrx_word' id='word_1_151' title='bbox 1106 2202 1337 2275; x_wconf 89' lang='lat' dir='ltr'>imperii</span> <span class='ocrx_word' id='word_1_152' title='bbox 1388 2203 1633 2260; x_wconf 85' lang='lat' dir='ltr'>Romani</span> <span class='ocrx_word' id='word_1_153' title='bbox 1665 2204 1736 2259; x_wconf 92' lang='lat' dir='ltr'>ab</span> <span class='ocrx_word' id='word_1_154' title='bbox 1785 2204 1962 2275; x_wconf 87' lang='lat' dir='ltr'>stirpe</span> <span class='ocrx_word' id='word_1_155' title='bbox 1993 2203 2102 2259; x_wconf 91' lang='lat' dir='ltr'>de-</span> 
     </span>
    </p>
   </div>
   <div class='ocr_carea' id='block_1_23' title="bbox 452 2291 2105 2365">
    <p class='ocr_par' dir='ltr' id='par_1_23' title="bbox 452 2291 2105 2365">
     <span class='ocr_line' id='line_1_23' title="bbox 452 2291 2105 2365; baseline 0.001 -17"><span class='ocrx_word' id='word_1_156' title='bbox 452 2292 570 2349; x_wconf 85' lang='lat' dir='ltr'>leta</span> <span class='ocrx_word' id='word_1_157' title='bbox 590 2297 676 2348; x_wconf 91' lang='lat' dir='ltr'>est</span> <span class='ocrx_word' id='word_1_158' title='bbox 699 2291 768 2364; x_wconf 91' lang='lat' dir='ltr'>(c)</span> <span class='ocrx_word' id='word_1_159' title='bbox 796 2309 808 2346; x_wconf 91' lang='lat'>:</span> <span class='ocrx_word' id='word_1_160' title='bbox 837 2309 903 2348; x_wconf 89' lang='lat' dir='ltr'>ac</span> <span class='ocrx_word' id='word_1_161' title='bbox 925 2293 1132 2348; x_wconf 88' lang='lat' dir='ltr'>deinde</span> <span class='ocrx_word' id='word_1_162' title='bbox 1152 2292 1335 2348; x_wconf 88' lang='lat' dir='ltr'>tantis</span> <span class='ocrx_word' id='word_1_163' title='bbox 1357 2292 1646 2348; x_wconf 89' lang='lat' dir='ltr'>malorum</span> <span class='ocrx_word' id='word_1_164' title='bbox 1669 2293 1981 2364; x_wconf 80' lang='lat' dir='ltr'>aggeribus</span> <span class='ocrx_word' id='word_1_165' title='bbox 2003 2309 2105 2365; x_wconf 77' lang='lat' dir='ltr'>op~</span> 
     </span>
    </p>
   </div>
   <div class='ocr_carea' id='block_1_24' title="bbox 451 2381 2107 2454">
    <p class='ocr_par' dir='ltr' id='par_1_24' title="bbox 451 2381 2107 2454">
     <span class='ocr_line' id='line_1_24' title="bbox 451 2381 2107 2454; baseline 0.001 -18"><span class='ocrx_word' id='word_1_166' title='bbox 451 2396 654 2452; x_wconf 89' lang='lat' dir='ltr'>pressa</span> <span class='ocrx_word' id='word_1_167' title='bbox 686 2381 948 2436; x_wconf 83' lang='lat' dir='ltr'>Romana</span> <span class='ocrx_word' id='word_1_168' title='bbox 972 2381 1316 2452; x_wconf 85' lang='lat' dir='ltr'>respublica,</span> <span class='ocrx_word' id='word_1_169' title='bbox 1352 2385 1416 2436; x_wconf 91' lang='lat' dir='ltr'>ut</span> <span class='ocrx_word' id='word_1_170' title='bbox 1443 2381 1818 2454; x_wconf 88' lang='lat' dir='ltr'>prosperitate</span> <span class='ocrx_word' id='word_1_171' title='bbox 1852 2398 1917 2437; x_wconf 90' lang='lat' dir='ltr'>ac</span> <span class='ocrx_word' id='word_1_172' title='bbox 1947 2397 2107 2438; x_wconf 90' lang='lat' dir='ltr'>secu-</span> 
     </span>
    </p>
   </div>
   <div class='ocr_carea' id='block_1_25' title="bbox 454 2470 2107 2543">
    <p class='ocr_par' dir='ltr' id='par_1_25' title="bbox 454 2470 2107 2543">
     <span class='ocr_line' id='line_1_25' title="bbox 454 2470 2107 2543; baseline 0.001 -17"><span class='ocrx_word' id='word_1_173' title='bbox 454 2471 622 2526; x_wconf 86' lang='lat' dir='ltr'>ritate</span> <span class='ocrx_word' id='word_1_174' title='bbox 644 2485 863 2541; x_wconf 88' lang='lat' dir='ltr'>rerum,</span> <span class='ocrx_word' id='word_1_175' title='bbox 887 2470 1042 2526; x_wconf 89' lang='lat' dir='ltr'>unde</span> <span class='ocrx_word' id='word_1_176' title='bbox 1077 2470 1328 2526; x_wconf 89' lang='lat' dir='ltr'>nimium</span> <span class='ocrx_word' id='word_1_177' title='bbox 1352 2470 1635 2543; x_wconf 89' lang='lat' dir='ltr'>corruptis</span> <span class='ocrx_word' id='word_1_178' title='bbox 1666 2471 1931 2527; x_wconf 91' lang='lat' dir='ltr'>moribus</span> <span class='ocrx_word' id='word_1_179' title='bbox 1954 2470 2107 2528; x_wconf 86' lang='lat' dir='ltr'>mala</span> 
     </span>
    </p>
   </div>
   <div class='ocr_carea' id='block_1_26' title="bbox 455 2559 2104 2632">
    <p class='ocr_par' dir='ltr' id='par_1_26' title="bbox 455 2559 2104 2632">
     <span class='ocr_line' id='line_1_26' title="bbox 455 2559 2104 2632; baseline 0.001 -17"><span class='ocrx_word' id='word_1_180' title='bbox 455 2559 556 2617; x_wconf 90' lang='lat' dir='ltr'>illa</span> <span class='ocrx_word' id='word_1_181' title='bbox 585 2564 859 2631; x_wconf 89' lang='lat' dir='ltr'>congesta</span> <span class='ocrx_word' id='word_1_182' title='bbox 895 2563 1056 2631; x_wconf 91' lang='lat' dir='ltr'>sunt,</span> <span class='ocrx_word' id='word_1_183' title='bbox 1105 2559 1240 2632; x_wconf 88' lang='lat' dir='ltr'>plus</span> <span class='ocrx_word' id='word_1_184' title='bbox 1272 2561 1540 2617; x_wconf 87' lang='lat' dir='ltr'>nocuisse</span> <span class='ocrx_word' id='word_1_185' title='bbox 1591 2564 2104 2618; x_wconf 64' lang='lat' dir='ltr'>monstretur‘tam</span> 
     </span>
    </p>
   </div>
   <div class='ocr_carea' id='block_1_27' title="bbox 457 2650 2108 2720">
    <p class='ocr_par' dir='ltr' id='par_1_27' title="bbox 457 2650 2108 2720">
     <span class='ocr_line' id='line_1_27' title="bbox 457 2650 2108 2720; baseline 0 -13"><span class='ocrx_word' id='word_1_186' title='bbox 457 2650 572 2707; x_wconf 91' lang='lat' dir='ltr'>cito</span> <span class='ocrx_word' id='word_1_187' title='bbox 603 2666 822 2717; x_wconf 90' lang='lat' dir='ltr'>eversa,</span> <span class='ocrx_word' id='word_1_188' title='bbox 856 2665 1034 2720; x_wconf 88' lang='lat' dir='ltr'>quam</span> <span class='ocrx_word' id='word_1_189' title='bbox 1066 2650 1229 2720; x_wconf 90' lang='lat' dir='ltr'>prius</span> <span class='ocrx_word' id='word_1_190' title='bbox 1275 2656 1551 2705; x_wconf 86' lang='lat' dir='ltr'>nocuerat</span> <span class='ocrx_word' id='word_1_191' title='bbox 1580 2654 1698 2705; x_wconf 89' lang='lat' dir='ltr'>tam</span> <span class='ocrx_word' id='word_1_192' title='bbox 1731 2651 1831 2706; x_wconf 90' lang='lat' dir='ltr'>diu</span> <span class='ocrx_word' id='word_1_193' title='bbox 1861 2651 2108 2707; x_wconf 85' lang='lat' dir='ltr'>adversa</span> 
     </span>
    </p>
   </div>
   <div class='ocr_carea' id='block_1_28' title="bbox 461 2738 2107 2810">
    <p class='ocr_par' dir='ltr' id='par_1_28' title="bbox 461 2738 2107 2810">
     <span class='ocr_line' id='line_1_28' title="bbox 461 2738 2107 2810; baseline 0 -14"><span class='ocrx_word' id='word_1_194' title='bbox 461 2740 768 2810; x_wconf 85' lang='lat' dir='ltr'>Carthago.</span> <span class='ocrx_word' id='word_1_195' title='bbox 794 2738 910 2794; x_wconf 89' lang='lat' dir='ltr'>Hoc</span> <span class='ocrx_word' id='word_1_196' title='bbox 944 2741 1064 2794; x_wconf 88' lang='lat' dir='ltr'>toto</span> <span class='ocrx_word' id='word_1_197' title='bbox 1093 2743 1352 2810; x_wconf 87' lang='lat' dir='ltr'>tempore</span> <span class='ocrx_word' id='word_1_198' title='bbox 1385 2755 1569 2810; x_wconf 90' lang='lat' dir='ltr'>usque</span> <span class='ocrx_word' id='word_1_199' title='bbox 1591 2740 1661 2795; x_wconf 90' lang='lat' dir='ltr'>ad</span> <span class='ocrx_word' id='word_1_200' title='bbox 1694 2743 1975 2796; x_wconf 70' lang='lat' dir='ltr'>Caesarem</span> <span class='ocrx_word' id='word_1_201' title='bbox 1998 2742 2107 2796; x_wconf 88' lang='lat' dir='ltr'>Au-</span> 
     </span>
    </p>
   </div>
   <div class='ocr_carea' id='block_1_29' title="bbox 464 2826 2106 2900">
    <p class='ocr_par' dir='ltr' id='par_1_29' title="bbox 464 2826 2106 2900">
     <span class='ocr_line' id='line_1_29' title="bbox 464 2826 2106 2900; baseline 0.002 -18"><span class='ocrx_word' id='word_1_202' title='bbox 464 2832 724 2897; x_wconf 83' lang='lat' dir='ltr'>gustum,</span> <span class='ocrx_word' id='word_1_203' title='bbox 740 2827 841 2898; x_wconf 89' lang='lat' dir='ltr'>qui</span> <span class='ocrx_word' id='word_1_204' title='bbox 861 2827 1094 2882; x_wconf 87' lang='lat' dir='ltr'>videtur</span> <span class='ocrx_word' id='word_1_205' title='bbox 1114 2843 1227 2882; x_wconf 89' lang='lat' dir='ltr'>non</span> <span class='ocrx_word' id='word_1_206' title='bbox 1249 2826 1438 2883; x_wconf 91' lang='lat' dir='ltr'>adhuc</span> <span class='ocrx_word' id='word_1_207' title='bbox 1452 2827 1539 2884; x_wconf 86' lang='lat' dir='ltr'>vel</span> <span class='ocrx_word' id='word_1_208' title='bbox 1563 2829 1820 2900; x_wconf 90' lang='lat' dir='ltr'>ipsorum</span> <span class='ocrx_word' id='word_1_209' title='bbox 1835 2829 2106 2900; x_wconf 84' lang='lat' dir='ltr'>Opinione</span> 
     </span>
    </p>
   </div>
   <div class='ocr_carea' id='block_1_30' title="bbox 460 2915 2106 2988">
    <p class='ocr_par' dir='ltr' id='par_1_30' title="bbox 460 2915 2106 2988">
     <span class='ocr_line' id='line_1_30' title="bbox 460 2915 2106 2988; baseline 0.003 -18"><span class='ocrx_word' id='word_1_210' title='bbox 460 2916 792 2988; x_wconf 79' lang='lat' dir='ltr'>gloriosam,</span> <span class='ocrx_word' id='word_1_211' title='bbox 825 2916 925 2971; x_wconf 89' lang='lat' dir='ltr'>sed</span> <span class='ocrx_word' id='word_1_212' title='bbox 974 2915 1398 2972; x_wconf 88' lang='lat' dir='ltr'>contentiosam</span> <span class='ocrx_word' id='word_1_213' title='bbox 1430 2922 1482 2972; x_wconf 89' lang='lat' dir='ltr'>et</span> <span class='ocrx_word' id='word_1_214' title='bbox 1512 2916 1814 2972; x_wconf 87' lang='lat' dir='ltr'>exitiosam</span> <span class='ocrx_word' id='word_1_215' title='bbox 1847 2922 1904 2974; x_wconf 89' lang='lat' dir='ltr'>et</span> <span class='ocrx_word' id='word_1_216' title='bbox 1934 2917 2106 2988; x_wconf 89' lang='lat' dir='ltr'>plane</span> 
     </span>
    </p>
   </div>
   <div class='ocr_carea' id='block_1_31' title="bbox 452 3004 2104 3076">
    <p class='ocr_par' dir='ltr' id='par_1_31' title="bbox 452 3004 2104 3076">
     <span class='ocr_line' id='line_1_31' title="bbox 452 3004 2104 3076; baseline 0.001 -15"><span class='ocrx_word' id='word_1_217' title='bbox 452 3005 579 3075; x_wconf 86' lang='lat' dir='ltr'>jam</span> <span class='ocrx_word' id='word_1_218' title='bbox 602 3020 864 3062; x_wconf 88' lang='lat' dir='ltr'>enervem</span> <span class='ocrx_word' id='word_1_219' title='bbox 896 3021 961 3061; x_wconf 88' lang='lat' dir='ltr'>ac</span> <span class='ocrx_word' id='word_1_220' title='bbox 990 3004 1327 3076; x_wconf 82' lang='lat' dir='ltr'>languidam</span> <span class='ocrx_word' id='word_1_221' title='bbox 1363 3005 1691 3062; x_wconf 90' lang='lat' dir='ltr'>libertatem</span> <span class='ocrx_word' id='word_1_222' title='bbox 1731 3007 1890 3062; x_wconf 90' lang='lat' dir='ltr'>omni</span> <span class='ocrx_word' id='word_1_223' title='bbox 1932 3007 2104 3064; x_wconf 88' lang='lat' dir='ltr'>modo</span> 
     </span>
    </p>
   </div>
   <div class='ocr_carea' id='block_1_32' title="bbox 458 3094 2105 3168">
    <p class='ocr_par' dir='ltr' id='par_1_32' title="bbox 458 3094 2105 3168">
     <span class='ocr_line' id='line_1_32' title="bbox 458 3094 2105 3168; baseline 0.002 -17"><span class='ocrx_word' id='word_1_224' title='bbox 458 3095 771 3151; x_wconf 86' lang='lat' dir='ltr'>extorsisse</span> <span class='ocrx_word' id='word_1_225' title='bbox 804 3095 1104 3163; x_wconf 85' lang='lat' dir='ltr'>Romanis,</span> <span class='ocrx_word' id='word_1_226' title='bbox 1137 3099 1194 3150; x_wconf 90' lang='lat' dir='ltr'>et</span> <span class='ocrx_word' id='word_1_227' title='bbox 1225 3095 1295 3150; x_wconf 89' lang='lat' dir='ltr'>ad</span> <span class='ocrx_word' id='word_1_228' title='bbox 1339 3094 1526 3168; x_wconf 82' lang='lat' dir='ltr'>regale</span> <span class='ocrx_word' id='word_1_229' title='bbox 1558 3097 1862 3152; x_wconf 81' lang='lat' dir='ltr'>arbitrium</span> <span class='ocrx_word' id='word_1_230' title='bbox 1895 3102 2105 3154; x_wconf 88' lang='lat' dir='ltr'>cuncta</span> 
     </span>
    </p>
   </div>
   <div class='ocr_carea' id='block_1_33' title="bbox 456 3183 2102 3258">
    <p class='ocr_par' dir='ltr' id='par_1_33' title="bbox 456 3183 2102 3258">
     <span class='ocr_line' id='line_1_33' title="bbox 456 3183 2102 3258; baseline 0.003 -20"><span class='ocrx_word' id='word_1_231' title='bbox 456 3200 778 3252; x_wconf 89' lang='lat' dir='ltr'>revocasse,</span> <span class='ocrx_word' id='word_1_232' title='bbox 821 3188 878 3240; x_wconf 93' lang='lat' dir='ltr'>et</span> <span class='ocrx_word' id='word_1_233' title='bbox 928 3183 1095 3256; x_wconf 89' lang='lat' dir='ltr'>quasi</span> <span class='ocrx_word' id='word_1_234' title='bbox 1138 3183 1405 3240; x_wconf 90' lang='lat' dir='ltr'>morbida</span> <span class='ocrx_word' id='word_1_235' title='bbox 1453 3188 1736 3242; x_wconf 89' lang='lat' dir='ltr'>vetustate</span> <span class='ocrx_word' id='word_1_236' title='bbox 1784 3185 2102 3258; x_wconf 89' lang='lat' dir='ltr'>collapsam</span> 
     </span>
    </p>
   </div>
   <div class='ocr_carea' id='block_1_34' title="bbox 455 3271 2102 3346">
    <p class='ocr_par' dir='ltr' id='par_1_34' title="bbox 455 3271 2102 3346">
     <span class='ocr_line' id='line_1_34' title="bbox 455 3271 2102 3346; baseline 0.002 -19"><span class='ocrx_word' id='word_1_237' title='bbox 455 3271 631 3328; x_wconf 88' lang='lat' dir='ltr'>veluti</span> <span class='ocrx_word' id='word_1_238' title='bbox 662 3272 1022 3329; x_wconf 88' lang='lat' dir='ltr'>instaurasse</span> <span class='ocrx_word' id='word_1_239' title='bbox 1047 3289 1112 3328; x_wconf 90' lang='lat' dir='ltr'>ac</span> <span class='ocrx_word' id='word_1_240' title='bbox 1143 3288 1448 3329; x_wconf 86' lang='lat' dir='ltr'>renovasse</span> <span class='ocrx_word' id='word_1_241' title='bbox 1480 3273 1902 3346; x_wconf 85' lang='lat' dir='ltr'>rempublicam</span> <span class='ocrx_word' id='word_1_242' title='bbox 1942 3292 1955 3330; x_wconf 89' lang='lat'><strong>:</strong></span> <span class='ocrx_word' id='word_1_243' title='bbox 1987 3281 2102 3332; x_wconf 89' lang='lat' dir='ltr'>toto</span> 
     </span>
    </p>
   </div>
   <div class='ocr_carea' id='block_1_35' title="bbox 454 3361 2102 3434">
    <p class='ocr_par' dir='ltr' id='par_1_35' title="bbox 454 3361 2102 3434">
     <span class='ocr_line' id='line_1_35' title="bbox 454 3361 2102 3434; baseline 0.002 -16"><span class='ocrx_word' id='word_1_244' title='bbox 454 3377 589 3433; x_wconf 90' lang='lat' dir='ltr'>ergo</span> <span class='ocrx_word' id='word_1_245' title='bbox 622 3361 729 3417; x_wconf 93' lang='lat' dir='ltr'>isto</span> <span class='ocrx_word' id='word_1_246' title='bbox 750 3365 1030 3434; x_wconf 88' lang='lat' dir='ltr'>tempore,</span> <span class='ocrx_word' id='word_1_247' title='bbox 1063 3363 1266 3418; x_wconf 90' lang='lat' dir='ltr'>omitto</span> <span class='ocrx_word' id='word_1_248' title='bbox 1301 3378 1368 3417; x_wconf 89' lang='lat' dir='ltr'>ex</span> <span class='ocrx_word' id='word_1_249' title='bbox 1400 3362 1526 3418; x_wconf 90' lang='lat' dir='ltr'>aliis</span> <span class='ocrx_word' id='word_1_250' title='bbox 1549 3367 1723 3434; x_wconf 89' lang='lat' dir='ltr'>atque</span> <span class='ocrx_word' id='word_1_251' title='bbox 1745 3363 1876 3420; x_wconf 89' lang='lat' dir='ltr'>aliis</span> <span class='ocrx_word' id='word_1_252' title='bbox 1907 3366 2102 3423; x_wconf 85' lang='lat' dir='ltr'>causis</span> 
     </span>
    </p>
   </div>
   <div class='ocr_carea' id='block_1_36' title="bbox 454 3450 2101 3521">
    <p class='ocr_par' dir='ltr' id='par_1_36' title="bbox 454 3450 2101 3521">
     <span class='ocr_line' id='line_1_36' title="bbox 454 3450 2101 3521; baseline 0.003 -15"><span class='ocrx_word' id='word_1_253' title='bbox 454 3450 624 3518; x_wconf 69' lang='lat' dir='ltr'>etiam</span> <span class='ocrx_word' id='word_1_254' title='bbox 642 3458 814 3521; x_wconf 86' lang='lat' dir='ltr'>atque</span> <span class='ocrx_word' id='word_1_255' title='bbox 829 3451 1002 3506; x_wconf 88' lang='lat' dir='ltr'>etiam</span> <span class='ocrx_word' id='word_1_256' title='bbox 1020 3450 1257 3507; x_wconf 89' lang='lat' dir='ltr'>bellicas</span> <span class='ocrx_word' id='word_1_257' title='bbox 1273 3450 1548 3517; x_wconf 86' lang='lat' dir='ltr'>clades,et</span> <span class='ocrx_word' id='word_1_258' title='bbox 1563 3452 1985 3510; x_wconf 85' lang='lat' dir='ltr'>Numantinum</span> <span class='ocrx_word' id='word_1_259' title='bbox 2001 3455 2101 3511; x_wconf 69' lang='lat' dir='ltr'>foe-</span> 
     </span>
    </p>
   </div>
   <div class='ocr_carea' id='block_1_37' title="bbox 452 3539 2101 3612">
    <p class='ocr_par' dir='ltr' id='par_1_37' title="bbox 452 3539 2101 3612">
     <span class='ocr_line' id='line_1_37' title="bbox 452 3539 2101 3612; baseline 0.004 -17"><span class='ocrx_word' id='word_1_260' title='bbox 452 3541 564 3596; x_wconf 92' lang='lat' dir='ltr'>dus</span> <span class='ocrx_word' id='word_1_261' title='bbox 582 3539 665 3612; x_wconf 86' lang='lat' dir='ltr'>(d)</span> <span class='ocrx_word' id='word_1_262' title='bbox 683 3539 969 3597; x_wconf 91' lang='lat' dir='ltr'>horrenda</span> <span class='ocrx_word' id='word_1_263' title='bbox 1003 3540 1323 3612; x_wconf 77' lang='lat' dir='ltr'>ignominia</span> <span class='ocrx_word' id='word_1_264' title='bbox 1345 3541 1713 3598; x_wconf 89' lang='lat' dir='ltr'>maculosum</span> <span class='ocrx_word' id='word_1_265' title='bbox 1737 3559 1750 3598; x_wconf 91' lang='lat'><strong>:</strong></span> <span class='ocrx_word' id='word_1_266' title='bbox 1770 3542 2101 3602; x_wconf 86' lang='lat' dir='ltr'>volaverant</span> 
     </span>
    </p>
   </div>
   <div class='ocr_carea' id='block_1_38' title="bbox 451 3628 2096 3704">
    <p class='ocr_par' dir='ltr' id='par_1_38' title="bbox 451 3628 2096 3704">
     <span class='ocr_line' id='line_1_38' title="bbox 451 3628 2096 3704; baseline 0.004 -19"><span class='ocrx_word' id='word_1_267' title='bbox 451 3629 608 3686; x_wconf 91' lang='lat' dir='ltr'>enim</span> <span class='ocrx_word' id='word_1_268' title='bbox 644 3628 788 3700; x_wconf 91' lang='lat' dir='ltr'>pulli</span> <span class='ocrx_word' id='word_1_269' title='bbox 819 3630 890 3685; x_wconf 92' lang='lat' dir='ltr'>de</span> <span class='ocrx_word' id='word_1_270' title='bbox 921 3646 1113 3700; x_wconf 89' lang='lat' dir='ltr'>cavea,</span> <span class='ocrx_word' id='word_1_271' title='bbox 1148 3635 1204 3687; x_wconf 90' lang='lat' dir='ltr'>et</span> <span class='ocrx_word' id='word_1_272' title='bbox 1234 3631 1498 3688; x_wconf 91' lang='lat' dir='ltr'>Mancino</span> <span class='ocrx_word' id='word_1_273' title='bbox 1538 3633 1786 3702; x_wconf 89' lang='lat' dir='ltr'>consuli,</span> <span class='ocrx_word' id='word_1_274' title='bbox 1819 3639 1882 3690; x_wconf 92' lang='lat' dir='ltr'>ut</span> <span class='ocrx_word' id='word_1_275' title='bbox 1912 3636 2096 3704; x_wconf 91' lang='lat' dir='ltr'>aiunt,</span> 
     </span>
    </p>
   </div>
   <div class='ocr_carea' id='block_1_39' title="bbox 449 3718 2098 3795">
    <p class='ocr_par' dir='ltr' id='par_1_39' title="bbox 449 3718 2098 3795">
     <span class='ocr_line' id='line_1_39' title="bbox 449 3718 2098 3795; baseline 0.005 -21"><span class='ocrx_word' id='word_1_276' title='bbox 449 3718 757 3791; x_wconf 86' lang='lat' dir='ltr'>augurium</span> <span class='ocrx_word' id='word_1_277' title='bbox 806 3721 1026 3776; x_wconf 90' lang='lat' dir='ltr'>malum</span> <span class='ocrx_word' id='word_1_278' title='bbox 1080 3721 1332 3777; x_wconf 86' lang='lat' dir='ltr'>fecerant</span> <span class='ocrx_word' id='word_1_279' title='bbox 1381 3722 1475 3795; x_wconf 91' lang='lat' dir='ltr'><strong>(e);</strong></span> <span class='ocrx_word' id='word_1_280' title='bbox 1533 3724 1700 3794; x_wconf 91' lang='lat' dir='ltr'>quasi</span> <span class='ocrx_word' id='word_1_281' title='bbox 1733 3740 1831 3794; x_wconf 88' lang='lat' dir='ltr'>per</span> <span class='ocrx_word' id='word_1_282' title='bbox 1880 3730 1960 3781; x_wconf 89' lang='lat' dir='ltr'>tot</span> <span class='ocrx_word' id='word_1_283' title='bbox 1991 3743 2098 3782; x_wconf 86' lang='lat' dir='ltr'>an-</span> 
     </span>
    </p>
   </div>
   <div class='ocr_carea' id='block_1_40' title="bbox 451 3809 2095 3882">
    <p class='ocr_par' dir='ltr' id='par_1_40' title="bbox 451 3809 2095 3882">
     <span class='ocr_line' id='line_1_40' title="bbox 451 3809 2095 3882; baseline 0.005 -18"><span class='ocrx_word' id='word_1_284' title='bbox 451 3824 576 3876; x_wconf 87' lang='lat' dir='ltr'>nos,</span> <span class='ocrx_word' id='word_1_285' title='bbox 611 3809 826 3880; x_wconf 89' lang='lat' dir='ltr'>quibus</span> <span class='ocrx_word' id='word_1_286' title='bbox 854 3809 959 3866; x_wconf 91' lang='lat' dir='ltr'>illa</span> <span class='ocrx_word' id='word_1_287' title='bbox 997 3809 1204 3882; x_wconf 85' lang='lat' dir='ltr'>exigua</span> <span class='ocrx_word' id='word_1_288' title='bbox 1252 3811 1452 3868; x_wconf 90' lang='lat' dir='ltr'>civitas</span> <span class='ocrx_word' id='word_1_289' title='bbox 1485 3816 1810 3868; x_wconf 84' lang='lat' dir='ltr'>Romanum</span> <span class='ocrx_word' id='word_1_290' title='bbox 1842 3815 2095 3871; x_wconf 87' lang='lat' dir='ltr'>circum-</span> 
     </span>
    </p>
   </div>
   <div class='ocr_carea' id='block_1_41' title="bbox 448 3898 2090 3977">
    <p class='ocr_par' dir='ltr' id='par_1_41' title="bbox 448 3898 2090 3977">
     <span class='ocr_line' id='line_1_41' title="bbox 448 3898 2090 3977; baseline 0.004 -23"><span class='ocrx_word' id='word_1_291' title='bbox 448 3913 611 3954; x_wconf 88' lang='lat' dir='ltr'>sessa</span> <span class='ocrx_word' id='word_1_292' title='bbox 642 3898 957 3955; x_wconf 89' lang='lat' dir='ltr'>exercitum</span> <span class='ocrx_word' id='word_1_293' title='bbox 999 3898 1300 3970; x_wconf 82' lang='lat' dir='ltr'>alllixerat,</span> <span class='ocrx_word' id='word_1_294' title='bbox 1334 3903 1561 3973; x_wconf 89' lang='lat' dir='ltr'>ipsique</span> <span class='ocrx_word' id='word_1_295' title='bbox 1593 3903 1864 3959; x_wconf 80' lang='lat' dir='ltr'>Romanae</span> <span class='ocrx_word' id='word_1_296' title='bbox 1897 3905 2090 3977; x_wconf 90' lang='lat' dir='ltr'>reipu-</span> 
     </span>
    </p>
   </div>
   <div class='ocr_carea' id='block_1_42' title="bbox 446 3987 2091 4060">
    <p class='ocr_par' dir='ltr' id='par_1_42' title="bbox 446 3987 2091 4060">
     <span class='ocr_line' id='line_1_42' title="bbox 446 3987 2091 4060; baseline 0.006 -18"><span class='ocrx_word' id='word_1_297' title='bbox 446 3987 609 4043; x_wconf 69' lang='lat' dir='ltr'>blicae</span> <span class='ocrx_word' id='word_1_298' title='bbox 632 3989 836 4043; x_wconf 86' lang='lat' dir='ltr'>terrori</span> <span class='ocrx_word' id='word_1_299' title='bbox 861 4004 982 4044; x_wconf 89' lang='lat' dir='ltr'>esse</span> <span class='ocrx_word' id='word_1_300' title='bbox 998 3989 1120 4057; x_wconf 90' lang='lat' dir='ltr'>jam</span> <span class='ocrx_word' id='word_1_301' title='bbox 1143 3994 1415 4060; x_wconf 89' lang='lat' dir='ltr'>coeperat,</span> <span class='ocrx_word' id='word_1_302' title='bbox 1439 3991 1535 4045; x_wconf 86' lang='lat' dir='ltr'>alii</span> <span class='ocrx_word' id='word_1_303' title='bbox 1559 3997 1763 4048; x_wconf 89' lang='lat' dir='ltr'>contra</span> <span class='ocrx_word' id='word_1_304' title='bbox 1784 4010 1912 4049; x_wconf 89' lang='lat' dir='ltr'>eam</span> <span class='ocrx_word' id='word_1_305' title='bbox 1939 3995 2091 4052; x_wconf 89' lang='lat' dir='ltr'>malo</span> 
     </span>
    </p>
   </div>
   <div class='ocr_carea' id='block_1_43' title="bbox 446 4076 1168 4145">
    <p class='ocr_par' dir='ltr' id='par_1_43' title="bbox 446 4076 1168 4145">
     <span class='ocr_line' id='line_1_43' title="bbox 446 4076 1168 4145; baseline 0.004 -14"><span class='ocrx_word' id='word_1_306' title='bbox 446 4076 688 4145; x_wconf 81' lang='lat' dir='ltr'>augurio</span> <span class='ocrx_word' id='word_1_307' title='bbox 734 4077 1168 4145; x_wconf 66' lang='lat' dir='ltr'>processerint”.</span> 
     </span>
    </p>
   </div>
   <div class='ocr_carea' id='block_1_44' title="bbox 446 4216 2092 4297">
    <p class='ocr_par' dir='ltr' id='par_1_44' title="bbox 446 4216 2092 4297">
     <span class='ocr_line' id='line_1_44' title="bbox 446 4216 2092 4297; baseline 0.009 -25"><span class='ocrx_word' id='word_1_308' title='bbox 446 4216 675 4273; x_wconf 84' lang='lat' dir='ltr'>CAPUT</span> <span class='ocrx_word' id='word_1_309' title='bbox 696 4218 877 4274; x_wconf 81' lang='lat' dir='ltr'>XXII.</span> <span class='ocrx_word' id='word_1_310' title='bbox 897 4250 966 4258; x_wconf 86' lang='lat'><strong>—</strong></span> <span class='ocrx_word' id='word_1_311' title='bbox 983 4219 1056 4276; x_wconf 86' lang='lat' dir='ltr'>De</span> <span class='ocrx_word' id='word_1_312' title='bbox 1075 4218 1422 4278; x_wconf 77' lang='lat' dir='ltr'>Mithridatis</span> <span class='ocrx_word' id='word_1_313' title='bbox 1433 4221 1625 4293; x_wconf 84' lang='lat' dir='ltr'>edicto,</span> <span class='ocrx_word' id='word_1_314' title='bbox 1643 4241 1744 4297; x_wconf 87' lang='lat' dir='ltr'>quo</span> <span class='ocrx_word' id='word_1_315' title='bbox 1756 4241 1935 4284; x_wconf 83' lang='lat' dir='ltr'>omnes</span> <span class='ocrx_word' id='word_1_316' title='bbox 1949 4229 2092 4287; x_wconf 80' lang='lat' dir='ltr'>cives</span> 
     </span>
    </p>
   </div>
   <div class='ocr_carea' id='block_1_45' title="bbox 520 4309 2088 4386">
    <p class='ocr_par' dir='ltr' id='par_1_45' title="bbox 520 4309 2088 4386">
     <span class='ocr_line' id='line_1_45' title="bbox 520 4309 2088 4386; baseline 0.01 -24"><span class='ocrx_word' id='word_1_317' title='bbox 520 4309 805 4377; x_wconf 82' lang='lat' dir='ltr'>Romanos,</span> <span class='ocrx_word' id='word_1_318' title='bbox 819 4309 918 4380; x_wconf 89' lang='lat' dir='ltr'>qui</span> <span class='ocrx_word' id='word_1_319' title='bbox 935 4310 1082 4364; x_wconf 85' lang='lat' dir='ltr'>intra</span> <span class='ocrx_word' id='word_1_320' title='bbox 1099 4311 1285 4366; x_wconf 88' lang='lat' dir='ltr'>Asiam</span> <span class='ocrx_word' id='word_1_321' title='bbox 1305 4312 1708 4386; x_wconf 78' lang='lat' dir='ltr'>invenirentur,</span> <span class='ocrx_word' id='word_1_322' title='bbox 1721 4315 1886 4386; x_wconf 78' lang='lat' dir='ltr'>iussit</span> <span class='ocrx_word' id='word_1_323' title='bbox 1897 4320 2088 4377; x_wconf 81' lang='lat' dir='ltr'>occidi.</span> 
     </span>
    </p>
   </div>
   <div class='ocr_carea' id='block_1_46' title="bbox 515 4425 2085 4508">
    <p class='ocr_par' dir='ltr' id='par_1_46' title="bbox 515 4425 2085 4508">
     <span class='ocr_line' id='line_1_46' title="bbox 515 4425 2085 4508; baseline 0.008 -27"><span class='ocrx_word' id='word_1_324' title='bbox 515 4426 624 4481; x_wconf 91' lang='lat' dir='ltr'>Sed</span> <span class='ocrx_word' id='word_1_325' title='bbox 657 4425 801 4495; x_wconf 65' lang='lat' dir='ltr'>haec,</span> <span class='ocrx_word' id='word_1_326' title='bbox 836 4426 1097 4499; x_wconf 89' lang='lat' dir='ltr'>inquam,</span> <span class='ocrx_word' id='word_1_327' title='bbox 1131 4428 1361 4500; x_wconf 88' lang='lat' dir='ltr'>omitto,</span> <span class='ocrx_word' id='word_1_328' title='bbox 1395 4431 1660 4502; x_wconf 89' lang='lat' dir='ltr'>quamvis</span> <span class='ocrx_word' id='word_1_329' title='bbox 1702 4431 1842 4490; x_wconf 92' lang='lat' dir='ltr'>illud</span> <span class='ocrx_word' id='word_1_330' title='bbox 1877 4452 2085 4508; x_wconf 86' lang='lat' dir='ltr'>nequa-</span> 
     </span>
    </p>
   </div>
   <div class='ocr_carea' id='block_1_47' title="bbox 445 4516 2087 4600">
    <p class='ocr_par' dir='ltr' id='par_1_47' title="bbox 445 4516 2087 4600">
     <span class='ocr_line' id='line_1_47' title="bbox 445 4516 2087 4600; baseline 0.007 -28"><span class='ocrx_word' id='word_1_331' title='bbox 445 4532 620 4587; x_wconf 87' lang='lat' dir='ltr'>quam</span> <span class='ocrx_word' id='word_1_332' title='bbox 653 4516 950 4588; x_wconf 88' lang='lat' dir='ltr'>tacuerim,</span> <span class='ocrx_word' id='word_1_333' title='bbox 983 4517 1140 4588; x_wconf 91' lang='lat' dir='ltr'>quod</span> <span class='ocrx_word' id='word_1_334' title='bbox 1174 4518 1540 4578; x_wconf 85' lang='lat' dir='ltr'>Mithridates</span> <span class='ocrx_word' id='word_1_335' title='bbox 1570 4539 1661 4579; x_wconf 84' lang='lat' dir='ltr'>rex</span> <span class='ocrx_word' id='word_1_336' title='bbox 1698 4523 1842 4580; x_wconf 83' lang='lat' dir='ltr'>Asiae</span> <span class='ocrx_word' id='word_1_337' title='bbox 1872 4527 2087 4600; x_wconf 86' lang='lat' dir='ltr'>ubique</span> 
     </span>
    </p>
   </div>
   <div class='ocr_carea' id='block_1_48' title="bbox 439 4605 2085 4687">
    <p class='ocr_par' dir='ltr' id='par_1_48' title="bbox 439 4605 2085 4687">
     <span class='ocr_line' id='line_1_48' title="bbox 439 4605 2085 4687; baseline 0.009 -27"><span class='ocrx_word' id='word_1_338' title='bbox 439 4605 498 4660; x_wconf 91' lang='lat' dir='ltr'>in</span> <span class='ocrx_word' id='word_1_339' title='bbox 531 4605 672 4661; x_wconf 90' lang='lat' dir='ltr'>Asia</span> <span class='ocrx_word' id='word_1_340' title='bbox 703 4606 1140 4678; x_wconf 82' lang='lat' dir='ltr'>peregrinantes</span> <span class='ocrx_word' id='word_1_341' title='bbox 1173 4609 1326 4666; x_wconf 87' lang='lat' dir='ltr'>cives</span> <span class='ocrx_word' id='word_1_342' title='bbox 1357 4610 1675 4684; x_wconf 81' lang='lat' dir='ltr'>Romanos,</span> <span class='ocrx_word' id='word_1_343' title='bbox 1707 4617 1880 4687; x_wconf 87' lang='lat' dir='ltr'>atque</span> <span class='ocrx_word' id='word_1_344' title='bbox 1908 4616 2085 4675; x_wconf 90' lang='lat' dir='ltr'>innu-</span> 
     </span>
    </p>
   </div>
   <div class='ocr_carea' id='block_1_49' title="bbox 439 4694 2081 4770">
    <p class='ocr_par' dir='ltr' id='par_1_49' title="bbox 439 4694 2081 4770">
     <span class='ocr_line' id='line_1_49' title="bbox 439 4694 2081 4770; baseline 0.009 -18"><span class='ocrx_word' id='word_1_345' title='bbox 439 4694 704 4752; x_wconf 90' lang='lat' dir='ltr'>merabili</span> <span class='ocrx_word' id='word_1_346' title='bbox 734 4697 901 4768; x_wconf 88' lang='lat' dir='ltr'>copia</span> <span class='ocrx_word' id='word_1_347' title='bbox 922 4697 1046 4754; x_wconf 90' lang='lat' dir='ltr'>suis</span> <span class='ocrx_word' id='word_1_348' title='bbox 1068 4699 1312 4770; x_wconf 83' lang='lat' dir='ltr'>negotiis</span> <span class='ocrx_word' id='word_1_349' title='bbox 1345 4700 1621 4769; x_wconf 89' lang='lat' dir='ltr'>intentos,</span> <span class='ocrx_word' id='word_1_350' title='bbox 1645 4720 1761 4760; x_wconf 91' lang='lat' dir='ltr'>uno</span> <span class='ocrx_word' id='word_1_351' title='bbox 1784 4705 1877 4764; x_wconf 92' lang='lat' dir='ltr'>die</span> <span class='ocrx_word' id='word_1_352' title='bbox 1898 4711 2081 4766; x_wconf 88' lang='lat' dir='ltr'>occidi</span> 
     </span>
    </p>
   </div>
   <div class='ocr_carea' id='block_1_50' title="bbox 429 4785 2082 4858">
    <p class='ocr_par' dir='ltr' id='par_1_50' title="bbox 429 4785 2082 4858">
     <span class='ocr_line' id='line_1_50' title="bbox 429 4785 2082 4858; baseline 0.008 -15"><span class='ocrx_word' id='word_1_353' title='bbox 429 4785 695 4858; x_wconf 82' lang='lat' dir='ltr'>jussit(f)</span> <span class='ocrx_word' id='word_1_354' title='bbox 717 4802 729 4841; x_wconf 95' lang='lat'><strong>:</strong></span> <span class='ocrx_word' id='word_1_355' title='bbox 749 4793 804 4843; x_wconf 90' lang='lat' dir='ltr'>et</span> <span class='ocrx_word' id='word_1_356' title='bbox 823 4787 1040 4846; x_wconf 88' lang='lat' dir='ltr'>factum</span> <span class='ocrx_word' id='word_1_357' title='bbox 1064 4792 1171 4847; x_wconf 90' lang='lat' dir='ltr'>est.</span> <span class='ocrx_word' id='word_1_358' title='bbox 1195 4791 1378 4856; x_wconf 88' lang='lat' dir='ltr'>Quam</span> <span class='ocrx_word' id='word_1_359' title='bbox 1402 4790 1502 4849; x_wconf 88' lang='lat' dir='ltr'>illa</span> <span class='ocrx_word' id='word_1_360' title='bbox 1519 4792 1867 4853; x_wconf 85' lang='lat' dir='ltr'>miserabilis</span> <span class='ocrx_word' id='word_1_361' title='bbox 1889 4813 2082 4856; x_wconf 90' lang='lat' dir='ltr'>rerum</span> 
     </span>
    </p>
   </div>
   <div class='ocr_carea' id='block_1_51' title="bbox 500 5000 1428 5060">
    <p class='ocr_par' dir='ltr' id='par_1_51' title="bbox 500 5000 1428 5060">
     <span class='ocr_line' id='line_1_51' title="bbox 500 5000 1428 5060; baseline 0.01 -10"><span class='ocrx_word' id='word_1_362' title='bbox 500 5005 517 5038; x_wconf 77' lang='grc' dir='ltr'><strong><em>ι</em></strong></span> <span class='ocrx_word' id='word_1_363' title='bbox 552 5001 727 5052; x_wconf 82' lang='lat' dir='ltr'>Codex</span> <span class='ocrx_word' id='word_1_364' title='bbox 754 5000 866 5060; x_wconf 88' lang='lat'>766,</span> <span class='ocrx_word' id='word_1_365' title='bbox 897 5015 1328 5059; x_wconf 76' lang='lat' dir='ltr'>monstraretur.</span> <span class='ocrx_word' id='word_1_366' title='bbox 1359 5009 1428 5059; x_wconf 88' lang='lat' dir='ltr'>M.</span> 
     </span>
    </p>
   </div>
   <div class='ocr_carea' id='block_1_52' title="bbox 500 5064 1124 5126">
    <p class='ocr_par' dir='ltr' id='par_1_52' title="bbox 500 5064 1124 5126">
     <span class='ocr_line' id='line_1_52' title="bbox 500 5064 1124 5126; baseline 0.01 -14"><span class='ocrx_word' id='word_1_367' title='bbox 500 5064 522 5098; x_wconf 83' lang='grc'>²</span> <span class='ocrx_word' id='word_1_368' title='bbox 549 5065 669 5114; x_wconf 88' lang='lat' dir='ltr'>Mss.</span> <span class='ocrx_word' id='word_1_369' title='bbox 681 5101 692 5122; x_wconf 92' lang='lat'>,</span> <span class='ocrx_word' id='word_1_370' title='bbox 724 5079 1124 5126; x_wconf 79' lang='lat' dir='ltr'>processerunt.</span> 
     </span>
    </p>
   </div>
   <div class='ocr_carea' id='block_1_53' title="bbox 497 5128 1284 5195">
    <p class='ocr_par' dir='ltr' id='par_1_53' title="bbox 497 5128 1284 5195">
     <span class='ocr_line' id='line_1_53' title="bbox 497 5128 1284 5195; baseline 0.011 -21"><span class='ocrx_word' id='word_1_371' title='bbox 497 5128 576 5195; x_wconf 2' lang='lat' dir='ltr'>(aq)</span> <span class='ocrx_word' id='word_1_372' title='bbox 601 5129 799 5195; x_wconf 76' lang='lat' dir='ltr'>Livius.</span> <span class='ocrx_word' id='word_1_373' title='bbox 825 5129 917 5177; x_wconf 90' lang='lat' dir='ltr'>lib.</span> <span class='ocrx_word' id='word_1_374' title='bbox 950 5131 1029 5195; x_wconf 69' lang='grc'>41,</span> <span class='ocrx_word' id='word_1_375' title='bbox 1059 5145 1170 5195; x_wconf 87' lang='lat' dir='ltr'>cap.</span> <span class='ocrx_word' id='word_1_376' title='bbox 1206 5133 1284 5184; x_wconf 80' lang='grc'>34.</span> 
     </span>
    </p>
   </div>
   <div class='ocr_carea' id='block_1_54' title="bbox 519 5190 1094 5250">
    <p class='ocr_par' dir='ltr' id='par_1_54' title="bbox 519 5190 1094 5250">
     <span class='ocr_line' id='line_1_54' title="bbox 519 5190 1094 5250; baseline 0.01 -13"><span class='ocrx_word' id='word_1_377' title='bbox 519 5190 570 5250; x_wconf 88' lang='lat' dir='ltr'>b)</span> <span class='ocrx_word' id='word_1_378' title='bbox 597 5191 875 5241; x_wconf 82' lang='lat' dir='ltr'>Africanus</span> <span class='ocrx_word' id='word_1_379' title='bbox 906 5193 1094 5243; x_wconf 85' lang='lat' dir='ltr'>minor.</span> 
     </span>
    </p>
   </div>
   <div class='ocr_carea' id='block_1_55' title="bbox 500 5192 1066 5378">
    <p class='ocr_par' dir='ltr' id='par_1_55' title="bbox 500 5192 1066 5378">
     <span class='ocr_line' id='line_1_55' title="bbox 519 5192 1066 5250; baseline 0.011 -13"><span class='ocrx_word' id='word_1_380' title='bbox 519 5192 570 5250; x_wconf 89' lang='lat' dir='ltr'>b)</span> <span class='ocrx_word' id='word_1_381' title='bbox 597 5192 875 5241; x_wconf 82' lang='lat' dir='ltr'>Africanus</span> <span class='ocrx_word' id='word_1_382' title='bbox 906 5193 1066 5243; x_wconf 76' lang='lat' dir='ltr'>minor</span> 
     </span>
     <span class='ocr_line' id='line_1_56' title="bbox 500 5192 1066 5378; baseline 0.007 -77"><span class='ocrx_word' id='word_1_383' title='bbox 500 5192 565 5378; x_wconf 60' lang='grc' dir='ltr'>ἓο)</span> <span class='ocrx_word' id='word_1_384' title='bbox 595 5253 794 5316; x_wconf 83' lang='lat' dir='ltr'>Livius,</span> <span class='ocrx_word' id='word_1_385' title='bbox 826 5254 960 5329; x_wconf 80' lang='lat' dir='ltr'>libro</span> <span class='ocrx_word' id='word_1_386' title='bbox 989 5256 1066 5305; x_wconf 89' lang='grc'>51.</span> 
     </span>
     <span class='ocr_line' id='line_1_57' title="bbox 519 5317 1043 5376; baseline 0.011 -14"><span class='ocrx_word' id='word_1_387' title='bbox 519 5317 573 5376; x_wconf 80' lang='grc' dir='ltr'>ά)</span> <span class='ocrx_word' id='word_1_388' title='bbox 601 5317 888 5366; x_wconf 77' lang='lat' dir='ltr'>Numantia</span> <span class='ocrx_word' id='word_1_389' title='bbox 916 5319 1043 5368; x_wconf 89' lang='lat' dir='ltr'>urbs</span> 
     </span>
    </p>
   </div>
   <div class='ocr_carea' id='block_1_56' title="bbox 519 5317 2077 5388">
    <p class='ocr_par' dir='ltr' id='par_1_56' title="bbox 519 5317 2077 5388">
     <span class='ocr_line' id='line_1_58' title="bbox 519 5317 2077 5388; baseline 0.01 -26"><span class='ocrx_word' id='word_1_390' title='bbox 519 5317 888 5388; x_wconf 65' lang='lat' dir='ltr'>d)_I‘Iumanti_a</span> <span class='ocrx_word' id='word_1_391' title='bbox 916 5319 1043 5388; x_wconf 73' lang='lat' dir='ltr'>urbs</span> <span class='ocrx_word' id='word_1_392' title='bbox 1069 5320 1482 5388; x_wconf 66' lang='lat' dir='ltr'>tuitllispaniae</span> <span class='ocrx_word' id='word_1_393' title='bbox 1511 5323 1913 5388; x_wconf 71' lang='lat' dir='ltr'>Tarraconensis</span> <span class='ocrx_word' id='word_1_394' title='bbox 1931 5329 2077 5388; x_wconf 79' lang='lat' dir='ltr'>gesto</span> 
     </span>
    </p>
   </div>
   <div class='ocr_carea' id='block_1_57' title="bbox 433 5379 2078 5447">
    <p class='ocr_par' dir='ltr' id='par_1_57' title="bbox 433 5379 2078 5447">
     <span class='ocr_line' id='line_1_59' title="bbox 433 5379 2078 5447; baseline 0.009 -21"><span class='ocrx_word' id='word_1_395' title='bbox 433 5391 554 5447; x_wconf 73' lang='lat' dir='ltr'>eum</span> <span class='ocrx_word' id='word_1_396' title='bbox 584 5379 834 5447; x_wconf 50' lang='lat' dir='ltr'>Romanis</span> <span class='ocrx_word' id='word_1_397' title='bbox 852 5381 989 5447; x_wconf 76' lang='lat' dir='ltr'>bello</span> <span class='ocrx_word' id='word_1_398' title='bbox 1009 5379 1362 5432; x_wconf 50' lang='lat' dir='ltr'>nobilitata—et</span> <span class='ocrx_word' id='word_1_399' title='bbox 1391 5398 1422 5431; x_wconf 84' lang='lat' dir='ltr'>a</span> <span class='ocrx_word' id='word_1_400' title='bbox 1442 5385 1681 5447; x_wconf 88' lang='lat' dir='ltr'>Scipione</span> <span class='ocrx_word' id='word_1_401' title='bbox 1699 5379 2078 5440; x_wconf 60' lang='lat' dir='ltr'>Africandtan-</span> 
     </span>
    </p>
   </div>
   <div class='ocr_carea' id='block_1_58' title="bbox 431 5441 2077 5511">
    <p class='ocr_par' dir='ltr' id='par_1_58' title="bbox 431 5441 2077 5511">
     <span class='ocr_line' id='line_1_60' title="bbox 431 5441 2077 5511; baseline 0.009 -23"><span class='ocrx_word' id='word_1_402' title='bbox 431 5441 551 5511; x_wconf 63' lang='lat' dir='ltr'>dem</span> <span class='ocrx_word' id='word_1_403' title='bbox 584 5442 771 5511; x_wconf 72' lang='lat' dir='ltr'>deleta.</span> <span class='ocrx_word' id='word_1_404' title='bbox 804 5444 875 5492; x_wconf 91' lang='lat' dir='ltr'>De</span> <span class='ocrx_word' id='word_1_405' title='bbox 900 5445 994 5511; x_wconf 74' lang='lat' dir='ltr'>illo</span> <span class='ocrx_word' id='word_1_406' title='bbox 1019 5459 1144 5511; x_wconf 76' lang='lat' dir='ltr'>cum</span> <span class='ocrx_word' id='word_1_407' title='bbox 1171 5447 1505 5511; x_wconf 83' lang='lat' dir='ltr'>Numantinis</span> <span class='ocrx_word' id='word_1_408' title='bbox 1526 5441 1672 5498; x_wconf 65' lang='lat' dir='ltr'>iacto</span> <span class='ocrx_word' id='word_1_409' title='bbox 1690 5463 1782 5511; x_wconf 87' lang='lat' dir='ltr'>per</span> <span class='ocrx_word' id='word_1_410' title='bbox 1811 5451 1862 5500; x_wconf 89' lang='lat' dir='ltr'>C.</span> <span class='ocrx_word' id='word_1_411' title='bbox 1901 5453 2077 5502; x_wconf 87' lang='lat' dir='ltr'>Hosti-</span> 
     </span>
    </p>
   </div>
   <div class='ocr_carea' id='block_1_59' title="bbox 429 5501 2074 5574">
    <p class='ocr_par' dir='ltr' id='par_1_59' title="bbox 429 5501 2074 5574">
     <span class='ocr_line' id='line_1_61' title="bbox 429 5501 2074 5574; baseline 0.011 -26"><span class='ocrx_word' id='word_1_412' title='bbox 429 5501 565 5574; x_wconf 66' lang='lat' dir='ltr'>lium</span> <span class='ocrx_word' id='word_1_413' title='bbox 589 5505 906 5574; x_wconf 48' lang='lat' dir='ltr'>‘Mancinum</span> <span class='ocrx_word' id='word_1_414' title='bbox 930 5507 1145 5574; x_wconf 71' lang='lat' dir='ltr'>foedere,</span> <span class='ocrx_word' id='word_1_415' title='bbox 1188 5510 1356 5574; x_wconf 75' lang='lat' dir='ltr'>deque</span> <span class='ocrx_word' id='word_1_416' title='bbox 1397 5510 1454 5558; x_wconf 90' lang='lat' dir='ltr'>in</span> <span class='ocrx_word' id='word_1_417' title='bbox 1483 5511 1658 5561; x_wconf 80' lang='lat' dir='ltr'>fausto</span> <span class='ocrx_word' id='word_1_418' title='bbox 1686 5501 1965 5574; x_wconf 13' lang='lat' dir='ltr'>pullorum,</span> <span class='ocrx_word' id='word_1_419' title='bbox 1985 5501 2074 5566; x_wconf 70' lang='lat' dir='ltr'>vo-</span> 
     </span>
    </p>
   </div>
   <div class='ocr_carea' id='block_1_60' title="bbox 429 5565 1268 5620">
    <p class='ocr_par' dir='ltr' id='par_1_60' title="bbox 429 5565 1268 5620">
     <span class='ocr_line' id='line_1_62' title="bbox 429 5565 1268 5620; baseline 0.008 -7"><span class='ocrx_word' id='word_1_420' title='bbox 429 5565 546 5613; x_wconf 84' lang='lat' dir='ltr'>latu</span> <span class='ocrx_word' id='word_1_421' title='bbox 574 5565 637 5612; x_wconf 88' lang='lat' dir='ltr'>de</span> <span class='ocrx_word' id='word_1_422' title='bbox 666 5581 828 5616; x_wconf 86' lang='lat' dir='ltr'>cavea</span> <span class='ocrx_word' id='word_1_423' title='bbox 856 5569 1035 5618; x_wconf 85' lang='lat' dir='ltr'>Livius</span> <span class='ocrx_word' id='word_1_424' title='bbox 1063 5571 1156 5620; x_wconf 90' lang='lat' dir='ltr'>lib.</span> <span class='ocrx_word' id='word_1_425' title='bbox 1187 5571 1268 5620; x_wconf 78' lang='grc'>55.</span> 
     </span>
    </p>
   </div>
   <div class='ocr_carea' id='block_1_61' title="bbox 492 5625 1059 5689">
    <p class='ocr_par' dir='ltr' id='par_1_61' title="bbox 492 5625 1059 5689">
     <span class='ocr_line' id='line_1_63' title="bbox 492 5625 1059 5689; baseline 0.019 -17"><span class='ocrx_word' id='word_1_426' title='bbox 492 5627 561 5689; x_wconf 85' lang='lat' dir='ltr'>(e)</span> <span class='ocrx_word' id='word_1_427' title='bbox 587 5625 783 5689; x_wconf 60' lang='lat' dir='ltr'>Livius,</span> <span class='ocrx_word' id='word_1_428' title='bbox 816 5631 951 5680; x_wconf 88' lang='lat' dir='ltr'>libro</span> <span class='ocrx_word' id='word_1_429' title='bbox 980 5633 1059 5683; x_wconf 83' lang='lat'>55.</span> 
     </span>
    </p>
   </div>
   <div class='ocr_carea' id='block_1_62' title="bbox 488 5686 956 5752">
    <p class='ocr_par' dir='ltr' id='par_1_62' title="bbox 488 5686 956 5752">
     <span class='ocr_line' id='line_1_64' title="bbox 488 5686 956 5752; baseline 0.021 -19"><span class='ocrx_word' id='word_1_430' title='bbox 488 5686 558 5752; x_wconf 66' lang='grc' dir='ltr'>(χ)</span> <span class='ocrx_word' id='word_1_431' title='bbox 592 5686 689 5748; x_wconf 78' lang='lat' dir='ltr'>1a.,</span> <span class='ocrx_word' id='word_1_432' title='bbox 717 5691 850 5740; x_wconf 86' lang='lat' dir='ltr'>libro</span> <span class='ocrx_word' id='word_1_433' title='bbox 876 5693 956 5742; x_wconf 91' lang='lat'>78.</span> 
     </span>
    </p>
   </div>
   <div class='ocr_carea' id='block_1_63' title="bbox 1544 273 2838 348">
    <p class='ocr_par' dir='ltr' id='par_1_63' title="bbox 1544 273 2838 348">
     <span class='ocr_line' id='line_1_65' title="bbox 1544 273 2838 348; baseline 0.002 -13"><span class='ocrx_word' id='word_1_434' title='bbox 1544 274 1645 336; x_wconf 90' lang='lat' dir='ltr'>DE</span> <span class='ocrx_word' id='word_1_435' title='bbox 1689 273 2055 338; x_wconf 86' lang='lat' dir='ltr'>CIVITATE</span> <span class='ocrx_word' id='word_1_436' title='bbox 2099 274 2252 348; x_wconf 87' lang='lat' dir='ltr'>DEI,</span> <span class='ocrx_word' id='word_1_437' title='bbox 2301 277 2366 336; x_wconf 91' lang='lat' dir='ltr'>S.</span> <span class='ocrx_word' id='word_1_438' title='bbox 2414 275 2838 340; x_wconf 87' lang='lat' dir='ltr'>AUGUSTINI</span> 
     </span>
    </p>
   </div>
   <div class='ocr_carea' id='block_1_64' title="bbox 2179 5395 3169 5462">
    <p class='ocr_par' dir='ltr' id='par_1_64' title="bbox 2179 5395 3169 5462">
     <span class='ocr_line' id='line_1_66' title="bbox 2179 5395 3169 5462; baseline 0.007 -21"><span class='ocrx_word' id='word_1_439' title='bbox 2179 5395 2298 5462; x_wconf 76' lang='lat' dir='ltr'>fuit</span> <span class='ocrx_word' id='word_1_440' title='bbox 2329 5396 2354 5442; x_wconf 65' lang='grc' dir='ltr'><strong><em>ἒ</em></strong></span> <span class='ocrx_word' id='word_1_441' title='bbox 2389 5395 2540 5448; x_wconf 80' lang='lat' dir='ltr'>Quod</span> <span class='ocrx_word' id='word_1_442' title='bbox 2570 5397 2622 5444; x_wconf 89' lang='lat' dir='ltr'>si</span> <span class='ocrx_word' id='word_1_443' title='bbox 2650 5397 2746 5445; x_wconf 82' lang='lat' dir='ltr'>hoc</span> <span class='ocrx_word' id='word_1_444' title='bbox 2773 5398 3004 5462; x_wconf 79' lang='lat' dir='ltr'>signum</span> <span class='ocrx_word' id='word_1_445' title='bbox 3035 5401 3169 5462; x_wconf 74' lang='lat' dir='ltr'>fuit,</span> 
     </span>
    </p>
   </div>
   <div class='ocr_carea' id='block_1_65' title="bbox 2180 5457 3841 5582">
    <p class='ocr_par' dir='ltr' id='par_1_65' title="bbox 2180 5457 3841 5582">
     <span class='ocr_line' id='line_1_67' title="bbox 2180 5457 3841 5582; baseline 0.007 -80"><span class='ocrx_word' id='word_1_446' title='bbox 2372 5466 2648 5520; x_wconf 84' lang='lat' dir='ltr'>quantum</span> <span class='ocrx_word' id='word_1_447' title='bbox 2678 5457 2897 5510; x_wconf 73' lang='lat' dir='ltr'>malum</span> <span class='ocrx_word' id='word_1_448' title='bbox 2925 5457 3045 5523; x_wconf 80' lang='lat' dir='ltr'>fuit</span> <span class='ocrx_word' id='word_1_449' title='bbox 3072 5457 3240 5517; x_wconf 78' lang='lat' dir='ltr'>illud.</span> <span class='ocrx_word' id='word_1_450' title='bbox 3274 5463 3440 5526; x_wconf 84' lang='lat' dir='ltr'>cujus</span> <span class='ocrx_word' id='word_1_451' title='bbox 3478 5463 3573 5512; x_wconf 84' lang='lat' dir='ltr'>hoc</span> <span class='ocrx_word' id='word_1_452' title='bbox 3600 5463 3841 5526; x_wconf 80' lang='lat' dir='ltr'>signum</span> 
     </span>
     <span class='ocr_line' id='line_1_68' title="bbox 2211 5534 2272 5567; baseline 0.016 -1"><span class='ocrx_word' id='word_1_453' title='bbox 2211 5534 2272 5567; x_wconf 66' lang='lat' dir='ltr'>ut</span> 
     </span>
    </p>
   </div>
   <div class='ocr_carea' id='block_1_66' title="bbox 3766 283 3871 346">
    <p class='ocr_par' dir='ltr' id='par_1_66' title="bbox 3766 283 3871 346">
     <span class='ocr_line' id='line_1_69' title="bbox 3766 283 3871 346; baseline 0.019 -2"><span class='ocrx_word' id='word_1_454' title='bbox 3766 283 3871 346; x_wconf 86' lang='grc'>104</span> 
     </span>
    </p>
   </div>
   <div class='ocr_carea' id='block_1_67' title="bbox 2224 408 3873 486">
    <p class='ocr_par' dir='ltr' id='par_1_67' title="bbox 2224 408 3873 486">
     <span class='ocr_line' id='line_1_70' title="bbox 2224 408 3873 486; baseline 0.007 -22"><span class='ocrx_word' id='word_1_455' title='bbox 2224 408 2400 465; x_wconf 88' lang='lat' dir='ltr'>facies</span> <span class='ocrx_word' id='word_1_456' title='bbox 2432 415 2575 478; x_wconf 87' lang='lat' dir='ltr'>erat,</span> <span class='ocrx_word' id='word_1_457' title='bbox 2605 413 2799 469; x_wconf 90' lang='lat' dir='ltr'>subito</span> <span class='ocrx_word' id='word_1_458' title='bbox 2832 428 3148 485; x_wconf 88' lang='lat' dir='ltr'>quemque,</span> <span class='ocrx_word' id='word_1_459' title='bbox 3171 413 3531 486; x_wconf 90' lang='lat' dir='ltr'>ubicumque</span> <span class='ocrx_word' id='word_1_460' title='bbox 3555 416 3763 475; x_wconf 76' lang='lat' dir='ltr'>fuisset</span> <span class='ocrx_word' id='word_1_461' title='bbox 3792 421 3873 476; x_wconf 91' lang='lat' dir='ltr'>in-</span> 
     </span>
    </p>
   </div>
   <div class='ocr_carea' id='block_1_68' title="bbox 2217 499 3871 574">
    <p class='ocr_par' dir='ltr' id='par_1_68' title="bbox 2217 499 3871 574">
     <span class='ocr_line' id='line_1_71' title="bbox 2217 499 3871 574; baseline 0.007 -22"><span class='ocrx_word' id='word_1_462' title='bbox 2217 502 2450 566; x_wconf 89' lang='lat' dir='ltr'>ventus,</span> <span class='ocrx_word' id='word_1_463' title='bbox 2489 499 2548 554; x_wconf 92' lang='lat' dir='ltr'>in</span> <span class='ocrx_word' id='word_1_464' title='bbox 2594 515 2757 572; x_wconf 89' lang='lat' dir='ltr'>agro,</span> <span class='ocrx_word' id='word_1_465' title='bbox 2804 500 2864 555; x_wconf 94' lang='lat' dir='ltr'>in</span> <span class='ocrx_word' id='word_1_466' title='bbox 2915 500 3026 569; x_wconf 86' lang='lat' dir='ltr'>via,</span> <span class='ocrx_word' id='word_1_467' title='bbox 3078 501 3136 556; x_wconf 93' lang='lat' dir='ltr'>in</span> <span class='ocrx_word' id='word_1_468' title='bbox 3188 503 3427 573; x_wconf 84' lang='lat' dir='ltr'>Oppido,</span> <span class='ocrx_word' id='word_1_469' title='bbox 3463 503 3521 559; x_wconf 92' lang='lat' dir='ltr'>in</span> <span class='ocrx_word' id='word_1_470' title='bbox 3568 505 3764 574; x_wconf 90' lang='lat' dir='ltr'>domo,</span> <span class='ocrx_word' id='word_1_471' title='bbox 3815 507 3871 563; x_wconf 91' lang='lat' dir='ltr'>in</span> 
     </span>
    </p>
   </div>
   <div class='ocr_carea' id='block_1_69' title="bbox 2208 587 3870 664">
    <p class='ocr_par' dir='ltr' id='par_1_69' title="bbox 2208 587 3870 664">
     <span class='ocr_line' id='line_1_72' title="bbox 2208 587 3870 664; baseline 0.005 -21"><span class='ocrx_word' id='word_1_472' title='bbox 2208 587 2355 656; x_wconf 90' lang='lat' dir='ltr'>vico,</span> <span class='ocrx_word' id='word_1_473' title='bbox 2389 587 2452 645; x_wconf 90' lang='lat' dir='ltr'>in</span> <span class='ocrx_word' id='word_1_474' title='bbox 2475 588 2619 659; x_wconf 89' lang='lat' dir='ltr'>foro,</span> <span class='ocrx_word' id='word_1_475' title='bbox 2652 589 2711 644; x_wconf 92' lang='lat' dir='ltr'>in</span> <span class='ocrx_word' id='word_1_476' title='bbox 2763 590 3006 660; x_wconf 87' lang='lat' dir='ltr'>templo,</span> <span class='ocrx_word' id='word_1_477' title='bbox 3039 589 3098 645; x_wconf 91' lang='lat' dir='ltr'>in</span> <span class='ocrx_word' id='word_1_478' title='bbox 3148 589 3318 662; x_wconf 90' lang='lat' dir='ltr'>lecto,</span> <span class='ocrx_word' id='word_1_479' title='bbox 3350 593 3411 648; x_wconf 91' lang='lat' dir='ltr'>in</span> <span class='ocrx_word' id='word_1_480' title='bbox 3464 595 3745 664; x_wconf 89' lang='lat' dir='ltr'>convivio,</span> <span class='ocrx_word' id='word_1_481' title='bbox 3779 597 3870 652; x_wconf 82' lang='lat' dir='ltr'>in-</span> 
     </span>
    </p>
   </div>
   <div class='ocr_carea' id='block_1_70' title="bbox 2211 677 3861 758">
    <p class='ocr_par' dir='ltr' id='par_1_70' title="bbox 2211 677 3861 758">
     <span class='ocr_line' id='line_1_73' title="bbox 2211 677 3861 758; baseline 0.005 -24"><span class='ocrx_word' id='word_1_482' title='bbox 2211 677 2440 750; x_wconf 84' lang='lat' dir='ltr'>opinate</span> <span class='ocrx_word' id='word_1_483' title='bbox 2459 686 2633 750; x_wconf 88' lang='lat' dir='ltr'>atque</span> <span class='ocrx_word' id='word_1_484' title='bbox 2649 678 2828 750; x_wconf 90' lang='lat' dir='ltr'>impie</span> <span class='ocrx_word' id='word_1_485' title='bbox 2844 679 3024 735; x_wconf 81' lang='lat' dir='ltr'>fuisse</span> <span class='ocrx_word' id='word_1_486' title='bbox 3043 681 3399 737; x_wconf 83' lang='lat' dir='ltr'>trucidatum</span> <span class='ocrx_word' id='word_1_487' title='bbox 3413 684 3442 738; x_wconf 86' lang='lat'><strong>?</strong></span> <span class='ocrx_word' id='word_1_488' title='bbox 3458 684 3596 748; x_wconf 86' lang='lat' dir='ltr'>Quis</span> <span class='ocrx_word' id='word_1_489' title='bbox 3615 687 3861 758; x_wconf 84' lang='lat' dir='ltr'>gemitus</span> 
     </span>
    </p>
   </div>
   <div class='ocr_carea' id='block_1_71' title="bbox 2210 766 3858 842">
    <p class='ocr_par' dir='ltr' id='par_1_71' title="bbox 2210 766 3858 842">
     <span class='ocr_line' id='line_1_74' title="bbox 2210 766 3858 842; baseline 0.007 -20"><span class='ocrx_word' id='word_1_490' title='bbox 2210 766 2606 838; x_wconf 89' lang='lat' dir='ltr'>morientium,</span> <span class='ocrx_word' id='word_1_491' title='bbox 2654 784 2781 839; x_wconf 77' lang='lat' dir='ltr'>quae</span> <span class='ocrx_word' id='word_1_492' title='bbox 2829 768 3094 839; x_wconf 70' lang='lat' dir='ltr'>lacrymte</span> <span class='ocrx_word' id='word_1_493' title='bbox 3145 773 3563 842; x_wconf 89' lang='lat' dir='ltr'>spectantium,</span> <span class='ocrx_word' id='word_1_494' title='bbox 3616 777 3858 833; x_wconf 81' lang='lat' dir='ltr'>fortasse</span> 
     </span>
    </p>
   </div>
   <div class='ocr_carea' id='block_1_72' title="bbox 2209 857 3868 926">
    <p class='ocr_par' dir='ltr' id='par_1_72' title="bbox 2209 857 3868 926">
     <span class='ocr_line' id='line_1_75' title="bbox 2209 857 3868 926; baseline 0.006 -14"><span class='ocrx_word' id='word_1_495' title='bbox 2209 857 2384 914; x_wconf 90' lang='lat' dir='ltr'>etiam</span> <span class='ocrx_word' id='word_1_496' title='bbox 2409 858 2736 914; x_wconf 82' lang='lat' dir='ltr'>ferientium</span> <span class='ocrx_word' id='word_1_497' title='bbox 2759 857 3036 914; x_wconf 86' lang='lat' dir='ltr'>fuerunt?</span> <span class='ocrx_word' id='word_1_498' title='bbox 3052 860 3238 926; x_wconf 87' lang='lat' dir='ltr'>Quam</span> <span class='ocrx_word' id='word_1_499' title='bbox 3259 861 3408 917; x_wconf 83' lang='lat' dir='ltr'>dura</span> <span class='ocrx_word' id='word_1_500' title='bbox 3422 865 3744 922; x_wconf 88' lang='lat' dir='ltr'>necessitas</span> <span class='ocrx_word' id='word_1_501' title='bbox 3768 865 3868 922; x_wconf 90' lang='lat' dir='ltr'>ho-</span> 
     </span>
    </p>
   </div>
   <div class='ocr_carea' id='block_1_73' title="bbox 2209 947 3860 1018">
    <p class='ocr_par' dir='ltr' id='par_1_73' title="bbox 2209 947 3860 1018">
     <span class='ocr_line' id='line_1_76' title="bbox 2209 947 3860 1018; baseline 0.006 -16"><span class='ocrx_word' id='word_1_502' title='bbox 2209 947 2448 1018; x_wconf 89' lang='lat' dir='ltr'>spitum,</span> <span class='ocrx_word' id='word_1_503' title='bbox 2467 963 2583 1004; x_wconf 89' lang='lat' dir='ltr'>non</span> <span class='ocrx_word' id='word_1_504' title='bbox 2607 947 2800 1004; x_wconf 91' lang='lat' dir='ltr'>solum</span> <span class='ocrx_word' id='word_1_505' title='bbox 2821 947 3056 1004; x_wconf 89' lang='lat' dir='ltr'>videndi</span> <span class='ocrx_word' id='word_1_506' title='bbox 3075 949 3326 1007; x_wconf 86' lang='lat' dir='ltr'>nefarias</span> <span class='ocrx_word' id='word_1_507' title='bbox 3348 951 3483 1008; x_wconf 90' lang='lat' dir='ltr'>illas</span> <span class='ocrx_word' id='word_1_508' title='bbox 3500 954 3682 1010; x_wconf 69' lang='lat' dir='ltr'>caedes</span> <span class='ocrx_word' id='word_1_509' title='bbox 3703 955 3860 1012; x_wconf 90' lang='lat' dir='ltr'>domi</span> 
     </span>
    </p>
   </div>
   <div class='ocr_carea' id='block_1_74' title="bbox 2209 1037 3864 1109">
    <p class='ocr_par' dir='ltr' id='par_1_74' title="bbox 2209 1037 3864 1109">
     <span class='ocr_line' id='line_1_77' title="bbox 2209 1037 3864 1109; baseline 0.004 -18"><span class='ocrx_word' id='word_1_510' title='bbox 2209 1051 2348 1104; x_wconf 68' lang='lat' dir='ltr'>suae,</span> <span class='ocrx_word' id='word_1_511' title='bbox 2371 1051 2567 1092; x_wconf 87' lang='lat' dir='ltr'>verum</span> <span class='ocrx_word' id='word_1_512' title='bbox 2591 1037 2771 1093; x_wconf 90' lang='lat' dir='ltr'>etiam</span> <span class='ocrx_word' id='word_1_513' title='bbox 2797 1037 3165 1109; x_wconf 88' lang='lat' dir='ltr'>perpetrandl</span> <span class='ocrx_word' id='word_1_514' title='bbox 3185 1053 3200 1107; x_wconf 87' lang='lat'><strong>;</strong></span> <span class='ocrx_word' id='word_1_515' title='bbox 3224 1040 3293 1095; x_wconf 88' lang='lat' dir='ltr'>ab</span> <span class='ocrx_word' id='word_1_516' title='bbox 3317 1039 3418 1096; x_wconf 92' lang='lat' dir='ltr'>illa</span> <span class='ocrx_word' id='word_1_517' title='bbox 3442 1042 3659 1098; x_wconf 90' lang='lat' dir='ltr'>blanda</span> <span class='ocrx_word' id='word_1_518' title='bbox 3684 1043 3864 1100; x_wconf 90' lang='lat' dir='ltr'>comi-</span> 
     </span>
    </p>
   </div>
   <div class='ocr_carea' id='block_1_75' title="bbox 2207 1124 3862 1197">
    <p class='ocr_par' dir='ltr' id='par_1_75' title="bbox 2207 1124 3862 1197">
     <span class='ocr_line' id='line_1_78' title="bbox 2207 1124 3862 1197; baseline 0.006 -17"><span class='ocrx_word' id='word_1_519' title='bbox 2207 1127 2326 1182; x_wconf 87' lang='lat' dir='ltr'>tate</span> <span class='ocrx_word' id='word_1_520' title='bbox 2343 1124 2727 1182; x_wconf 87' lang='lat' dir='ltr'>humanitatis</span> <span class='ocrx_word' id='word_1_521' title='bbox 2746 1134 2978 1197; x_wconf 89' lang='lat' dir='ltr'>repente</span> <span class='ocrx_word' id='word_1_522' title='bbox 2994 1128 3235 1184; x_wconf 89' lang='lat' dir='ltr'>mutatis</span> <span class='ocrx_word' id='word_1_523' title='bbox 3262 1129 3524 1186; x_wconf 90' lang='lat' dir='ltr'>vultibus</span> <span class='ocrx_word' id='word_1_524' title='bbox 3560 1132 3631 1187; x_wconf 91' lang='lat' dir='ltr'>ad</span> <span class='ocrx_word' id='word_1_525' title='bbox 3654 1132 3862 1190; x_wconf 87' lang='lat' dir='ltr'>hostile</span> 
     </span>
    </p>
   </div>
   <div class='ocr_carea' id='block_1_76' title="bbox 2209 1213 3854 1287">
    <p class='ocr_par' dir='ltr' id='par_1_76' title="bbox 2209 1213 3854 1287">
     <span class='ocr_line' id='line_1_79' title="bbox 2209 1213 3854 1287; baseline 0.005 -18"><span class='ocrx_word' id='word_1_526' title='bbox 2209 1213 2508 1286; x_wconf 90' lang='lat' dir='ltr'>negotium</span> <span class='ocrx_word' id='word_1_527' title='bbox 2531 1213 2590 1270; x_wconf 91' lang='lat' dir='ltr'>in</span> <span class='ocrx_word' id='word_1_528' title='bbox 2613 1230 2754 1287; x_wconf 90' lang='lat' dir='ltr'>pace</span> <span class='ocrx_word' id='word_1_529' title='bbox 2784 1217 3198 1287; x_wconf 87' lang='lat' dir='ltr'>peragendum,</span> <span class='ocrx_word' id='word_1_530' title='bbox 3227 1219 3450 1275; x_wconf 88' lang='lat' dir='ltr'>mutuis</span> <span class='ocrx_word' id='word_1_531' title='bbox 3481 1219 3669 1276; x_wconf 86' lang='lat' dir='ltr'>dicam</span> <span class='ocrx_word' id='word_1_532' title='bbox 3696 1225 3711 1257; x_wconf 88' lang='grc'>¹</span> <span class='ocrx_word' id='word_1_533' title='bbox 3738 1237 3854 1278; x_wconf 88' lang='lat' dir='ltr'>om-</span> 
     </span>
    </p>
   </div>
   <div class='ocr_carea' id='block_1_77' title="bbox 2209 1301 3857 1384">
    <p class='ocr_par' dir='ltr' id='par_1_77' title="bbox 2209 1301 3857 1384">
     <span class='ocr_line' id='line_1_80' title="bbox 2209 1301 3857 1384; baseline 0.006 -26"><span class='ocrx_word' id='word_1_534' title='bbox 2209 1303 2347 1360; x_wconf 90' lang='lat' dir='ltr'>nino</span> <span class='ocrx_word' id='word_1_535' title='bbox 2378 1301 2738 1372; x_wconf 89' lang='lat' dir='ltr'>vulneribus,</span> <span class='ocrx_word' id='word_1_536' title='bbox 2763 1321 2897 1361; x_wconf 92' lang='lat' dir='ltr'>cum</span> <span class='ocrx_word' id='word_1_537' title='bbox 2926 1320 3244 1377; x_wconf 91' lang='lat' dir='ltr'>percussus</span> <span class='ocrx_word' id='word_1_538' title='bbox 3276 1306 3335 1362; x_wconf 92' lang='lat' dir='ltr'>in</span> <span class='ocrx_word' id='word_1_539' title='bbox 3363 1324 3624 1380; x_wconf 88' lang='lat' dir='ltr'>corpore,</span> <span class='ocrx_word' id='word_1_540' title='bbox 3648 1314 3707 1366; x_wconf 88' lang='lat' dir='ltr'>et</span> <span class='ocrx_word' id='word_1_541' title='bbox 3740 1327 3857 1384; x_wconf 83' lang='lat' dir='ltr'>per-</span> 
     </span>
    </p>
   </div>
   <div class='ocr_carea' id='block_1_78' title="bbox 2209 1393 3860 1474">
    <p class='ocr_par' dir='ltr' id='par_1_78' title="bbox 2209 1393 3860 1474">
     <span class='ocr_line' id='line_1_81' title="bbox 2209 1393 3860 1474; baseline 0.007 -26"><span class='ocrx_word' id='word_1_542' title='bbox 2209 1408 2416 1450; x_wconf 90' lang='lat' dir='ltr'>cussor</span> <span class='ocrx_word' id='word_1_543' title='bbox 2436 1393 2496 1449; x_wconf 89' lang='lat' dir='ltr'>in</span> <span class='ocrx_word' id='word_1_544' title='bbox 2519 1394 2714 1451; x_wconf 87' lang='lat' dir='ltr'>animo</span> <span class='ocrx_word' id='word_1_545' title='bbox 2742 1394 3011 1452; x_wconf 89' lang='lat' dir='ltr'>feriretur</span> <span class='ocrx_word' id='word_1_546' title='bbox 3029 1395 3057 1450; x_wconf 86' lang='lat'><strong><em>?</em></strong></span> <span class='ocrx_word' id='word_1_547' title='bbox 3075 1395 3226 1453; x_wconf 90' lang='lat' dir='ltr'>Num</span> <span class='ocrx_word' id='word_1_548' title='bbox 3249 1403 3307 1454; x_wconf 88' lang='lat' dir='ltr'>et</span> <span class='ocrx_word' id='word_1_549' title='bbox 3330 1397 3426 1454; x_wconf 90' lang='lat' dir='ltr'>isti</span> <span class='ocrx_word' id='word_1_550' title='bbox 3449 1415 3652 1457; x_wconf 88' lang='lat' dir='ltr'>omnes</span> <span class='ocrx_word' id='word_1_551' title='bbox 3676 1417 3860 1474; x_wconf 81' lang='lat' dir='ltr'>augu-</span> 
     </span>
    </p>
   </div>
   <div class='ocr_carea' id='block_1_79' title="bbox 2209 1482 3865 1563">
    <p class='ocr_par' dir='ltr' id='par_1_79' title="bbox 2209 1482 3865 1563">
     <span class='ocr_line' id='line_1_82' title="bbox 2209 1482 3865 1563; baseline 0.006 -26"><span class='ocrx_word' id='word_1_552' title='bbox 2209 1482 2297 1539; x_wconf 87' lang='lat' dir='ltr'>ria</span> <span class='ocrx_word' id='word_1_553' title='bbox 2313 1484 2976 1557; x_wconf 83' lang='lat' dir='ltr'>contempserant?num</span> <span class='ocrx_word' id='word_1_554' title='bbox 2994 1485 3134 1543; x_wconf 88' lang='lat' dir='ltr'>deos</span> <span class='ocrx_word' id='word_1_555' title='bbox 3151 1493 3204 1542; x_wconf 89' lang='lat' dir='ltr'>et</span> <span class='ocrx_word' id='word_1_556' title='bbox 3222 1485 3574 1546; x_wconf 90' lang='lat' dir='ltr'>domesticos</span> <span class='ocrx_word' id='word_1_557' title='bbox 3593 1495 3648 1547; x_wconf 90' lang='lat' dir='ltr'>et</span> <span class='ocrx_word' id='word_1_558' title='bbox 3676 1491 3865 1563; x_wconf 90' lang='lat' dir='ltr'>publi-</span> 
     </span>
    </p>
   </div>
   <div class='ocr_carea' id='block_1_80' title="bbox 2210 1574 3851 1641">
    <p class='ocr_par' dir='ltr' id='par_1_80' title="bbox 2210 1574 3851 1641">
     <span class='ocr_line' id='line_1_83' title="bbox 2210 1574 3851 1641; baseline 0.005 -13"><span class='ocrx_word' id='word_1_559' title='bbox 2210 1587 2331 1641; x_wconf 92' lang='lat' dir='ltr'>cos,</span> <span class='ocrx_word' id='word_1_560' title='bbox 2367 1589 2497 1629; x_wconf 89' lang='lat' dir='ltr'>cum</span> <span class='ocrx_word' id='word_1_561' title='bbox 2521 1575 2592 1629; x_wconf 90' lang='lat' dir='ltr'>de</span> <span class='ocrx_word' id='word_1_562' title='bbox 2649 1574 2886 1631; x_wconf 89' lang='lat' dir='ltr'>sedibus</span> <span class='ocrx_word' id='word_1_563' title='bbox 2940 1574 3059 1632; x_wconf 88' lang='lat' dir='ltr'>suis</span> <span class='ocrx_word' id='word_1_564' title='bbox 3091 1577 3162 1632; x_wconf 88' lang='lat' dir='ltr'>ad</span> <span class='ocrx_word' id='word_1_565' title='bbox 3211 1576 3374 1633; x_wconf 88' lang='lat' dir='ltr'>illam</span> <span class='ocrx_word' id='word_1_566' title='bbox 3423 1578 3851 1638; x_wconf 86' lang='lat' dir='ltr'>irremeabilem</span> 
     </span>
    </p>
   </div>
   <div class='ocr_carea' id='block_1_81' title="bbox 2209 1662 3855 1739">
    <p class='ocr_par' dir='ltr' id='par_1_81' title="bbox 2209 1662 3855 1739">
     <span class='ocr_line' id='line_1_84' title="bbox 2209 1662 3855 1739; baseline 0.006 -22"><span class='ocrx_word' id='word_1_567' title='bbox 2209 1662 2732 1734; x_wconf 87' lang='lat' dir='ltr'>peregrinationem</span> <span class='ocrx_word' id='word_1_568' title='bbox 2748 1663 3163 1736; x_wconf 82' lang='lat' dir='ltr'>profectisunt,</span> <span class='ocrx_word' id='word_1_569' title='bbox 3178 1683 3326 1739; x_wconf 90' lang='lat' dir='ltr'>quos</span> <span class='ocrx_word' id='word_1_570' title='bbox 3341 1668 3855 1739; x_wconf 89' lang='lat' dir='ltr'>consulerent,non</span> 
     </span>
    </p>
   </div>
   <div class='ocr_carea' id='block_1_82' title="bbox 2209 1752 3855 1823">
    <p class='ocr_par' dir='ltr' id='par_1_82' title="bbox 2209 1752 3855 1823">
     <span class='ocr_line' id='line_1_85' title="bbox 2209 1752 3855 1823; baseline 0.005 -15"><span class='ocrx_word' id='word_1_571' title='bbox 2209 1752 2550 1809; x_wconf 85' lang='lat' dir='ltr'>habebant?</span> <span class='ocrx_word' id='word_1_572' title='bbox 2570 1754 2686 1809; x_wconf 86' lang='lat' dir='ltr'>Hoc</span> <span class='ocrx_word' id='word_1_573' title='bbox 2716 1754 2765 1808; x_wconf 89' lang='lat' dir='ltr'>si</span> <span class='ocrx_word' id='word_1_574' title='bbox 2799 1754 2876 1810; x_wconf 92' lang='lat' dir='ltr'>ita</span> <span class='ocrx_word' id='word_1_575' title='bbox 2896 1757 3001 1823; x_wconf 91' lang='lat' dir='ltr'>est,</span> <span class='ocrx_word' id='word_1_576' title='bbox 3026 1771 3140 1812; x_wconf 92' lang='lat' dir='ltr'>non</span> <span class='ocrx_word' id='word_1_577' title='bbox 3169 1755 3388 1813; x_wconf 89' lang='lat' dir='ltr'>habent</span> <span class='ocrx_word' id='word_1_578' title='bbox 3411 1773 3517 1814; x_wconf 91' lang='lat' dir='ltr'>cur</span> <span class='ocrx_word' id='word_1_579' title='bbox 3537 1759 3633 1816; x_wconf 88' lang='lat' dir='ltr'>isti</span> <span class='ocrx_word' id='word_1_580' title='bbox 3664 1759 3723 1814; x_wconf 91' lang='lat' dir='ltr'>in</span> <span class='ocrx_word' id='word_1_581' title='bbox 3752 1760 3855 1817; x_wconf 88' lang='lat' dir='ltr'>hac</span> 
     </span>
    </p>
   </div>
   <div class='ocr_carea' id='block_1_83' title="bbox 2211 1841 3860 1917">
    <p class='ocr_par' dir='ltr' id='par_1_83' title="bbox 2211 1841 3860 1917">
     <span class='ocr_line' id='line_1_86' title="bbox 2211 1841 3860 1917; baseline 0.005 -19"><span class='ocrx_word' id='word_1_582' title='bbox 2211 1858 2390 1898; x_wconf 90' lang='lat' dir='ltr'>causa</span> <span class='ocrx_word' id='word_1_583' title='bbox 2406 1843 2475 1898; x_wconf 90' lang='lat' dir='ltr'>de</span> <span class='ocrx_word' id='word_1_584' title='bbox 2494 1841 2709 1898; x_wconf 84' lang='lat' dir='ltr'>nostris</span> <span class='ocrx_word' id='word_1_585' title='bbox 2729 1843 3090 1915; x_wconf 89' lang='lat' dir='ltr'>temporibus</span> <span class='ocrx_word' id='word_1_586' title='bbox 3109 1850 3564 1917; x_wconf 89' lang='lat' dir='ltr'>conquerantur.</span> <span class='ocrx_word' id='word_1_587' title='bbox 3585 1848 3736 1904; x_wconf 88' lang='lat' dir='ltr'>Olim</span> <span class='ocrx_word' id='word_1_588' title='bbox 3756 1851 3860 1906; x_wconf 84' lang='lat' dir='ltr'>Ro-</span> 
     </span>
    </p>
   </div>
   <div class='ocr_carea' id='block_1_84' title="bbox 2211 1931 3854 2006">
    <p class='ocr_par' dir='ltr' id='par_1_84' title="bbox 2211 1931 3854 2006">
     <span class='ocr_line' id='line_1_87' title="bbox 2211 1931 3854 2006; baseline 0.004 -18"><span class='ocrx_word' id='word_1_589' title='bbox 2211 1931 2368 1988; x_wconf 88' lang='lat' dir='ltr'>mani</span> <span class='ocrx_word' id='word_1_590' title='bbox 2391 1931 2510 1988; x_wconf 80' lang='lat' dir='ltr'>haec</span> <span class='ocrx_word' id='word_1_591' title='bbox 2528 1947 2674 1988; x_wconf 87' lang='lat' dir='ltr'>vana</span> <span class='ocrx_word' id='word_1_592' title='bbox 2691 1937 3089 1992; x_wconf 86' lang='lat' dir='ltr'>contemnunt.</span> <span class='ocrx_word' id='word_1_593' title='bbox 3109 1935 3171 1992; x_wconf 92' lang='lat' dir='ltr'>Si</span> <span class='ocrx_word' id='word_1_594' title='bbox 3191 1941 3387 1992; x_wconf 90' lang='lat' dir='ltr'>autem</span> <span class='ocrx_word' id='word_1_595' title='bbox 3407 1939 3760 1994; x_wconf 81' lang='lat' dir='ltr'>consuluero</span> <span class='ocrx_word' id='word_1_596' title='bbox 3773 1945 3854 2006; x_wconf 90' lang='lat' dir='ltr'>nt,</span> 
     </span>
    </p>
   </div>
   <div class='ocr_carea' id='block_1_85' title="bbox 2211 2023 3860 2100">
    <p class='ocr_par' dir='ltr' id='par_1_85' title="bbox 2211 2023 3860 2100">
     <span class='ocr_line' id='line_1_88' title="bbox 2211 2023 3860 2100; baseline 0.005 -24"><span class='ocrx_word' id='word_1_597' title='bbox 2211 2023 2634 2094; x_wconf 84' lang='lat' dir='ltr'>respondeatur</span> <span class='ocrx_word' id='word_1_598' title='bbox 2648 2023 2787 2094; x_wconf 89' lang='lat' dir='ltr'>quid</span> <span class='ocrx_word' id='word_1_599' title='bbox 2802 2024 3530 2098; x_wconf 86' lang='lat' dir='ltr'>istaprofuerunt,quando</span> <span class='ocrx_word' id='word_1_600' title='bbox 3545 2043 3646 2100; x_wconf 90' lang='lat' dir='ltr'>per</span> <span class='ocrx_word' id='word_1_601' title='bbox 3659 2028 3860 2086; x_wconf 88' lang='lat' dir='ltr'>huma-</span> 
     </span>
    </p>
   </div>
   <div class='ocr_carea' id='block_1_86' title="bbox 2212 2111 3856 2186">
    <p class='ocr_par' dir='ltr' id='par_1_86' title="bbox 2212 2111 3856 2186">
     <span class='ocr_line' id='line_1_89' title="bbox 2212 2111 3856 2186; baseline 0.005 -20"><span class='ocrx_word' id='word_1_602' title='bbox 2212 2127 2318 2167; x_wconf 90' lang='lat' dir='ltr'>nas</span> <span class='ocrx_word' id='word_1_603' title='bbox 2339 2113 2617 2168; x_wconf 87' lang='lat' dir='ltr'>duntaxat</span> <span class='ocrx_word' id='word_1_604' title='bbox 2645 2111 2815 2184; x_wconf 86' lang='lat' dir='ltr'>leges,</span> <span class='ocrx_word' id='word_1_605' title='bbox 2849 2113 3082 2170; x_wconf 87' lang='lat' dir='ltr'>nemine</span> <span class='ocrx_word' id='word_1_606' title='bbox 3112 2114 3476 2186; x_wconf 87' lang='lat' dir='ltr'>prohibente,</span> <span class='ocrx_word' id='word_1_607' title='bbox 3506 2116 3856 2176; x_wconf 70' lang='lat' dir='ltr'>licuerunt&#39;.</span> 
     </span>
    </p>
   </div>
   <div class='ocr_carea' id='block_1_87' title="bbox 2213 2228 3856 2307">
    <p class='ocr_par' dir='ltr' id='par_1_87' title="bbox 2213 2228 3856 2307">
     <span class='ocr_line' id='line_1_90' title="bbox 2213 2228 3856 2307; baseline 0.005 -23"><span class='ocrx_word' id='word_1_608' title='bbox 2213 2228 2442 2285; x_wconf 78' lang='lat' dir='ltr'>CAPUT</span> <span class='ocrx_word' id='word_1_609' title='bbox 2473 2229 2683 2286; x_wconf 83' lang='lat' dir='ltr'>XXIII.</span> <span class='ocrx_word' id='word_1_610' title='bbox 2718 2230 2861 2286; x_wconf 90' lang='lat' dir='ltr'>—De</span> <span class='ocrx_word' id='word_1_611' title='bbox 2890 2231 3248 2288; x_wconf 84' lang='lat' dir='ltr'>interioribus</span> <span class='ocrx_word' id='word_1_612' title='bbox 3292 2234 3481 2303; x_wconf 77' lang='lat' dir='ltr'>malis,</span> <span class='ocrx_word' id='word_1_613' title='bbox 3511 2235 3708 2307; x_wconf 80' lang='lat' dir='ltr'>quibus</span> <span class='ocrx_word' id='word_1_614' title='bbox 3756 2237 3856 2292; x_wconf 80' lang='lat' dir='ltr'>Ro-</span> 
     </span>
    </p>
   </div>
   <div class='ocr_carea' id='block_1_88' title="bbox 2282 2319 3854 2397">
    <p class='ocr_par' dir='ltr' id='par_1_88' title="bbox 2282 2319 3854 2397">
     <span class='ocr_line' id='line_1_91' title="bbox 2282 2319 3854 2397; baseline 0.004 -22"><span class='ocrx_word' id='word_1_615' title='bbox 2282 2336 2449 2375; x_wconf 83' lang='lat' dir='ltr'>mana</span> <span class='ocrx_word' id='word_1_616' title='bbox 2469 2319 2784 2391; x_wconf 78' lang='lat' dir='ltr'>respublica</span> <span class='ocrx_word' id='word_1_617' title='bbox 2804 2322 3089 2390; x_wconf 74' lang='lat' dir='ltr'>exagitata</span> <span class='ocrx_word' id='word_1_618' title='bbox 3105 2329 3202 2392; x_wconf 84' lang='lat' dir='ltr'>est,</span> <span class='ocrx_word' id='word_1_619' title='bbox 3224 2325 3562 2395; x_wconf 71' lang='lat' dir='ltr'>praecedente</span> <span class='ocrx_word' id='word_1_620' title='bbox 3583 2323 3854 2397; x_wconf 86' lang='lat' dir='ltr'>prodigio,</span> 
     </span>
    </p>
   </div>
   <div class='ocr_carea' id='block_1_89' title="bbox 2280 2408 3852 2486">
    <p class='ocr_par' dir='ltr' id='par_1_89' title="bbox 2280 2408 3852 2486">
     <span class='ocr_line' id='line_1_92' title="bbox 2280 2408 3852 2486; baseline 0.004 -22"><span class='ocrx_word' id='word_1_621' title='bbox 2280 2409 2418 2480; x_wconf 87' lang='lat' dir='ltr'>quod</span> <span class='ocrx_word' id='word_1_622' title='bbox 2447 2408 2508 2465; x_wconf 85' lang='lat' dir='ltr'>in</span> <span class='ocrx_word' id='word_1_623' title='bbox 2537 2409 2688 2465; x_wconf 83' lang='lat' dir='ltr'>rabie</span> <span class='ocrx_word' id='word_1_624' title='bbox 2715 2411 2961 2467; x_wconf 85' lang='lat' dir='ltr'>omnium</span> <span class='ocrx_word' id='word_1_625' title='bbox 2990 2412 3352 2483; x_wconf 83' lang='lat' dir='ltr'>animalium,</span> <span class='ocrx_word' id='word_1_626' title='bbox 3385 2430 3504 2486; x_wconf 71' lang='lat' dir='ltr'>quae</span> <span class='ocrx_word' id='word_1_627' title='bbox 3535 2414 3852 2471; x_wconf 79' lang='lat' dir='ltr'>hominibus</span> 
     </span>
    </p>
   </div>
   <div class='ocr_carea' id='block_1_90' title="bbox 2281 2501 2719 2571">
    <p class='ocr_par' dir='ltr' id='par_1_90' title="bbox 2281 2501 2719 2571">
     <span class='ocr_line' id='line_1_93' title="bbox 2281 2501 2719 2571; baseline 0.005 -17"><span class='ocrx_word' id='word_1_628' title='bbox 2281 2501 2547 2568; x_wconf 84' lang='lat' dir='ltr'>serviunt,</span> <span class='ocrx_word' id='word_1_629' title='bbox 2588 2501 2719 2571; x_wconf 81' lang='lat' dir='ltr'>fuit.</span> 
     </span>
    </p>
   </div>
   <div class='ocr_carea' id='block_1_91' title="bbox 2280 2606 3851 2686">
    <p class='ocr_par' dir='ltr' id='par_1_91' title="bbox 2280 2606 3851 2686">
     <span class='ocr_line' id='line_1_94' title="bbox 2280 2606 3851 2686; baseline 0.006 -24"><span class='ocrx_word' id='word_1_630' title='bbox 2280 2607 2387 2664; x_wconf 86' lang='lat' dir='ltr'>Sed</span> <span class='ocrx_word' id='word_1_631' title='bbox 2415 2607 2538 2678; x_wconf 88' lang='lat' dir='ltr'>jam</span> <span class='ocrx_word' id='word_1_632' title='bbox 2570 2606 2671 2663; x_wconf 91' lang='lat' dir='ltr'>illa</span> <span class='ocrx_word' id='word_1_633' title='bbox 2701 2607 2852 2663; x_wconf 89' lang='lat' dir='ltr'>mala</span> <span class='ocrx_word' id='word_1_634' title='bbox 2889 2607 3157 2679; x_wconf 86' lang='lat' dir='ltr'>breviter,</span> <span class='ocrx_word' id='word_1_635' title='bbox 3195 2614 3478 2682; x_wconf 84' lang='lat' dir='ltr'>quantum</span> <span class='ocrx_word' id='word_1_636' title='bbox 3511 2628 3851 2686; x_wconf 88' lang='lat' dir='ltr'>possumus,</span> 
     </span>
    </p>
   </div>
   <div class='ocr_carea' id='block_1_92' title="bbox 2212 2699 3854 2772">
    <p class='ocr_par' dir='ltr' id='par_1_92' title="bbox 2212 2699 3854 2772">
     <span class='ocr_line' id='line_1_95' title="bbox 2212 2699 3854 2772; baseline 0.004 -18"><span class='ocrx_word' id='word_1_637' title='bbox 2212 2712 2760 2766; x_wconf 88' lang='lat' dir='ltr'>commemoremus,</span> <span class='ocrx_word' id='word_1_638' title='bbox 2786 2714 2912 2769; x_wconf 82' lang='lat' dir='ltr'>quas</span> <span class='ocrx_word' id='word_1_639' title='bbox 2933 2702 3149 2770; x_wconf 87' lang='lat' dir='ltr'>quanto</span> <span class='ocrx_word' id='word_1_640' title='bbox 3171 2699 3466 2772; x_wconf 88' lang='lat' dir='ltr'>interiora,</span> <span class='ocrx_word' id='word_1_641' title='bbox 3491 2706 3650 2758; x_wconf 89' lang='lat' dir='ltr'>tanto</span> <span class='ocrx_word' id='word_1_642' title='bbox 3679 2703 3854 2760; x_wconf 67' lang='lat' dir='ltr'>misso</span> 
     </span>
    </p>
   </div>
   <div class='ocr_carea' id='block_1_93' title="bbox 2212 2785 3859 2863">
    <p class='ocr_par' dir='ltr' id='par_1_93' title="bbox 2212 2785 3859 2863">
     <span class='ocr_line' id='line_1_96' title="bbox 2212 2785 3859 2863; baseline 0.004 -22"><span class='ocrx_word' id='word_1_643' title='bbox 2212 2786 2366 2842; x_wconf 88' lang='lat' dir='ltr'>riora</span> <span class='ocrx_word' id='word_1_644' title='bbox 2396 2785 2740 2842; x_wconf 88' lang='lat' dir='ltr'>exstiterunt</span> <span class='ocrx_word' id='word_1_645' title='bbox 2764 2803 2777 2842; x_wconf 92' lang='lat'><strong>:</strong></span> <span class='ocrx_word' id='word_1_646' title='bbox 2802 2787 3103 2844; x_wconf 64' lang='lat' dir='ltr'>discordiae</span> <span class='ocrx_word' id='word_1_647' title='bbox 3131 2788 3346 2858; x_wconf 90' lang='lat' dir='ltr'>civiles,</span> <span class='ocrx_word' id='word_1_648' title='bbox 3372 2789 3458 2848; x_wconf 90' lang='lat' dir='ltr'>vel</span> <span class='ocrx_word' id='word_1_649' title='bbox 3489 2791 3685 2863; x_wconf 88' lang='lat' dir='ltr'>potius</span> <span class='ocrx_word' id='word_1_650' title='bbox 3715 2792 3859 2848; x_wconf 88' lang='lat' dir='ltr'>inci-</span> 
     </span>
    </p>
   </div>
   <div class='ocr_carea' id='block_1_94' title="bbox 2211 2875 3858 2952">
    <p class='ocr_par' dir='ltr' id='par_1_94' title="bbox 2211 2875 3858 2952">
     <span class='ocr_line' id='line_1_97' title="bbox 2211 2875 3858 2952; baseline 0.004 -20"><span class='ocrx_word' id='word_1_651' title='bbox 2211 2875 2355 2932; x_wconf 90' lang='lat' dir='ltr'>viles</span> <span class='ocrx_word' id='word_1_652' title='bbox 2393 2892 2406 2944; x_wconf 90' lang='lat'>;</span> <span class='ocrx_word' id='word_1_653' title='bbox 2445 2891 2551 2932; x_wconf 90' lang='lat' dir='ltr'>nec</span> <span class='ocrx_word' id='word_1_654' title='bbox 2590 2876 2712 2947; x_wconf 88' lang='lat' dir='ltr'>jam</span> <span class='ocrx_word' id='word_1_655' title='bbox 2765 2876 3098 2946; x_wconf 88' lang='lat' dir='ltr'>seditiones,</span> <span class='ocrx_word' id='word_1_656' title='bbox 3149 2879 3250 2935; x_wconf 90' lang='lat' dir='ltr'>sed</span> <span class='ocrx_word' id='word_1_657' title='bbox 3309 2880 3482 2936; x_wconf 87' lang='lat' dir='ltr'>etiam</span> <span class='ocrx_word' id='word_1_658' title='bbox 3532 2881 3660 2952; x_wconf 89' lang='lat' dir='ltr'>ipsa</span> <span class='ocrx_word' id='word_1_659' title='bbox 3703 2881 3858 2938; x_wconf 88' lang='lat' dir='ltr'>bella</span> 
     </span>
    </p>
   </div>
   <div class='ocr_carea' id='block_1_95' title="bbox 2212 2965 3857 3042">
    <p class='ocr_par' dir='ltr' id='par_1_95' title="bbox 2212 2965 3857 3042">
     <span class='ocr_line' id='line_1_98' title="bbox 2212 2965 3857 3042; baseline 0.005 -22"><span class='ocrx_word' id='word_1_660' title='bbox 2212 2965 2458 3035; x_wconf 86' lang='lat' dir='ltr'>urbana,</span> <span class='ocrx_word' id='word_1_661' title='bbox 2475 2965 2606 3021; x_wconf 92' lang='lat' dir='ltr'>urbi</span> <span class='ocrx_word' id='word_1_662' title='bbox 2631 2969 2829 3022; x_wconf 86' lang='lat' dir='ltr'>tantus</span> <span class='ocrx_word' id='word_1_663' title='bbox 2849 2967 3091 3040; x_wconf 88' lang='lat' dir='ltr'>sanguis</span> <span class='ocrx_word' id='word_1_664' title='bbox 3111 2968 3328 3025; x_wconf 70' lang='lat' dir='ltr'>effusus</span> <span class='ocrx_word' id='word_1_665' title='bbox 3345 2973 3458 3038; x_wconf 89' lang='lat' dir='ltr'>est,</span> <span class='ocrx_word' id='word_1_666' title='bbox 3474 2969 3574 3026; x_wconf 92' lang='lat' dir='ltr'>ubi</span> <span class='ocrx_word' id='word_1_667' title='bbox 3598 2971 3857 3042; x_wconf 86' lang='lat' dir='ltr'>partium</span> 
     </span>
    </p>
   </div>
   <div class='ocr_carea' id='block_1_96' title="bbox 2211 3053 3861 3133">
    <p class='ocr_par' dir='ltr' id='par_1_96' title="bbox 2211 3053 3861 3133">
     <span class='ocr_line' id='line_1_99' title="bbox 2211 3053 3861 3133; baseline 0.005 -24"><span class='ocrx_word' id='word_1_668' title='bbox 2211 3053 2422 3123; x_wconf 85' lang='lat' dir='ltr'>studia,</span> <span class='ocrx_word' id='word_1_669' title='bbox 2464 3070 2579 3110; x_wconf 89' lang='lat' dir='ltr'>non</span> <span class='ocrx_word' id='word_1_670' title='bbox 2630 3055 2977 3112; x_wconf 90' lang='lat' dir='ltr'>concionum</span> <span class='ocrx_word' id='word_1_671' title='bbox 3003 3057 3024 3090; x_wconf 83' lang='grc'>³</span> <span class='ocrx_word' id='word_1_672' title='bbox 3055 3057 3520 3115; x_wconf 89' lang='lat' dir='ltr'>dissensionibus</span> <span class='ocrx_word' id='word_1_673' title='bbox 3567 3060 3861 3133; x_wconf 87' lang='lat' dir='ltr'>variisque</span> 
     </span>
    </p>
   </div>
   <div class='ocr_carea' id='block_1_97' title="bbox 2209 3143 3860 3222">
    <p class='ocr_par' dir='ltr' id='par_1_97' title="bbox 2209 3143 3860 3222">
     <span class='ocr_line' id='line_1_100' title="bbox 2209 3143 3860 3222; baseline 0.004 -23"><span class='ocrx_word' id='word_1_674' title='bbox 2209 3144 2452 3200; x_wconf 90' lang='lat' dir='ltr'>vocibus</span> <span class='ocrx_word' id='word_1_675' title='bbox 2470 3144 2526 3200; x_wconf 90' lang='lat' dir='ltr'>in</span> <span class='ocrx_word' id='word_1_676' title='bbox 2549 3143 2916 3212; x_wconf 88' lang='lat' dir='ltr'>alterutrum,</span> <span class='ocrx_word' id='word_1_677' title='bbox 2936 3146 3036 3203; x_wconf 90' lang='lat' dir='ltr'>sed</span> <span class='ocrx_word' id='word_1_678' title='bbox 3063 3146 3234 3217; x_wconf 89' lang='lat' dir='ltr'>plane</span> <span class='ocrx_word' id='word_1_679' title='bbox 3249 3148 3368 3218; x_wconf 89' lang='lat' dir='ltr'>jam</span> <span class='ocrx_word' id='word_1_680' title='bbox 3392 3149 3541 3204; x_wconf 90' lang='lat' dir='ltr'>ferro</span> <span class='ocrx_word' id='word_1_681' title='bbox 3559 3149 3860 3222; x_wconf 89' lang='lat' dir='ltr'>armisque</span> 
     </span>
    </p>
   </div>
   <div class='ocr_carea' id='block_1_98' title="bbox 2210 3233 3862 3307">
    <p class='ocr_par' dir='ltr' id='par_1_98' title="bbox 2210 3233 3862 3307">
     <span class='ocr_line' id='line_1_101' title="bbox 2210 3233 3862 3307; baseline 0.003 -17"><span class='ocrx_word' id='word_1_682' title='bbox 2210 3234 2522 3290; x_wconf 68' lang='lat' dir='ltr'>saeviebant</span> <span class='ocrx_word' id='word_1_683' title='bbox 2545 3251 2557 3289; x_wconf 94' lang='lat'>:</span> <span class='ocrx_word' id='word_1_684' title='bbox 2584 3233 2737 3290; x_wconf 88' lang='lat' dir='ltr'>bella</span> <span class='ocrx_word' id='word_1_685' title='bbox 2757 3235 3018 3304; x_wconf 90' lang='lat' dir='ltr'>socialia,</span> <span class='ocrx_word' id='word_1_686' title='bbox 3042 3236 3194 3294; x_wconf 87' lang='lat' dir='ltr'>bella</span> <span class='ocrx_word' id='word_1_687' title='bbox 3217 3237 3470 3307; x_wconf 84' lang='lat' dir='ltr'>servilia,</span> <span class='ocrx_word' id='word_1_688' title='bbox 3495 3237 3648 3296; x_wconf 86' lang='lat' dir='ltr'>bella</span> <span class='ocrx_word' id='word_1_689' title='bbox 3670 3238 3862 3296; x_wconf 89' lang='lat' dir='ltr'>civilia</span> 
     </span>
    </p>
   </div>
   <div class='ocr_carea' id='block_1_99' title="bbox 2207 3325 3861 3400">
    <p class='ocr_par' dir='ltr' id='par_1_99' title="bbox 2207 3325 3861 3400">
     <span class='ocr_line' id='line_1_102' title="bbox 2207 3325 3861 3400; baseline 0.005 -22"><span class='ocrx_word' id='word_1_690' title='bbox 2207 3327 2490 3393; x_wconf 87' lang='lat' dir='ltr'>quantum</span> <span class='ocrx_word' id='word_1_691' title='bbox 2505 3325 2834 3380; x_wconf 85' lang='lat' dir='ltr'>Romanum</span> <span class='ocrx_word' id='word_1_692' title='bbox 2849 3341 3116 3381; x_wconf 89' lang='lat' dir='ltr'>cruorem</span> <span class='ocrx_word' id='word_1_693' title='bbox 3138 3326 3431 3395; x_wconf 86' lang='lat' dir='ltr'>fuderunt,</span> <span class='ocrx_word' id='word_1_694' title='bbox 3449 3333 3727 3400; x_wconf 88' lang='lat' dir='ltr'>quantam</span> <span class='ocrx_word' id='word_1_695' title='bbox 3748 3330 3861 3387; x_wconf 88' lang='lat' dir='ltr'>Ita-</span> 
     </span>
    </p>
   </div>
   <div class='ocr_carea' id='block_1_100' title="bbox 2205 3411 3856 3490">
    <p class='ocr_par' dir='ltr' id='par_1_100' title="bbox 2205 3411 3856 3490">
     <span class='ocr_line' id='line_1_103' title="bbox 2205 3411 3856 3490; baseline 0.005 -23"><span class='ocrx_word' id='word_1_696' title='bbox 2205 3411 2296 3468; x_wconf 79' lang='lat' dir='ltr'>liae</span> <span class='ocrx_word' id='word_1_697' title='bbox 2326 3413 2707 3469; x_wconf 88' lang='lat' dir='ltr'>vastationem</span> <span class='ocrx_word' id='word_1_698' title='bbox 2733 3413 3238 3487; x_wconf 87' lang='lat' dir='ltr'>desertionemque</span> <span class='ocrx_word' id='word_1_699' title='bbox 3260 3417 3570 3474; x_wconf 82' lang='lat' dir='ltr'>fecerunt?</span> <span class='ocrx_word' id='word_1_700' title='bbox 3591 3417 3856 3490; x_wconf 87' lang='lat' dir='ltr'>Namque</span> 
     </span>
    </p>
   </div>
   <div class='ocr_carea' id='block_1_101' title="bbox 2205 3502 3857 3572">
    <p class='ocr_par' dir='ltr' id='par_1_101' title="bbox 2205 3502 3857 3572">
     <span class='ocr_line' id='line_1_104' title="bbox 2205 3502 3857 3572; baseline 0.002 -14"><span class='ocrx_word' id='word_1_701' title='bbox 2205 3509 2515 3572; x_wconf 84' lang='lat' dir='ltr'>antequam</span> <span class='ocrx_word' id='word_1_702' title='bbox 2549 3517 2611 3557; x_wconf 90' lang='lat' dir='ltr'>se</span> <span class='ocrx_word' id='word_1_703' title='bbox 2632 3502 2911 3558; x_wconf 90' lang='lat' dir='ltr'>adversus</span> <span class='ocrx_word' id='word_1_704' title='bbox 2932 3503 3176 3560; x_wconf 86' lang='lat' dir='ltr'>Romam</span> <span class='ocrx_word' id='word_1_705' title='bbox 3209 3505 3424 3562; x_wconf 87' lang='lat' dir='ltr'>sociale</span> <span class='ocrx_word' id='word_1_706' title='bbox 3447 3505 3668 3563; x_wconf 87' lang='lat' dir='ltr'>Latium</span> <span class='ocrx_word' id='word_1_707' title='bbox 3700 3523 3857 3564; x_wconf 88' lang='lat' dir='ltr'>com-</span> 
     </span>
    </p>
   </div>
   <div class='ocr_carea' id='block_1_102' title="bbox 2206 3593 3847 3665">
    <p class='ocr_par' dir='ltr' id='par_1_102' title="bbox 2206 3593 3847 3665">
     <span class='ocr_line' id='line_1_105' title="bbox 2206 3593 3847 3665; baseline 0.003 -17"><span class='ocrx_word' id='word_1_708' title='bbox 2206 3595 2479 3658; x_wconf 87' lang='lat' dir='ltr'>moveret,</span> <span class='ocrx_word' id='word_1_709' title='bbox 2503 3595 2715 3648; x_wconf 88' lang='lat' dir='ltr'>cuncta</span> <span class='ocrx_word' id='word_1_710' title='bbox 2737 3593 3018 3648; x_wconf 89' lang='lat' dir='ltr'>animalia</span> <span class='ocrx_word' id='word_1_711' title='bbox 3051 3593 3328 3650; x_wconf 88' lang='lat' dir='ltr'>humanis</span> <span class='ocrx_word' id='word_1_712' title='bbox 3350 3594 3554 3652; x_wconf 86' lang='lat' dir='ltr'>usibus</span> <span class='ocrx_word' id='word_1_713' title='bbox 3587 3596 3847 3665; x_wconf 89' lang='lat' dir='ltr'>subdita,</span> 
     </span>
    </p>
   </div>
   <div class='ocr_carea' id='block_1_103' title="bbox 2203 3681 3848 3759">
    <p class='ocr_par' dir='ltr' id='par_1_103' title="bbox 2203 3681 3848 3759">
     <span class='ocr_line' id='line_1_106' title="bbox 2203 3681 3848 3759; baseline 0.004 -21"><span class='ocrx_word' id='word_1_714' title='bbox 2203 3698 2394 3752; x_wconf 83' lang='lat' dir='ltr'>canes,</span> <span class='ocrx_word' id='word_1_715' title='bbox 2442 3682 2595 3754; x_wconf 90' lang='lat' dir='ltr'>equi,</span> <span class='ocrx_word' id='word_1_716' title='bbox 2633 3681 2804 3748; x_wconf 89' lang='lat' dir='ltr'>asini,</span> <span class='ocrx_word' id='word_1_717' title='bbox 2853 3682 3049 3750; x_wconf 90' lang='lat' dir='ltr'>boves,</span> <span class='ocrx_word' id='word_1_718' title='bbox 3081 3688 3426 3758; x_wconf 66' lang='lat' dir='ltr'>etquaeque</span> <span class='ocrx_word' id='word_1_719' title='bbox 3474 3685 3590 3744; x_wconf 87' lang='lat' dir='ltr'>alia</span> <span class='ocrx_word' id='word_1_720' title='bbox 3639 3703 3848 3759; x_wconf 85' lang='lat' dir='ltr'>pecora</span> 
     </span>
    </p>
   </div>
   <div class='ocr_carea' id='block_1_104' title="bbox 2203 3771 3853 3843">
    <p class='ocr_par' dir='ltr' id='par_1_104' title="bbox 2203 3771 3853 3843">
     <span class='ocr_line' id='line_1_107' title="bbox 2203 3771 3853 3843; baseline 0.004 -15"><span class='ocrx_word' id='word_1_721' title='bbox 2203 3772 2315 3828; x_wconf 92' lang='lat' dir='ltr'>sub</span> <span class='ocrx_word' id='word_1_722' title='bbox 2348 3771 2653 3827; x_wconf 90' lang='lat' dir='ltr'>hominum</span> <span class='ocrx_word' id='word_1_723' title='bbox 2688 3771 2946 3828; x_wconf 87' lang='lat' dir='ltr'>dominio</span> <span class='ocrx_word' id='word_1_724' title='bbox 3001 3772 3262 3843; x_wconf 89' lang='lat' dir='ltr'>fuerunt,</span> <span class='ocrx_word' id='word_1_725' title='bbox 3294 3775 3488 3833; x_wconf 86' lang='lat' dir='ltr'>subito</span> <span class='ocrx_word' id='word_1_726' title='bbox 3518 3777 3756 3833; x_wconf 77' lang='lat' dir='ltr'>efferata</span> <span class='ocrx_word' id='word_1_727' title='bbox 3793 3784 3853 3834; x_wconf 84' lang='lat' dir='ltr'>et</span> 
     </span>
    </p>
   </div>
   <div class='ocr_carea' id='block_1_105' title="bbox 2203 3859 3853 3939">
    <p class='ocr_par' dir='ltr' id='par_1_105' title="bbox 2203 3859 3853 3939">
     <span class='ocr_line' id='line_1_108' title="bbox 2203 3859 3853 3939; baseline 0.002 -22"><span class='ocrx_word' id='word_1_728' title='bbox 2203 3861 2534 3917; x_wconf 80' lang='lat' dir='ltr'>domesticae</span> <span class='ocrx_word' id='word_1_729' title='bbox 2559 3859 2816 3916; x_wconf 89' lang='lat' dir='ltr'>lenitatis</span> <span class='ocrx_word' id='word_1_730' title='bbox 2835 3859 3036 3930; x_wconf 90' lang='lat' dir='ltr'>oblita,</span> <span class='ocrx_word' id='word_1_731' title='bbox 3055 3862 3275 3920; x_wconf 91' lang='lat' dir='ltr'>relictis</span> <span class='ocrx_word' id='word_1_732' title='bbox 3291 3864 3460 3920; x_wconf 88' lang='lat' dir='ltr'>tectis</span> <span class='ocrx_word' id='word_1_733' title='bbox 3481 3864 3664 3922; x_wconf 90' lang='lat' dir='ltr'>libera</span> <span class='ocrx_word' id='word_1_734' title='bbox 3685 3882 3853 3939; x_wconf 84' lang='lat' dir='ltr'>vaga-</span> 
     </span>
    </p>
   </div>
   <div class='ocr_carea' id='block_1_106' title="bbox 2202 3950 3849 4024">
    <p class='ocr_par' dir='ltr' id='par_1_106' title="bbox 2202 3950 3849 4024">
     <span class='ocr_line' id='line_1_109' title="bbox 2202 3950 3849 4024; baseline 0.004 -18"><span class='ocrx_word' id='word_1_735' title='bbox 2202 3951 2434 4017; x_wconf 88' lang='lat' dir='ltr'>bantur,</span> <span class='ocrx_word' id='word_1_736' title='bbox 2465 3953 2522 4006; x_wconf 93' lang='lat' dir='ltr'>et</span> <span class='ocrx_word' id='word_1_737' title='bbox 2541 3965 2775 4006; x_wconf 90' lang='lat' dir='ltr'>omnem</span> <span class='ocrx_word' id='word_1_738' title='bbox 2799 3967 2914 4006; x_wconf 90' lang='lat' dir='ltr'>non</span> <span class='ocrx_word' id='word_1_739' title='bbox 2942 3950 3128 4009; x_wconf 91' lang='lat' dir='ltr'>solum</span> <span class='ocrx_word' id='word_1_740' title='bbox 3153 3952 3422 4024; x_wconf 91' lang='lat' dir='ltr'>aliorum,</span> <span class='ocrx_word' id='word_1_741' title='bbox 3445 3971 3644 4011; x_wconf 89' lang='lat' dir='ltr'>verum</span> <span class='ocrx_word' id='word_1_742' title='bbox 3668 3957 3849 4012; x_wconf 88' lang='lat' dir='ltr'>etiam</span> 
     </span>
    </p>
   </div>
   <div class='ocr_carea' id='block_1_107' title="bbox 2199 4039 3856 4111">
    <p class='ocr_par' dir='ltr' id='par_1_107' title="bbox 2199 4039 3856 4111">
     <span class='ocr_line' id='line_1_110' title="bbox 2199 4039 3856 4111; baseline 0.005 -17"><span class='ocrx_word' id='word_1_743' title='bbox 2199 4039 2566 4096; x_wconf 90' lang='lat' dir='ltr'>dominorum</span> <span class='ocrx_word' id='word_1_744' title='bbox 2593 4040 3009 4096; x_wconf 83' lang='lat' dir='ltr'>aversabantur</span> <span class='ocrx_word' id='word_1_745' title='bbox 3031 4057 3352 4111; x_wconf 87' lang='lat' dir='ltr'>accessum,</span> <span class='ocrx_word' id='word_1_746' title='bbox 3380 4060 3493 4100; x_wconf 92' lang='lat' dir='ltr'>non</span> <span class='ocrx_word' id='word_1_747' title='bbox 3523 4043 3647 4100; x_wconf 90' lang='lat' dir='ltr'>sine</span> <span class='ocrx_word' id='word_1_748' title='bbox 3677 4045 3856 4102; x_wconf 87' lang='lat' dir='ltr'>exitio</span> 
     </span>
    </p>
   </div>
   <div class='ocr_carea' id='block_1_108' title="bbox 2197 4128 3852 4207">
    <p class='ocr_par' dir='ltr' id='par_1_108' title="bbox 2197 4128 3852 4207">
     <span class='ocr_line' id='line_1_111' title="bbox 2197 4128 3852 4207; baseline 0.004 -23"><span class='ocrx_word' id='word_1_749' title='bbox 2197 4130 2285 4185; x_wconf 91' lang='lat' dir='ltr'>vel</span> <span class='ocrx_word' id='word_1_750' title='bbox 2307 4128 2562 4200; x_wconf 88' lang='lat' dir='ltr'>periculo</span> <span class='ocrx_word' id='word_1_751' title='bbox 2583 4129 2876 4200; x_wconf 80' lang='lat' dir='ltr'>audentis,</span> <span class='ocrx_word' id='word_1_752' title='bbox 2893 4130 2940 4186; x_wconf 92' lang='lat' dir='ltr'>si</span> <span class='ocrx_word' id='word_1_753' title='bbox 2972 4131 3104 4202; x_wconf 89' lang='lat' dir='ltr'>quis</span> <span class='ocrx_word' id='word_1_754' title='bbox 3125 4132 3196 4188; x_wconf 89' lang='lat' dir='ltr'>de</span> <span class='ocrx_word' id='word_1_755' title='bbox 3215 4134 3477 4203; x_wconf 86' lang='lat' dir='ltr'>proximo</span> <span class='ocrx_word' id='word_1_756' title='bbox 3501 4139 3731 4205; x_wconf 85' lang='lat' dir='ltr'>urgeret</span> <span class='ocrx_word' id='word_1_757' title='bbox 3748 4134 3852 4207; x_wconf 89' lang='lat' dir='ltr'>(a).</span> 
     </span>
    </p>
   </div>
   <div class='ocr_carea' id='block_1_109' title="bbox 2197 4217 3851 4295">
    <p class='ocr_par' dir='ltr' id='par_1_109' title="bbox 2197 4217 3851 4295">
     <span class='ocr_line' id='line_1_112' title="bbox 2197 4217 3851 4295; baseline 0.004 -22"><span class='ocrx_word' id='word_1_758' title='bbox 2197 4218 2409 4285; x_wconf 89' lang='lat' dir='ltr'>Quanti</span> <span class='ocrx_word' id='word_1_759' title='bbox 2442 4217 2578 4274; x_wconf 87' lang='lat' dir='ltr'>mali</span> <span class='ocrx_word' id='word_1_760' title='bbox 2609 4218 2843 4291; x_wconf 90' lang='lat' dir='ltr'>signum</span> <span class='ocrx_word' id='word_1_761' title='bbox 2887 4219 3017 4288; x_wconf 88' lang='lat' dir='ltr'>fuit,</span> <span class='ocrx_word' id='word_1_762' title='bbox 3050 4221 3098 4277; x_wconf 89' lang='lat' dir='ltr'>si</span> <span class='ocrx_word' id='word_1_763' title='bbox 3131 4222 3239 4278; x_wconf 93' lang='lat' dir='ltr'>hoc</span> <span class='ocrx_word' id='word_1_764' title='bbox 3271 4221 3506 4295; x_wconf 88' lang='lat' dir='ltr'>signum</span> <span class='ocrx_word' id='word_1_765' title='bbox 3547 4223 3660 4279; x_wconf 84' lang='lat' dir='ltr'>fuit</span> <span class='ocrx_word' id='word_1_766' title='bbox 3689 4225 3851 4295; x_wconf 90' lang='lat' dir='ltr'>quod</span> 
     </span>
    </p>
   </div>
   <div class='ocr_carea' id='block_1_110' title="bbox 2194 4306 3854 4382">
    <p class='ocr_par' dir='ltr' id='par_1_110' title="bbox 2194 4306 3854 4382">
     <span class='ocr_line' id='line_1_113' title="bbox 2194 4306 3854 4382; baseline 0.005 -20"><span class='ocrx_word' id='word_1_767' title='bbox 2194 4311 2425 4364; x_wconf 87' lang='lat' dir='ltr'>tantum</span> <span class='ocrx_word' id='word_1_768' title='bbox 2451 4306 2667 4363; x_wconf 89' lang='lat' dir='ltr'>malum</span> <span class='ocrx_word' id='word_1_769' title='bbox 2690 4308 2819 4377; x_wconf 82' lang='lat' dir='ltr'>fuit,</span> <span class='ocrx_word' id='word_1_770' title='bbox 2844 4309 2892 4365; x_wconf 90' lang='lat' dir='ltr'>si</span> <span class='ocrx_word' id='word_1_771' title='bbox 2924 4309 3098 4366; x_wconf 90' lang='lat' dir='ltr'>etiam</span> <span class='ocrx_word' id='word_1_772' title='bbox 3123 4311 3352 4382; x_wconf 87' lang='lat' dir='ltr'>signum</span> <span class='ocrx_word' id='word_1_773' title='bbox 3378 4329 3491 4368; x_wconf 88' lang='lat' dir='ltr'>non</span> <span class='ocrx_word' id='word_1_774' title='bbox 3519 4313 3629 4368; x_wconf 88' lang='lat' dir='ltr'>fuit</span> <span class='ocrx_word' id='word_1_775' title='bbox 3647 4314 3669 4348; x_wconf 73' lang='lat'><strong>‘</strong></span> <span class='ocrx_word' id='word_1_776' title='bbox 3686 4311 3854 4372; x_wconf 77' lang='lat' dir='ltr'>‘lHoc</span> 
     </span>
    </p>
   </div>
   <div class='ocr_carea' id='block_1_111' title="bbox 2195 4397 3850 4476">
    <p class='ocr_par' dir='ltr' id='par_1_111' title="bbox 2195 4397 3850 4476">
     <span class='ocr_line' id='line_1_114' title="bbox 2195 4397 3850 4476; baseline 0.005 -23"><span class='ocrx_word' id='word_1_777' title='bbox 2195 4397 2241 4454; x_wconf 90' lang='lat' dir='ltr'>si</span> <span class='ocrx_word' id='word_1_778' title='bbox 2256 4397 2472 4456; x_wconf 88' lang='lat' dir='ltr'>nostris</span> <span class='ocrx_word' id='word_1_779' title='bbox 2489 4405 2598 4454; x_wconf 90' lang='lat' dir='ltr'>lem</span> <span class='ocrx_word' id='word_1_780' title='bbox 2609 4398 2844 4470; x_wconf 89' lang='lat' dir='ltr'>poribus</span> <span class='ocrx_word' id='word_1_781' title='bbox 2859 4400 3166 4458; x_wconf 88' lang='lat' dir='ltr'>accidisset</span> <span class='ocrx_word' id='word_1_782' title='bbox 3182 4402 3500 4460; x_wconf 88' lang='lat' dir='ltr'>rabidiores</span> <span class='ocrx_word' id='word_1_783' title='bbox 3515 4403 3662 4462; x_wconf 89' lang='lat' dir='ltr'>istos</span> <span class='ocrx_word' id='word_1_784' title='bbox 3676 4421 3850 4476; x_wconf 88' lang='lat' dir='ltr'>quam</span> 
     </span>
    </p>
   </div>
   <div class='ocr_carea' id='block_1_112' title="bbox 2194 4487 3122 4565">
    <p class='ocr_par' dir='ltr' id='par_1_112' title="bbox 2194 4487 3122 4565">
     <span class='ocr_line' id='line_1_115' title="bbox 2194 4487 3122 4565; baseline 0.003 -19"><span class='ocrx_word' id='word_1_785' title='bbox 2194 4487 2279 4546; x_wconf 91' lang='lat' dir='ltr'>illi</span> <span class='ocrx_word' id='word_1_786' title='bbox 2311 4507 2418 4548; x_wconf 89' lang='lat' dir='ltr'>sua</span> <span class='ocrx_word' id='word_1_787' title='bbox 2451 4489 2732 4548; x_wconf 88' lang='lat' dir='ltr'>animalia</span> <span class='ocrx_word' id='word_1_788' title='bbox 2775 4495 3122 4565; x_wconf 87' lang='lat' dir='ltr'>pateremur.</span> 
     </span>
    </p>
   </div>
   <div class='ocr_carea' id='block_1_113' title="bbox 2191 4615 3850 4693">
    <p class='ocr_par' dir='ltr' id='par_1_113' title="bbox 2191 4615 3850 4693">
     <span class='ocr_line' id='line_1_116' title="bbox 2191 4615 3850 4693; baseline 0.006 -21"><span class='ocrx_word' id='word_1_789' title='bbox 2191 4615 2423 4673; x_wconf 88' lang='lat' dir='ltr'>CAPUT</span> <span class='ocrx_word' id='word_1_790' title='bbox 2452 4617 2644 4676; x_wconf 87' lang='lat' dir='ltr'>XXIV.</span> <span class='ocrx_word' id='word_1_791' title='bbox 2675 4619 2822 4675; x_wconf 91' lang='lat' dir='ltr'>——De</span> <span class='ocrx_word' id='word_1_792' title='bbox 2849 4618 3124 4676; x_wconf 84' lang='lat' dir='ltr'>discordia</span> <span class='ocrx_word' id='word_1_793' title='bbox 3145 4618 3321 4690; x_wconf 83' lang='lat' dir='ltr'>civili,</span> <span class='ocrx_word' id='word_1_794' title='bbox 3355 4635 3524 4693; x_wconf 87' lang='lat' dir='ltr'>quam</span> <span class='ocrx_word' id='word_1_795' title='bbox 3553 4621 3850 4682; x_wconf 54' lang='lat' dir='ltr'>Gracchus</span> 
     </span>
    </p>
   </div>
   <div class='ocr_carea' id='block_1_114' title="bbox 2641 4707 3377 4766">
    <p class='ocr_par' dir='ltr' id='par_1_114' title="bbox 2641 4707 3377 4766">
     <span class='ocr_line' id='line_1_117' title="bbox 2641 4707 3377 4766; baseline 0.003 -2"><span class='ocrx_word' id='word_1_796' title='bbox 2641 4707 2932 4764; x_wconf 82' lang='lat' dir='ltr'>seditiones</span> <span class='ocrx_word' id='word_1_797' title='bbox 2973 4709 3377 4766; x_wconf 74' lang='lat' dir='ltr'>excitaverunt.</span> 
     </span>
    </p>
   </div>
   <div class='ocr_carea' id='block_1_115' title="bbox 2262 4812 3846 4892">
    <p class='ocr_par' dir='ltr' id='par_1_115' title="bbox 2262 4812 3846 4892">
     <span class='ocr_line' id='line_1_118' title="bbox 2262 4812 3846 4892; baseline 0.004 -21"><span class='ocrx_word' id='word_1_798' title='bbox 2262 4812 2497 4872; x_wconf 90' lang='lat' dir='ltr'>Initium</span> <span class='ocrx_word' id='word_1_799' title='bbox 2525 4818 2718 4872; x_wconf 88' lang='lat' dir='ltr'>uatem</span> <span class='ocrx_word' id='word_1_800' title='bbox 2747 4814 3007 4875; x_wconf 89' lang='lat' dir='ltr'>civilium</span> <span class='ocrx_word' id='word_1_801' title='bbox 3031 4814 3316 4873; x_wconf 89' lang='lat' dir='ltr'>bellorum</span> <span class='ocrx_word' id='word_1_802' title='bbox 3334 4817 3358 4852; x_wconf 88' lang='grc'>⁵</span> <span class='ocrx_word' id='word_1_803' title='bbox 3376 4818 3506 4892; x_wconf 86' lang='lat' dir='ltr'>fuit,</span> <span class='ocrx_word' id='word_1_804' title='bbox 3529 4818 3846 4878; x_wconf 80' lang='lat' dir='ltr'>seditiones</span> 
     </span>
    </p>
   </div>
   <div class='ocr_carea' id='block_1_116' title="bbox 2255 5019 3848 5080">
    <p class='ocr_par' dir='ltr' id='par_1_116' title="bbox 2255 5019 3848 5080">
     <span class='ocr_line' id='line_1_119' title="bbox 2255 5019 3848 5080; baseline 0.005 -12"><span class='ocrx_word' id='word_1_805' title='bbox 2255 5023 2272 5058; x_wconf 80' lang='grc'><strong>1</strong></span> <span class='ocrx_word' id='word_1_806' title='bbox 2304 5019 2858 5080; x_wconf 82' lang='lat' dir='ltr'>Edlti,mutuisutita</span> <span class='ocrx_word' id='word_1_807' title='bbox 2871 5020 3271 5078; x_wconf 80' lang='lat' dir='ltr'>dicam.Abesl:.</span> <span class='ocrx_word' id='word_1_808' title='bbox 3293 5031 3357 5073; x_wconf 82' lang='lat' dir='ltr'>ut</span> <span class='ocrx_word' id='word_1_809' title='bbox 3387 5022 3488 5079; x_wconf 85' lang='lat' dir='ltr'>ita,</span> <span class='ocrx_word' id='word_1_810' title='bbox 3520 5024 3848 5077; x_wconf 82' lang='lat' dir='ltr'>aoodicibus</span> 
     </span>
    </p>
   </div>
   <div class='ocr_carea' id='block_1_117' title="bbox 2188 5083 3847 5150">
    <p class='ocr_par' dir='ltr' id='par_1_117' title="bbox 2188 5083 3847 5150">
     <span class='ocr_line' id='line_1_120' title="bbox 2188 5083 3847 5150; baseline 0.006 -20"><span class='ocrx_word' id='word_1_811' title='bbox 2188 5083 2866 5150; x_wconf 40' lang='lat' dir='ltr'>manuscriptistsedejus</span> <span class='ocrx_word' id='word_1_812' title='bbox 2893 5084 3008 5134; x_wconf 83' lang='lat' dir='ltr'>loco</span> <span class='ocrx_word' id='word_1_813' title='bbox 3028 5085 3093 5150; x_wconf 72' lang='lat' dir='ltr'>in</span> <span class='ocrx_word' id='word_1_814' title='bbox 3103 5085 3347 5150; x_wconf 84' lang='lat' dir='ltr'>pluribus</span> <span class='ocrx_word' id='word_1_815' title='bbox 3367 5086 3578 5150; x_wconf 81' lang='lat' dir='ltr'>legitur.</span> <span class='ocrx_word' id='word_1_816' title='bbox 3602 5097 3847 5150; x_wconf 81' lang='lat' dir='ltr'>repente.</span> 
     </span>
    </p>
   </div>
   <div class='ocr_carea' id='block_1_118' title="bbox 2253 5145 3848 5212">
    <p class='ocr_par' dir='ltr' id='par_1_118' title="bbox 2253 5145 3848 5212">
     <span class='ocr_line' id='line_1_121' title="bbox 2253 5145 3848 5212; baseline 0.006 -20"><span class='ocrx_word' id='word_1_817' title='bbox 2253 5146 2274 5178; x_wconf 79' lang='grc'><strong>²</strong></span> <span class='ocrx_word' id='word_1_818' title='bbox 2299 5146 2469 5212; x_wconf 22' lang='grc' dir='ltr'>ΑΕᾶὶιιῖ,Δ</span> <span class='ocrx_word' id='word_1_819' title='bbox 2507 5145 2652 5194; x_wconf 80' lang='lat' dir='ltr'>talia</span> <span class='ocrx_word' id='word_1_820' title='bbox 2693 5145 2995 5197; x_wconf 82' lang='lat' dir='ltr'>licuerunt.</span> <span class='ocrx_word' id='word_1_821' title='bbox 3045 5145 3394 5212; x_wconf 64' lang='lat' dir='ltr'>Manuscripti</span> <span class='ocrx_word' id='word_1_822' title='bbox 3423 5145 3557 5199; x_wconf 50' lang='lat' dir='ltr'>Vero</span> <span class='ocrx_word' id='word_1_823' title='bbox 3603 5145 3712 5200; x_wconf 60' lang='lat' dir='ltr'>non</span> <span class='ocrx_word' id='word_1_824' title='bbox 3743 5153 3848 5202; x_wconf 83' lang='lat' dir='ltr'>ha-</span> 
     </span>
    </p>
   </div>
   <div class='ocr_carea' id='block_1_119' title="bbox 2187 5207 2522 5264">
    <p class='ocr_par' dir='ltr' id='par_1_119' title="bbox 2187 5207 2522 5264">
     <span class='ocr_line' id='line_1_122' title="bbox 2187 5207 2522 5264; baseline -0.012 -8"><span class='ocrx_word' id='word_1_825' title='bbox 2187 5208 2332 5264; x_wconf 86' lang='lat' dir='ltr'>bent,</span> <span class='ocrx_word' id='word_1_826' title='bbox 2365 5207 2522 5255; x_wconf 85' lang='lat' dir='ltr'>talia.</span> 
     </span>
    </p>
   </div>
   <div class='ocr_carea' id='block_1_120' title="bbox 2251 5268 3844 5337">
    <p class='ocr_par' dir='ltr' id='par_1_120' title="bbox 2251 5268 3844 5337">
     <span class='ocr_line' id='line_1_123' title="bbox 2251 5268 3844 5337; baseline 0.008 -21"><span class='ocrx_word' id='word_1_827' title='bbox 2251 5271 2272 5337; x_wconf 82' lang='lat'>_3</span> <span class='ocrx_word' id='word_1_828' title='bbox 2300 5268 2455 5337; x_wconf 55' lang='lat' dir='ltr'>gditi,</span> <span class='ocrx_word' id='word_1_829' title='bbox 2487 5269 3297 5337; x_wconf 66' lang='lat' dir='ltr'>conteutionum.Manuscripti</span> <span class='ocrx_word' id='word_1_830' title='bbox 3320 5287 3465 5330; x_wconf 80' lang='lat' dir='ltr'>vero,</span> <span class='ocrx_word' id='word_1_831' title='bbox 3495 5276 3844 5329; x_wconf 79' lang='lat' dir='ltr'>concionum.</span> 
     </span>
    </p>
   </div>
   <div class='ocr_carea' id='block_1_121' title="bbox 2245 5331 3841 5400">
    <p class='ocr_par' dir='ltr' id='par_1_121' title="bbox 2245 5331 3841 5400">
     <span class='ocr_line' id='line_1_124' title="bbox 2245 5331 3841 5400; baseline 0.006 -21"><span class='ocrx_word' id='word_1_832' title='bbox 2245 5331 2273 5400; x_wconf 48' lang='lat' dir='ltr'><strong>ﬁ</strong></span> <span class='ocrx_word' id='word_1_833' title='bbox 2299 5332 2379 5400; x_wconf 78' lang='lat' dir='ltr'>Ita</span> <span class='ocrx_word' id='word_1_834' title='bbox 2402 5345 2590 5400; x_wconf 69' lang='lat' dir='ltr'>pmnes</span> <span class='ocrx_word' id='word_1_835' title='bbox 2611 5335 2740 5400; x_wconf 74' lang='lat' dir='ltr'>_M_ss.</span> <span class='ocrx_word' id='word_1_836' title='bbox 2773 5335 2841 5400; x_wconf 83' lang='lat' dir='ltr'>At</span> <span class='ocrx_word' id='word_1_837' title='bbox 2868 5336 3015 5392; x_wconf 87' lang='lat' dir='ltr'>editi,</span> <span class='ocrx_word' id='word_1_838' title='bbox 3049 5338 3200 5392; x_wconf 85' lang='lat' dir='ltr'>Quod</span> <span class='ocrx_word' id='word_1_839' title='bbox 3218 5331 3423 5399; x_wconf 45' lang='lat' dir='ltr'>Quanti</span> <span class='ocrx_word' id='word_1_840' title='bbox 3438 5337 3579 5386; x_wconf 85' lang='lat' dir='ltr'>mali</span> <span class='ocrx_word' id='word_1_841' title='bbox 3607 5338 3841 5400; x_wconf 67' lang='lat' dir='ltr'>signum</span> 
     </span>
    </p>
   </div>
   <div class='ocr_carea' id='block_1_122' title="bbox 3236 5401 3841 5451">
    <p class='ocr_par' dir='ltr' id='par_1_122' title="bbox 3236 5401 3841 5451">
     <span class='ocr_line' id='line_1_125' title="bbox 3236 5401 3841 5451; baseline 0.005 -3"><span class='ocrx_word' id='word_1_842' title='bbox 3236 5401 3345 5448; x_wconf 87' lang='lat' dir='ltr'>uod</span> <span class='ocrx_word' id='word_1_843' title='bbox 3364 5408 3587 5449; x_wconf 77' lang='lat' dir='ltr'>tantum</span> <span class='ocrx_word' id='word_1_844' title='bbox 3615 5401 3841 5451; x_wconf 83' lang='lat' dir='ltr'>malum</span> 
     </span>
    </p>
   </div>
   <div class='ocr_carea' id='block_1_123' title="bbox 2250 5581 3838 5646">
    <p class='ocr_par' dir='ltr' id='par_1_123' title="bbox 2250 5581 3838 5646">
     <span class='ocr_line' id='line_1_126' title="bbox 2250 5581 3838 5646; baseline 0.006 -16"><span class='ocrx_word' id='word_1_845' title='bbox 2250 5584 2271 5617; x_wconf 77' lang='lat'><strong>5</strong></span> <span class='ocrx_word' id='word_1_846' title='bbox 2284 5581 3366 5646; x_wconf 78' lang='lat' dir='ltr'>Mss.habent,civiliummalorum.—Sic</span> <span class='ocrx_word' id='word_1_847' title='bbox 3377 5588 3537 5638; x_wconf 89' lang='lat' dir='ltr'>etiam</span> <span class='ocrx_word' id='word_1_848' title='bbox 3553 5587 3838 5640; x_wconf 85' lang='lat' dir='ltr'>Cd.766.M.</span> 
     </span>
    </p>
   </div>
   <div class='ocr_carea' id='block_1_124' title="bbox 2241 5645 3845 5715">
    <p class='ocr_par' dir='ltr' id='par_1_124' title="bbox 2241 5645 3845 5715">
     <span class='ocr_line' id='line_1_127' title="bbox 2241 5645 3845 5715; baseline 0.008 -24"><span class='ocrx_word' id='word_1_849' title='bbox 2241 5645 2329 5715; x_wconf 86' lang='lat' dir='ltr'>(a)_</span> <span class='ocrx_word' id='word_1_850' title='bbox 2347 5645 2520 5694; x_wconf 84' lang='lat' dir='ltr'>Julius</span> <span class='ocrx_word' id='word_1_851' title='bbox 2543 5647 2868 5715; x_wconf 76' lang='lat' dir='ltr'>_Qbscquens</span> <span class='ocrx_word' id='word_1_852' title='bbox 2897 5652 2961 5701; x_wconf 90' lang='lat' dir='ltr'>de</span> <span class='ocrx_word' id='word_1_853' title='bbox 2988 5651 3262 5713; x_wconf 80' lang='lat' dir='ltr'>Prodigiis,</span> <span class='ocrx_word' id='word_1_854' title='bbox 3297 5665 3410 5715; x_wconf 86' lang='lat' dir='ltr'>cap.</span> <span class='ocrx_word' id='word_1_855' title='bbox 3445 5652 3553 5704; x_wconf 77' lang='grc'>114,</span> <span class='ocrx_word' id='word_1_856' title='bbox 3584 5657 3639 5702; x_wconf 88' lang='lat' dir='ltr'>et</span> <span class='ocrx_word' id='word_1_857' title='bbox 3685 5651 3845 5704; x_wconf 88' lang='lat' dir='ltr'>Oros.</span> 
     </span>
    </p>
   </div>
   <div class='ocr_carea' id='block_1_125' title="bbox 2180 5706 2612 5769">
    <p class='ocr_par' dir='ltr' id='par_1_125' title="bbox 2180 5706 2612 5769">
     <span class='ocr_line' id='line_1_128' title="bbox 2180 5706 2612 5769; baseline 0.009 -15"><span class='ocrx_word' id='word_1_858' title='bbox 2180 5706 2271 5756; x_wconf 90' lang='lat' dir='ltr'>lib.</span> <span class='ocrx_word' id='word_1_859' title='bbox 2304 5708 2349 5757; x_wconf 88' lang='grc'>5.</span> <span class='ocrx_word' id='word_1_860' title='bbox 2386 5721 2498 5769; x_wconf 88' lang='lat' dir='ltr'>cap.</span> <span class='ocrx_word' id='word_1_861' title='bbox 2537 5708 2612 5758; x_wconf 89' lang='grc'>18.</span> 
     </span>
    </p>
   </div>
  </div>
