4128 6190
482 301 597 361 107

474 430 809 490 fuitservile
833 428 1052 488 bellum
1081 431 1215 499 ;sed
1248 438 1298 487 et
1332 429 1729 486 Macedoniam
1763 420 2122 497 provinciam

469 522 635 593 prius
683 520 914 577 servitia
946 519 1295 592 depopulata
1326 527 1483 586 sunt,
1525 523 1582 574 et
1618 517 1828 574 deinde
1860 512 2120 570 Siciliam

470 628 751 683 oramque
766 609 1552 674 maritimam.0uantaeliam
1567 611 1814 679 etquam
1832 601 2123 659 horrenda

467 701 866 760 commiserint
904 700 1088 772 primo
1139 697 1461 761 latrocinia.
1497 699 1710 755 deinde
1741 695 1932 752 valida
1961 689 2121 746 bella

469 791 807 862 piratarum,
868 789 1000 859 quis
1051 803 1151 859 pro
1211 788 1614 860 magnitudine
1674 800 1870 844 rerum
1930 779 2120 838 valeat

476 879 672 952 eloqui
700 880 780 949 (a)
802 876 830 930 τ

472 987 701 1046 CAPUT
733 984 956 1040 XXVII.
981 1015 1050 1028 --
1070 987 1143 1048 De
1174 987 1318 1044 bello
1345 987 1502 1044 civili
1530 986 1777 1043 Mariano
1808 987 1970 1056 atque
1988 977 2116 1050 Syl-

1221 1077 1368 1134 lano.

537 1164 679 1220 Cum
710 1179 849 1220 vero
879 1164 1096 1222 Marius
1140 1165 1294 1222 civili
1343 1167 1623 1238 sanguine
1646 1166 1771 1237 jam
1811 1163 2112 1226 cruentus,

465 1252 673 1308 multis
724 1253 1100 1310 adversarum
1131 1255 1243 1310 sibi
1278 1254 1528 1325 partium
1560 1251 1897 1326 peremptis,
1927 1249 2113 1304 victus

463 1339 613 1398 Urbe
628 1343 998 1414 profugisset,
1017 1343 1111 1399 vix
1124 1343 1430 1414 paululum
1451 1343 1774 1414 respirante
1787 1339 2115 1404 civitate,ut

458 1430 651 1487 verbis
682 1429 973 1488 Tullianis
1010 1435 1159 1502 utar,
1207 1435 1492 1504 superavit
1538 1436 1720 1504 postea
1769 1429 1949 1485 Cinna
1988 1443 2115 1482 cum

457 1522 650 1578 Mario.
677 1523 805 1576 Tum
836 1537 962 1578 vero
991 1523 1320 1579 clarissimis
1349 1523 1496 1580 viris
1535 1523 1862 1593 interfectis,
1897 1517 2113 1574 lumina

457 1611 990 1682 civitatispxstincta
1001 1615 1150 1668 sunt.
1179 1614 1331 1671 Ultus
1343 1617 1422 1670 est
1441 1613 1606 1681 huius
1617 1607 2084 1668 victoriaecrudeli
2094 1639 2109 1647 -

462 1719 626 1767 tatem
652 1714 836 1782 postea
859 1711 933 1782 Sy
946 1711 1126 1779 lla,ne
1145 1711 1259 1768 dici
1276 1714 1505 1784 quidem
1535 1727 1667 1783 opus
1693 1714 1772 1767 est
1793 1717 1997 1781 quanta
2025 1707 2110 1762 di-

461 1799 984 1856 minutionecivium
1015 1809 1067 1857 et
1089 1808 1296 1873 quanta
1331 1803 1650 1858 calamitate
1686 1797 2110 1871 reipublichn

461 1889 765 1945 Catilinam
797 1890 946 1945 Orat.
981 1890 1035 1957 3,
1066 1906 1191 1962 cap,
1228 1892 1359 1960 iO,§
1395 1891 1509 1962 24).
1547 1890 1628 1946 De
1656 1889 1766 1944 hac
1795 1888 1951 1944 enim
1985 1888 2111 1942 vin-

459 1976 632 2044 dicta,
648 1993 774 2050 qua:
807 1977 1190 2049 perniciosior
1215 1979 1343 2039 fuit.
1365 1996 1544 2051 quam
1564 1978 1613 2034 si
1629 1977 1847 2034 scelera
1861 1993 1981 2046 qua:
2001 1991 2109 2046 pu-

456 2067 787 2136 niebantur,
803 2068 879 2123 im
892 2068 1094 2137 punita
1124 2068 1617 2140 relinquerentur,
1635 2069 1717 2122 ait
1736 2071 1792 2122 et
1805 2068 2104 2122 Lucanus:

517 2157 752 2205 Excessit
781 2157 1045 2206 medicina
1077 2159 1297 2207 modum
1330 2172 1344 2216 ;
1377 2157 1712 2219 nimiumque
1740 2157 1920 2206 secuta
1948 2157 2045 2213 est,

517 2219 629 2282 Qua
660 2220 831 2267 morbi
863 2221 1061 2268 duxere
1086 2234 1302 2269 manum
1338 2224 1350 2255 ¹
1381 2235 1392 2269 :
1426 2221 1625 2282 periere
1655 2221 1918 2268 nocentes.

517 2281 617 2329 Sed
647 2295 766 2330 cum
795 2282 905 2343 jam
935 2283 1032 2330 soli
1061 2286 1274 2345 possent
1303 2296 1576 2344 superesse
1606 2284 1871 2331 nocentes.

515 2345 660 2407 Tunc
689 2345 815 2393 data
847 2345 1068 2394 libertas
1095 2347 1248 2402 odiis,
1281 2345 1619 2407 resolutaque
1648 2346 1824 2405 legum

517 2405 697 2455 Frenis
725 2407 807 2455 ira
839 2408 947 2455 ruit
977 2408 1015 2454 2.

941 2469 1223 2532 (Pliarsal.
1263 2469 1358 2518 lib.
1391 2470 1440 2529 2,
1477 2485 1614 2520 vers.
1649 2468 1755 2524 142,
1791 2467 1918 2528 146.)

453 2563 558 2620 Illo
607 2563 754 2621 bello
795 2565 1052 2622 Mariano
1101 2572 1274 2637 atque
1303 2566 1561 2639 Syllano,
1595 2565 1852 2636 exceptis
1885 2564 1975 2619 his
2007 2563 2103 2635 qui

455 2652 596 2709 foris
614 2653 673 2708 in
696 2655 819 2711 acie
841 2655 1202 2723 ceciderunt,
1229 2658 1284 2712 in
1311 2656 1435 2726 ipsa
1449 2671 1682 2727 quoque
1705 2653 1854 2710 Urbe
1874 2653 2107 2709 cadave-

456 2742 622 2798 ribus
656 2743 786 2809 vici,
821 2744 1041 2815 platesa,
1075 2745 1216 2812 fora,
1263 2745 1508 2812 theatra,
1558 2743 1777 2814 templa
1820 2741 2105 2811 completa

455 2834 623 2900 sunt;
660 2839 718 2887 ut
747 2832 984 2888 difﬁcile
1016 2832 1378 2904 judicaretur
1424 2833 1654 2901 quando
1686 2830 1932 2887 victores
1974 2830 2104 2903 plus

455 2923 729 2979 funerum
771 2923 1079 2992 ediderint,
1134 2931 1328 2979 utrum
1380 2924 1542 2996 prius
1587 2928 1652 2978 ut
1676 2921 1996 2990 vincerent,
2028 2939 2101 2976 an

455 3018 652 3082 postea
670 3013 810 3084 quia
825 3013 1129 3068 vicissent:
1149 3029 1280 3070 cum
1297 3012 1488 3086 primu
1501 3029 1553 3068 m
1571 3011 2100 3078 victoriaMariana,

457 3101 689 3172 quando
720 3101 790 3156 de
821 3101 1024 3157 exsilio
1056 3118 1117 3158 se
1139 3102 1262 3172 ipse
1293 3101 1566 3170 restituit,
1593 3099 1846 3172 exceptis
1877 3100 2099 3172 passim

454 3207 926 3264 quaquaversum
943 3191 1196 3248 caedibus
1213 3191 1399 3258 factis,
1415 3196 1593 3264 caput
1609 3191 1822 3247 Octavii
1842 3190 2100 3247 consulis

453 3282 839 3350 ponereturin
873 3281 1171 3353 rostris(b),
1189 3282 1374 3336 Caesar
1395 3288 1451 3337 et
1469 3281 1716 3336 Fimbria
1745 3280 1802 3335 in
1827 3279 2099 3336 domibus

454 3369 886 3426 trucidarentur
914 3371 1032 3426 suis
1091 3372 1132 3439 ³,
1167 3370 1281 3426 (1υο
1311 3370 1526 3438 Crassi,
1560 3375 1721 3441 pater
1749 3374 1807 3425 et
1832 3369 2009 3435 ﬁlius,
2039 3369 2098 3425 in

452 3464 767 3530 conspectu
790 3469 986 3516 mutuo
1007 3465 1424 3528 mactarentur,
1448 3458 2099 3516 BebiusetNumitorius

454 3563 608 3604 unco
659 3550 828 3608 tracti
863 3549 1082 3620 sparsis
1122 3549 1448 3605 visceribus
1487 3549 1809 3616 interirent,
1860 3548 2097 3604 Catulus

453 3637 660 3695 hausto
683 3655 903 3697 veneno
926 3657 986 3696 se
1013 3640 1284 3696 manibus
1309 3641 1676 3696 inimicorum
1703 3639 2093 3709 subtraheret,

451 3727 694 3798 Merula,
719 3730 926 3786 flamen
952 3730 1150 3798 Dialis,
1177 3731 1432 3802 praecisis
1447 3730 1607 3785 venis
1635 3729 1762 3785 Jovi
1795 3729 1968 3785 etiam
1989 3745 2094 3785 suo

447 3817 734 3889 sanguine
757 3817 1243 3890 iitaret.inipsius
1268 3825 1462 3876 autem
1498 3818 1661 3874 Marii
1695 3819 1879 3874 oculis
1909 3818 2095 3873 conti-

446 3924 562 3964 nuo
589 3907 1192 3980 feriebantur,quibus
1208 3907 1606 3966 salutantibus
1630 3908 1927 3964 dexteram
1961 3923 2095 3979 por-

449 3997 632 4068 rigere
662 3995 968 4054 noluisset.

446 4128 680 4185 CAPUT
736 4130 995 4186 XXVIII.
1030 4160 1097 4172 --
1131 4130 1320 4198 Qualis
1372 4131 1544 4199 fuerit
1602 4129 1831 4199 Syllana
1872 4129 2098 4184 victoria

799 4212 1006 4268 vindex
1063 4212 1333 4269 Mariana:
1362 4211 1732 4267 crudelitatis.

517 4319 897 4392 Syllanavero
918 4321 1151 4376 victoria
1171 4327 1389 4388 secuta,
1414 4319 1590 4389 hujus
1609 4317 2096 4374 videlicetvindex

445 4409 821 4476 crudelitatis,
859 4417 981 4482 post
1031 4414 1262 4466 tantum
1308 4408 1654 4479 sanguinem
1711 4408 1941 4473 civium,
1976 4423 2091 4479 quo

445 4500 576 4554 fuso
591 4504 922 4571 comparata
939 4498 1146 4564 fuerat,
1165 4498 1331 4554 ﬁnito
1348 4498 1472 4568 jam
1508 4496 1655 4552 bello
1673 4496 1995 4552 inimicitiis
2010 4496 2091 4551 vi-

443 4588 734 4654 ventibus,
761 4587 1057 4644 crudelius
1091 4587 1148 4642 in
1175 4604 1311 4658 pace
1341 4595 1602 4659 grassata
1623 4591 1732 4642 est.
1755 4585 1884 4642 Jam
1915 4586 2094 4643 etiam

444 4682 577 4748 post
607 4677 770 4732 Marii
795 4677 1035 4748 majoris
1059 4676 1333 4748 pristinas
1356 4691 1422 4732 ac
1446 4675 1877 4731 recentissimas
1911 4675 2094 4733 caedes

443 4766 658 4821 addita:
685 4766 912 4822 fuerant
939 4765 1065 4822 alia:
1080 4766 1366 4838 graviores
1392 4783 1424 4820 a
1443 4765 1621 4820 Mario
1645 4764 1882 4835 juvene,
1920 4769 2094 4836 atque

444 4854 704 4912 Carbone
727 4856 1062 4912 earumdem
1092 4855 1345 4926 partium
1367 4853 1756 4910 Marianarum
1780 4870 1792 4909 :
1820 4856 1918 4924 qui
1937 4855 2093 4926 Sylla

439 4944 926 5012 imminente,non
944 4943 1134 5001 solum
1153 4944 1476 5009 victoriam,
1493 4959 1694 5002 verum
1710 4943 1880 5000 etiam
1899 4947 2087 5016 ipsam

439 5033 813 5105 desperantes
837 5033 1110 5102 salutem,
1129 5039 1340 5090 cuncta
1363 5033 1482 5090 suis
1503 5033 1823 5104 alienisque
1836 5033 2089 5090 caedibus

438 5123 844 5194 impleverunt.
880 5123 1024 5178 Nam
1059 5127 1264 5194 praeter
1293 5129 1544 5196 stragem
1579 5123 1687 5180 late
1727 5139 1828 5196 per
1853 5123 2088 5179 diversa

505 5277 520 5311 ί
557 5275 642 5326 Sic
671 5277 838 5325 nostri
868 5275 991 5324 Mss.
1023 5275 1082 5323 In
1115 5277 1191 5334 B.,
1226 5275 1578 5337 nimiumque
1605 5282 1790 5323 secuta
1836 5281 1932 5334 est,
1979 5289 2088 5337 qua

440 5339 618 5387 morbi
655 5340 883 5394 duxere,
918 5353 1139 5388 manus.
1179 5338 1245 5386 M.

503 5401 524 5432 ²
554 5403 714 5451 Codd.
764 5403 933 5452 nostri
980 5401 1235 5450 omittunt
1277 5401 1470 5450 verba:
1522 5401 1679 5450 Tunc
1708 5399 1838 5448 data
1863 5399 2086 5449 libertas

438 5461 595 5525 odiis.
628 5466 982 5525 resolutaque
1010 5465 1194 5525 legum
1238 5463 1420 5523 frenis
1453 5464 1542 5511 ira
1572 5466 1710 5512 ruit.
1743 5463 1807 5511 M.

503 5524 522 5556 ³
554 5525 708 5597 Vind.
732 5531 846 5578 Am.
869 5524 951 5578 Er.
976 5529 1029 5578 et
1049 5524 1253 5589 aliquot
1268 5527 1634 5589 manuscripti,
1659 5525 2086 5575 trucidarentur

437 5597 473 5632 α
505 5599 643 5635 suis.

499 5647 572 5711 (a)
607 5648 807 5713 Livius,
833 5655 926 5704 lib.
957 5653 1037 5704 99.

495 5738 565 5807 (ὂ)
584 5739 804 5807 _De_boc
823 5747 875 5794 et
889 5744 1233 5807 sequentibus
1252 5743 1374 5794 vide
1403 5743 1514 5794 Liv.
1533 5743 1624 5794 lib.
1655 5743 1718 5793 8υ
1749 5759 1762 5804 ;
1793 5742 2016 5807 Appian.
2039 5743 2079 5794 Ι.

495 5759 565 5803 (ο)
595 5759 667 5790 U6
695 5759 875 5818 1100.οῑ
889 5759 1233 5856 εθίῖιιθῑιιωῐιε
1252 5759 1374 5818 γιαθ
1404 5759 1514 5794 ων.
1533 5759 1624 5794 ιω.
1655 5759 1718 5793 δυ
1749 5759 1762 5804 ;
1793 5759 1935 5807 Appll

436 5802 459 5853 1
491 5804 556 5857 de
582 5803 741 5856 Bellis
765 5807 942 5869 civil.;
1009 5807 1238 5861 lutarch.
1267 5820 1326 5858 ω
1359 5807 1524 5860 Mario
1553 5810 1606 5860 et
1633 5808 1804 5874 Sylla,
1836 5807 1935 5858 etc.

1535 299 1636 358 DE
1680 287 2044 358 CIVITATE
2084 285 2237 358 DEI,
2288 286 2352 348 S.
2397 288 2816 353 AUGUSTINI

3766 293 3883 354 108

2235 421 2534 493 diffusam,
2594 425 2835 482 obsesso
2903 422 3077 480 etiam
3155 425 3362 478 senatu
3441 423 3539 492 (a),
3617 423 3689 480 de
3754 424 3887 496 ipsa

2233 514 2416 579 curia,
2451 519 2724 585 tanquam
2765 514 2834 569 de
2875 529 3119 581 carcere,
3152 511 3625 583 producebantur
3665 513 3736 568 ad
3769 513 3890 586 gla-

2228 601 2409 657 dium.
2445 602 2670 657 Mucius
2690 603 2939 658 Scaevoia
2963 600 3536 673 pontifex,quoniam
3564 601 3708 657 nihil
3731 604 3882 674 apud

2224 696 2520 746 Romanos
2553 691 2766 762 templo
2801 695 2982 746 Vestae
3017 689 3277 746 sanctius
3343 689 3688 758 habebatur,
3720 708 3884 748 aram

2223 783 2404 853 ipsam
2442 783 2762 854 amplexus,
2795 782 3026 839 occisus
3057 785 3185 849 est;
3215 782 3534 870 ignemque
3569 781 3757 851 illum,
3782 784 3883 854 qui

2224 875 2500 943 perpetua
2530 889 2667 927 cura
2700 872 2996 944 virginum
3037 885 3271 941 semper
3308 870 3564 940 ardebat,
3599 887 3704 927 suo
3735 887 3882 944 pene

2222 961 2504 1034 sanguine
2521 961 2813 1017 exstinxit.
2835 959 3047 1016 Urbem
3067 959 3274 1015 deinde
3304 958 3463 1031 Sylla
3482 959 3664 1016 victor
3685 961 3879 1017 intra-

2220 1049 2321 1119 vit,
2339 1050 2507 1121 quiin
2524 1049 2656 1106 villa
2671 1049 3171 1120 publica,nonjam
3187 1047 3464 1116 bella,sed
3485 1048 3612 1120 ipsa
3627 1067 3766 1122 pace
3777 1067 3879 1108 saa-

2221 1141 2432 1208 viente,
2449 1144 2671 1211 septem
2697 1137 2880 1195 millia
2899 1138 3252 1194 deditorum‘
3270 1138 3447 1206 (unde
3468 1139 3872 1210 utique’iner-

2221 1228 2358 1298 mia)
2386 1245 2498 1283 non
2521 1227 2850 1300 pugnando,
2877 1226 2980 1283 sed
3001 1226 3269 1298 jubendo
3301 1230 3658 1297 prostaverat
3679 1228 3780 1300 (ὁ).
3803 1230 3872 1285 In

2220 1317 2371 1373 Urbe
2392 1320 2580 1373 autem
2606 1325 2722 1373 tota
2743 1334 2911 1388 quem
2932 1315 3105 1372 vellet
3125 1315 3395 1388 Syllanus
3415 1317 3669 1389 quisque
3691 1318 3873 1375 ferie-

2220 1406 2345 1462 bat:
2371 1407 2525 1461 unde
2550 1410 2627 1461 tot
2655 1407 2859 1462 funera
2874 1404 3166 1460 numerari
3192 1403 3428 1460 omnino
3444 1423 3560 1462 non
3583 1410 3870 1478 poterant,

2217 1494 2400 1550 donec
2438 1493 2601 1568 Syllae
2627 1499 3049 1567 suggereretur,
3075 1493 3352 1550 sinendos
3373 1510 3498 1550 esse
3520 1493 3750 1567 aliquos
3786 1496 3872 1551 vi-

2219 1601 2367 1650 vere,
2387 1589 2451 1638 ut
2471 1589 2667 1640 essent
2689 1583 2905 1656 quibus
2920 1590 3152 1654 possent
3166 1583 3448 1653 imperare
3467 1583 3567 1654 qui
3588 1585 3868 1640 vicerant.

2217 1673 2525 1744 Tunejam
2546 1672 2825 1740 cohibita,
2855 1689 2981 1744 quas
3007 1672 3114 1727 hac
3152 1678 3326 1743 atque
3348 1671 3458 1728 hac
3479 1673 3700 1744 passim
3729 1673 3871 1728 iuri-

2217 1762 2410 1818 bunda
2439 1761 2980 1819 ferebaturlieentia
3003 1761 3345 1832 jugulandi,
3369 1761 3568 1816 tabula
3600 1762 3700 1817 illa
3729 1777 3866 1818 cum

2217 1868 2424 1924 magna
2446 1851 2839 1924 gratulatione
2872 1850 3169 1922 proposita
3190 1854 3300 1917 est,
3318 1866 3441 1922 quin
3466 1851 3770 1906 hominum
3794 1866 3862 1908 ex

2216 1945 2463 2014 utroque
2486 1941 2689 1997 ordine
2723 1938 3049 2010 splendido,
3075 1940 3320 2011 equestri
3345 1939 3563 1996 scilicet
3584 1945 3760 2012 atque
3778 1957 3866 1996 se-

2214 2032 2462 2099 natorio,
2477 2031 2928 2088 ocridendorum
2950 2047 3014 2086 ac
3039 2030 3592 2103 proscribendorum
3607 2033 3720 2088 duo
3739 2031 3869 2086 mil-

2213 2122 2290 2178 lia
2303 2122 3058 2178 continebat.Contristabat
3081 2138 3380 2188 numerus,
3399 2123 3498 2178 sed
3515 2121 3862 2178 consolaba-

2211 2217 2309 2266 tur
2323 2213 2452 2266 mod
2465 2229 2530 2266 us
2547 2229 2559 2278 ;
2579 2228 2680 2266 nec
2695 2212 2835 2283 quia
2866 2215 2951 2266 tot
2973 2210 3494 2267 cadebanttantum
3510 2216 3633 2266 erat
3649 2227 3864 2268 maire-

2211 2298 2998 2372 ris,!quantumlaatitiie,quia
3012 2299 3198 2355 caeteri
3226 2316 3337 2356 non
3356 2301 3652 2356 timebant.
3671 2301 3860 2356 Sedin

2210 2390 2562 2460 quibusdam
2600 2389 2942 2459 eorum,qui
2969 2388 3115 2444 mori
3147 2389 3302 2459 jussi
3325 2393 3508 2458 erant,
3531 2389 3706 2446 etiam
3729 2388 3862 2460 ipsa

2210 2477 2343 2534 licet
2364 2479 2616 2534 crudelis
2637 2484 2975 2534 ceterorum
3019 2478 3320 2548 securitas,
3340 2493 3554 2551 genera
3584 2478 3858 2535 mortium

2207 2567 2492 2637 exquisita
2515 2567 2865 2639 congemuit.
2893 2567 3216 2632 Quemdam
3249 2569 3405 2622 enim
3447 2567 3574 2623 sine
3605 2567 3753 2622 ferro
3786 2567 3865 2623 la-

2207 2654 2496 2712 niantium
2516 2672 2727 2711 manus
2746 2655 3750 2726 diripuerunt,immaniustomines
3764 2655 3861 2712 bo-

2213 2744 2429 2800 minem
2455 2745 2675 2811 vivum,
2693 2761 2871 2816 quam
2893 2745 3089 2800 bestiis
3112 2745 3305 2800 solent
3328 2743 3656 2814 discerpere
3679 2745 3855 2799 cada-

2208 2850 2302 2889 ver
2322 2835 2612 2905 abjectum
2631 2835 2722 2906 (c).
2743 2834 2906 2890 Alius
2930 2834 3113 2891 oculis
3136 2834 3357 2890 eil'ossis
3386 2838 3443 2890 et
3463 2833 3862 2905 particulatim

2207 2925 2489 2980 membris
2507 2925 2831 2997 amputatis
2855 2925 2913 2980 in
2935 2925 3114 2980 tantis
3136 2923 3488 2981 cruciatibus
3518 2923 3616 2978 diu
3634 2923 3858 2990 vivere,

2203 3014 2290 3070 vel
2314 3013 2505 3086 potius
2535 3015 2634 3070 diu
2666 3015 2812 3070 mori
2835 3022 3067 3070 coactus
3093 3023 3176 3068 est
3193 3013 3292 3084 (ἁ).
3326 3013 3691 3070 Subhastatae
3713 3017 3860 3069 sunt

2204 3103 2379 3159 etiam
2400 3103 2492 3175 (ε),
2515 3107 2798 3174 tanquam
2830 3102 3002 3173 villae,
3032 3103 3298 3174 quaedam
3324 3101 3544 3158 nobiles
3566 3101 3852 3159 civitates.

2204 3191 2331 3248 Una
2359 3209 2513 3258 vero,
2545 3193 2699 3248 velut
2732 3209 2886 3248 unus
2926 3209 3062 3248 reus
3092 3193 3226 3249 duci
3252 3192 3580 3262 juberetur,
3612 3191 3698 3247 sic
3729 3195 3852 3248 tota

2198 3282 2362 3352 jussa
2391 3286 2479 3337 est
2507 3281 2809 3337 trucidari.
2843 3281 2970 3337 Hazc
2995 3283 3144 3337 facta
3167 3284 3303 3336 sunt
3331 3280 3388 3336 in
3416 3296 3553 3352 pace
3584 3285 3714 3352 post
3735 3280 3855 3337 bel-

2204 3371 2347 3438 lum,
2380 3386 2494 3425 non
2517 3375 2575 3425 ut
2597 3369 3014 3426 acceleraretur
3032 3369 3350 3426 obtinenda
3367 3369 3624 3437 victoria,
3648 3369 3749 3424 sed
3778 3382 3851 3424 ne

2203 3463 2673 3515 contemneretur
2693 3460 2950 3514 obtenta.
2967 3460 3086 3514 Pax
3099 3475 3231 3514 eum
3249 3458 3400 3514 bello
3414 3459 3485 3514 de
3507 3457 3853 3514 crudelitate

2202 3549 2456 3614 certavit,
2489 3551 2548 3602 et
2568 3547 2721 3602 vicit.
2742 3547 2889 3603 Illud
2924 3548 3082 3604 enim
3110 3547 3392 3618 postravit
3433 3551 3716 3615 armatos,
3738 3546 3853 3604 ista

2203 3641 2470 3694 nudatos.
2505 3637 2723 3693 Bellum
2762 3643 2904 3707 erat,
2945 3644 3008 3694 ut
3057 3639 3151 3709 qui
3183 3637 3514 3706 feriebatur,
3547 3637 3597 3693 si
3631 3643 3851 3710 posset,

2203 3728 2432 3784 feriret:
2471 3745 2579 3798 pax
2609 3732 2826 3795 autem,
2878 3744 2991 3783 non
3025 3731 3090 3783 ut
3137 3727 3236 3799 qui
3280 3731 3567 3795 evaserat,
3609 3728 3848 3796 viveret,

2201 3819 2300 3873 sed
2328 3822 2394 3872 ut
2426 3817 2679 3872 moriens
2712 3834 2824 3872 non
2854 3821 3224 3888 repugnaret.

2200 3924 2430 3982 CAPUT
2479 3923 2667 3979 XXIX.
2687 3955 2756 3965 ο-
2801 3925 2874 3980 De
2927 3923 3349 3996 comparatione
3407 3923 3644 3981 Gothicae
3698 3923 3859 3981 irru-

2269 4013 2475 4086 ptionis
2504 4029 2624 4068 cum
2656 4015 2737 4070 eis
2769 4014 3013 4070 cladibus
3044 4031 3179 4086 quas
3212 4015 3446 4070 Romani
3475 4014 3616 4070 vela
3645 4011 3842 4083 Gallis,

2281 4103 2418 4159 vela
2450 4104 2712 4160 bellorum
2733 4103 2986 4160 civilium
3015 4106 3332 4161 auctoribus
3361 4112 3704 4176 exceperunt.

2273 4196 2410 4259 Quae
2449 4193 2638 4249 rabies
2670 4199 2995 4249 exterarum
3022 4195 3305 4265 gentium,
3331 4210 3456 4264 quas
3487 4191 3698 4248 saevitia
3719 4192 3855 4250 bar-

2266 4303 2280 4336 ι
2315 4299 2471 4348 Vind.
2504 4300 2586 4348 Er.
2620 4303 2673 4348 et
2701 4300 2847 4355 Lov.,
2865 4300 3137 4361 peditum.
3171 4301 3238 4349 At
3266 4300 3382 4348 Am.
3401 4301 3456 4349 et
3485 4300 3856 4362 manuscripti,

2199 4363 2529 4411 deditorum.
2552 4363 2889 4423 Sutirugatur
2917 4365 3113 4417 Livius.
3146 4365 3183 4411 Ι.
3208 4363 3288 4420 88,
3309 4363 3413 4411 nisi
3442 4363 3585 4424 quod
3613 4376 3718 4412 non
3741 4376 3860 4425 sep-

2200 4429 2324 4485 tem,
2361 4427 2452 4474 sed
2486 4445 2510 4467 ι
2541 4428 2657 4475 octo
2691 4426 2861 4473 millia
2883 4427 3180 4475 deditorum
3218 4443 3238 4471 ι
3259 4426 3526 4474 trucidata
3552 4427 3728 4474 refert.
3750 4425 3856 4474 Va-

2198 4489 2379 4538 lerius.
2412 4489 2448 4535 Ι.
2482 4487 2529 4538 9.
2561 4502 2605 4537 c.
2627 4487 2690 4534 2:
2729 4507 2754 4532 α
2785 4491 3014 4550 quatuor
3042 4489 3291 4549 legiones.
3322 4488 3515 4549 inquit.
3573 4489 3862 4538 contraria)

2198 4571 2223 4596 «
2257 4551 2420 4612 partis
2449 4551 2607 4600 [idem
2642 4564 2793 4599 suam
2823 4555 3046 4608 secutas,
3096 4553 3152 4599 in
3208 4551 3341 4598 vilia
3368 4551 3596 4611 publica,
3627 4564 3766 4613 quae
3789 4552 3853 4602 in

2200 4633 2227 4660 «
2254 4627 2440 4676 campo
2470 4613 2659 4662 Martio
2687 4618 2860 4663 erat...
2894 4613 3200 4663 obtruncari
3226 4613 3401 4675 jussit.
3431 4632 3457 4676 xy

2262 4677 2282 4709 ²
2312 4677 2455 4731 Lov.,
2490 4677 2890 4739 undecumque.
2921 4678 2989 4724 At
3016 4677 3158 4735 Mss,
3191 4677 3336 4724 unde
3360 4675 3572 4738 utique.

2261 4740 2334 4799 (a)
2369 4740 2500 4794 Liv.,
2534 4740 2624 4786 lib.
2658 4739 2737 4788 86.

2263 4803 2330 4864 (ὁ)
2363 4802 2559 4850 Seneca
2589 4803 2726 4866 libro
2760 4802 2824 4850 de
2853 4800 3160 4866 Clementia,
3192 4800 3432 4866 οεῳίτίίὲΣ

2260 4861 2330 4924 (c)
2361 4866 2577 4913 Bebium
2607 4865 2750 4913 hunc
2777 4865 3012 4926 appellat
3052 4861 3380 4916 Florusflib.
3409 4862 3458 4919 3,
3491 4875 3604 4926 cap.
3636 4861 3729 4911 2i:
3761 4863 3853 4913 di-

2197 4941 2408 4975 versum
2439 4927 2675 4988 intellige
2707 4927 2774 4975 ab
2807 4941 2885 4981 eo,
2917 4927 3010 4988 qui
3056 4927 3196 4976 inter
3227 4926 3572 4989 Syllanamm
3610 4926 3854 4986 partium

2197 4993 2481 5038 sectatores
2509 4990 2936 5052 occisuslegitur
2963 5003 3142 5051 supra,
3173 4988 3278 5052 eap’
3297 4988 3378 5038 27.
3469 5048 3473 5052 .

2260 5053 2330 5114 (ἀ)
2360 5054 2478 5100 Fuit
2498 5053 2582 5100 hic
2611 5049 2807 5100 Marius
2833 5049 3060 5113 praetor,
3092 5051 3146 5100 C.
3179 5049 3332 5100 mare
3359 5049 3708 5114 propinquus.
3739 5049 3858 5100 Va-

2193 5114 2287 5164 ler.
2320 5115 2409 5162 lib.
2444 5116 2493 5170 9,
2524 5128 2635 5175 cap.
2669 5115 2698 5160 2
2733 5128 2745 5172 ;
2778 5115 2911 5162 Flor.
2943 5115 3033 5162 lib.
3071 5114 3117 5174 3,
3150 5128 3262 5175 cap.
3295 5113 3374 5164 2i;

2258 5180 2328 5234 (c)
2357 5178 2509 5224 Vind.
2534 5174 2648 5224 Ain.
2680 5179 2732 5224 et
2751 5177 2956 5238 aliquot
2975 5179 3117 5232 Mss,
3139 5174 3509 5224 subvastatae.
3540 5174 3730 5224 Verius
3750 5176 3856 5226 alii

2192 5239 2334 5297 libri,
2365 5239 2732 5297 subhastatae,
2768 5238 2820 5284 id
2851 5243 2948 5292 est.
2979 5240 3078 5288 sub
3107 5241 3263 5289 hasta
3289 5239 3504 5288 venales
3523 5238 3851 5300 propositae.

2192 5302 2323 5351 Loco
2352 5303 2477 5350 huic
2508 5301 2678 5350 lucem
2708 5301 2864 5348 affert
2895 5302 3094 5355 Florus,
3125 5303 3218 5350 lib.
3239 5301 3288 5359 3,
3308 5315 3419 5362 cap.
3444 5299 3500 5347 2i
3527 5313 3538 5346 :
3570 5315 3592 5346 α
3625 5299 3856 5350 Munici-

2191 5365 2296 5427 pia.
2333 5383 2353 5411 ι
2385 5365 2580 5427 inquit.
2621 5383 2646 5406 α
2675 5363 2842 5427 ltalitn
2878 5366 3304 5426 splendidissima
3345 5363 3445 5412 sub
3485 5363 3641 5427 hasta
3668 5364 3860 5413 venie-

2191 5425 2217 5471 ἆ
2261 5430 2404 5486 runt,
2455 5425 2743 5486 Spoletum,
2791 5426 3188 5482 lnteramuium.
3238 5427 3520 5480 Praeneste,
3582 5425 3855 5476 Fluentia.

2191 5446 2217 5471 α
2261 5443 2404 5486 runt,
2456 5443 2488 5474 ὕ
2509 5443 2743 5484 )οιθιιιῐῐ],
2791 5443 3188 5482 mwrammum,
3238 5443 3520 5480 rrabnesw,
3582 5443 3855 5476 riuenun.

2190 5507 2216 5533 α
2249 5491 2376 5538 Nam
2411 5443 2774 5538 Sulmonem...
2798 5491 2859 5536 ut
2877 5490 3086 5540 obsides
3113 5491 3229 5552 jure
3256 5489 3383 5538 belli
3412 5487 3642 5552 etmodo
3673 5492 3860 5552 morte

2190 5570 2216 5596 «
2247 5553 2485 5602 damnati
2517 5553 2637 5601 duci
2655 5552 2926 5615 iubentur,
2946 5553 3021 5602 sic
3039 5549 3348 5601 damnatam
3379 5549 3653 5615 civitatem
3688 5550 3864 5611 jussit

2197 5632 2235 5678 «ν
2260 5615 2412 5678 Sylla
2439 5616 2618 5664 deleri.
2651 5613 2676 5659 iu
2739 5615 2849 5678 Non
2879 5629 3001 5676 ergo
3031 5616 3098 5665 de
3124 5614 3481 5678 Praenestinis.
3527 5614 3588 5678 ut
3619 5613 3862 5673 Coquueo

2186 5675 2364 5726 visum
2393 5681 2488 5732 est,
2520 5679 2610 5727 sed
2653 5678 2718 5725 de
2760 5675 3198 5727 Sulmonensibus
3243 5675 3652 5736 intelligendum
3697 5679 3857 5738 quod

2185 5739 2274 5790 hic
2300 5741 2428 5790 dicit
2455 5740 2802 5804 Augustinus,
2831 5753 2994 5790 unam
3012 5741 3286 5792 civitatem
3314 5738 3701 5802 totamjnssam
3723 5753 3859 5792 esse

2186 5804 2459 5856 trucidari.
