4142 6186
279 219 374 279 109

271 350 520 406 barorum
546 344 680 401 huic
709 344 780 400 de
799 342 1022 399 civibus
1048 341 1296 398 victoriae
1317 340 1528 397 civium
1555 342 1884 414 comparari

275 436 489 511 potest?
515 435 659 500 Quid
691 433 874 490 Roma
906 432 1216 496 funestius,
1247 431 1477 498 tetrius,
1510 433 1886 504 amariusque

275 527 418 594 vidit,
440 529 622 579 utrum
644 523 781 577 olim
805 520 1103 578 Gallorum
1127 526 1185 575 et
1209 519 1380 590 paulo
1403 524 1537 575 ante
1568 520 1886 578 Gothorum

272 613 639 684 irruptionem,
662 629 732 666 an
761 611 928 666 Marii
944 614 1001 665 et
1022 611 1187 681 Syllae
1217 609 1584 681 aliorumque
1605 608 1663 664 in
1686 627 1886 666 eorum

271 703 508 778 partibus
521 699 1243 757 virorumclarissimorum
1258 703 1531 768 tanquam
1545 715 1784 754 suorum
1801 698 1889 754 lu-

273 795 470 850 minum
485 793 541 848 in
556 808 660 846 sua
673 791 935 846 membra
947 790 1302 845 ferocitatem
1322 787 1544 859 ‘IGalliq
1561 789 1754 844 uidem
1771 794 1891 844 tru-

271 885 883 947 cidaveruntsenalum,
909 879 1194 951 quidquid
1212 880 1336 948 ejus
1353 879 1408 934 in
1426 877 1572 934 Urbe
1589 882 1726 949 tota,
1749 895 1886 949 pra-

270 983 342 1031 ter
367 989 544 1029 arcem
571 970 980 1042 Capitolinam,
1003 986 1130 1040 quae
1153 967 1276 1024 sola
1307 972 1624 1039 utcumque
1653 969 1894 1024 defensa

267 1065 361 1128 est,
382 1060 622 1133 reperire
655 1062 969 1132 potuerunt
1003 1058 1142 1126 ;sed
1173 1056 1232 1112 in
1267 1056 1366 1113 illo
1391 1056 1538 1114 colle
1560 1056 1892 1113 constitutis

264 1168 388 1208 auro
415 1151 584 1206 vitam
617 1147 1444 1218 saltemvendiderunt,quam
1476 1146 1584 1203 etsi
1619 1147 1766 1202 ferro
1799 1163 1892 1202 ra-

261 1257 382 1314 pere
410 1257 513 1295 non
552 1242 807 1310 possent,
838 1241 1073 1310 possent
1115 1245 1298 1292 tamen
1331 1235 1633 1293 obsidione
1673 1251 1893 1291 consu-

261 1345 436 1386 mere:
470 1328 642 1385 Gothi
675 1344 808 1384 vero
832 1331 948 1382 tam
983 1325 1186 1382 multis
1221 1325 1589 1382 senatoribus
1616 1340 1890 1396 peperce-

260 1422 398 1485 runt,
420 1423 478 1473 ut
509 1419 701 1490 magis
727 1417 938 1472 mirum
959 1416 1036 1472 sit
1058 1415 1212 1488 quod
1238 1415 1464 1487 aliquos
1501 1416 1889 1487 peremerunt.

259 1512 324 1562 At
381 1523 504 1565 vero
561 1505 738 1579 Sylla,
779 1505 907 1561 vivo
974 1505 1166 1560 adhuc
1209 1503 1410 1574 Mario,
1472 1504 1669 1576 ipsum
1728 1502 1893 1574 Capi-

260 1595 466 1666 tolium,
514 1598 673 1668 quod
705 1614 739 1651 a
767 1595 952 1651 Gallis
985 1597 1174 1650 tutum
1208 1594 1337 1659 fuit,
1371 1593 1442 1648 ad
1497 1594 1894 1650 decernendae

259 1686 423 1740 cades
443 1685 631 1741 victor
651 1683 902 1752 insedit;
935 1687 1145 1738 etcum
1179 1683 1313 1753 fuga
1337 1681 1552 1736 Marius
1581 1685 1736 1736 esset
1774 1679 1895 1736 ela-

255 1790 401 1845 psus,
431 1773 680 1831 ferocior
708 1772 1116 1843 cruentiorque
1139 1772 1456 1838 rediturus,
1486 1769 1598 1826 iste
1627 1771 1686 1825 in
1723 1769 1894 1842 Capi-

251 1863 372 1920 tolio
403 1881 503 1937 per
533 1867 772 1920 senatus
795 1862 970 1919 etiam
1008 1862 1341 1918 consultum
1374 1864 1491 1916 tam
1526 1860 1744 1916 multos
1783 1859 1898 1914 vita

253 1954 528 2024 rebusque
559 1952 823 2025 privavit.
869 1951 1146 2007 Marianis
1185 1954 1380 2006 autem
1417 1950 1693 2021 partibus,
1740 1948 1897 2021 Sylla

251 2042 492 2113 absente,
526 2043 665 2114 quid
715 2045 984 2098 sanctum
1018 2040 1109 2096 cui
1163 2047 1461 2112 parcerent
1515 2039 1621 2095 fuit
1665 2038 1897 2111 quando

250 2129 420 2188 Mucio
461 2132 592 2200 civi,
643 2131 918 2196 senatori,
977 2129 1260 2202 pontifici,
1323 2145 1484 2185 aram
1523 2129 1735 2200 ispam,
1792 2127 1893 2182 ubi

246 2225 413 2292 erant,
447 2225 516 2276 ut
545 2220 728 2289 aiunt,
752 2220 868 2275 fata
889 2220 1172 2284 Romana,
1204 2218 1431 2274 miseris
1468 2217 1744 2273 ambienti
1777 2233 1897 2272 am-

245 2307 494 2378 plexibus
527 2326 644 2366 non
682 2309 1115 2380 pepercerunt?
1145 2307 1379 2380 Syllana
1409 2323 1581 2378 porro
1606 2306 1892 2375 tabula(a)

244 2393 332 2452 illa
344 2403 667 2470 postrema,
685 2403 749 2453 ut
765 2398 1100 2454 omittamus
1115 2395 1258 2451 alias
1271 2394 1731 2450 innumerabiles
1756 2409 1903 2448 mor-

246 2491 338 2556 tes,
364 2487 877 2560 pluresjugulavit
907 2491 1230 2554 senatores,
1253 2500 1428 2556 quam
1459 2483 1627 2540 Gothi
1649 2483 1736 2539 vel
1769 2500 1902 2555 spo-

242 2574 373 2632 liare
407 2581 748 2647 potuerunt.

248 2691 473 2751 CAPUT
507 2692 675 2748 XXX.
711 2724 777 2735 -—
820 2694 894 2748 De
923 2695 1259 2748 connexione
1305 2692 1600 2761 bellorum,
1652 2706 1772 2764 qum
1802 2689 1907 2746 ad-

283 2787 505 2841 ventum
526 2782 735 2838 Christi
749 2783 994 2854 plurima
1026 2785 1076 2837 et
1098 2783 1427 2850 gravissima
1445 2787 1856 2852 prxcesserunt.

312 2891 432 2954 Qua
451 2889 631 2962 igitur
647 2890 854 2956 fronte,
873 2904 984 2960 quo
1008 2887 1204 2954 corde,
1231 2905 1344 2959 qua
1367 2890 1752 2961 impudentia,
1770 2908 1903 2964 qua,

251 2968 596 3052 insipientia,
625 2980 708 3035 vel
745 2979 936 3050 potius
963 2979 1236 3048 amentia,
1257 2977 1357 3034 illa
1382 2979 1492 3035 diis
1515 2981 1636 3036 suis
1667 2997 1782 3036 non
1803 2981 1909 3035 im-

253 3073 466 3139 putant,
500 3073 558 3124 et
600 3067 722 3124 haec
763 3073 958 3123 nostro
996 3067 1286 3139 imputant
1317 3068 1541 3125 Christo
1576 3069 1603 3124 ?
1642 3070 1908 3126 Crudelia

253 3158 393 3214 bella
421 3157 622 3215 civilia
661 3157 937 3213 omnibus
978 3156 1146 3212 bellis
1189 3157 1522 3224 hostilibus,
1569 3159 1902 3216 auctoribus

253 3247 410 3302 etiam
431 3263 635 3304 eorum
656 3246 990 3312 fatentibus,
1015 3247 1322 3313 amariora,
1345 3249 1553 3318 quibus
1586 3248 1683 3304 illa
1702 3266 1901 3321 respu-

253 3335 388 3392 blica
416 3352 522 3392 nec
556 3335 798 3401 afﬂicta,
840 3335 935 3390 sed
967 3336 1193 3406 perdita
1226 3337 1460 3394 omnino
1485 3337 1750 3407 judicata
1799 3344 1906 3395 est,

254 3416 407 3495 longe
431 3435 568 3482 ante
605 3426 917 3481 adventum
940 3423 1153 3480 Christi
1185 3435 1379 3481 exorta
1401 3435 1558 3493 sunt,
1589 3436 1641 3482 et
1666 3428 1912 3484 scelera-

255 3516 425 3570 tarum
456 3513 943 3570 concatenatione
963 3529 1279 3569 causarum
1304 3531 1336 3568 a
1360 3514 1511 3571 bello
1548 3516 1802 3571 Mariano
1829 3519 1911 3570 at-

256 3620 355 3676 que
373 3604 610 3677 Syllano
642 3605 712 3659 ad
747 3601 895 3658 bella
923 3602 1163 3658 Sertorii
1193 3610 1249 3658 et
1278 3603 1562 3670 Catilinae,
1596 3621 1842 3676 quorum
1878 3622 1912 3661 a

257 3693 596 3765 Syllafuerat
628 3693 723 3749 ille
755 3692 1142 3764 proscriptus,
1179 3691 1275 3747 illc
1324 3692 1577 3748 nutritus
1609 3694 1682 3764 (ὸ)
1716 3711 1728 3748 :
1775 3692 1911 3748 inde

256 3783 318 3838 ad
334 3783 520 3856 Lepidi
547 3786 606 3838 et
623 3781 810 3838 Catuli
824 3781 1322 3852 bellum,quorum
1339 3781 1483 3838 alter
1499 3787 1663 3855 gesta
1681 3783 1909 3856 Syllana

259 3872 600 3941 rescindere,
655 3870 802 3927 alter
852 3869 1128 3926 defendre
1181 3871 1453 3942 cupiebat
1491 3872 1560 3943 (ε)
1601 3887 1615 3929 :
1664 3873 1798 3928 inde
1840 3873 1910 3928 ad

259 3962 495 4035 Pompeii
509 3966 572 4019 et
594 3959 1104 4030 Caesaris,quorum
1130 3959 1443 4032 Pompeius
1461 3965 1711 4018 sectator
1741 3961 1909 4035 Syllae

259 4047 445 4120 fuerat,
487 4051 736 4122 ejusque
774 4048 1098 4120 potentiam
1130 4049 1218 4105 vel
1275 4054 1621 4121 aequaverat,
1653 4052 1739 4108 vel
1784 4053 1908 4122 jam

260 4140 415 4196 etiam
445 4138 1042 4212 superaverat;Caasar
1079 4143 1272 4194 autem
1298 4141 1557 4212 Pompeii
1589 4141 1909 4213 potentiam

262 4245 360 4285 non
391 4230 633 4296 ferebat,
657 4229 754 4283 sed
790 4228 928 4299 quia
951 4244 1064 4282 non
1099 4227 1368 4294 habebat,
1393 4246 1566 4300 quam
1602 4236 1792 4286 tamen
1812 4231 1910 4288 illo

261 4318 394 4375 victo
413 4318 835 4388 interfectoque
855 4317 1235 4372 transcendit.
1259 4316 1404 4372 Hinc
1426 4319 1496 4373 ad
1522 4319 1701 4374 alium
1724 4321 1910 4376 Cznsa-

263 4409 502 4479 rem,qui
532 4409 666 4479 post
681 4407 989 4477 Augustus
1009 4406 1337 4478 appellatus
1364 4412 1471 4476 est,
1495 4413 1907 4479 pervenerunt,

265 4511 364 4568 quo
391 4497 715 4568 imperante
747 4499 917 4550 natus
947 4499 1036 4550 est
1065 4496 1353 4552 Christus.
1379 4495 1523 4552 Nam
1551 4501 1608 4553 et
1640 4498 1764 4570 ipse
1797 4501 1909 4554 Au-

265 4588 450 4653 gustus
498 4599 628 4640 cum
675 4581 873 4638 multis
917 4583 1100 4653 gessit
1151 4582 1304 4638 bella
1344 4584 1536 4638 civilia
1583 4601 1596 4639 :
1639 4585 1777 4640 etin
1827 4586 1910 4641 eis

267 4672 419 4728 etiam
450 4670 624 4728 multi
654 4669 961 4727 clarissimi
992 4671 1098 4726 viri
1131 4671 1448 4743 perierunt,
1498 4673 1646 4730 inter
1679 4691 1825 4745 quos
1855 4679 1912 4731 et

267 4758 466 4829 Cicero,
483 4761 739 4818 disertus
752 4757 850 4815 ille
867 4760 1072 4815 artifex
1083 4760 1346 4832 regendas
1367 4762 1724 4833 reipublicae.
1743 4763 1911 4820 Pom-

270 4849 597 4923 peiiqnippe
616 4851 896 4909 victorem
918 4849 1117 4905 Caium
1141 4849 1422 4906 Cissarem
1455 4850 1576 4922 (qui
1605 4851 1909 4912 victoriam

269 4937 814 4997 civilemclementer
867 4939 1148 5008 exercuit,
1180 4939 1418 5010 suisque
1461 4941 1809 4998 adversariis
1832 4944 1911 5001 vi-

273 5043 378 5096 tam
395 5029 855 5102 dignitatemque
885 5028 1137 5098 donavit)
1156 5035 1430 5100 tanquam
1452 5030 1614 5102 regni
1635 5032 1910 5104 appetito-

273 5129 378 5172 rem
393 5120 766 5190 quorumdam
783 5117 1066 5175 nobilium
1079 5118 1207 5188 conj
1218 5119 1742 5178 uratiosenatorum
1758 5121 1912 5179 velut

327 5261 396 5322 (α)
425 5261 741 5330 Plutarchus
775 5265 844 5330 in
891 5263 1073 5330 Sylla._
1101 5265 1180 5330 ter
1222 5277 1343 5314 eum
1389 5266 1533 5316 intra
1574 5281 1770 5330 paucos
1797 5269 1909 5320 dies

275 5324 705 5390 proscriptionum
734 5324 974 5378 diversas
1003 5327 1214 5375 tabulas
1244 5324 1592 5390 proposuisse
1614 5332 1816 5381 scribit.

327 5342 705 5386 ’OSCI'lpnODllm
734 5342 974 5378 diversas
1003 5342 1214 5375 tabulas
1244 5342 1580 5437 proposuisse
1614 5342 1816 5381 scribit.

327 5386 399 5454 (ᾇ)
429 5387 533 5435 Ille
551 5392 913 5454 proscriptus,
937 5390 1137 5454 scilicet
1155 5390 1231 5454 Qu
1281 5393 1525 5446 crtorius,
1543 5393 1905 5444 Marianarum

277 5449 495 5516 partium
524 5449 786 5516 sectator:
810 5456 875 5503 de
920 5466 1024 5516 quo
1070 5453 1182 5500 Liv.
1220 5453 1312 5502 lib.
1366 5453 1426 5502 90
1458 5470 1470 5514 ;
1505 5456 1602 5503 ille
1633 5459 1904 5516 nutritus,

279 5509 494 5578 Catilina
521 5513 680 5578 Sylla:
709 5509 1018 5566 adhaerens.

280 5574 647 5689 Ligyhlgapggus
690 5581 1015 5642 rescindere,
1064 5577 1287 5628 Catulus
1315 5577 1606 5641 defendere
1635 5583 1905 5644 cupiebat.

1628 209 1862 269 LIBER
1902 209 2269 272 TERTIUS.

3523 213 3641 275 110

1993 361 2095 415 pro
2126 344 2460 416 reipublicze
2475 345 2742 402 libertate
2766 347 2824 402 in
2845 347 2967 419 ipsa
2987 350 3146 405 curia
3165 351 3492 410 trucidavit.
3520 356 3640 412 Hu-

1987 435 2088 505 jus
2106 434 2314 490 deinde
2333 435 2672 505 potentiam,
2693 436 2943 492 multum
2966 440 3226 496 moribus
3239 442 3454 513 dispar,
3471 445 3646 502 vitiis-

1996 538 2104 595 que
2122 525 2394 580 omnibus
2421 526 2432 558 ¹
2455 524 2798 594 inquinatus
2815 530 2986 597 atque
3009 534 3339 601 corruptus,
3363 531 3645 589 affectare

1995 612 2303 668 videbatur
2327 613 2636 684 Antonius,
2669 615 2763 670 cui
2785 615 3156 674 vehementer
3180 635 3282 690 pro
3313 622 3509 677 eadem
3542 622 3644 678 illa

1995 701 2151 757 velut
2183 702 2374 770 patria:
2399 703 2664 757 libertate
2686 704 2880 760 Cicero
2905 706 3225 765 resistebat.
3269 710 3434 766 Tunc
3455 726 3648 767 emer-

1995 795 2150 846 serat
2165 790 2446 846 mirabilis
2465 791 2679 847 indolis
2700 793 3036 851 adolescens
3060 797 3153 851 ille
3166 797 3318 855 alius
3342 801 3548 869 Caesar,
3574 801 3646 855 il—

1996 877 2108 934 lius
2137 880 2256 935 Caii
2287 880 2528 935 Caesaris
2560 881 2714 936 ﬁlius
2739 883 3050 953 adeptivus
3079 887 3227 956 :qui,
3250 889 3466 956 utdixi,
3487 894 3650 961 post-

1995 985 2063 1024 ea
2083 969 2404 1039 appellatus
2425 971 2846 1039 estAugustus.
2873 972 3014 1028 Huic
3037 974 3389 1032 adolescenti
3413 978 3646 1050 Caesari,

1998 1058 2205 1126 utejus
2240 1058 2499 1128 potentia
2521 1063 2724 1115 contra
2760 1062 3076 1117 Antonium
3098 1065 3438 1134 nutriretur,
3457 1068 3651 1124 Cicero

1999 1147 2260 1213 fabevat;
2289 1164 2530 1217 sperans
2561 1165 2693 1204 eum
2718 1149 2964 1221 depulsa
2994 1158 3051 1207 et
3079 1169 3361 1224 oppressa
3405 1156 3651 1212 Antonii

1998 1235 2389 1291 dominatione
2418 1237 2881 1294 instauraturum
2913 1239 3246 1312 reipublicae
3291 1243 3646 1312 libertatem,

1998 1339 2186 1396 usque
2209 1325 2352 1382 adeo
2384 1342 2566 1383 caecus
2596 1334 2766 1398 atque
2807 1328 3166 1400 improvidus
3201 1332 3561 1402 futurorum,
3593 1339 3656 1390 ut

2000 1413 2095 1469 ille
2119 1413 2244 1485 ipse
2261 1415 2520 1485 juvenis,
2545 1416 2711 1486 cujus
2731 1417 3074 1488 dignitatem
3101 1436 3163 1476 ac
3190 1426 3533 1492 potestatem
3563 1424 3650 1479 fo-

1999 1503 2182 1570 vebat,
2224 1507 2280 1559 et
2309 1505 2581 1561 eumdem
2611 1506 2944 1564 Ciceronem
2975 1509 3361 1567 occidendum
3403 1512 3654 1568 Antonio

2000 1592 2253 1662 quadam
2287 1593 2454 1663 quasi
2491 1595 2809 1650 concordiae
2864 1597 3128 1668 pactione
3178 1599 3560 1670 permitteret,
3593 1605 3652 1656 et

2000 1680 2189 1752 ipsam
2222 1681 2549 1739 libertatem
2591 1685 2944 1756 reipublicae,
2981 1704 3079 1757 pro
3111 1704 3225 1759 qua
3261 1690 3517 1746 multum
3550 1688 3647 1747 ille

2003 1770 2367 1841 clamaverat,
2401 1774 2606 1831 ditioni
2644 1777 2890 1847 proprias
2919 1778 3289 1851 subjugaret.

2003 1961 2524 2018 CAPUTXXXI.-—
2537 1964 3660 2040 Quodimpudenterpraesentiaincommoo

2073 2052 2143 2106 da
2157 2050 2372 2107 Christo
2388 2053 2659 2124 imputant
2672 2053 2768 2125 qui
2779 2054 2906 2110 deos
2916 2056 3093 2112 colere
3108 2072 3216 2113 non
3229 2059 3515 2127 sinuntur,
3533 2077 3658 2116 cum

2075 2145 2250 2196 tanta
2269 2140 2445 2197 clades
2467 2157 2526 2198 eo
2545 2145 2806 2214 tempore,
2821 2160 2922 2215 quo
2944 2144 3288 2215 colebantur,
3313 2149 3657 2205 exstiterint.

2077 2255 2226 2311 Deos
2273 2273 2413 2312 suos
2461 2263 2732 2313 accusent
2762 2260 2831 2314 de
2858 2261 3037 2316 tantis
3087 2261 3278 2330 malis,
3311 2263 3410 2333 qui
3453 2268 3650 2320 nostro

2009 2343 2238 2399 Christo
2261 2345 2469 2414 ingrati
2490 2350 2629 2400 sunt
2646 2345 2716 2401 de
2732 2349 2910 2404 tantis
2926 2349 3110 2406 bonis.
3132 2352 3294 2407 Certe
3309 2353 3542 2423 quando
3564 2352 3664 2410 illa

2013 2434 2169 2490 mala
2190 2434 2424 2502 fiebant,
2459 2435 2724 2492 calebant
2753 2453 2865 2492 arae
2900 2440 3230 2509 numinum,
3261 2442 3458 2500 Sabaeo
3497 2444 3665 2500 thure

2011 2523 2305 2594 sertisque
2326 2526 2653 2581 recentibus
2674 2525 2973 2597 halabant,
2997 2528 3290 2588 clarebant
3315 2534 3663 2601 sacerdotia,

2013 2615 2148 2670 fana
2161 2614 2532 2682 renidehant;
2551 2617 3670 2692 sacriﬁcabalur,ludebatur,furebatur

2011 2703 2068 2758 in
2098 2702 2357 2774 templis,
2382 2705 2615 2776 quando
2639 2705 2860 2775 passim
2891 2712 3090 2764 tantus
3116 2710 3328 2767 civium
3358 2714 3603 2786 sanguis
3633 2733 3668 2772 a

2014 2792 2258 2859 civibus,
2293 2809 2405 2848 non
2432 2795 2600 2850 modo
2621 2795 2676 2849 in
2700 2795 2922 2852 caeteris
2945 2797 3108 2864 locis,
3132 2817 3334 2857 verum
3360 2803 3514 2858 inter
3543 2804 3669 2876 ipsa

2013 2898 2243 2953 quoque
2269 2883 2509 2938 deorum
2541 2883 2748 2940 altaria
2771 2886 3141 2944 fundebatur.
3166 2890 3290 2947 Non
3323 2892 3495 2964 elegit
3517 2898 3670 2950 tem-

2013 2971 2199 3042 plum,
2229 2987 2340 3042 quo
2361 2972 2702 3044 confugeret
2724 2974 2987 3043 Tullius;
3019 2977 3150 3049 quia
3176 2980 3392 3037 frustra
3413 2982 3672 3054 elegerat

2013 3061 2256 3116 Mucius.
2289 3060 2358 3116 Hi
2383 3078 2517 3118 vero
2548 3062 2650 3134 qui
2682 3064 2860 3120 multo
2882 3065 3184 3138 indignius
3206 3069 3493 3127 insultant
3519 3072 3673 3128 chri-

2015 3149 2221 3204 stianis
2250 3151 2636 3222 temporibus,
2665 3158 2764 3208 aut
2794 3154 2862 3209 ad
2898 3153 3025 3210 loca
3050 3156 3279 3214 Christo
3309 3160 3671 3217 dicatissima

2014 3237 2424 3310 confugerunt,
2455 3244 2558 3295 aut
2590 3240 2728 3297 illuc
2768 3259 2863 3299 eos
2910 3249 2974 3300 ut
3021 3244 3298 3314 viverent,
3332 3248 3508 3304 etiam
3557 3249 3674 3320 ipsi

2017 3325 2247 3382 Barbari
2272 3328 2653 3384 deduxerunt.
2681 3330 2831 3386 Illud
2855 3332 2998 3401 scio,
3027 3337 3084 3390 et
3105 3333 3216 3393 hoc
3248 3352 3477 3393 mecum
3503 3338 3674 3409 quis-

2016 3415 2149 3486 quis
2179 3417 2304 3472 sine
2325 3419 2514 3474 studio
2547 3421 3062 3492 partiumjudicat,
3090 3425 3361 3483 facillime
3405 3428 3670 3499 agnoscit

2017 3502 2105 3573 (ut
2128 3506 2392 3561 omittam
2420 3511 2626 3564 caetera
2639 3526 2765 3580 quae
2784 3511 2971 3566 multa
3000 3517 3469 3583 commemoravi,
3493 3517 3675 3574 etalia

2019 3592 2204 3647 multo
2233 3595 2399 3664 plura
2431 3613 2551 3666 quae
2584 3613 3046 3656 commemorare
3076 3601 3315 3672 longum
3349 3606 3586 3673 putavi),
3627 3609 3673 3660 si

2021 3679 2338 3736 humanum
2356 3699 2540 3754 genus
2561 3689 2691 3740 ante
2707 3685 2858 3740 bella
2876 3687 3091 3743 Punica
3108 3689 3485 3745 christianam
3516 3691 3662 3747 reci.

2018 3775 2178 3842 peret
2243 3769 2636 3842 disciplinam,
2686 3779 2741 3828 et
2793 3775 3238 3848 consiqueretur
3285 3794 3456 3833 rerun
3512 3784 3677 3837 tanta

2017 3859 2280 3926 vastatio,
2298 3860 2644 3930 quantaillis
2661 3860 2830 3916 bellis
2850 3863 3135 3936 Europam
3150 3866 3512 3937 Africamque
3532 3885 3670 3925 con-

2016 3948 2203 4014 trivit;
2231 3947 2426 4004 nullus
2444 3947 2667 4018 talium,
2693 3951 2894 4023 quales
2911 3969 3064 4009 nunc
3082 3955 3357 4025 patimur,
3383 3953 3494 4012 nisi
3517 3956 3672 4014 chri-

2018 4037 2219 4092 stianae
2253 4036 2516 4109 religioni
2571 4038 2718 4095 mala
2761 4039 2858 4096 illa
2903 4043 3219 4100 tribuisset.
3265 4043 3445 4100 Multo
3477 4051 3672 4104 autem

2019 4127 2213 4182 minus
2236 4141 2437 4184 eorum
2458 4143 2622 4184 voces
2637 4128 3040 4202 tolerarentur,
3061 4137 3354 4204 quantum
3377 4137 3580 4192 attinet
3597 4139 3670 4194 ad

2019 4217 2333 4285 Romanos,
2350 4217 2395 4273 si
2412 4218 2742 4277 Christianae
2757 4220 3055 4294 religionis
3072 4224 3467 4296 receptionem
3484 4234 3537 4282 et
3556 4227 3668 4283 dif-

2018 4309 2411 4375 famationem,
2443 4307 2528 4362 vel
2562 4308 2805 4380 irruptio
2825 4311 2926 4365 illa
2947 4311 3264 4380 Gallorum,
3297 4314 3382 4370 vel
3411 4315 3670 4373 Tiberini

2018 4396 2280 4451 fluminis
2301 4396 2639 4469 igniumque
2665 4398 2762 4454 illa
2777 4400 3172 4472 depopulatio,
3193 4403 3276 4458 vel
3295 4405 3441 4474 quod
3463 4409 3669 4461 cuncta

2018 4486 2172 4541 mala
2203 4486 2492 4556 praecedit,
2526 4486 2677 4542 bella
2719 4487 2819 4543 illa
2848 4489 3038 4546 civilia
3078 4497 3480 4560 sequerentur.
3515 4493 3668 4549 Mala

2017 4575 2185 4630 etiam
2204 4575 2339 4642 alia,
2364 4591 2487 4646 qua:
2505 4592 2692 4645 usque
2713 4579 2856 4633 adeo
2878 4578 3241 4635 incredibilia
3279 4582 3300 4615 ²
3324 4582 3668 4638 acciderunt

2019 4668 2082 4719 ut
2095 4662 2242 4719 inter
2255 4664 2519 4736 prodigia
2533 4671 3001 4736 numerarentur,
3021 4668 3069 4723 si
3092 4669 3421 4726 christianis
3439 4676 3663 4743 tempo-

2019 4753 2179 4809 ribus
2200 4753 2796 4826 accidissent,quibus
2810 4772 2896 4824 ea,
2917 4756 3029 4812 nisi
3052 4757 3389 4814 christianis
3412 4758 3664 4815 homini-

2018 4841 2430 4914 bus,tanquam
2446 4843 2691 4898 crimina
2705 4845 3025 4914 objicerent
3040 4845 3067 4899 ‘I
3085 4845 3297 4902 Omitto
3313 4847 3524 4918 quippe
3541 4847 3659 4914 illa,

2019 4948 2142 5003 quae
2163 4933 2345 5004 magis
2368 4933 2604 4988 fuerunt
2627 4934 2774 4988 mira
2793 4951 2966 5006 quam
2994 4935 3185 5006 noxia,
3211 4936 3386 4993 boves
3413 4935 3658 5008 locutos,

2019 5021 2268 5078 infantes
2298 5021 2561 5078 nondum
2596 5029 2764 5080 natos
2796 5026 2866 5080 de
2899 5025 3078 5082 uteris
3106 5029 3360 5082 matrum
3393 5023 3659 5098 quaedam

2016 5111 2191 5167 verba
2212 5112 2518 5180 clamasse,
2539 5113 2760 5170 volasse
2789 5120 3110 5187 serpentes,
3136 5116 3383 5174 feminas
3407 5125 3456 5170 et
3490 5113 3658 5186 galli-

2015 5218 2118 5258 nas
2139 5207 2195 5259 et
2221 5202 2486 5259 homines
2508 5203 2563 5258 in
2588 5204 2978 5260 masculinum
3000 5221 3204 5262 sexum
3231 5205 3408 5259 fuisse
3432 5221 3661 5260 conver-

2016 5309 2142 5348 sas:
2169 5298 2222 5349 et
2245 5298 2451 5350 caetera
2474 5293 2840 5364 hujusmodi;
2868 5311 2992 5366 quas
3014 5295 3071 5350 in
3099 5310 3299 5352 eorum
3321 5293 3510 5361 libris,
3543 5309 3657 5351 non

2078 5519 2212 5587 {Sic
2238 5521 2409 5570 nostri
2459 5534 2644 5587 omnes
2688 5524 2905 5573 codices.
2955 5525 3016 5574 In
3045 5527 3120 5587 B.,
3174 5521 3329 5571 vitiis
3374 5524 3651 5584 omnibus,

2010 5582 2222 5639 omisso,
2254 5599 2390 5645 que;
2422 5585 2599 5634 minus
2633 5586 2782 5636 bene.
2814 5589 2880 5634 M.

2073 5646 2095 5681 ³
2125 5645 2293 5695 Nostri
2324 5647 2544 5708 codices,
2577 5649 2995 5699 incredibiliter.
3029 5649 3096 5698 M.
