4128 6190
409 353 516 415 iii

400 485 707 553 fabulosis,
729 481 827 539 sed
851 477 1168 546 historicis,
1193 489 1292 531 seu
1326 489 1460 529 vera
1481 487 1580 528 seu
1603 469 1750 526 falsa
1767 467 1906 535 sint,
1929 483 2045 521 non

397 577 659 633 inferunt
706 568 1044 628 hominibus
1077 563 1410 638 perniciem,
1444 561 1542 616 sed
1577 563 1898 630 stuporem.
1933 554 2046 610 Sed

397 681 530 721 cum
551 664 697 736 pluit
713 667 885 727 terra,
905 673 1036 714 cum
1064 653 1536 726 pluitcreta,cum
1559 649 1704 720 pluit
1731 644 2047 736 lapidibus,

399 771 514 811 non
534 732 595 808 ut
617 750 836 822 grando
863 743 1138 817 appellari
1158 741 1304 796 solet
1324 739 1434 796 hoc
1456 737 1711 802 nomine,
1735 737 1835 790 sed
1866 732 2049 790 omni-

399 861 473 901 no
496 843 788 915 lapidibus
817 855 830 904 ;
861 838 976 890 hac
992 832 1243 904 profecto
1260 831 1433 886 etiam
1455 828 1708 900 graviter
1726 826 1924 880 ladere
1947 840 2047 915 po-

402 912 656 990 tuerunt.
715 927 980 998 Legimus
1039 922 1192 994 apud
1251 936 1347 976 eos
1394 918 1628 973 Etnais
1684 916 1913 986 ignibus
1975 912 2047 968 ab

400 1024 526 1093 ipso
543 1017 759 1074 montis
781 1013 994 1070 vertice
1015 1027 1199 1082 usque
1218 1010 1287 1065 ad
1308 1008 1474 1065 littus
1493 1005 1821 1080 proximum
1846 1004 2050 1058 decur-

399 1105 770 1165 rentibusita
804 1118 965 1159 mare
1002 1100 1306 1164 ferbuisse,
1332 1103 1398 1152 ut
1441 1111 1615 1167 rupes
1647 1098 2048 1158 exurerentur,

398 1203 456 1255 et
504 1197 662 1269 pices
713 1193 952 1250 navium
994 1188 1375 1245 solverentur.
1421 1186 1536 1241 Hoc
1569 1183 1773 1254 utique
1816 1197 1932 1236 non
1962 1179 2048 1234 le-

397 1287 542 1343 viter
560 1284 794 1341 noxium
819 1281 946 1348 fuit,
967 1277 1235 1349 quamvis
1257 1272 1677 1330 incredibiliter
1691 1270 1924 1325 mirum.
1950 1269 2052 1324 Eo-

400 1379 530 1432 dem
554 1389 758 1430 rursus
781 1373 923 1426 astu
949 1368 1171 1439 ignium
1195 1370 1354 1422 tanta
1375 1363 1427 1419 vi
1453 1361 1660 1419 favilla
1685 1360 2052 1430 scripserunt

403 1465 694 1536 oppletam
746 1473 873 1517 esse
921 1457 1211 1525 Siciliam,
1244 1459 1305 1510 ut
1352 1451 1679 1509 Catinensis
1708 1449 1870 1504 urbis
1901 1449 2053 1501 tecta

404 1553 609 1610 obruta
625 1555 681 1606 et
701 1563 981 1620 Oppressa
1003 1545 1287 1600 dirueret1
1313 1558 1325 1596 :
1344 1557 1461 1613 qua
1477 1538 1808 1596 calamitate
1832 1551 2053 1606 permo-

404 1643 468 1712 ti,
507 1637 960 1696 misericorditer
989 1634 1250 1704 eiusdem
1281 1630 1420 1687 anni
1438 1629 1724 1684 tributum
1755 1627 1804 1681 ei
1832 1626 2052 1681 relaxa-

406 1747 537 1788 vere
583 1728 845 1785 Romani.
881 1725 1258 1780 Locustarum
1299 1721 1474 1777 etiam
1509 1719 1565 1772 in
1612 1716 1806 1772 Africa
1851 1715 2055 1771 multi—

405 1820 670 1877 tudinem
693 1815 939 1889 prodigii
967 1814 1219 1869 similem
1243 1811 1443 1876 fuisse,
1468 1808 1743 1878 cumjam
1768 1812 1922 1862 esset
1947 1822 2054 1876 po-

410 1909 527 1980 puli
551 1907 796 1964 Romani
820 1904 1135 1977 provincia,
1172 1900 1382 1956 litteris
1413 1897 1838 1954 mandaverunt
1873 1912 2050 1950 :con-

413 1998 666 2068 sumptis
688 1995 841 2052 enim
876 1993 1161 2048 fructibus
1193 1989 1464 2059 foliisque
1495 1987 1807 2055 lignorum,
1832 1982 2055 2056 ingenti

481 2152 494 2184 1
531 2149 683 2197 Vind.
714 2147 828 2194 Am.
881 2147 933 2193 ct
978 2145 1126 2204 Lov.,
1175 2141 1484 2189 diruerent.
1530 2135 1874 2197 Manuscripti
1912 2148 2055 2188 vero.

414 2211 678 2259 diruerat.
709 2211 813 2264 Ern,
850 2207 1112 2256 dirucrit.

1460 340 1560 401 DE
1605 333 1968 399 CIVlTATE
2013 333 2171 400 DEI,
2218 332 2282 392 S.
2331 331 2757 394 AUGUSTINI

3692 333 3808 394 119

2154 470 2329 536 atque
2361 463 2752 520 inastimabili
2784 462 2937 520 nube
2968 463 3028 520 in
3061 478 3221 520 mare
3253 462 3458 520 dicunt
3485 479 3616 520 esse
3645 464 3808 536 deje-

2153 559 2301 610 ctam
2332 571 2344 607 :
2375 569 2491 626 qua
2513 561 2745 609 mortua
2764 554 3103 624 redditaque
3130 553 3446 622 littoribus,
3469 557 3646 625 atque
3667 553 3806 610 hinc

2153 659 2282 698 aere
2305 647 2597 712 corrupto,
2618 648 2835 697 tantam
2858 648 3044 698 ortam
3065 641 3484 713 pestilentiam,
3513 652 3571 696 ut
3598 641 3656 696 in
3682 641 3808 697 solo

2155 747 2331 802 regno
2356 731 2674 786 Masinissa
2693 733 2766 800 (a)
2786 731 3119 803 octingenta
3141 730 3446 786 hominum
3473 729 3657 786 millia
3681 747 3809 801 per-

2153 820 2292 875 iisse
2315 821 2731 887 referantur,et
2749 819 2932 875 multo
2956 819 3206 890 amplius
3225 821 3284 875 in
3307 820 3479 875 terris
3508 819 3808 876 littoribus

2157 909 2460 980 proximis.
2493 909 2656 964 Tunc
2683 908 2852 965 Utica
2890 926 2958 964 ex
3007 911 3249 980 triginta
3290 909 3558 964 millibus
3603 909 3811 979 junio-

2156 1017 2286 1054 rum
2332 999 2372 1066 ί,
2424 1016 2550 1070 qua
2594 1000 2672 1054 ibi
2715 1005 2902 1067 erant,
2953 1001 3151 1056 decem
3194 1001 3548 1055 remansisse
3600 998 3811 1054 confir-

2158 1093 2337 1144 mant.
2371 1089 2529 1144 Talis
2560 1088 2755 1160 itaque
2786 1090 3034 1159 vanitas,
3074 1090 3304 1161 qualem
3340 1089 3606 1156 ferimus,
3642 1089 3814 1160 eique

2157 1181 2510 1253 respondere
2538 1182 2970 1253 compellimur,
3003 1181 3142 1252 quid
3170 1181 3376 1237 horum
3402 1198 3516 1236 non
3541 1181 3810 1237 christia-

2157 1287 2243 1327 na
2259 1270 2834 1342 religionitribueret,
2855 1271 2902 1326 si
2921 1271 3284 1342 temporibus
3300 1270 3642 1326 christianis
3662 1271 3814 1326 vide-

2157 1376 2217 1414 re
2245 1359 2272 1414 ?
2304 1359 2366 1413 Et
2400 1364 2591 1415 tamen
2625 1360 2737 1415 diis
2767 1360 2890 1415 suis
2921 1375 3036 1415 non
3059 1359 3168 1416 ista
3198 1360 3466 1415 tribuunt
3498 1377 3510 1414 :
3549 1376 3800 1430 quorum

2157 1449 2287 1504 ideo
2321 1447 2542 1504 cultum
2578 1449 2905 1522 requirunt,
2952 1466 3022 1505 ne
3053 1450 3166 1506 ista
3195 1449 3281 1505 vel
3325 1449 3550 1504 minora
3583 1449 3816 1520 patian-

2158 1541 2272 1604 tur,
2307 1554 2442 1594 cum
2466 1554 2532 1595 ea
2554 1539 2776 1610 majora
2793 1537 3136 1610 pertulerint
3156 1555 3190 1594 a
3220 1539 3432 1609 quibus
3459 1543 3631 1594 antea
3660 1539 3815 1594 cole-

2161 1626 2393 1682 bantur.

2226 1764 2241 1796 ί
2275 1761 2428 1809 Vind.
2467 1763 2581 1809 Am.
2613 1760 2721 1822 Er.,
2769 1761 3042 1810 virorum.
3075 1762 3313 1824 Triginta
3341 1762 3513 1811 millia
3541 1764 3695 1812 erant
3720 1761 3815 1810 mi-

2160 1825 2333 1884 litum,
2366 1824 2744 1887 apudiUticam
2790 1827 2856 1873 ad
2887 1826 3194 1887 praesidium
3241 1826 3405 1874 totius
3449 1827 3639 1874 Africa!
3673 1826 3816 1873 ordi-

2161 1888 2307 1937 nata.
2341 1888 2471 1934 teste
2503 1886 2703 1943 Orosio,
2732 1888 2826 1949 qui
2876 1886 3087 1936 eosdem
3140 1889 3439 1949 Augustino
3482 1889 3819 1937 consentiens

2162 1951 2322 1996 vocat
2348 1949 2603 2010 iuniores.
2633 1950 2754 1998 Mox
2775 1950 2917 1998 intra
2932 1954 3089 1999 vetus
3119 1951 3446 2000 Corbeiensis
3466 1951 3628 2000 codex
3656 1954 3710 1999 et
3725 1951 3819 1999 alii

2162 2012 2384 2073 quidam
2417 2013 2538 2059 Mss.
2570 2013 2787 2065 habent.
2820 2013 3000 2061 decem
3029 2014 3220 2061 millia
3251 2014 3602 2061 remansisse.

2227 2077 2306 2132 (a)
2340 2074 2651 2132 Masinissa,
2685 2076 2896 2124 tametsi
2943 2076 3053 2137 jam
3083 2077 3303 2130 obierat.
3339 2089 3558 2137 regnum
3604 2076 3816 2129 dicitur.

2163 2137 2305 2201 quod
2333 2137 2442 2201 ipsi
2466 2152 2558 2201 pro
2590 2137 2838 2186 maximis
2868 2139 3070 2186 meritis
3089 2153 3122 2186 a
3149 2140 3341 2201 p0pulo
3370 2140 3607 2188 Romano
3632 2139 3820 2188 datum

2164 2199 2383 2261 Micipsa
2410 2199 2558 2248 filius
2586 2201 2702 2262 ejus
2736 2203 2852 2249 tum
2882 2199 3233 2263 gubernabat:

418 2321 3820 2348 Mm

1262 2422 1821 2561 1.13131:
1941 2419 2806 2598 QUARTUS
2919 2421 3000 2489 (α)

416 2655 478 2705 In
504 2668 609 2717 quo
639 2653 896 2717 probatur
924 2645 1328 2717 amplitudinem
1359 2640 1592 2717 Romani,
1609 2639 1828 2717 imperii
1849 2652 1922 2717 ac
1950 2639 2788 2717 diuturnitatem.adscribendam
2818 2655 2950 2717 esse,
2981 2657 3087 2692 non
3108 2643 3244 2717 _Jovi_
3264 2643 3454 2717 diisve_
3469 2646 3819 2717 Paganorum,

479 2703 675 2779 quibus
703 2713 928 2779 singulis
954 2703 1048 2779 vii
1067 2707 1315 2779 singulae
1349 2716 1444 2779 res
1467 2705 1519 2750 et
1546 2703 1751 2779 infima
1767 2715 2008 2779 quaeque
2037 2703 2423 2779 committenda.
2444 2705 2793 2779 credebantur
2808 2707 3005 2763 officia,
3036 2709 3125 2758 sed
3153 2709 3248 2757 uni
3266 2723 3392 2759 vero
3419 2710 3524 2759 Deo
3544 2703 3823 2760 'felicitatis

479 2766 698 2833 auctori,
731 2766 882 2835 cujus
915 2772 1171 2833 potestate
1199 2780 1260 2816 ac
1287 2766 1483 2828 judicio
1513 2778 1676 2824 regna
1709 2766 1917 2812 terrena
1948 2766 2349 2814 constituuntur
2377 2769 2535 2828 atque
2565 2771 2866 2818 servantur.

2409 2879 2452 2885 --
2477 2881 2522 2884 η·-

422 2968 660 3029 CAPUT
678 2963 989 3023 PRIMUM.
1015 2993 1077 3006 —
1107 2964 1179 3018 De
1200 2961 1285 3017 his
1308 2976 1426 3032 qua
1447 2961 1625 3032 primo
1653 2957 1925 3014 volumine
1947 2957 2063 3012 dis-

1006 3060 1204 3126 putata
1226 3060 1369 3107 sunt.

483 3152 559 3207 De
572 3147 801 3204 civitate
812 3143 913 3202 Dei
927 3145 1117 3199 dicere
1129 3157 1390 3208 exorsus,
1407 3140 1566 3211 prius
1579 3139 2069 3211 respondendum,

429 3237 626 3314 putavi
649 3232 1061 3307 ejusinimicis,
1079 3230 1176 3302 qui
1202 3236 1429 3286 terrena
1441 3229 1646 3299 gaudia
1667 3233 2070 3284 consectantes

427 3330 722 3398 rebusque
739 3323 1047 3396 fugacibus
1075 3319 1390 3386 inhiantes,
1407 3317 1760 3390 quidquidin
1782 3318 1866 3373 eis
1886 3319 2068 3382 triste,

429 3413 831 3473 misericordia
849 3411 1042 3482 potius
1061 3406 1424 3464 admonentis
1442 3406 1564 3474 Dei,
1582 3423 1751 3477 quam
1776 3405 2070 3478 punientis

428 3505 732 3562 severitate
746 3496 1334 3573 patiuntur,religioni
1351 3495 2068 3567 increpitantchristiana,

429 3611 555 3668 qua
571 3596 783 3649 unaest
801 3589 1052 3645 salubris
1065 3592 1121 3643 et
1137 3602 1270 3640 vera
1284 3585 1506 3656 religio.
1531 3586 1600 3640 Et
1617 3584 1912 3657 quoniam,
1938 3600 2068 3639 cum

426 3685 501 3741 sit
539 3684 598 3740 in
631 3683 714 3737 eis
747 3682 923 3735 etiam
971 3677 1182 3748 vulgus
1229 3675 1548 3742 indoctum,
1582 3673 1740 3730 velut
1769 3675 2070 3730 doctorum

425 3766 840 3826 auctoritatein
856 3765 1056 3820 odium
1075 3765 1337 3818 nostrum
1359 3761 1594 3832 gravius
1613 3760 1936 3826 irritantur,
1956 3759 2073 3814 exi-

427 3857 809 3916 stimantibus
831 3853 1121 3922 imperitis
1136 3868 1223 3916 ea,
1249 3867 1375 3922 qua
1393 3850 1516 3906 suis
1533 3849 2071 3921 temporibusinso-

425 3951 526 4006 lite
556 3949 908 4014 acciderunt,
939 3961 1038 4015 per
1059 3942 1171 3998 alia
1203 3946 1351 3995 retro
1385 3945 1642 4010 tempora
1673 3940 1935 3995 accidere
1957 3953 2073 3993 non

427 4040 651 4104 solere;
677 4049 994 4104 eorumque
1013 4031 1367 4102 opinionem,
1395 4028 1572 4082 etiam
1598 4028 1669 4082 iis
1696 4028 1796 4098 qui
1817 4043 1945 4084 eam
1963 4027 2075 4082 fal-

431 4143 551 4181 sam
575 4140 702 4180 esse
725 4125 1032 4185 noverunt,
1059 4125 1118 4172 ut
1142 4117 1450 4170 adversum
1477 4116 1754 4186 nosjusta
1771 4132 2077 4171 murmura

427 4213 640 4268 habere
676 4210 1002 4274 videantur,
1029 4222 1147 4262 sua
1184 4202 1439 4258 scientia
1477 4202 1945 4259 dissimulatione
1979 4203 2073 4258 tir-

433 4317 566 4358 man
582 4299 736 4356 tibus
754 4316 768 4354 :
785 4299 855 4352 de
879 4297 1046 4352 libris
1065 4310 1207 4366 quos
1233 4297 1496 4350 auctores
1515 4309 1715 4348 eorum
1749 4295 1814 4348 ad
1839 4309 2079 4364 cognos-

433 4391 676 4447 cendam
695 4387 1111 4459 praeteritorum
1129 4392 1452 4457 temporum
1473 4383 1769 4438 historiam
1787 4382 2075 4437 memoria

434 4478 883 4541 mandaverunt,
901 4476 1068 4547 longe
1085 4473 1252 4531 aliter
1265 4489 1389 4530 esse
1403 4489 1573 4543 quam
1590 4476 1819 4543 putant,
1848 4471 2074 4528 demon-

433 4567 740 4623 strandum
791 4565 947 4633 iuit;
991 4569 1046 4619 et
1094 4562 1269 4618 simul
1311 4561 1651 4626 docendum,
1687 4561 1825 4616 deos
1881 4559 2081 4629 falsos,

438 4676 584 4732 quos
618 4657 698 4714 vel
735 4657 924 4730 palam
960 4656 1247 4722 colebant,
1280 4653 1366 4710 vel
1403 4652 1628 4710 occulte
1649 4652 1841 4708 adhuc
1863 4651 2079 4719 colunt,

432 4763 673 4806 eosesse
688 4746 1201 4802 immundissimos
1220 4743 1457 4816 spiritus
1472 4745 1528 4797 et
1546 4742 2004 4813 malignissimos
2019 4757 2083 4796 ac

433 4837 843 4897 fallacissimae
865 4837 1159 4892 damones
1186 4850 1198 4901 ;
1222 4850 1407 4905 usque
1421 4832 1563 4888 adeo
1588 4837 1650 4887 ut
1671 4836 1771 4887 aut
1789 4831 1958 4899 veris,
1982 4835 2087 4886 aut

435 4927 587 4984 ﬁctis
601 4926 799 4994 etiam,
823 4925 947 4981 suis
973 4929 1168 4980 tamen
1187 4923 1538 4979 criminibus
1553 4921 1937 4989 delectentur,
1955 4937 2082 4992 qua

437 5017 547 5073 sibi
568 5014 843 5071 celebrari
864 5030 962 5085 per
983 5031 1090 5070 sua
1104 5013 1250 5069 festa
1265 5013 1602 5080 voluerunt;
1626 5016 1731 5068 uta
1749 5015 2088 5084 perpetran-

439 5107 528 5162 dis
543 5102 982 5160 damnabilibus
1011 5103 1178 5159 factis
1203 5103 1463 5158 humana
1485 5102 1740 5158 revocari
1764 5118 1879 5157 non
1903 5099 2088 5172 possit

437 5193 773 5260 infirmitas,
807 5192 947 5246 dum
973 5191 1042 5244 ad
1073 5191 1193 5246 hac
1225 5192 1508 5246 imitanda
1529 5191 1684 5246 velut
1717 5190 1912 5243 divina
1938 5206 2084 5261 pra-

438 5286 609 5343 betur
627 5282 962 5340 auctoritas.
992 5281 1117 5335 llac
1153 5297 1268 5336 non
1292 5296 1359 5336 ex
1383 5284 1582 5334 nostra
1604 5279 1936 5348 conjectura
1961 5295 2087 5348 pro-

439 5374 724 5436 bavimus,
775 5371 877 5426 sed
953 5370 1162 5440 partim
1209 5385 1274 5424 ex
1336 5368 1553 5424 recenti
1595 5366 1896 5431 memoria,
1949 5367 2088 5438 quia

439 5470 492 5516 et
511 5461 622 5533 ipsi
656 5461 908 5516 vidimus
939 5457 1073 5514 talia
1097 5474 1160 5512 ac
1185 5457 1400 5513 talibus
1427 5456 1768 5512 numinibus
1785 5455 2043 5513 exhiberi
2071 5473 2084 5523 ;

500 5606 579 5666 (a)
609 5603 790 5661 Quarti
820 5605 980 5666 hujus
1013 5604 1068 5651 et
1096 5599 1270 5664 quinti
1292 5601 1362 5666 de
1390 5600 1623 5666 civitate
1638 5601 1734 5666 Dei
1763 5601 1886 5666 libri
1906 5599 2088 5666 memi-

436 5663 518 5718 nit
545 5663 873 5728 Augustinus
896 5663 957 5714 in
986 5663 1220 5728 Epistola
1253 5663 1358 5717 169.
1389 5665 1458 5711 ad
1486 5664 1762 5728 Evodium.
1795 5665 1896 5712 sub
1925 5664 2089 5711 tinem

437 5731 565 5781 anni
594 5727 686 5777 415
715 5730 928 5790 scripta,
960 5727 1247 5790 eodemque
1275 5727 1389 5789 ipso
1425 5739 1564 5776 anno
1593 5727 1868 5790 inchoath
1896 5729 1949 5776 et
1975 5739 2088 5789 per-

438 5796 602 5846 fectos
629 5805 661 5842 a
690 5804 745 5840 se
773 5789 870 5841 hos
898 5793 1032 5842 duos
1051 5792 1216 5841 libros
1246 5792 1490 5852 testatur,
1523 5803 1615 5838 nn.
1647 5789 1672 5838 1
1703 5792 1756 5839 et
1785 5789 1861 5840 13.

2175 2957 2385 3029 partim
2403 2977 2469 3016 ex
2494 2960 2703 3020 litteris
2728 2981 2952 3035 eorum,
2979 2965 3079 3038 qui
3097 2982 3208 3022 non
3231 2969 3508 3038 tanquam
3531 2965 3590 3021 in
3615 2970 3822 3022 contu-

2178 3047 2430 3118 meliam,
2463 3051 2565 3106 sed
2596 3057 2871 3126 tanquam
2905 3055 2962 3110 in
2997 3056 3276 3111 honorem
3306 3055 3548 3113 deorum
3573 3071 3818 3111 suorum

2177 3137 2289 3193 ista
2318 3140 2650 3213 conscripta
2681 3143 2927 3214 posteris
2967 3143 3330 3215 reliquerunt
3360 3161 3374 3200 :
3405 3143 3488 3200 ita
3515 3147 3580 3199 ut
3598 3144 3685 3201 vir
3715 3145 3823 3200 do-

2177 3225 2479 3283 ctissimus
2497 3231 2646 3300 apud
2664 3231 3418 3302 eos,Varro,etgravissima
3433 3232 3817 3300 auctoritatis,

2180 3330 2308 3370 cum
2325 3332 2513 3372 rerum
2529 3318 2923 3375 humanarum
2953 3326 3125 3392 atque
3139 3321 3462 3376 divinarum
3483 3321 3820 3393 dispertitos

2178 3403 2386 3460 faceret
2415 3405 2616 3476 libros,
2640 3407 2786 3464 alios
2807 3408 3106 3475 humanis,
3141 3408 3286 3465 alios
3309 3409 3543 3476 divinis,
3577 3425 3677 3481 pro
3707 3425 3818 3464 sua

2178 3491 2465 3563 cujusque
2495 3493 2574 3548 rei
2608 3494 2890 3566 dignitate
2929 3496 3311 3565 distribuens,
3345 3512 3458 3552 non
3505 3495 3713 3552 saltem
3757 3495 3818 3552 in

2180 3582 2354 3637 rebus
2386 3581 2679 3653 humanis,
2711 3585 2810 3640 sed
2842 3585 2900 3639 in
2935 3585 3104 3641 rebus
3127 3586 3337 3641 divinis
3365 3586 3533 3641 ludos
3562 3585 3818 3641 scenicos

2177 3675 2415 3740 poneret
2447 3687 2460 3725 :
2493 3688 2624 3727 cum
2658 3673 2878 3744 utique,
2914 3674 2959 3729 si
2993 3675 3413 3731 tandummodo
3447 3675 3579 3730 boni
3611 3679 3668 3730 et
3709 3674 3816 3730 bo-

2179 3759 2327 3814 nesti
2360 3759 2622 3816 homines
2646 3761 2703 3817 in
2736 3761 2966 3820 civitate
2995 3768 3213 3832 essent,
3258 3779 3364 3821 nec
3410 3765 3465 3819 in
3505 3763 3678 3820 rebus
3712 3763 3818 3817 bu-

2181 3849 2367 3904 manis
2398 3849 2519 3903 ludi
2550 3851 2761 3906 scenici
2794 3868 2916 3907 csse
2966 3853 3325 3910 debuissent.
3378 3853 3541 3916 Quod
3572 3853 3822 3924 perfecto

2182 3953 2296 3991 non
2330 3939 2675 3995 auctoritate
2705 3957 2810 3996 sua
2840 3941 2992 4010 fecit,
3029 3943 3128 3997 sed
3175 3942 3453 4014 quoniam
3500 3957 3595 3998 eos
3626 3941 3820 3996 Roma

2183 4031 2356 4081 natus
2379 4031 2436 4082 et
2461 4028 2742 4085 educatus
2768 4031 2824 4084 in
2857 4029 3070 4085 divinis
3105 4031 3278 4086 rebus
3318 4031 3554 4088 invenit.
3588 4030 3652 4085 Et
3673 4046 3824 4101 quo-

2184 4115 2337 4170 niam
2353 4115 2410 4170 in
2429 4115 2539 4171 fine
2553 4118 2726 4188 primi
2743 4119 2896 4187 libri,
2913 4137 3038 4191 qua
3056 4119 3330 4192 deinceps
3350 4120 3592 4177 dicenda
3605 4123 3823 4186 essent,

2184 4207 2432 4262 breviter
2452 4207 2774 4276 posuimus,
2807 4212 2864 4264 et
2885 4225 2951 4264 ex
2967 4209 3059 4265 his
3081 4209 3422 4280 quadamin
3445 4210 3826 4267 duobuscon-

2185 4295 2562 4366 sequentibus
2594 4298 2868 4367 diximus,
2903 4300 3322 4370 exspectationi
3353 4299 3672 4372 legentium
3699 4315 3825 4371 qua

2185 4390 2407 4440 restant
2437 4385 2727 4442 reddenda
2757 4390 3185 4460 cognoscimus.

2185 4491 2419 4548 CAPUT
2449 4493 2516 4548 ll.
2544 4525 2610 4536 -—
2640 4496 2714 4551 De
2744 4496 2830 4551 his
2859 4512 2979 4568 qua
3008 4498 3147 4552 libro
3167 4497 3401 4553 secundo
3430 4505 3482 4553 et
3507 4495 3671 4552 tertio
3699 4509 3832 4552 con-

2887 4588 3155 4643 tinentur.

2262 4673 2719 4731 Promiscramus
2743 4691 2877 4748 ergo
2897 4676 3160 4746 quaedam
3181 4692 3284 4732 nos
3305 4691 3435 4732 esse
3457 4676 3712 4733 dicturos
3733 4675 3836 4730 ad-

2190 4779 2388 4818 versus
2410 4779 2529 4832 eos,
2556 4765 2651 4834 qui
2671 4765 2936 4820 Romana
2953 4764 3280 4837 reipublica
3304 4765 3493 4821 clades
3513 4766 3572 4821 in
3592 4764 3836 4835 religio-

2191 4870 2322 4909 nem
2359 4859 2610 4909 nostram
2657 4856 2938 4925 referunt,
2979 4861 3034 4911 et
3061 4863 3621 4912 commemoraturus
3671 4870 3835 4926 qua-

2192 4960 2438 5014 cumque
2461 4954 2516 4998 et
2548 4950 3020 5016 quantocumque
3045 4961 3348 5002 occurrere
3373 4944 3722 5016 potuissent,
3749 4941 3836 4997 vel

2190 5034 2330 5089 satis
2353 5050 2481 5089 esse
2504 5033 2854 5101 viderentur,
2880 5036 3052 5106 mala,
3076 5053 3207 5108 qua
3229 5037 3329 5092 illa
3349 5035 3548 5093 civitas
3574 5032 3837 5106 pertulit,

2190 5122 2278 5177 vel
2310 5123 2378 5177 ad
2414 5123 2538 5193 ejus
2571 5122 2877 5193 imperium
2912 5126 3220 5196 provincia
3251 5127 3626 5198 pertinentes,
3663 5128 3837 5179 ante-

2193 5227 2368 5281 quam
2382 5227 2577 5267 eorum
2595 5212 2876 5268 sacriﬁcia
2891 5215 3182 5284 prohibita
3198 5215 3475 5272 fuissent:
3495 5229 3622 5284 qua
3641 5211 3843 5268 omnia

2192 5299 2584 5370 proculdubio
2616 5301 2783 5358 nobis
2814 5305 3152 5372 tribuerent,
3179 5305 3226 5360 si
3252 5307 3375 5376 jam
3397 5303 3484 5360 vel
3517 5303 3636 5358 illis
3654 5301 3842 5358 clare-

2194 5397 2277 5444 ret
2301 5395 2496 5446 nostra
2519 5391 2833 5463 religio,vel
2861 5393 2936 5449 ita
2958 5411 3056 5451 eos
3079 5412 3112 5450 a
3137 5395 3322 5450 sacris
3344 5392 3645 5464 sacrilegis
3669 5392 3684 5425 ¹
3709 5407 3845 5461 pro-

2194 5479 2433 5535 hiberet.
2468 5481 2596 5536 Hac
2635 5482 2692 5536 in
2724 5484 2979 5540 secundo
3003 5493 3056 5540 et
3092 5485 3260 5540 tertio
3298 5484 3446 5540 libro
3471 5483 3845 5552 satis,quan-

2194 5573 2318 5623 tum
2351 5569 2639 5641 existimo,
2672 5571 3030 5630 absolvimus
3068 5591 3080 5629 :
3123 5574 3182 5629 in
3216 5574 3473 5629 secundo
3502 5576 3744 5644 agentes
3775 5571 3846 5624 de

2195 5657 2367 5713 malis
2391 5675 2644 5727 morum,
2669 5676 2796 5730 qua
2817 5662 2972 5718 mala
2988 5662 3075 5718 vel
3102 5663 3248 5729 sola,
3267 5661 3354 5718 vel
3378 5663 3634 5718 maxima
3657 5659 3847 5732 depu-

2262 5787 2277 5821 1
2307 5783 2456 5845 Lov.,
2492 5785 2805 5850 sacrilegis.
2835 5787 3172 5842 Dissentiunt
3201 5787 3382 5843 cateri
3407 5788 3549 5840 libri.
