4142 6186
287 307 386 370 113

290 441 441 497 tande
469 445 638 496 sunt:
671 437 731 492 in
762 435 932 494 tertio
971 439 1165 493 autem
1201 437 1272 493 de
1301 436 1392 493 his
1422 453 1548 509 qua
1581 437 1743 494 stulti
1777 436 1902 492 sola

288 529 479 604 perpeti
504 529 826 596 exhorrent,
849 527 1109 599 corporis
1135 526 1398 583 videlicet
1419 532 1904 597 externarumque

294 636 484 686 rerum,
507 635 632 690 qum
664 616 1007 689 plerumque
1039 616 1342 686 patiuntur
1372 621 1427 672 et
1460 616 1614 672 boni.
1642 615 1748 670 llla
1772 631 1906 672 vero

291 708 421 767 mala
441 723 548 763 non
572 706 702 762 dico
726 704 1031 777 patienter,
1053 704 1153 759 sed
1177 703 1425 760 libenter
1445 703 1675 770 habent,
1694 703 1907 773 quibus

290 798 384 871 ipsi
408 797 547 852 ﬁunt
566 794 722 851 mali.
746 794 816 849 Et
838 809 1013 864 quam
1037 809 1224 864 pauca
1249 792 1366 848 dixi
1387 793 1456 848 de
1477 791 1601 849 sola
1623 793 1748 864 ipsa
1769 791 1907 847 civi-

290 891 392 943 tate
422 891 591 956 atque
619 884 750 955 ejus
780 883 1022 953 imperio
1044 881 1071 936 ‘2
1092 896 1198 937 nec
1230 881 1362 937 inde
1390 883 1590 938 omnia
1621 895 1806 952 usque
1836 881 1908 936 ad

288 977 542 1033 Caesarem
569 976 926 1045 Augustum.
952 971 1121 1041 Quid,
1147 971 1193 1027 si
1219 987 1674 1027 commemorare
1688 969 1912 1027 voluis-

286 1082 410 1131 sem,
432 1067 483 1120 et
511 1077 856 1134 exaggerare
888 1061 990 1116 illa
1014 1060 1186 1128 mala,
1219 1077 1346 1132 quae
1383 1078 1495 1118 non
1527 1061 1635 1117 sibi
1667 1060 1911 1116 invicem

289 1153 534 1210 homines
567 1153 811 1219 faciunt,
838 1150 989 1206 sicut
1017 1153 1156 1205 sunt
1183 1148 1532 1206 vastationes
1562 1149 1918 1205 eversiones-

286 1259 386 1314 que
413 1240 773 1308 bellantium,
797 1241 897 1296 sed
921 1255 990 1295 ex
1021 1237 1203 1310 ipsius
1234 1238 1438 1294 mundi
1471 1238 1774 1294 elementis
1803 1243 1917 1294 ter-

291 1332 432 1387 renis
459 1331 733 1386 accidunt
753 1330 969 1384 rebus?
989 1344 1114 1400 quae
1137 1344 1251 1384 uno
1278 1328 1403 1385 loco
1425 1327 1704 1400 Apuleius
1726 1327 1918 1383 brevi-

290 1425 368 1475 ter
393 1420 626 1491 stringit
655 1418 716 1474 in
748 1433 814 1474 eo
844 1417 991 1474 libro
1019 1433 1188 1488 quem
1214 1418 1284 1472 de
1309 1417 1526 1474 Mundo
1556 1417 1790 1488 scripsit
1815 1417 1915 1489 (α),

289 1518 491 1565 terrena
504 1525 603 1565 om
614 1507 925 1564 niadicens
938 1506 1312 1575 mutationes,
1327 1507 1733 1563 conversiones
1748 1511 1919 1577 atque

284 1597 536 1654 interitus
557 1597 790 1652 habere.
807 1595 1070 1666 Namque
1093 1594 1421 1651 immodicis
1440 1595 1792 1651 tremoribus
1810 1599 1922 1650 ter-

287 1704 486 1753 rarum,
541 1691 606 1742 ut
651 1685 844 1741 verbis
893 1685 1022 1755 ejus
1065 1688 1213 1751 utar,
1265 1683 1594 1740 dissiluisse
1650 1683 1918 1751 humum,

289 1781 339 1834 et
376 1776 722 1846 interceptas
772 1774 939 1830 urbes
990 1789 1124 1830 cum
1173 1773 1405 1845 populis
1448 1773 1624 1829 dicit:
1657 1773 1922 1844 abruptis

276 1867 436 1924 etiam
467 1865 757 1921 imbribus
805 1865 1065 1936 prolutas
1106 1868 1255 1919 totas
1296 1879 1425 1920 esse
1457 1863 1752 1936 regiones:
1792 1863 1920 1918 illas

281 1955 440 2012 etiam
465 1971 594 2025 quae
617 1953 780 2024 prius
806 1953 1032 2008 fuerant
1063 1951 1449 2021 continentes,
1482 1952 1815 2024 hospitibus
1836 1954 1922 2006 at-

286 2059 384 2114 que
405 2042 645 2099 advenis
670 2041 946 2097 ﬂuctibus
973 2040 1273 2108 insulatas,
1291 2041 1547 2112 aliasque
1567 2041 1790 2098 desidia
1807 2057 1928 2096 ma-

289 2132 364 2188 ris
395 2131 651 2204 pedestri
674 2146 911 2188 accessu
938 2130 1159 2202 pervias
1181 2130 1384 2186 factas:
1406 2131 1594 2186 ventis
1619 2146 1682 2185 ac
1707 2130 1928 2202 procel-

286 2220 354 2277 lis
382 2236 614 2277 eversas
640 2234 768 2276 esse
800 2218 1057 2274 civitates
1081 2235 1093 2272 :
1120 2217 1392 2274 incendia
1413 2220 1480 2273 de
1501 2218 1758 2273 nubibus
1784 2217 1932 2272 emi-

287 2326 446 2367 easse
468 2309 745 2382 ',quibus
774 2307 1023 2364 Orientis
1056 2307 1321 2379 regiones
1352 2307 1714 2378 conflagratae
1748 2306 1935 2377 perie-

286 2404 421 2456 runt
443 2415 460 2468 ;
485 2405 544 2456 et
571 2398 634 2455 in
657 2395 984 2453 Occidentis
1014 2395 1201 2467 plagis
1230 2396 1618 2468 scaturigines
1647 2394 1934 2466 quasdam

281 2506 342 2545 ac
375 2486 758 2560 proluviones
789 2485 1024 2540 easdem
1048 2488 1269 2555 strages
1291 2484 1536 2540 dedisse.
1557 2484 1651 2540 Sic
1671 2500 1735 2539 ex
1757 2489 1938 2539 Etnaa

278 2576 609 2634 verticibus
630 2574 925 2647 quondam
948 2573 1148 2629 effusis
1169 2573 1509 2640 crateribus,
1529 2572 1721 2628 divino
1745 2573 1938 2628 incen-

278 2667 374 2724 dio
406 2682 517 2738 per
541 2662 806 2731 declivia,
836 2661 1110 2718 torrentis
1139 2662 1260 2718 vice
1292 2661 1658 2718 ﬂammarum
1693 2663 1937 2718 [lumina

283 2755 635 2812 cucurrisse.
689 2753 750 2808 Si
795 2751 919 2808 hac
963 2756 1138 2823 atque
1182 2750 1542 2821 hujusmodi,
1591 2768 1716 2822 quae
1765 2752 1937 2808 habet

281 2843 546 2910 historia,
582 2842 734 2897 unde
764 2855 1016 2912 possem,
1051 2839 1321 2912 colligere
1340 2839 1682 2906 voluissem,
1702 2841 1933 2912 quando

287 2935 542 2990 ﬁnissem
577 2947 708 3002 quae
727 2930 844 2984 illis
867 2929 1228 3001 temporibus
1259 2933 1932 3000 evcnerunt,antequam

287 3021 494 3080 Christi
522 3036 737 3077 nomen
764 3017 863 3074 illa
884 3019 1132 3073 istorum
1155 3018 1412 3073 vana’et
1431 3033 1572 3074 verae
1604 3017 1768 3074 saluti
1802 3034 1934 3090 per-

288 3113 503 3167 niciosa
527 3125 652 3165 com
663 3107 1374 3181 primeret?Promisoram
1397 3107 1572 3163 etiam
1593 3123 1683 3163 me
1701 3107 1937 3164 demon-

291 3206 635 3266 straturum,
666 3213 811 3267 quos
841 3213 1041 3253 eorum
1075 3212 1282 3265 mores,
1316 3201 1373 3251 et
1403 3212 1577 3268 quam
1602 3198 1673 3252 ob
1697 3213 1933 3253 causam

292 3294 434 3348 Deus
446 3306 623 3346 verus
636 3289 707 3344 ad
722 3288 1051 3360 augendum
1063 3285 1362 3357 imperium
1379 3287 1651 3358 adjuvare
1665 3287 1936 3359 dignatus

294 3385 396 3447 est,
417 3380 479 3436 in
511 3378 687 3450 cujus
720 3383 1000 3448 potestate
1021 3383 1158 3431 sunt
1188 3391 1365 3448 regna
1387 3377 1619 3442 omnia;
1645 3391 1937 3446 quamque

293 3468 432 3526 nihil
463 3485 567 3525 eos
602 3466 933 3536 adjuverint
954 3464 1011 3520 bi
1036 3481 1184 3537 quos
1217 3465 1356 3520 deos
1388 3469 1622 3535 putant,
1656 3469 1712 3520 et
1742 3464 1941 3536 potius

294 3564 578 3631 quantum
629 3554 969 3628 decipiendo
1000 3559 1058 3610 et
1107 3553 1356 3609 fallendo
1405 3552 1750 3610 nocuerint:
1787 3552 1942 3607 unde

294 3665 438 3704 nunc
488 3647 639 3704 mihi
688 3645 852 3701 video
900 3659 1026 3699 esse
1057 3642 1392 3712 dicendum,
1423 3647 1480 3697 et
1529 3642 1718 3712 magis
1750 3641 1820 3697 de
1850 3641 1941 3695 in-

295 3737 604 3794 crementis
651 3733 882 3806 imperii
934 3732 1202 3790 Romani.
1255 3731 1394 3787 Nam
1446 3731 1517 3786 de
1561 3730 1727 3786 noxia
1773 3729 1940 3786 falla-

293 3828 374 3883 cia
418 3828 780 3893 daemonum,
836 3839 984 3895 quos
1033 3821 1190 3878 velut
1242 3822 1380 3877 deos
1431 3819 1716 3885 colebant,
1758 3836 1944 3891 quan-

293 3921 408 3972 tum
440 3915 736 3972 malorum
760 3912 1044 3970 invexerit
1068 3912 1328 3968 moribus
1350 3927 1576 3980 eorum,
1601 3911 1658 3966 in
1688 3911 1944 3967 secundo

297 4006 539 4061 maxime
566 4003 715 4059 libro
739 4019 853 4058 non
889 4002 1214 4073 paucajam
1243 3999 1401 4057 dicta
1429 4003 1588 4057 sunt.
1609 4004 1717 4056 Per
1747 4015 1946 4056 omnes

299 4099 483 4151 autem
520 4091 827 4150 absolutos
849 4098 964 4146 tres
985 4089 1182 4157 libros,
1206 4090 1302 4146 ubi
1328 4093 1720 4162 opportunum
1752 4089 1944 4145 visum

301 4189 400 4254 est,
431 4180 975 4241 commendavimus
1006 4181 1027 4214 ³
1057 4178 1230 4234 etiam
1257 4179 1315 4233 in
1342 4178 1490 4250 ipsis
1519 4178 1745 4236 bellicis
1771 4178 1946 4235 malis

303 4277 585 4344 quantum
598 4269 941 4327 solatiorum
958 4268 1111 4324 Deus
1129 4283 1225 4337 per
1237 4267 1452 4324 Christi
1467 4283 1698 4336 nomen,
1713 4269 1806 4324 cui
1821 4273 1946 4324 tan-

303 4371 422 4423 tum
453 4365 720 4435 honoris,
753 4363 991 4420 Barbari
1037 4361 1370 4419 detulerunt
1419 4371 1620 4435 praeter
1661 4363 1946 4420 bellorum

306 4473 542 4525 morem,
579 4453 747 4510 bonis
794 4451 1079 4523 malisque
1127 4451 1454 4520 contulerit,
1509 4453 1800 4524 quomodo
1845 4452 1946 4524 qui

309 4546 437 4602 facit
456 4545 641 4602 solem
666 4559 838 4600 suum
863 4541 1002 4598 oriri
1025 4557 1199 4614 super
1219 4542 1404 4598 bonos
1425 4546 1478 4597 et
1504 4541 1709 4611 malos,
1727 4546 1783 4598 et
1803 4542 1950 4614 pluit

309 4651 476 4708 super
493 4637 693 4708 justos
713 4641 767 4690 et
796 4633 1053 4705 injustas
1084 4633 1291 4704 (Matth.
1323 4649 1376 4701 v,
1409 4631 1521 4704 45).

311 4742 535 4801 CAPUT
562 4743 661 4800 III.
682 4774 754 4784 —
771 4742 855 4797 An
884 4740 1116 4798 latitudo
1138 4740 1382 4812 imperii,
1407 4756 1526 4810 qum
1545 4738 1772 4796 nonnisi
1793 4737 1955 4796 bellis

380 4833 714 4906 acquiritur,
749 4833 805 4887 in
848 4830 1000 4888 bonis
1042 4829 1158 4886 sive
1204 4831 1533 4902 sapientium
1567 4829 1817 4886 habenda
1859 4831 1953 4896 sit,

377 4922 484 4979 sive
507 4923 778 4994 felicium.

381 5015 509 5067 Jam
542 5012 738 5083 itaque
766 5009 1068 5065 videamus
1090 5009 1256 5080 quale
1277 5009 1373 5075 sit,
1397 5009 1548 5079 quod
1571 5011 1791 5064 tantam
1819 5006 1951 5064 lati-

317 5100 576 5157 tudinem
607 5116 672 5155 ac
703 5096 1147 5154 diuturnitatem
1179 5097 1406 5170 imperii
1431 5098 1676 5154 Romani
1698 5097 1814 5153 illis
1845 5097 1956 5153 diis

317 5191 526 5246 audent
555 5188 852 5245 tribuere:
885 5203 1033 5258 quos
1061 5186 1233 5242 etiam
1265 5204 1368 5258 per
1398 5187 1652 5260 turpium
1680 5186 1952 5244 ludorum

379 5351 395 5383 ί
425 5347 578 5404 Editi,
611 5347 915 5398 emicuisse.
944 5348 1050 5398 Mss
1074 5383 1088 5400 .
1121 5346 1397 5397 emicans.

379 5409 400 5443 ²
427 5411 636 5460 Codices
663 5412 810 5469 Mss,
841 5410 964 5460 ulta
993 5411 1227 5459 istorum
1259 5426 1425 5460 vana.
1456 5437 1518 5445 —
1546 5410 1630 5460 Sic
1657 5410 1778 5460 Mss.
1795 5409 1888 5459 766
1908 5409 1961 5458 et

293 5469 473 5532 .2050;
506 5473 679 5523 caeteri
705 5487 834 5522 vero
848 5475 1037 5528 nostri,
1059 5474 1228 5522 nulla
1249 5473 1486 5522 istorum
1525 5488 1671 5521 vana
1693 5489 1704 5533 ;
1728 5473 1957 5523 male.M.

383 5536 402 5568 3
433 5534 555 5584 Sola
580 5537 744 5611 editio
773 5537 919 5599 Lov.,
951 5538 1044 5586 ubi
1076 5545 1450 5599 opportunum
1483 5537 1661 5584 visum
1708 5541 1787 5585 est
1816 5549 1961 5583 com—

322 5611 762 5648 memoravimus.

325 5660 613 5772 πέῗέαὲωο
655 5662 920 5714 sententia
946 5662 1005 5711 in
1050 5662 1269 5725 Apuleio
1312 5663 1572 5725 reperitur
1605 5678 1620 5723 ;
1686 5659 1964 5724 sequentia

1618 302 1852 362 LIBER
1896 301 2282 373 QUARTUS.

3538 312 3653 372 114

2012 437 2290 508 obsequia
2311 444 2363 493 et
2387 453 2485 510 per
2507 439 2767 511 turpium
2793 440 3097 500 hominum
3124 443 3442 502 ministeria
3463 460 3526 502 se
3549 444 3656 500 ho-

2011 531 2175 583 ueste
2196 527 2444 583 coluisse
2467 530 2884 586 contendunt‘.
2910 534 3254 605 Quanquam
3280 535 3439 606 prius
3455 535 3658 591 vellem

2013 615 2318 686 paululum
2368 616 2682 688 inquirere,
2715 635 2837 690 quae
2865 619 2941 676 sit
2971 623 3136 689 ratio,
3171 640 3300 695 qum
3333 624 3658 696 prudentia,

2014 719 2145 758 cum
2163 703 2466 760 hominum
2483 705 2813 762 felicitatem
2831 724 2946 764 non
2963 710 3147 778 possis
3162 713 3488 780 ostendere,
3503 727 3660 768 sem-

2015 807 2117 864 per
2148 793 2206 848 in
2238 791 2462 848 bellicis
2494 793 2762 851 cladibus
2783 795 2916 852 etin
2939 799 3222 870 sanguine
3244 800 3415 871 civili,
3437 800 3524 857 vel
3557 800 3659 857 ho-

2015 881 2156 951 stili,
2171 885 2362 938 tamen
2379 881 2799 951 humano,cum
2815 888 3124 943 tenebroso
3140 887 3345 944 timore
3357 893 3409 946 et
3421 895 3664 946 cruenta

2016 971 2335 1042 cupiditate
2355 971 2735 1039 versantium,
2757 977 2822 1029 ut
2842 975 3022 1031 vitrea
3043 976 3239 1032 laetitia
3260 993 3383 1033 com
3395 987 3622 1049 paretur
3644 979 3665 1013 ³

2019 1060 2298 1132 fragiliter
2327 1061 2653 1134 splendida,
2685 1063 2777 1120 cui
2811 1063 3087 1120 timeatur
3113 1065 3449 1122 horribilius
3479 1082 3551 1121 ne
3582 1084 3667 1122 re-

2021 1158 2189 1221 pente
2204 1151 2522 1222 frangatur,
2538 1151 2609 1207 de
2624 1152 2851 1223 imperii
2869 1154 3270 1224 magnitudine
3283 1155 3670 1211 aclatitudine

2020 1237 2168 1294 velle
2193 1238 2448 1308 gloriari.
2475 1240 2591 1296 Hoc
2616 1246 2679 1296 ut
2705 1242 2934 1298 facilius
2956 1243 3333 1315 dijudicetur,
3355 1261 3470 1300 non
3493 1260 3673 1300 vane-

2022 1343 2181 1382 scam
2193 1344 2260 1382 us
2284 1327 2446 1384 inani
2469 1330 2810 1386 ventositate
2832 1331 3052 1401 iactati,
3076 1335 3251 1403 atque
3273 1333 3674 1388 obtundamus

2023 1415 2367 1473 intentionis
2392 1418 2573 1474 aciem
2598 1418 3176 1476 altisonisvoeabulis
3191 1437 3680 1488 rerum,cumau-

2025 1504 2222 1562 dimus
2254 1506 3073 1580 populos,regna,provincias
3100 1525 3113 1566 :
3146 1511 3247 1566 sed
3283 1510 3426 1567 duos
3459 1510 3679 1567 consti-

2025 1598 2262 1651 tuamus
2284 1595 2546 1652 homines
2566 1599 2722 1669 (nam
2751 1597 3021 1670 singulus
3044 1599 3292 1670 quisque
3313 1599 3510 1668 homo,
3534 1604 3599 1655 ut
3619 1600 3679 1655 in

2028 1700 2297 1740 sermone
2317 1702 2432 1741 una
2450 1685 2660 1758 littera,
2674 1686 2752 1742 ita
2769 1687 2934 1758 quasi
2955 1686 3306 1744 elementum
3326 1694 3414 1744 est
3430 1689 3682 1745 civitatis

2027 1777 2083 1830 et
2100 1773 2281 1847 regni,
2296 1776 2657 1844 quantalibet
2667 1781 2955 1832 terrarum
2971 1777 3349 1849 occupatione
3364 1777 3684 1849 latissimi),

2031 1880 2275 1935 quorum
2294 1865 2540 1921 duorum
2567 1866 2893 1935 hominum,
2909 1883 3220 1940 pauperem
3243 1884 3450 1936 unum,
3467 1866 3556 1924 vel
3576 1884 3683 1939 po-

2030 1953 2150 2010 tius
2177 1955 2565 2024 mediocrem;
2590 1955 2771 2012 alium
2807 1956 3159 2028 pradivitem
3192 1957 3554 2030 cogitemus:
3579 1956 3685 2012 sed

2033 2043 2272 2100 divitem
2297 2045 2610 2101 timoribus
2630 2045 2861 2101 anxium
2875 2089 2888 2114 ,
2904 2046 3250 2102 maeroribus
3269 2047 3682 2112 tabescentem,

2034 2133 2353 2203 cupiditate
2367 2133 3038 2206 ﬂagrantem,nunquam
3053 2133 3684 2206 securum,semperin-

2037 2221 2298 2292 quietum
2311 2263 2324 2288 ,
2340 2223 2628 2294 perpetuis
2640 2223 3081 2278 inimicitiarum
3096 2221 3571 2279 contentionibus
3584 2238 3688 2276 an-

2038 2309 2358 2375 helantem,
2381 2313 2688 2381 augentem
2711 2327 2852 2367 sane
2873 2311 2968 2367 his
2991 2312 3246 2366 miseriis
3269 2309 3686 2382 patrimonium

2038 2415 2216 2457 suum
2246 2398 2307 2455 in
2338 2399 2692 2454 immensum
2726 2399 2988 2465 modum,
3017 2404 3189 2470 atque
3216 2399 3333 2455 illis
3361 2397 3690 2471 augmentis

2040 2503 2208 2544 curas
2238 2502 2464 2558 quoque
2485 2486 2890 2542 amarissimas
2910 2491 3316 2560 aggerantem;
3341 2486 3687 2543 mediocrem

2040 2593 2174 2633 vero
2201 2576 2361 2632 illum
2396 2592 2456 2632 re
2487 2576 2760 2632 familiari
2801 2592 2976 2648 parva
3025 2584 3198 2648 atque
3245 2575 3544 2633 succincta
3574 2575 3688 2632 sibi

2039 2666 2450 2735 sufficientem,
2466 2665 2881 2721 charissimum
2904 2666 3048 2732 suis,
3072 2681 3207 2722 eum
3231 2664 3543 2736 cognatis“,
3559 2663 3694 2720 vici-

2042 2756 2154 2825 nis,
2179 2754 2381 2810 amicis
2402 2753 2744 2810 dulcissima
2762 2769 2900 2825 pace
2920 2756 3292 2826 gaudentem,
3319 2754 3534 2826 pietate
3556 2752 3693 2812 reli-

2039 2844 2289 2916 giosum,
2314 2843 2631 2916 benignum
2658 2848 2876 2909 mente,
2899 2859 3108 2899 sanum
3131 2859 3392 2916 corpore,
3423 2843 3538 2899 vita
3559 2859 3692 2912 par-

2038 2949 2198 3003 cum,
2222 2933 2486 2990 moribus
2515 2936 2767 3002 castum,
2789 2933 3144 2989 conscientia
3168 2949 3464 2990 securum.
3487 2931 3692 2989 Nescio
3797 2995 3802 2998 _

2039 3027 2239 3078 utrum
2252 3023 2562 3094 quisquam
2579 3022 2656 3077 ita
2669 3021 3509 3092 desipiat,utaudeatdubitare
3521 3035 3693 3091 quem

2040 3112 2328 3183 praeferat.
2353 3110 2423 3167 Ut
2451 3127 2587 3184 ergo
2619 3110 2675 3168 in
2710 3110 2800 3166 bis
2830 3111 3056 3166 duobus
3083 3110 3435 3178 hominibus,
3459 3109 3518 3164 in
3542 3110 3689 3164 dua-

2042 3201 2150 3256 bus
2189 3200 2448 3266 familiis,
2486 3201 2566 3255 ita
2600 3199 2660 3254 in
2704 3200 2934 3255 duobus
2960 3199 3212 3271 populis,
3242 3199 3322 3254 ita
3351 3199 3412 3253 in
3451 3197 3680 3253 duobus

2041 3293 2238 3363 regnis
2288 3289 2494 3363 regula
2541 3290 2804 3361 sequitur
2847 3289 3180 3360 aequitatis:
3223 3306 3339 3360 qua
3387 3288 3694 3360 vigilanter

2041 3382 2325 3451 adhibita,
2341 3381 2603 3436 sinostra
2620 3379 2866 3435 intentio
2883 3380 3224 3450 corrigatur,
3241 3378 3515 3434 facillime
3535 3377 3694 3432 vide-

2045 3470 2240 3526 bimus
2285 3471 2382 3526 ubi
2431 3469 2657 3524 habitet
2703 3468 2951 3535 vanitas,
2990 3474 3042 3522 et
3092 3468 3191 3522 ubi
3242 3467 3506 3522 felicitas.
3538 3469 3690 3532 Qua-

2045 3564 2276 3630 propter
2296 3559 2345 3614 si
2366 3573 2535 3613 verus
2552 3557 2708 3612 Deus
2728 3556 2977 3622 colatur,
2998 3556 3162 3626 eique
3181 3556 3366 3612 sacris
3385 3554 3692 3610 veracibus

2044 3652 2101 3702 et
2133 3647 2300 3702 bonis
2331 3646 2594 3701 moribus
2636 3643 2944 3714 serviatur,
2977 3643 3117 3699 utile
3146 3649 3236 3698 est
3266 3649 3329 3698 ut
3358 3643 3496 3697 boni
3527 3642 3693 3712 longe

2044 3737 2274 3806 lateque
2304 3734 2404 3789 diu
2424 3740 2685 3805 regnent.
2709 3732 2905 3802 Neque
2927 3733 3034 3788 hoc
3053 3737 3171 3786 tam
3191 3731 3357 3802 ipsis,
3378 3745 3556 3800 quam
3577 3730 3694 3788 illis

2046 3825 2187 3882 utile
2217 3831 2325 3890 est,
2351 3823 2452 3894 qui
2483 3825 2748 3892 regnant.
2784 3820 2928 3877 Nam
2961 3825 3247 3892 quantum
3282 3819 3354 3874 ad
3380 3819 3541 3890 ipsos
3564 3835 3697 3890 per-

2044 3916 2212 3979 tinet,
2235 3913 2411 3985 pietas
2433 3916 2489 3968 et
2509 3910 2764 3983 probitas
2788 3925 3013 3978 eorum,
3039 3926 3165 3981 quas
3190 3925 3401 3982 magna
3422 3909 3576 3964 dona
3599 3907 3695 3964 Dei

2046 4011 2210 4073 sunt,
2225 4002 2444 4060 sufﬁcit
2461 4002 2546 4058 eis
2565 4002 2636 4057 ad
2658 4015 2850 4055 veram
2876 3999 3366 4070 felicitatem,qua
3377 4003 3434 4054 et
3450 3997 3562 4053 ista
3582 3997 3698 4053 vita

2046 4098 2195 4153 bene
2211 4099 2439 4166 agatur,
2455 4095 2512 4148 et
2523 4097 2724 4164 postea
2741 4089 3094 4161 percipiatur
3109 4096 3336 4146 eterna.
3353 4088 3416 4143 In
3436 4086 3543 4142 hac
3560 4101 3698 4158 ergo

2047 4194 2198 4246 terra
2214 4201 2447 4256 regnum
2463 4185 2746 4240 bonorum
2767 4199 2881 4238 non
2905 4185 3022 4238 tam
3037 4181 3153 4238 illis
3177 4185 3501 4252 praestatur,
3517 4196 3696 4252 quam

2047 4279 2218 4336 rebus
2265 4275 2573 4332 humanis:
2605 4273 2891 4329 malorum
2925 4288 3056 4328 vero
3096 4287 3342 4343 regnum
3377 4269 3565 4343 magis
3597 4285 3698 4326 re-

2049 4366 2364 4441 gnantibus
2393 4368 2580 4425 nocet,
2605 4363 2706 4434 qui
2729 4378 2867 4418 suos
2887 4361 3114 4417 animos
3147 4363 3374 4416 vastant
3406 4357 3696 4415 scelerum

2051 4459 2270 4528 majore
2292 4453 2554 4520 licentia;
2577 4452 2668 4507 his
2683 4455 2878 4506 autem
2897 4449 2994 4521 qui
3009 4449 3093 4505 eis
3113 4448 3415 4504 serviendo
3433 4448 3582 4503 subd
3594 4463 3700 4503 un-

2051 4551 2170 4612 tur,
2187 4560 2302 4598 non
2318 4545 2486 4598 nocet
2501 4541 2608 4596 nisi
2623 4539 2899 4611 iniquitas
2913 4535 3696 4610 propria.Namjustisquid-

2051 4634 2187 4708 quid
2214 4631 2501 4688 malorum
2526 4631 2596 4685 ab
2617 4629 2835 4700 iniquis
2858 4628 3112 4684 dominis
3140 4627 3454 4697 irrogatur,
3477 4642 3591 4680 non
3609 4627 3699 4680 est

2052 4742 2220 4799 pmna
2248 4722 2532 4788 criminis,
2557 4719 2660 4776 sed
2689 4717 2919 4774 virtutis
2949 4733 3210 4772 examen.
3235 4716 3484 4770 Proinde
3505 4715 3695 4770 bonus

2051 4813 2280 4873 etiamsi
2311 4812 2539 4877 serviat,
2568 4811 2712 4865 liber
2740 4814 2828 4864 est
2851 4825 2864 4862 :
2891 4808 3082 4862 malus
3113 4811 3308 4862 autem
3341 4803 3575 4859 etiamsi
3607 4818 3695 4856 re-

2054 4909 2212 4980 gnet,
2245 4919 2448 4959 servus
2477 4905 2606 4968 est;
2639 4914 2744 4954 nec
2773 4898 2944 4953 unius
2975 4895 3246 4964 hominis,
3275 4895 3370 4949 sed
3413 4891 3566 4964 quod
3611 4895 3701 4945 est

2057 4992 2312 5066 gravius,
2347 4993 2432 5045 tot
2462 4987 2860 5052 dominorum,
2883 4989 3022 5056 quot
3054 4984 3352 5041 vitiorum.
3376 4981 3455 5036 De
3486 4980 3701 5049 quibus

2057 5082 2210 5140 vitiis
2239 5097 2372 5136 cum
2407 5081 2602 5149 ageret
2631 5075 2927 5148 Scriptura
2957 5074 3175 5142 divina,
3195 5074 3234 5128 Α
3256 5086 3362 5142 quo
3381 5071 3531 5127 enim
3559 5067 3701 5138 quia,

2058 5171 2268 5245 inquit,
2291 5169 2529 5227 devictus
2549 5170 2648 5235 est,
2673 5165 2802 5222 huic
2821 5170 2870 5223 et
2889 5181 3078 5222 servus
3099 5161 3348 5220 addictus
3365 5167 3443 5216 est
3461 5158 3532 5231 (Il
3551 5158 3704 5214 Petr.

2062 5279 2125 5333 ιι,
2150 5263 2257 5334 19).

2129 5469 2147 5503 ί
2176 5469 2330 5523 Editi.
2363 5477 2424 5515 ut
2467 5467 2611 5515 vitro
2642 5466 2845 5514 lwlitia
2879 5477 3064 5512 eorum
3111 5466 3473 5523 comparetur.
3509 5457 3577 5506 At
3604 5471 3711 5509 me-

2067 5531 2216 5579 lioris
2241 5521 2384 5580 nota)
2417 5531 2537 5579 Mss.
2563 5530 2780 5586 omisso,
2812 5541 3025 5585 eorum,
3055 5525 3274 5582 habent,
3310 5529 3372 5570 ut
3408 5521 3586 5571 vitrea
3617 5523 3710 5572 lce-

2069 5594 2200 5642 titia
2227 5601 2598 5652 comparetur,
2627 5593 2682 5640 id
2712 5595 2789 5641 est
2817 5589 3138 5650 acquiratur.

2132 5657 2152 5690 9
2187 5647 2358 5715 Editi:
2393 5655 2786 5704 charissimam
2825 5647 2946 5699 suis
2995 5648 3285 5715 cognatis;
3315 5649 3513 5701 omissa
3550 5647 3712 5713 parti-

2069 5718 2205 5778 cula,
2241 5713 2380 5778 cuiu,
2411 5732 2574 5780 quam
2595 5717 2794 5767 habent
2826 5713 3193 5776 manuscripti.
