4128 6190
424 459 538 520 115

421 589 652 650 CAPUT
681 587 769 644 IV.
819 616 890 625 —
918 582 1091 650 Quam
1133 574 1345 632 similia
1386 574 1494 628 sint
1539 566 1850 626 latrociniis
1896 581 2067 636 regna

1009 668 1214 738 absque
1234 662 1478 734 justitia.

496 768 736 823 Remota
749 755 1207 832 itaquejustitia,
1223 751 1363 822 quid
1379 755 1513 806 sunt
1528 765 1721 819 regna,
1736 746 1848 802 nisi
1863 761 2070 816 magna

425 857 731 918 latrocinia
751 851 929 922 ?quia
959 851 1014 903 et
1057 846 1186 917 ipsa
1217 842 1235 876 ί
1266 840 1570 897 latrocinia
1598 839 1735 910 quid
1769 844 1924 906 sunt,
1956 833 2070 891 nisi

326 963 336 974 '
427 965 600 1023 parva
624 941 844 1014 regna?
865 938 1072 993 Manus
1095 938 1150 988 et
1170 932 1298 1003 ipsa
1322 929 1631 984 hominum
1662 935 1769 993 est,
1790 925 2030 996 imperio
2050 924 2072 957 ²

429 1013 706 1110 principis
736 1029 976 1100 regitur,
1012 1027 1176 1097 pacto
1210 1019 1503 1078 societatis
1547 1015 1910 1088 astringitur,
1943 1013 2076 1086 pla-

428 1105 527 1182 citi
555 1123 680 1194 lege
711 1119 904 1192 praeda
933 1113 1237 1172 dividitur.
1272 1112 1388 1165 Hoc
1431 1106 1648 1164 malum
1679 1105 1727 1160 si
1759 1105 1815 1160 in
1849 1108 2075 1194 tantum

429 1192 787 1288 perditorum
819 1205 1123 1262 hominum
1155 1198 1488 1257 accessibus
1516 1194 1749 1259 crescit,
1775 1201 1833 1248 ut
1864 1198 1922 1249 et
1954 1192 2080 1248 loca

427 1284 643 1371 teneat,
679 1301 849 1357 sedes
881 1295 1216 1360 constituat,
1246 1290 1507 1347 civitates
1538 1289 1798 1356 occupet,
1832 1284 2080 1371 populos

430 1370 727 1464 subjuget,
752 1386 1081 1444 evidentius
1113 1381 1274 1453 regni
1309 1392 1519 1435 nomen
1552 1373 1819 1441 assumit,
1845 1372 1997 1445 quod
2029 1370 2082 1426 ei

423 1461 958 1560 jam—irimanifesto
976 1474 1199 1531 confert
1221 1486 1338 1527 non
1361 1468 1628 1536 adempta
1649 1462 1961 1535 cupiditas,
1980 1461 2082 1516 sed

433 1552 630 1629 addita
644 1569 717 1624 im
730 1565 982 1638 punitas.
1001 1562 1306 1632 Eleganter
1322 1560 1475 1615 enim
1492 1561 1547 1615 et
1558 1555 1833 1614 veraciter
1845 1552 2084 1608 Alexan-

434 1662 536 1716 dro
561 1658 642 1713 illi
667 1657 874 1726 Magno
899 1652 1136 1724 quidam
1155 1648 1617 1720 comprehensus
1635 1646 1824 1718 pirata
1845 1657 2086 1712 respon-

436 1747 701 1804 dit.Nam
724 1741 1034 1800 cumidem
1060 1755 1157 1794 rex
1172 1737 1468 1793 hominem
1493 1735 1924 1806 interrogasset,
1945 1729 2085 1801 quid

437 1837 490 1894 ei
517 1837 822 1901 videretur,
856 1835 920 1887 ut
952 1845 1115 1885 mare
1156 1827 1397 1883 haberet
1424 1825 1703 1880 infestum
1730 1839 1744 1878 :
1777 1820 1873 1876 ille
1903 1818 2088 1874 libera

439 1923 828 1989 contumacia,
889 1920 1039 1990 Quod
1077 1919 1099 1954 ⁸
1142 1918 1263 1988 tibi,
1304 1916 1512 1987 inquit,
1553 1923 1614 1970 ut
1668 1912 1848 1969 orbem
1907 1917 2084 1965 terra-

440 2035 592 2076 rum:
615 2017 705 2072 sed
735 2015 862 2088 quia
887 2013 943 2069 id
965 2029 1061 2085 ego
1082 2013 1280 2081 exiguo
1300 2009 1522 2080 navigio
1541 2005 1704 2079 facio,
1734 2004 1875 2059 latro
1905 2017 2085 2069 vocor,

445 2110 577 2182 quia
610 2115 672 2162 tu
700 2122 903 2175 magna
932 2105 1121 2170 classe,
1154 2103 1459 2172 imperator
1487 2098 1582 2170 (a).

444 2241 677 2300 CAPUT
705 2241 772 2294 V.
804 2269 871 2280 —-
903 2240 976 2295 De
1002 2235 1254 2308 fugitivis
1279 2232 1707 2301 gladiatoribus,
1731 2243 1962 2300 quorum
1986 2240 2090 2298 po-

689 2331 866 2386 tentia
893 2326 1096 2383 similis
1122 2324 1294 2396 fuerit
1323 2324 1494 2393 regiae
1522 2317 1841 2392 dignitatis.

507 2447 760 2506 Proinde
790 2445 995 2501 omitto
1027 2455 1285 2514 quaerere
1312 2438 1514 2512 quales
1536 2433 1824 2492 Romulus
1847 2447 2090 2504 congre-

440 2538 678 2612 gaverit,
705 2534 985 2606 quoniam
1018 2530 1267 2586 multum
1299 2529 1384 2583 eis
1411 2525 1748 2583 consultum
1783 2527 1898 2589 est,
1932 2525 1998 2576 ut
2025 2536 2090 2576 ex

442 2609 544 2684 illa
568 2627 706 2691 vita,
731 2624 864 2680 dato
887 2621 1002 2678 sibi
1025 2617 1318 2676 consortio
1350 2614 1622 2682 civitatis,
1647 2628 1849 2686 pcenas
1872 2609 2094 2666 debitas

443 2718 698 2788 cogitare
727 2713 1098 2775 desisterent,
1131 2723 1382 2780 quorum
1433 2709 1624 2760 metus
1655 2719 1751 2760 eos
1781 2701 1838 2756 in
1872 2701 2096 2770 majora

445 2807 699 2862 facinora
729 2799 1124 2875 propellebat;
1157 2801 1224 2854 ut
1254 2796 1528 2867 deinceps
1559 2792 1881 2866 pacatiores
1907 2792 2097 2845 essent

446 2896 618 2953 rebus
640 2891 932 2950 humanis.
955 2891 1070 2946 Hoc
1092 2889 1242 2954 dico,
1263 2887 1414 2958 quod
1436 2884 1628 2957 ipsum
1647 2882 1966 2937 Romanum
1990 2878 2098 2932 im-

447 2982 827 3058 perium,jam
844 2993 1116 3050 magnum
1134 2975 1338 3032 multis
1351 2973 1623 3046 gentibus
1640 2969 1967 3058 subjugatis
1989 2983 2097 3022 ca:-

445 3057 701 3142 terisque
722 3067 1002 3136 terribile,
1025 3067 1226 3122 acerbe
1248 3062 1453 3128 sensit,
1474 3059 1723 3131 graviter
1742 3057 1959 3124 timuit,
1983 3071 2098 3110 non

446 3178 623 3236 parvo
646 3159 873 3230 negotio
899 3156 1216 3213 devitandas
1241 3151 1500 3224 ingentis
1523 3147 1706 3206 cladis
1727 3144 2019 3236 oppressis
2039 3143 2096 3236 ;

451 3233 686 3324 quando
717 3243 1056 3319 paucissimi
1083 3241 1435 3314 gladiatores
1458 3238 1518 3294 in
1541 3235 1852 3308 Campania
1874 3236 1943 3291 de
1964 3233 2102 3290 ludo

449 3334 1086 3411 fugientes,exercitum
1115 3345 1384 3402 magnum
1409 3329 1977 3399 compararunt,tres
1997 3325 2104 3379 du-

450 3444 545 3486 ces
568 3428 921 3494 habuerunt,
942 3421 1168 3478 Italiam
1192 3418 1478 3475 latissime
1498 3421 1554 3473 et
1574 3416 1979 3473 crudelissime
1999 3431 2104 3470 va-

455 3521 756 3576 staverunt
775 3515 874 3585 (l1).
904 3513 1108 3569 Dicant
1131 3510 1261 3581 quis
1281 3508 1426 3564 istos
1450 3507 1595 3562 deus
1626 3505 1930 3577 adiuverit,
1954 3509 2016 3560 ut
2035 3521 2105 3560 ex

455 3625 630 3683 parvo
653 3611 707 3662 et
729 3599 1160 3673 contemptibili
1194 3597 1500 3654 latrocinio
1532 3595 1901 3668 pervenirent
1921 3593 1995 3650 ad
2016 3609 2106 3649 re-

455 3695 969 3772 gnum,tantisjam
987 3692 1124 3747 Rom
1135 3689 1260 3745 anis
1273 3687 1492 3744 viribus
1505 3685 1852 3757 arcibusque
1864 3689 2109 3740 metuen-

457 3792 620 3847 dum.
647 3794 734 3844 An
758 3787 894 3856 quia
916 3799 1031 3838 non
1053 3781 1153 3836 diu
1179 3781 1408 3835 fuerunt
1437 3777 1531 3850 (c),
1559 3776 1686 3832 ideo
1709 3775 1987 3832 divinitus
2007 3790 2106 3829 ne-

459 3878 757 3950 gabuntur
777 3871 962 3943 adjuti
977 3870 1004 3925 ?
1025 3869 1202 3935 Quasi
1217 3882 1351 3922 vero
1373 3866 1503 3936 ipsa
1518 3863 1833 3935 cujuslibet
1854 3861 2106 3918 hominis

455 3949 580 4024 vita
602 3965 876 4020 diuturna
899 3964 1006 4016 est.
1031 3959 1146 4014 Isto
1168 3972 1302 4027 ergo
1327 3958 1492 4026 pacto
1515 3952 1808 4008 neminem
1841 3951 1922 4006 dii
1950 3949 2040 4020 adj
2052 3965 2110 4004 u-

457 4059 596 4112 vant
609 4054 680 4108 ad
698 4050 1086 4121 regnandum,
1103 4044 1378 4115 quoniam
1393 4041 1608 4112 singuli
1627 4040 1971 4112 quiquecito
1987 4054 2108 4094 mo-

458 4144 723 4205 riuntur;
752 4153 854 4192 nec
878 4133 1225 4191 beneﬁcium
1250 4129 1649 4199 deputandum
1682 4135 1786 4196 est,
1810 4128 1965 4198 quod
1989 4127 2107 4182 exi-

459 4245 574 4302 guo
600 4232 860 4293 tempore
885 4224 945 4278 in
980 4234 1331 4290 unoquoque
1363 4217 1618 4286 homine,
1637 4231 1702 4272 ao
1725 4231 1823 4286 per
1855 4215 1964 4271 hoc
1989 4216 2108 4270 sin-

457 4317 703 4390 gillatim
737 4315 936 4384 utique
963 4311 1020 4366 in
1052 4308 1330 4364 omnibus
1360 4307 1482 4361 vice
1512 4305 1742 4376 vaporis
1799 4305 2108 4362 evanescit.

460 4407 601 4474 Quid
636 4405 790 4461 enim
828 4404 1070 4458 interest
1101 4413 1301 4454 eorum
1327 4395 1424 4468 qui
1447 4395 1558 4451 sub
1580 4395 1824 4450 Romulo
1854 4395 1992 4451 deos
2013 4411 2109 4452 co-

457 4497 712 4560 luerunt,
736 4496 792 4548 et
814 4490 953 4548 olim
978 4493 1113 4545 sunt
1143 4487 1378 4556 mortui,
1402 4485 1559 4556 quod
1580 4492 1710 4557 post
1728 4501 1930 4540 eorum
1954 4500 2110 4541 mor-

458 4591 576 4641 tem
617 4584 941 4638 Romanum
985 4581 1210 4634 tantum
1253 4575 1433 4633 crevit
1474 4573 1990 4645 imperium?cum
2024 4573 2108 4629 illi

459 4674 612 4746 apud
632 4672 848 4729 inferos
867 4685 1072 4726 causas
1086 4683 1224 4724 suas
1243 4669 1450 4739 agant:
1469 4668 1663 4721 utrum
1681 4664 1882 4732 bonas,
1899 4681 1969 4719 an
1987 4680 2108 4720 ma-

458 4765 566 4834 las,
597 4765 668 4821 ad
701 4779 820 4819 rem
855 4764 1194 4835 prmsentem
1227 4774 1341 4813 non
1373 4755 1644 4828 pertinet.
1683 4756 1798 4811 lloo
1829 4764 2017 4812 autem
2041 4758 2110 4812 de

455 4854 732 4912 omnibus
763 4850 1207 4924 intelligendum
1226 4845 1446 4916 est,qui
1466 4861 1562 4916 per
1584 4845 1778 4917 ipsum
1803 4845 2110 4916 imperium

454 4929 744 5017 (quamvis
760 4940 1176 5000 decedentibus
1191 4933 2112 5005 succedentibusquemortalibus

457 5036 519 5092 in
545 5035 720 5105 longa
741 5032 924 5102 spatia
957 5028 1364 5103 protendatur)
1393 5024 1590 5096 paucis
1615 5023 1822 5080 diebus
1843 5023 1974 5079 vitae
1996 5040 2112 5081 sua:

458 5124 679 5183 cursim
711 5121 1042 5193 raptimque
1072 5115 1451 5182 transierunt,
1485 5117 1680 5169 actum
1704 5128 1946 5169 suorum
1977 5130 2110 5170 sar-

519 5293 537 5326 1
568 5287 700 5342 Vox,
733 5285 872 5348 ipsa.
904 5282 1055 5348 abest
1082 5280 1164 5348 a_b_
1183 5278 1430 5327 omnibus
1458 5276 1656 5348 nostris
1685 5274 1848 5348 Codd,
1873 5275 1940 5324 Μ.

518 5351 540 5386 ²
571 5351 656 5400 Sic
683 5338 805 5398 Mss.
836 5347 904 5395 At
928 5346 1074 5398 Lov.,
1097 5343 1306 5391 Manus
1326 5340 1531 5389 etenim
1554 5339 1676 5399 ipsa
1698 5338 1987 5388 hominum
2011 5346 2108 5403 est,

461 5428 587 5462 cum
618 5410 873 5472 imperio,
905 5417 1002 5457 etc.

523 5477 543 5508 ³
573 5465 729 5533 Editi,
759 5465 910 5536 quid.
945 5472 1013 5519 At
1040 5468 1181 5536 Mss_._,
1213 5465 1376 5536 quod.

523 5539 544 5571 ⁴
571 5527 727 5589 Εᾱὶιὶξ
752 5527 1091 5596 oppressum.
1119 5529 1354 5596 AtMss”
1374 5527 1674 5596 oppressit:
1716 5529 1778 5576 ut
1807 5539 1993 5596 sensus
2023 5527 2106 5596 sit,

460 5599 600 5646 istud
632 5600 755 5647 belli
777 5590 995 5646 servilis
1028 5595 1325 5641 monstrum
1370 5591 1533 5638 fuisse
1562 5603 1594 5637 a
1623 5591 1858 5638 Romano
1889 5590 2109 5649 imperio

461 5673 790 5724 oppressum,
823 5654 1353 5724 non‘taeilimegotio.

523 5713 601 5782 (α)
624 5713 798 5769 Refert
826 5721 1021 5769 Nonius
1051 5713 1318 5782 iMaréell.‘
1341 5714 1602 5782 exACiccr.
1637 5714 1666 5762 3
1685 5715 1775 5782 Ade
1805 5713 2107 5782 Republica.

526 5775 847 5854 (ὁ)
877 5781 938 5829 95
961 5781 1274 5854 ᾓΡΙιιιωεοιι.
1301 5779 1364 5854 in
1407 5779 1593 5854 Crasso
1617 5791 1630 5836 ;
1654 5775 1890 5854 agrosius
1937 5776 2029 5822 lib.
2059 5776 2105 5831 5,

464 5838 588 5908 ωλρξ
613 5845 674 5892 24
704 5846 755 5892 et
783 5843 1062 5951 Augustin.
1090 5856 1267 5902 supra,
1301 5842 1393 5889 lib.
1425 5840 1472 5895 3,
1505 5853 1615 5902 cap.
1654 5838 1732 5886 26.

466 5907 776 6018 orlfgsénno
809 5906 873 5952 be
898 5905 935 5951 li
967 5903 1176 5951 servilis
1202 5904 1358 5952 tertio
1391 5903 1548 5951 deleti
1595 5903 1723 5951 sunt
1764 5900 1880 5948 aM.
1912 5898 2108 5949 Licinio

489 5981 669 6019 )l‘dSSO.

1477 436 1579 495 DE
1620 430 1984 493 CIVITATE
2027 428 2178 500 DEI,
2222 427 2288 487 S.
2335 421 2763 484 AUGUSTINI

3709 415 3823 475 116

2175 563 2336 620 cinae
2355 558 2704 628 bajulantes.
2720 555 2822 612 Sin
2839 572 2972 613 vero
2990 556 3162 612 etiam
3182 555 3306 626 ipsa
3327 554 3660 612 brevissimi
3677 557 3828 610 tem-

2175 652 2332 724 poris
2354 647 2886 705 beneﬁciadeorum
2911 646 3199 716 adjutorio
3215 645 3521 701 tribuenda
3538 649 3698 711 sunt,
3713 660 3828 699 non

2175 755 2379 813 parum
2405 737 2592 808 adjuti
2611 744 2747 792 sunt
2767 735 2852 790 illi
2873 735 3245 807 gladiatores,
3261 735 3358 806 qui
3379 733 3604 790 servilis
3628 732 3828 790 condi-

2177 826 2353 884 tionis
2374 824 2605 880 vincula
2628 826 2926 893 ruperunt,
2956 823 3591 894 fugerunt,evaserunt,
3612 820 3826 876 exerci-

2178 921 2304 972 tum
2329 929 2604 984 magnum
2619 911 3066 968 etforlissimum
3090 909 3822 983 oollegerunt,obedientes

2181 1021 2426 1077 regnum
2451 1017 2684 1059 suorum
2709 1000 2971 1057 consiliis
2992 999 3263 1071 etjussis,
3286 999 3535 1055 multum
3558 999 3829 1055 Romana:

2181 1090 2511 1150 celsitudini
2545 1089 2862 1157 metuendi,
2887 1093 2945 1143 et
2965 1088 3186 1159 aliquot
3218 1087 3497 1144 Romanis
3525 1087 3834 1158 imperato-

2185 1180 2348 1236 ribus
2378 1177 2802 1252 insuperabiles
2836 1177 3021 1234 multa
3050 1181 3358 1248 ceperunt:
3394 1176 3561 1249 potiti
3587 1179 3728 1232 sunt
3757 1175 3837 1231 vi-

2185 1269 2384 1326 ctoriis
2403 1267 2696 1341 plurimis,
2719 1267 2810 1322 usi
2833 1265 3233 1337 voluptatibus
3251 1265 3468 1338 quibus
3489 1266 3837 1332 voluerunt;

2186 1359 2341 1433 quod
2365 1356 2658 1429 suggessit
2676 1356 2878 1424 libido,
2905 1357 3197 1412 fecerunt:
3218 1359 3506 1426 postremo
3525 1355 3708 1410 donec
3725 1354 3843 1409 vin-

2187 1456 2474 1514 cerentur,
2500 1447 2654 1519 quod
2685 1445 3029 1501 difﬁcillime
3061 1449 3151 1502 est
3180 1445 3420 1513 factum,
3445 1445 3732 1501 sublimes
3763 1459 3845 1500 re-

2188 1543 2546 1611 gnantesque
2575 1535 2859 1592 vixerunt.
2892 1535 3000 1591 Sed
3027 1535 3100 1590 ad
3132 1536 3357 1607 majora
3387 1534 3719 1590 veniamus.

2189 1635 2423 1693 CAPUT
2455 1635 2546 1692 VI.
2578 1665 2647 1678 —
2679 1635 2751 1691 De
2778 1633 3085 1706 cupiditate
3105 1633 3242 1690 Nini
3265 1633 3429 1705 regis,
3453 1633 3572 1704 qui,
3593 1641 3650 1688 ut
3682 1633 3844 1687 latius

2332 1727 2737 1790 dominaretur,
2768 1725 2986 1795 primus
3015 1722 3207 1778 intulit
3238 1722 3378 1778 bella
3409 1722 3694 1792 ﬁnitimis.

2262 1815 2531 1872 Justinus
2553 1815 2650 1886 qui
2675 1829 2943 1886 graecam,
2967 1812 3056 1868 vel
3081 1812 3275 1884 potius
3299 1811 3688 1884 peregrinam,
3705 1811 3847 1866 Tro-

2193 1922 2333 1980 gum
2352 1904 2682 1976 l’ompeium
2701 1907 2960 1973 secutus,
2977 1919 3092 1958 non
3111 1901 3287 1957 latine
3302 1905 3551 1970 tantum,
3567 1898 3845 1970 sicutille,

2196 2011 2393 2052 verum
2427 1993 2603 2050 etiam
2627 1993 2874 2048 breviter
2897 1991 3136 2064 scripsit
3156 1990 3482 2056 historiam,
3509 2006 3656 2062 opus
3677 1988 3846 2044 libro-

2196 2101 2328 2141 rum
2360 2098 2602 2139 suorum
2627 2082 2710 2138 sic
2731 2081 2970 2153 incipit:
2997 2104 3024 2131 «
3049 2081 3340 2152 Principio
3363 2095 3557 2136 rerum
3588 2078 3848 2151 gentium

2197 2174 2620 2244 nationumque
2668 2171 2980 2243 imperium
3015 2186 3190 2242 penes
3231 2185 3393 2241 reges
3424 2173 3567 2236 erat,
3602 2184 3746 2239 quos
3777 2167 3848 2223 ad

2197 2264 2502 2336 fastigium
2534 2263 2714 2334 hujus
2746 2261 3073 2333 majestatis
3111 2277 3224 2317 non
3259 2259 3497 2316 ambitio
3529 2258 3850 2331 pOpularis,

2199 2354 2300 2410 sed
2361 2355 2621 2424 spectata
2676 2351 2826 2406 inter
2874 2350 3057 2406 bonos
3106 2350 3423 2405 moderatio
3481 2347 3846 2420 provehebat.

2199 2442 2402 2514 Populi
2435 2441 2615 2498 nullis
2640 2440 2868 2513 legibus
2918 2439 3302 2496 tenebantur:
3336 2437 3581 2494 arbitria
3627 2437 3850 2509 princi-

2199 2549 2341 2605 pum
2375 2548 2474 2604 pro
2503 2531 2735 2602 legibus
2767 2536 2929 2585 erant
2955 2532 2994 2583 ί.
3021 2528 3188 2584 Fines
3221 2527 3451 2600 imperii
3482 2529 3632 2583 tueri
3663 2526 3844 2596 magis

2201 2639 2374 2694 quam
2410 2620 2666 2693 proferre
2717 2635 2843 2676 mos
2892 2621 3052 2674 crat:
3093 2619 3246 2673 intra
3287 2633 3453 2672 suam
3502 2616 3710 2688 cuique
3743 2615 3849 2670 Pa-

2200 2711 2375 2766 triam
2423 2726 2598 2780 regna
2648 2708 3023 2764 ﬁniebantur.
3057 2707 3288 2762 Primus
3320 2703 3584 2762 omnium
3637 2703 3842 2772 Ninus,

2202 2816 2301 2855 rex
2331 2798 2720 2871 Assyriorum,
2752 2803 3003 2853 veterem
3035 2802 3091 2852 et
3121 2794 3283 2867 quasi
3314 2795 3530 2849 avitum
3574 2793 3854 2864 gentibus

2204 2905 2425 2944 morem
2460 2904 2607 2943 nova
2631 2886 2855 2958 imperii
2879 2885 3196 2958 cupiditate
3217 2884 3476 2938 mutavit.
3500 2881 3603 2936 Hic
3626 2881 3859 2952 primus

2203 2977 2404 3034 intulit
2444 2975 2591 3032 bella
2640 2975 2929 3041 ﬁnitimis,
2963 2978 3020 3031 et
3051 2974 3223 3029 rudes
3255 2972 3446 3028 adhuc
3477 2970 3551 3026 ad
3581 2970 3858 3026 resisten-

2206 3067 2344 3122 dum
2373 3065 2618 3138 populos
2640 3065 2710 3120 ad
2739 3064 3019 3120 terminos
3043 3079 3226 3134 usque
3246 3061 3434 3130 Libya:
3457 3059 3808 3131 perdomuit.
3830 3080 3859 3109 »ι

2203 3159 2268 3212 Et
2300 3157 2468 3228 paulo
2500 3159 2658 3226 post:
2688 3175 2711 3206 α
2739 3153 2946 3219 Ninus,
2978 3152 3196 3225 inquit,
3221 3149 3684 3222 magnitudinem
3707 3166 3862 3221 quaa-

2205 3248 2334 3302 sitee
2381 3244 2800 3300 dominationis
2844 3243 3118 3299 continua
3169 3239 3537 3312 possessione
3584 3239 3860 3296 ﬁrmavit.

2207 3337 2452 3392 Domitis
2502 3335 2684 3407 igitur
2734 3334 3032 3406 proximis,
3076 3348 3208 3388 cum
3261 3330 3598 3386 accessione
3644 3329 3862 3385 virium

2206 3426 2409 3482 fortior
2439 3425 2509 3479 ad
2543 3423 2688 3478 alios
2718 3423 3013 3490 transiret,
3041 3426 3095 3477 et
3120 3420 3381 3493 proxima
3411 3433 3653 3491 qumque
3679 3418 3859 3474 victo-

2206 3515 2291 3571 ria
2312 3514 2770 3568 instrumentum
2792 3511 3092 3583 sequentis
3110 3517 3283 3577 esset,
3299 3509 3481 3565 totius
3494 3507 3747 3564 Orientis
3763 3524 3859 3578 po-

2208 3605 2373 3675 pulos
2387 3602 2636 3674 subegit.
2655 3623 2683 3650 »
2701 3601 3174 3665 Qualibetautem
3193 3599 3303 3654 ﬁde
3317 3614 3530 3663 rerum,
3547 3597 3638 3653 vel
3652 3597 3758 3653 iste
3770 3597 3856 3653 vel

2207 3695 2436 3764 Trogus
2453 3691 2749 3762 scripserit
2763 3691 2917 3761 (nam
2933 3679 3198 3760 quaedam
3214 3687 3345 3743 illos
3360 3686 3534 3742 fuisse
3559 3686 3858 3754 mentitos,

2208 3784 2330 3838 alia:
2359 3782 2647 3838 ﬁdeliores
2681 3779 2883 3834 litterae
2914 3777 3278 3848 ostendunt),
3308 3780 3537 3832 constat
3574 3781 3767 3832 tamen
3809 3784 3867 3832 et

2208 3872 2360 3928 inter
2406 3869 2546 3926 alios
2595 3868 2925 3938 scriptores,
2955 3882 3198 3938 regnum
3248 3865 3607 3937 Assyriorum
3640 3883 3671 3920 a
3701 3865 3852 3921 Nino

2209 3980 2338 4035 rege
2360 3963 2540 4018 fuisse
2563 3962 2733 4034 longe
2755 3960 2984 4031 lateque
3007 3958 3517 4031 porrectum.Tam
3539 3956 3635 4012 diu
3663 3965 3863 4012 autem

2207 4052 2610 4126 perseveravit,
2637 4057 2696 4106 ut
2727 4051 3056 4106 Romanum
3089 4049 3349 4104 nondum
3383 4047 3460 4103 sit
3489 4049 3617 4117 ejus
3649 4047 3859 4103 astatis.

2206 4143 2352 4198 Nam
2367 4141 2787 4198 sicutscribunt
2802 4139 2895 4210 qui
2913 4138 3249 4194 cbronicam
3261 4137 3559 4193 historiam
3575 4137 3863 4208 persecuti

2208 4239 2344 4291 sunt
2389 4234 2484 4306 (a),
2521 4232 2677 4288 mille
2725 4232 3005 4286 ducentos
3036 4235 3091 4284 et
3123 4228 3508 4301 quadraginta
3553 4243 3738 4283 annos
3787 4227 3862 4283 ab

2209 4341 2360 4380 anno
2384 4323 2570 4395 primo
2592 4337 2704 4393 quo
2728 4320 2913 4376 Ninus
2935 4334 3177 4390 regnare
3199 4317 3392 4388 cmpit,
3419 4317 3728 4387 permansit
3749 4316 3865 4371 hoc

2209 4428 2474 4485 regnum,
2507 4413 2688 4467 donec
2744 4408 3152 4464 transferretur
3180 4407 3252 4461 ad
3284 4405 3481 4461 Medos
3512 4405 3608 4477 (b).
3642 4405 3864 4460 Inlerre

2275 4523 2290 4554 ¹
2341 4521 2462 4570 Mss.
2511 4520 2786 4575 omittunt,
2833 4515 3078 4565 arbitria
3121 4512 3450 4575 principum
3493 4527 3599 4573 pro
3647 4511 3866 4574 legibus

2211 4593 2393 4634 erant.

2275 4650 2348 4702 (α)
2377 4645 2650 4694 Eusebius.

2277 4701 2351 4770 (ὁ)
2383 4711 2453 4757 De
2488 4707 2707 4770 imperio
2748 4706 2814 4754 ab
2852 4702 3086 4770 Assyriis
3131 4702 3197 4751 ad
3243 4701 3421 4770 Medos
3467 4701 3728 4770 translato
3755 4715 3872 4770 _p_e_r

2215 4763 2470 4821 Arbacem
2497 4763 2805 4832 praefectum
2836 4763 3258 4832 ltiedorumL_qui
3276 4763 3700 4832 sardanapalum
3715 4765 3868 4832 vicit,

2217 4837 2470 4897 scripsere
2498 4827 2767 4886 'Justinus,
2805 4832 3080 4897 Diodorus,
3097 4827 3866 4897 Plutarchus,_l£u_sehius_,_etc.

2216 4899 2273 4945 Id
2295 4890 2409 4958 ipso
2431 4909 2570 4944 anno
2589 4909 2696 4956 quo
2718 4895 2858 4958 apud
2878 4893 3074 4958 latinos
3090 4890 3260 4958 Proca
3283 4890 3485 4958 Amu_lii
3505 4892 3556 4937 et
3577 4891 3870 4958 ljumitoris

2217 4952 2382 5022 pater,
2405 4972 2537 5007 avus
2557 4952 2733 5022 autem
2755 4952 3171 5022 Rheaeﬁylviae
3191 4952 3376 5022 matris
3394 4952 3621 5022 _Romuli
3643 4965 3871 5013 regnare

2217 5015 2394 5084 Ixnpit.
2434 5021 2729 5084 contigisse
2753 5019 2880 5068 dicit
2904 5015 3148 5084 Cresius.
3195 5015 3354 5084 Porro
3391 5015 3674 5084 imperium
3706 5028 3871 5076 penes

2218 5078 2393 5134 Medos
2423 5084 2522 5132 fuit
2541 5078 2695 5130 annis
2720 5080 2966 5129 trecentis
2985 5078 3574 5140 quinquaginta,usque
3603 5078 3668 5126 ad
3689 5091 3871 5138 regem

2216 5149 2515 5209 Astyagem.
2531 5145 2660 5191 Tum
2679 5157 2803 5209 vero
2833 5139 3142 5209 penCvrum
3163 5139 3440 5209 Campysis
3457 5139 3630 5209 filium
3660 5141 3726 5209 ad
3749 5141 3877 5189 Per-

2217 5203 2655 5258 sas'translatum
2689 5208 2787 5260 est,
2819 5204 3069 5264 stetitque
3097 5217 3258 5264 penes
3276 5203 3461 5252 Persas
3488 5204 3646 5251 annis
3664 5203 3872 5252 ducen-

2216 5273 2285 5320 tis
2314 5273 2551 5331 triginta,
2571 5281 2736 5330 usque
2753 5267 2819 5315 ad
2846 5267 3204 5331 Alexandrum
3222 5265 3464 5331 Philippi
3481 5266 3673 5331 tilium.
3697 5267 3874 5331 Hujus

2214 5327 2439 5396 regnum
2467 5327 2857 5380 brevissimum
2881 5339 2981 5396 te_m
2986 5343 3121 5388 pore
3135 5329 3262 5377 dicit
3273 5327 3616 5388 Augustinus,
3638 5328 3725 5396 vel
3739 5330 3874 5390 quia

2213 5391 2305 5446 me
2333 5410 2501 5446 annos
2529 5397 2648 5457 post
2667 5406 2907 5457 eversum
2924 5393 3452 5457 Persarum_regnum
3481 5404 3676 5457 paucos
3704 5391 3875 5457 impe-

2213 5460 2374 5518 ravit,
2404 5459 2486 5507 vc]
2518 5453 2647 5520 quia
2667 5455 3061 5504 Macedonicum
3078 5467 3169 5520 seu
3200 5453 3457 5520 Graecum
3485 5453 3768 5520 imperium
3799 5454 3873 5520 ah

2214 5515 2512 5571 Alexandro
2524 5515 2793 5570 conditum
2811 5533 2951 5566 anno
2963 5519 3086 5565 ante
3096 5516 3361 5564 Christum
3374 5515 3461 5563 331
3478 5517 3572 5563 vix
3584 5519 3876 5564 servarunt

2215 5598 2541 5633 successores
2561 5584 2602 5643 ej
2612 5597 2673 5631 us
2689 5596 2858 5642 usque
2878 5582 2944 5628 ad
2961 5581 3234 5643 Seleucum
3247 5579 3299 5643 et
3313 5579 3638 5626 Antiochum
3655 5579 3872 5631 fratres.

2213 5648 2266 5694 id
2289 5650 2384 5701 est,
2409 5648 2472 5695 ad
2491 5639 2692 5694 annum
2713 5639 2837 5693 ante
2854 5644 3065 5690 Cliristu
3080 5643 3186 5689 fere
3200 5639 3310 5696 246,
3328 5654 3434 5701 quo
3449 5643 3698 5702 tempore.
3719 5655 3878 5689 usur~

2214 5713 2338 5771 pato
2356 5724 2445 5771 per
2459 5711 2703 5757 Arsacem
2717 5707 3033 5771 principatu,
3050 5716 3271 5771 regnum
3290 5703 3876 5771 Parthorumgxortum

2215 5766 2311 5822 cst.
2336 5766 2442 5820 Hoc
2475 5774 2652 5819 autem
2691 5766 2887 5817 mansit
2916 5779 3085 5828 usque
3120 5767 3188 5814 ad
3214 5777 3416 5828 annum
3458 5767 3576 5826 post
3596 5766 3874 5816 Christum

2214 5835 2421 5884 circiter
2469 5832 2579 5891 226,
2628 5830 2915 5881 Alexandri
2963 5827 3159 5891 severi,
3193 5827 3416 5891 Caesaris
3458 5828 3729 5891 quintum,
3759 5843 3876 5889 quo

2211 5899 2534 5945 Artaxerxes
2548 5889 2957 5952 Persa,devietis
2985 5889 3210 5944 Parthis,
3240 5889 3516 5952 Persarum
3536 5890 3875 5942 instauravit

2213 5960 2513 6022 imperium,
2548 5950 2879 6020 quodetiam
2911 5954 3069 6004 aetate
3098 5950 3382 6014 Augustini
3409 5952 3654 6003 durabat.
