4128 6190
298 348 404 413 117

293 754 509 812 cinium
540 751 968 810 nominandum
999 747 1133 804 est?

1659 330 1884 391 LIBER
1929 326 2320 400 QUARTUS.

293 490 477 544 autem
512 485 664 542 bella
696 481 983 548 ﬁnitimis,
1016 480 1071 536 et
1107 477 1244 532 inde
1273 475 1334 530 in
1365 475 1574 528 cetera
1605 464 1933 540 procedere,

294 593 354 632 ac
383 575 629 648 populos
661 573 773 630 sibi
804 587 920 627 non
953 567 1229 624 molestos
1263 563 1389 620 sola
1419 557 1584 632 regni
1617 555 1937 648 cupiditate

293 641 584 722 con-terere
613 665 670 718 et
686 661 958 727 subdere,
983 655 1118 727 quid
1141 653 1299 712 aliud
1325 665 1499 723 quam
1524 645 1745 721 grande
1766 641 1937 699 latro-

3577 344 3698 403 118

2045 488 2278 546 CAPUT
2307 489 2452 548 VIII.
2486 523 2554 534 —
2586 494 2826 562 Quorum
2855 495 3078 552 deorum
3107 496 3365 565 praesidio
3383 503 3577 572 putent
3600 503 3697 558 Ro-

2116 586 2272 639 mani
2302 586 2601 657 imperium
2621 606 2781 643 suum
2811 597 3030 644 auctum
3061 593 3221 662 atque
3241 603 3545 664 servatum,
3572 611 3694 652 cum

2115 675 2355 745 singulis
2383 677 2478 730 vix
2507 677 2860 746 singularum
2902 696 3089 736 rerum
3118 681 3412 739 tuitionem
3441 688 3692 744 commit-

2112 763 2328 818 tendam
2358 779 2470 821 esse
2499 766 2850 824 crediderint.

2108 902 2325 960 Deinde
2357 921 2704 976 quaeramus,
2727 909 2775 963 si
2796 909 3006 980 placet,
3027 927 3094 967 ex
3115 914 3277 968 tanta
3301 914 3543 972 deorum
3570 920 3693 974 tur-

293 1024 518 1082 CAPUT
549 1021 674 1079 VII.
695 1051 767 1062 —
787 1019 869 1075 Αη
900 1032 1082 1092 regna
1101 1019 1324 1072 terrena
1344 1012 1495 1067 inter
1508 1009 1790 1080 profectus
1809 1019 1898 1060 sua

2036 989 2130 1058 ba,
2152 1008 2328 1092 quam
2366 993 2614 1051 Romani
2649 995 2938 1066 colebant,
2973 1014 3144 1070 quem
3178 1002 3569 1073 potissimum,
3600 1004 3690 1062 vel

361 1124 518 1187 atque
544 1113 784 1184 defectu,
820 1082 1044 1167 d,,,,',,,,
1071 1105 1160 1163 νει
1188 1104 1460 1175 juventa,-
1486 1099 1572 1155 υει
1607 1096 1931 1153 deserantur
2036 1082 2334 1187 quosdeos
2349 1084 2751 1187 credantilolud
2773 1085 3080 1187 imperium
3096 1090 3557 1187 dilatasseatque
3577 1111 3691 1152 ser-

355 1203 586 1261 auxilio.
592 1206 613 1276 ξ

345 1430 399 1486 Si
432 1429 596 1486 nullo
625 1429 864 1484 deorum
897 1422 1182 1498 adjutorio
1230 1424 1352 1477 tam
1385 1430 1663 1490 magnum
1697 1413 1806 1469 hoc
1837 1427 1924 1468 re-

277 1537 451 1594 gnum
471 1525 528 1577 et
549 1519 840 1592 prolixum
868 1517 995 1582 fuit,
1019 1528 1200 1587 quare
1218 1511 1326 1567 diis
1351 1505 1627 1564 Romanis
1646 1501 1926 1594 tribuitur

283 1592 607 1667 Ilomanum
623 1623 867 1680 regnum
882 1605 1024 1662 locis
1037 1619 1128 1660 am
1139 1592 1926 1674 plumtemporibusquediu-

276 1703 512 1755 turnum
531 1697 560 1752 ?
576 1699 968 1768 Quaecumque
984 1692 1138 1750 enim
1159 1704 1340 1747 causa
1359 1691 1446 1744 est
1466 1685 1588 1752 illa,
1607 1684 1810 1739 eadem
1834 1683 1924 1737 est

272 1789 445 1845 etiam
477 1787 610 1844 ista.
639 1785 698 1842 Si
729 1789 922 1841 autem
954 1787 1011 1840 et
1039 1781 1186 1838 illud
1213 1780 1453 1835 deorum
1485 1772 1777 1846 adjutorio
1807 1771 1922 1826 tri-

271 1878 567 1934 buendum
583 1893 712 1934 esse
724 1875 1106 1941 contendunt,
1123 1886 1316 1944 quaero
1334 1883 1579 1939 quorum
1591 1908 1603 1921 .
1618 1865 1744 1921 Non
1759 1861 1916 1918 enim

267 1965 388 2022 alia;
412 1970 640 2039 gentes,
655 1981 804 2036 quas
820 1963 1008 2019 Ninus
1025 1960 1253 2017 domuit
1273 1955 1593 2027 etsubegit,
1611 1954 1755 2009 alios
1771 1953 1916 2007 tunc

267 2055 532 2112 colebant
563 2055 717 2110 deos.
748 2055 866 2108 Aut
914 2053 960 2107 si
1011 2048 1278 2122 proprios
1309 2045 1644 2101 habuerunt
1670 2039 1912 2113 Assyrii,

261 2145 426 2217 quasi
448 2145 751 2218 peritiores
764 2143 958 2198 fabros
973 2139 1205 2211 imperii
1219 2133 1596 2193 construendi
1609 2136 1778 2204 atque
1801 2145 1911 2186 sero

256 2234 455 2297 vandi.
473 2232 903 2304 numquidnam
927 2229 1144 2285 mortui
1169 2233 1329 2294 sunt,
1353 2224 1588 2296 quando
1611 2219 1910 2291 etipsiim-

257 2325 487 2396 perium
512 2321 1022 2395 perdiderunt,aut
1035 2315 1301 2373 mercede
1317 2330 1434 2369 non
1448 2311 1561 2368 sibi
1575 2306 1912 2376 reddita,vel

255 2414 372 2471 alia
406 2413 699 2485 promissa
720 2412 961 2482 majore,
981 2411 1050 2464 ad
1074 2409 1276 2464 Medos
1297 2405 1546 2462 transire
1559 2400 1909 2466 maluerunt,

251 2510 445 2574 atque
460 2502 599 2557 inde
612 2517 819 2557 rursus
832 2499 907 2555 ad
921 2496 1316 2570 Persas,Cyrio
1330 2493 1613 2550 invitante
1625 2495 1678 2546 et
1691 2488 1909 2560 aliquid

253 2591 640 2648 commodius
653 2587 1122 2661 pollicente?Quae
1137 2601 1279 2658 gens
1293 2600 1407 2639 non
1433 2581 1691 2652 angustis
1716 2577 1910 2634 Orien-

253 2681 330 2738 tis
368 2680 758 2751 ﬁnibus,post
787 2677 1096 2734 Alexandri
1139 2674 1465 2731 Macedonis
1497 2685 1739 2742 regnum
1781 2683 1902 2725 ma-

249 2786 434 2842 gnum
457 2768 624 2838 locis,
657 2769 751 2825 sed
773 2767 1181 2824 brevissimum
1206 2769 1483 2834 tempore,
1506 2762 1562 2817 in
1587 2775 1693 2816 suo
1727 2774 1900 2830 regno

254 2859 448 2915 adhuc
466 2874 648 2930 usque
661 2859 958 2930 perdurat.
975 2855 1095 2912 Hoc
1116 2853 1166 2910 si
1189 2854 1267 2909 ita
1289 2857 1398 2919 est,
1412 2853 1514 2907 aut
1534 2848 1802 2905 inﬁdeles
1818 2847 1900 2903 dii

246 2952 398 3016 sunt,
424 2947 524 3019 qui
543 2963 680 3003 suos
699 2947 992 3012 deserunt,
1009 2951 1061 3000 et
1075 2944 1146 2999 ad
1161 2942 1360 2998 hostes
1377 2942 1716 3005 transeunt;
1741 2937 1897 3008 quod

251 3053 350 3094 nec
361 3037 544 3094 homo
562 3037 694 3094 fecit
706 3035 1010 3100 Camillus,
1025 3034 1258 3107 quando
1274 3032 1521 3087 victoret
1536 3033 1900 3101 expugnator

243 3127 670 3185 adversissimas
692 3125 960 3193 civitatis,
980 3129 1245 3192 Romam,
1261 3122 1354 3179 cui
1367 3123 1599 3187 vicerat,
1614 3119 1898 3175 sensitin-

239 3221 486 3289 gratam,
509 3231 690 3288 quam
729 3217 922 3271 tamen
948 3217 1152 3286 postea
1181 3209 1654 3281 oblitusinjuriaa,
1674 3223 1900 3264 memor

243 3306 454 3378 patria,
492 3323 526 3360 a
557 3303 738 3362 Gallis
767 3302 985 3358 iterum
1016 3301 1315 3358 liberavit:
1338 3306 1435 3356 aut
1465 3315 1581 3355 non
1613 3298 1694 3353 ita
1717 3298 1896 3352 fortes

241 3398 389 3465 sunt,
411 3393 636 3450 ntdeos
668 3407 798 3448 esse
831 3392 1008 3447 fortes
1029 3389 1213 3456 decet,
1231 3388 1331 3460 qui
1351 3391 1596 3460 possunt
1619 3383 1895 3441 humanis

240 3482 319 3538 vel
350 3480 620 3538 consiliis
647 3481 734 3536 vel
765 3479 990 3535 viribus
1031 3478 1204 3534 vinci.
1230 3478 1337 3532 Aut
1367 3477 1440 3546 si,
1475 3491 1607 3531 cum
1651 3474 1803 3529 inter
1833 3487 1894 3527 se

253 3571 618 3644 belligerant,
635 3568 848 3641 nondii
869 3568 941 3624 ab
963 3567 1324 3633 hominibus,
1342 3566 1438 3621 sed
1458 3563 1619 3619 diiab
1637 3562 1766 3617 allis
1779 3561 1892 3617 diis

249 3659 386 3717 forte
401 3661 746 3728 vincuntur,
765 3657 862 3730 qui
883 3661 1021 3714 sunt
1053 3669 1423 3728 quarumque
1446 3651 1662 3723 preprii
1685 3651 1890 3707 civita-

241 3753 392 3813 tum;
426 3748 653 3804 habent
691 3762 827 3819 ergo
861 3753 915 3802 et
946 3745 1059 3820 ipsi
1092 3745 1246 3800 inter
1274 3759 1337 3799 se
1367 3740 1728 3808 inimicitias,
1748 3757 1892 3811 quas

243 3852 338 3907 pro
365 3854 474 3894 sua
509 3836 764 3908 quisque
796 3839 959 3908 parte
989 3834 1343 3905 suscipiunt.
1365 3831 1492 3888 Non
1524 3831 1720 3904 itaque
1750 3831 1890 3887 deos

241 3940 367 3982 suos
389 3925 602 3982 debuit
622 3925 808 3981 colere
825 3925 1025 3981 civitas
1039 3923 1429 3995 magis,quam
1448 3919 1612 3987 alios,
1629 3920 1890 3989 aquibus

245 4014 662 4085 adjuvarentur
677 4014 790 4070 sui.
812 4015 1127 4080 Postremo,
1148 4027 1378 4083 quoquo
1399 4010 1567 4066 modo
1599 4025 1659 4065 se
1676 4008 1891 4064 habeat

241 4103 470 4160 deorum
508 4103 623 4158 iste
640 4101 726 4158 vel
756 4102 1064 4167 transitus,
1083 4100 1173 4156 vel
1203 4100 1362 4174 fuga,
1385 4097 1468 4155 vel
1489 4098 1778 4170 migratio,
1802 4097 1887 4154 vel

238 4190 289 4247 in
319 4209 520 4266 pugna
554 4191 825 4260 defectio,
865 4190 1126 4247 nondum
1167 4189 1282 4246 illis
1313 4189 1590 4261 temporis
1620 4192 1795 4259 atque
1826 4187 1887 4242 in

245 4279 349 4338 illis
380 4287 674 4338 terrarum
702 4281 968 4354 partibus
1001 4279 1212 4336 Christi
1237 4295 1448 4336 nomen
1471 4278 1656 4334 fuerat
1677 4276 1887 4350 praedi-

241 4373 444 4442 catum,
466 4371 707 4443 quando
729 4369 830 4425 illa
847 4385 1020 4441 regna
1039 4385 1141 4441 per
1155 4367 1419 4440 ingentes
1437 4366 1676 4423 bellicas
1693 4365 1888 4422 clades

241 4459 448 4516 amissa
482 4465 669 4530 atque
699 4457 991 4514 translata
1019 4465 1176 4514 sunt.
1212 4459 1353 4513 Nam
1387 4456 1435 4512 si
1453 4459 1583 4528 post
1609 4455 1768 4513 mille
1785 4457 1887 4511 du-

241 4553 425 4605 centos
443 4554 503 4605 et
521 4547 679 4619 quod
697 4548 951 4604 excurrit
968 4563 1176 4614 annos,
1200 4546 1432 4618 quando
1450 4561 1698 4617 regnum
1714 4551 1885 4616 Assy-

242 4636 331 4694 riis
355 4638 621 4694 ablatum
639 4641 747 4706 est,
765 4637 893 4708 jam
925 4635 1006 4691 ibi
1028 4635 1353 4692 christiana
1382 4633 1584 4707 religio
1612 4633 1772 4690 aliud
1803 4651 1886 4690 rc-

241 4725 760 4799 gnumprasdicaret
773 4725 1389 4792 aaternum,etdeorum
1406 4722 1683 4778 falsorum
1698 4721 1888 4778 cultus

241 4814 548 4888 sacrilegos
578 4813 896 4881 inhiberet;
915 4813 1055 4884 quid
1073 4812 1233 4869 aliud
1245 4811 1432 4884 gentis
1453 4811 1612 4867 illius
1630 4811 1763 4866 vani
1782 4811 1884 4867 ho-

244 4902 420 4960 mines
432 4901 851 4970 dicerent,nisi
870 4918 1136 4974 regnum,
1157 4903 1306 4972 quod
1325 4904 1439 4955 tam
1460 4899 1559 4955 diu
1580 4915 1882 4956 conserva-

244 4996 356 5049 tum
373 4991 652 5055 est,nulla
665 4992 779 5047 alia
796 5007 970 5048 causa
984 4991 1095 5048 nisi
1115 4991 1235 5047 suis
1249 4988 1623 5061 religionibus
1639 4991 1884 5046 desertis

239 5086 290 5138 et
313 5083 410 5138 illa
441 5086 674 5154 recepta
704 5082 892 5154 perire
911 5080 1166 5153 potuisse
1181 5081 1209 5135 ?
1224 5082 1284 5137 In
1304 5097 1417 5151 qua
1433 5096 1569 5136 voce
1587 5079 1879 5147 vanitatis,

245 5186 360 5242 quae
392 5176 623 5245 poterat
652 5187 803 5240 esse,
827 5170 922 5226 isti
956 5171 1261 5226 attendant
1277 5169 1577 5242 speculum
1597 5186 1803 5238 suum;
1827 5171 1884 5225 et

244 5261 446 5317 similia
465 5259 824 5332 conqueri,si
841 5258 996 5315 ullus
1011 5259 1070 5314 in
1085 5258 1167 5315 eis
1186 5261 1364 5328 pudor
1383 5263 1490 5327 est,
1507 5260 1877 5314 erubescant.

243 5350 582 5423 Quanquam
597 5350 928 5406 Romanum
946 5349 1256 5419 imperium
1271 5348 1552 5403 afflictum
1567 5352 1654 5403 est
1668 5348 1878 5418 potius,

238 5454 400 5511 quam
435 5444 724 5496 mutatum
753 5458 767 5508 ;
817 5437 972 5510 quod
1005 5441 1061 5492 et
1091 5435 1220 5492 aliis
1254 5441 1387 5491 ante
1417 5436 1632 5492 Christi
1665 5453 1876 5492 nomen

244 5527 598 5600 temporibus
623 5527 674 5583 ei
708 5527 949 5599 contigit
981 5543 992 5580 :
1025 5529 1082 5582 et
1111 5525 1183 5581 ab
1214 5524 1309 5579 illa
1328 5529 1416 5580 est
1446 5524 1756 5581 afﬂictione
1788 5541 1874 5580 re-

241 5627 487 5675 creatum
515 5633 528 5685 ;
561 5619 715 5690 quod
759 5633 864 5674 nec
896 5617 1027 5673 istis
1058 5614 1420 5687 temporibus
1451 5615 1874 5687 desperandum

247 5711 340 5763 est.
372 5707 485 5775 Qui
519 5707 675 5764 enim
705 5708 776 5763 de
805 5707 914 5763 hac
946 5722 1006 5762 re
1033 5705 1191 5762 novit
1222 5703 1579 5761 voluntatem
1616 5705 1713 5760 Dei
1733 5707 1762 5758 ?

2033 1186 2217 1228 vasse.
2242 1171 2439 1244 Neque
2465 1174 2620 1230 enim
2639 1174 2696 1230 in
2732 1175 2842 1232 hoc
2859 1181 2975 1232 tam
3002 1179 3275 1248 praeclaro
3299 1187 3355 1238 et
3379 1187 3550 1239 tantis
3565 1185 3689 1256 ple-

2033 1260 2282 1315 nissimo
2315 1261 2619 1333 dignitatis
2651 1266 2864 1320 audent
2891 1265 3119 1337 aliquas
3143 1273 3338 1340 partes
3360 1273 3478 1327 dea
3510 1272 3681 1330 Cloa-

2032 1348 2177 1404 cinae
2211 1353 2226 1386 ι
2263 1351 2548 1419 tribuere;
2583 1359 2683 1408 aut
2727 1355 2998 1424 Volupias,
3030 1372 3156 1426 quae
3187 1374 3220 1413 a
3246 1359 3544 1432 voluptate
3577 1379 3686 1436 ap-

2034 1437 2247 1509 pellata
2265 1445 2378 1509 est;
2402 1445 2501 1496 aut
2519 1443 2875 1512 Lubentina),
2900 1445 2995 1500 cui
3024 1461 3233 1501 nomen
3254 1453 3342 1503 est
3363 1466 3395 1504 a
3412 1449 3680 1522 libidine;

2030 1531 2134 1582 aut
2163 1527 2442 1585 Vaticano
2460 1531 2482 1564 ²
2499 1531 2598 1602 qui
2615 1532 2908 1588 infantum
2936 1533 3232 1605 vagitibus
3255 1538 3521 1606 praesidet
3544 1554 3558 1605 ;
3584 1545 3683 1596 aut

2029 1616 2287 1688 Cuninaz,
2320 1635 2449 1691 quae
2481 1637 2661 1677 cunas
2678 1638 2879 1678 eorum
2904 1625 3296 1682 administrat.
3330 1627 3681 1692 Quandoau-

2028 1709 2146 1762 tem
2163 1711 2676 1778 possuntunoloco
2691 1711 2822 1769 libri
2837 1713 3011 1784 hujus
3024 1731 3148 1770 com
3159 1717 3466 1772 memorari
3481 1719 3678 1776 omnia

2027 1796 2266 1852 nomina
2287 1798 2549 1867 deorum,
2566 1805 2665 1855 aut
2687 1801 2924 1857 dearum
2941 1804 3123 1874 3,quae
3139 1803 3222 1858 illi
3241 1805 3674 1876 grandibusvo-

2023 1883 2350 1943 luminibus
2370 1887 2460 1942 vix
2472 1889 2958 1960 comprehendere
2971 1897 3306 1964 potuerunt,
3323 1894 3575 1966 singulis
3591 1913 3672 1952 re-

2023 1973 2132 2030 bus
2151 1977 2808 2048 propriadispertientes
2823 1981 3012 2036 ofﬁcia
3026 1983 3331 2039 numinum
3345 1986 3373 2039 ?
3387 1985 3500 2042 Nec
3512 2001 3672 2058 agro-

2019 2079 2150 2120 rum
2178 2080 2398 2122 munus
2432 2067 2530 2122 uni
2561 2067 2733 2123 alicui
2757 2070 2862 2126 deo
2893 2071 3376 2128 committendum
3401 2073 3666 2131 arbitrati

2016 2157 2196 2222 sunt;
2234 2154 2334 2209 sed
2368 2171 2506 2212 rura
2536 2157 2653 2212 deae
2672 2157 2927 2228 Rusinse,
2949 2160 3090 2232 juga
3120 2162 3410 2218 montium
3433 2163 3538 2218 deo
3565 2164 3666 2219 Ju-

2015 2240 2212 2314 gatino
2239 2266 2254 2311 ;
2286 2243 2530 2300 collibus
2575 2246 2742 2302 deam
2777 2247 3148 2316 Collatinam,
3183 2250 3435 2306 vallibus
3466 2250 3664 2308 Vallo-

2015 2330 2173 2386 niam
2194 2332 2594 2403 praefecerunt.
2611 2335 2726 2390 Nec
2739 2336 2945 2391 saltem
2965 2341 3274 2408 potuerunt
3294 2347 3468 2394 tinam
3490 2340 3658 2411 Sege-

2016 2420 2155 2478 tiam
2186 2422 2363 2479 talem
2395 2422 2674 2494 invenire,
2709 2425 2801 2480 cui
2833 2425 3012 2480 semel
3034 2431 3260 2498 segetes
3280 2430 3657 2486 commenda-

2013 2515 2179 2568 rent:
2213 2513 2315 2568 sed
2349 2516 2475 2568 sata
2501 2511 2794 2568 frumenta
2813 2515 3096 2585 quamdiu
3119 2515 3226 2572 sub
3248 2522 3400 2573 terra
3427 2523 3642 2587 essent,

2012 2601 2379 2672 praepositam
2426 2601 2729 2660 voluerunt
2780 2603 2987 2660 habere
3036 2604 3205 2660 deam
3238 2606 3482 2677 Sejam;
3526 2623 3658 2664 cum

2008 2705 2142 2746 vero
2169 2692 2292 2762 jam
2323 2696 2520 2748 essent
2549 2707 2728 2764 super
2757 2696 2968 2748 terram
3000 2700 3054 2750 et
3084 2698 3335 2764 segetem
3380 2696 3655 2762 facerent,

2008 2777 2176 2835 deam
2209 2779 2496 2853 Segetiam
2523 2798 2538 2850 ;
2564 2782 2871 2837 frumentis
2903 2799 3033 2839 vero
3065 2782 3326 2840 collectis
3355 2789 3533 2857 atque
3563 2802 3655 2843 re-

2005 2868 2275 2934 conditis,
2309 2874 2370 2926 ut
2400 2878 2518 2927 tuto
2546 2876 2941 2941 servarentur,
2964 2873 3134 2928 deam
3165 2873 3657 2947 Tutilinamf-prte-

2002 2963 2344 3030 posuerunt.
2375 2960 2480 3015 Cui
2514 2977 2629 3016 non
2660 2961 2927 3017 sufficere
2957 2961 3254 3018 videretur
3282 2963 3382 3020 illa
3404 2964 3656 3038 Segetia,

2003 3047 2285 3120 quamdiu
2317 3063 2486 3121 seges
2517 3049 2588 3106 ab
2619 3048 2801 3107 initiis
2822 3049 3085 3108 herbidis
3120 3068 3306 3124 usque
3340 3055 3410 3109 ad
3445 3053 3654 3112 aristas

2000 3135 2194 3194 aridas
2225 3138 2596 3209 perveniret?
2615 3141 2739 3195 Non
2767 3144 2964 3196 tamen
2997 3141 3141 3196 satis
3172 3141 3280 3198 fuit
3309 3141 3650 3200 hominibus

2002 3226 2240 3282 deorum
2275 3226 2716 3284 multitudinem
2748 3229 3102 3299 amantibus,
3134 3233 3197 3286 ut
3221 3231 3416 3288 anima
3433 3232 3652 3290 misera

2000 3314 2413 3373 daemoniorum
2447 3317 2635 3374 turbas
2679 3319 3143 3390 prostitueretur,
3187 3321 3364 3376 unius
3393 3321 3494 3377 Dei
3527 3323 3645 3380 veri

1997 3410 2221 3459 castum
2242 3405 2556 3478 dedignata
2568 3407 2869 3477 complexu
2881 3423 2954 3462 m.
2969 3407 3352 3464 Praefecerunt
3365 3425 3499 3480 ergo
3513 3412 3647 3466 Pro-

1997 3493 2289 3562 serpinam
2318 3494 2624 3549 frumentis
2639 3496 3424 3566 germinantibus,geniculis
3446 3501 3644 3555 nodis-

1998 3596 2109 3650 que
2121 3581 2449 3637 culmorum
2465 3583 2638 3638 deum
2655 3583 2969 3650 Nodotum,
2985 3583 3399 3640 involumentis
3417 3586 3648 3640 follicu-

1993 3668 2180 3726 lorum
2197 3670 2362 3726 deam
2389 3671 2724 3726 Volutinam
2751 3687 2764 3738 ;
2797 3687 2931 3727 cum
2956 3671 3197 3726 folliculi
3226 3677 3552 3742 patescunt,
3587 3681 3649 3730 ut

1994 3759 2154 3832 spica
2183 3763 2364 3826 exeat,
2399 3759 2565 3814 deam
2599 3758 2928 3815 Patelanam
2965 3759 2986 3793 ‘
3014 3775 3028 3825 ;
3063 3775 3193 3813 cum
3220 3765 3447 3830 segetes
3479 3762 3643 3818 novis

1995 3848 2192 3904 aristis
2221 3851 2546 3919 sequantur,
2579 3848 2719 3919 quia
2747 3851 2964 3903 veteres
2986 3862 3216 3918 sequare
3235 3847 3456 3904 hostire
3487 3849 3644 3906 dixe-

1993 3947 2148 4004 runt,
2162 3938 2330 3994 deam
2351 3937 2760 4006 Hostilinam‘;
2779 3937 3119 3994 ﬂorentibus
3139 3939 3450 3996 frumentis
3469 3940 3637 3997 deam

1993 4027 2242 4096 Floram,
2266 4027 2714 4084 lactescentibus
2745 4027 2917 4084 deum
2939 4031 3290 4084 Lacturuum
3313 4027 3358 4096 δ,
3382 4039 3643 4088 mature-

1989 4116 2285 4173 scentibus
2310 4117 2476 4173 deam
2500 4116 2779 4174 Matutam
2805 4118 2858 4187 7;
2883 4133 3017 4173 cum
3040 4121 3383 4187 runcantur,
3408 4119 3463 4176 id
3495 4124 3586 4177 est
3607 4139 3640 4178 a

1990 4211 2142 4262 terra
2170 4207 2535 4274 auferuntur,
2557 4207 2724 4264 deam
2752 4206 3101 4265 Runcinam.
3122 4207 3237 4264 Nec
3257 4209 3457 4266 omnia
3473 4227 3633 4268 com-

1991 4311 2267 4365 memoro,
2303 4295 2434 4368 quia
2465 4313 2554 4354 me
2585 4297 2742 4370 piget
2780 4297 2924 4369 quod
2959 4295 3091 4352 illos
3123 4313 3241 4354 non
3271 4300 3470 4370 pudet.
3505 4301 3635 4358 Haec

2056 4528 2226 4576 tLov.
2259 4529 2313 4575 et
2355 4527 2534 4589 probas
2581 4528 2722 4576 notae
2762 4527 3133 4589 manuscripti,
3179 4527 3485 4578 Cluacince.
3531 4528 3641 4577 Alii

1989 4591 2196 4638 veteres
2224 4590 2349 4638 libri
2376 4603 2496 4640 cum
2533 4590 2686 4638 Vind.
2716 4592 2832 4638 Am.
2854 4590 2960 4646 En.
2981 4590 3279 4640 Cloacinae.
3314 4592 3636 4648 Lactantius,

1988 4652 2026 4699 1.
2062 4651 2085 4698 1
2131 4653 2195 4700 de
2241 4653 2377 4700 falsa
2423 4653 2609 4714 Relig..
2659 4667 2701 4701 c.
2734 4652 2838 4702 20:
2889 4671 2915 4697 α
2949 4653 3209 4702 Cloacina)
3272 4654 3637 4711 simulacrum,

1987 4733 2014 4759 «
2049 4714 2241 4776 inquit,
2273 4715 2330 4787 in
2359 4714 2538 4790 cloaca
2559 4716 2793 4790 maxime
2820 4717 3394 4790 repertumlTatiuslis
3433 4726 3512 4790 est
3541 4716 3639 4778 qui

1990 4795 2016 4821 α
2054 4779 2308 4839 regnavit
2337 4793 2464 4825 cum
2485 4779 2747 4838 Romulo)
2776 4779 3125 4829 consecravit.
3157 4781 3209 4826 et
3235 4779 3364 4840 quia
3390 4780 3541 4840 cujus
3560 4792 3637 4828 es-

1988 4858 2024 4912 :
2047 4843 2127 4888 set
2155 4840 2356 4912 effigies
2385 4840 2683 4912 ignorabat,
2728 4855 2796 4912 ex
2819 4840 2947 4912 ‘loco
2975 4840 3056 4887 illi
3083 4854 3276 4912 nomen
3306 4840 3574 4912 imposuit.
3605 4857 3632 4882 »

1988 4901 2269 4952 Consentit’
2295 4902 2590 4964 Cyprianus
2621 4903 2685 4950 de
2728 4902 2995 4964 Idolorum
3025 4903 3281 4958 vanitate,
3313 4904 3366 4949 et
3392 4901 3504 4964 ipse
3530 4901 3636 4948 Au-

1987 4966 2184 5027 gustin.
2214 4962 2388 5018 intra.“
2425 4979 2470 5014 c.
2517 4963 2595 5013 23.
2638 4964 2755 5012 Fuit
2800 4966 2854 5012 et
2889 4963 3084 5019 Venus,
3116 4964 3390 5014 Cluacina
3429 4962 3576 5010 dicta
3604 4975 3638 5010 a

1987 5027 2188 5074 cluere.
2219 5027 2362 5074 ouod
2389 5028 2469 5074 est
2497 5040 2740 5074 purgare.
2771 5027 2837 5074 de
2862 5039 2971 5074 oua
2997 5026 3129 5074 Plin.
3169 5027 3262 5074 lib.
3295 5025 3369 5074 15.
3400 5037 3443 5074 c.
3459 5023 3537 5072 29.

1985 5027 2188 5080 cluere.
2219 5027 2362 5088 quod
2389 5028 2469 5075 est
2497 5040 2740 5089 purgare,
2771 5027 2837 5074 de
2862 5039 2971 5089 qua
2997 5027 3129 5074 Plin.
3169 5027 3262 5074 lib.
3295 5027 3369 5082 15,
3400 5037 3443 5074 c.
3459 5027 3537 5072 29.

2049 5090 2071 5123 ³
2100 5089 2253 5138 Vind.
2285 5090 2399 5136 Am.
2432 5089 2515 5137 Er.
2547 5092 2598 5137 et
2625 5089 2830 5150 aliquot
2870 5089 2993 5141 Mss.
3035 5089 3329 5150 Vagitano.

2051 5152 2071 5186 ³
2103 5150 2292 5201 Omnes
2321 5152 2491 5201 nostri
2517 5152 2667 5206 Mss.,
2699 5160 2748 5199 et
2779 5151 3031 5200 dearum.

2046 5213 2069 5248 ⁴
2095 5213 2179 5264 Sic
2207 5215 2328 5264 Mss.
2360 5215 2430 5263 At
2467 5215 2612 5272 editi,
2649 5213 2995 5263 Pafelcnam.

2047 5279 2066 5312 ⁵
2098 5278 2270 5327 Nostri
2299 5291 2482 5327 omnes
2511 5269 2630 5326 Mss.
2678 5277 2753 5325 sic
2797 5277 2996 5324 habent
3041 5276 3183 5324 hunc
3218 5273 3414 5330 locum,
3463 5269 3632 5320 ostire

1982 5340 2270 5394 dixerunt,
2302 5341 2459 5387 deam
2492 5338 2805 5389 Ostilinam.
2839 5339 2904 5386 M.

2047 5402 2067 5435 ⁶
2097 5402 2250 5450 Vind.
2282 5403 2396 5450 Am.
2431 5404 2484 5450 et
2529 5403 2674 5453 Lov..
2710 5403 2865 5450 deam
2919 5397 3290 5448 Lacturciam.
3331 5396 3430 5446 Sed
3479 5397 3628 5446 vete-

1981 5464 2129 5512 ribus
2178 5464 2347 5519 libris,
2396 5477 2528 5525 quos
2566 5463 2724 5513 isthic
2767 5462 3056 5525 sequimur.
3113 5462 3249 5509 favet
3299 5459 3518 5525 Servius
3569 5461 3628 5509 in

1982 5527 2164 5585 Georg.
2214 5525 2260 5583 1,
2309 5523 2627 5574 Lactantem
2673 5523 2855 5581 deum}
2893 5539 3000 5573 non
3051 5525 3221 5584 deam,
3283 5536 3350 5572 ex
3397 5523 3628 5574 Varrone

1980 5588 2396 5698 αρῼεῧέῗιὲῗᾏω.
2429 5651 2482 5698 ct
2509 5650 2612 5713 Er.,
2642 5651 2948 5699 Maturam.
2980 5650 3049 5698 At
3077 5647 3319 5702 meliores
3346 5651 3470 5701 Mss.
3501 5663 3624 5702 cum

1982 5714 2129 5773 Lov.,
2158 5713 2454 5761 Matutam.
