4128 6190
443 374 556 436 123

441 512 768 584 perderent,
787 511 834 566 si
861 526 1042 566 unum
1076 512 1253 566 Deum
1270 507 1525 563 colerent
1538 504 1910 577 prudentiore
1924 518 2078 558 com-

442 601 690 671 pendio?
710 601 853 665 Quid
870 600 1024 654 enim
1042 599 1166 669 ejus
1179 600 1666 661 contemneretur,
1681 609 1815 650 eum
1832 593 1955 664 ipse
1983 609 2077 648 co-

441 689 696 747 leretur?
719 689 777 746 Si
799 696 992 744 autem
1019 687 1399 742 metuendum
1425 684 1554 746 fuit,
1583 701 1652 739 ne
1673 682 2079 756 praetermissae

443 780 560 836 sive
594 780 864 849 neglectae
891 784 1078 850 partes
1101 777 1229 846 ejus
1253 777 1642 832 irascerentur
1667 790 1680 828 :
1706 790 1820 829 non
1854 789 1989 845 ergo
2018 775 2082 828 ut

441 869 662 936 volunt,
691 866 1031 923 velutunius
1046 865 1361 922 animantis
1385 865 1507 922 haec
1531 863 1780 921 totavita
1810 867 1920 930 est,
1954 877 2080 933 quas

445 975 648 1016 omnes
679 956 934 1012 continet
963 956 1124 1020 deos,
1144 955 1308 1028 quasi
1340 971 1476 1010 suas
1500 953 1760 1022 virtutes,
1792 951 1877 1007 vel
1903 967 2080 1006 mem-

445 1049 565 1115 bra,
587 1045 672 1100 vel
698 1055 887 1116 partes
915 1062 928 1113 ;
949 1046 1050 1101 sed
1074 1062 1236 1101 suam
1259 1060 1503 1116 quaeque
1523 1060 1656 1114 pars
1679 1040 2035 1098 habetvitam
2051 1053 2085 1092 a

443 1135 664 1192 caeteris
678 1139 1025 1207 separatam,
1050 1133 1095 1190 si
1113 1133 1566 1206 prateralteram
1582 1131 1751 1187 irasci
1785 1131 1966 1186 altera
1981 1142 2080 1198 po-

439 1227 573 1293 test,
607 1228 663 1280 et
684 1224 796 1280 alia
828 1223 1065 1294 placari,
1091 1223 1204 1279 alia
1225 1221 1522 1279 concitari.
1555 1222 1610 1276 Si
1642 1224 1833 1277 autem
1867 1217 2083 1276 dicitur

445 1332 644 1372 omnes
666 1315 863 1381 simul,
896 1314 952 1368 id
973 1323 1058 1370 est
1083 1320 1266 1370 totum
1290 1315 1480 1385 ipsum
1497 1313 1696 1370 Jovem
1719 1315 1971 1386 potuisse
1995 1317 2081 1373 ot-

443 1404 622 1475 fendi,
638 1404 686 1460 si
704 1408 890 1475 partes
904 1404 1030 1474 ejus
1047 1420 1158 1459 non
1174 1405 1345 1458 etiam
1360 1403 1701 1472 singillatim
1721 1403 2082 1462 minutatim-

448 1509 557 1567 que
588 1493 939 1557 colerentur,
971 1491 1149 1548 stulte
1180 1493 1411 1548 dicitur.
1445 1491 1616 1548 Nulla
1645 1496 1860 1564 quippe
1881 1509 2079 1551 earum

446 1583 1002 1654 praetermitteretur,
1036 1599 1167 1637 cum
1200 1582 1324 1654 ipse
1357 1599 1509 1637 unus
1531 1584 1631 1654 qui
1667 1583 1835 1638 habet
1865 1584 2079 1652 omnia,

448 1670 751 1727 coleretur.
768 1671 913 1726 Nam
930 1670 1559 1742 utaliaomittam,quze
1583 1675 1720 1726 sunt
1743 1670 2082 1728 innumera-

446 1759 602 1827 bilia,
627 1775 759 1814 cum
783 1759 986 1815 dicunt
1005 1758 1200 1814 omnia
1219 1758 1410 1814 sidera
1441 1766 1630 1829 partes
1659 1758 1816 1814 Jovis
1849 1775 1994 1830 esse,
2025 1764 2083 1816 et

444 1848 638 1904 omnia
652 1847 835 1902 vivere
849 1852 1018 1920 atque
1052 1847 1362 1902 rationales
1387 1847 1862 1918 animashabere,
1885 1848 2080 1904 etideo

446 1934 572 1991 sine
594 1935 980 1991 controversia
1001 1937 1138 1991 deos
1156 1952 1302 2004 esse,
1327 1952 1441 1990 non
1465 1936 1844 2007 videntquam
1866 1936 2081 1993 multos

444 2042 558 2080 non
579 2025 789 2092 colant,
821 2041 997 2096 quam
1026 2023 1389 2081 multismdes
1411 2041 1524 2080 non
1559 2030 1918 2094 construant,
1950 2043 2082 2082 aras

445 2130 556 2169 non
573 2117 855 2180 statuant,
872 2117 1225 2185 quastamen
1244 2113 1261 2146 ί
1278 2114 1652 2186 paucissimis
1673 2116 1928 2171 siderum
1963 2123 2081 2171 sta-

441 2205 685 2260 tuendas
725 2222 849 2260 esse
880 2211 1246 2276 putaverunt,
1271 2214 1324 2262 et
1365 2205 1704 2277 singillatim
1745 2208 2081 2264 sacrifican-

441 2294 601 2348 dum.
619 2294 676 2348 Si
707 2293 904 2364 igitur,
919 2293 1250 2349 irascuntur
1264 2295 1360 2364 qui
1385 2311 1496 2350 non
1511 2293 1853 2366 singillatim
1870 2295 2081 2352 colun-

438 2385 554 2449 tur,
589 2397 702 2438 non
746 2386 1039 2450 metuunt,
1077 2382 1278 2452 paucis
1303 2382 1562 2453 placatis,
1604 2389 1722 2439 toto
1756 2383 1900 2440 cmlo
1937 2383 2081 2441 irato

437 2472 625 2528 vivere
647 2471 752 2527 ‘ISi
785 2475 977 2526 autem
1012 2469 1212 2526 stellas
1244 2488 1443 2527 omnes
1501 2471 1630 2528 ideo
1679 2471 1900 2543 colunt,
1951 2473 2082 2546 quia

438 2562 495 2619 in
518 2561 656 2617 Jove
677 2565 817 2616 sunt
839 2576 1012 2632 quem
1029 2560 1247 2630 colunt,
1263 2561 1371 2616 isto
1391 2563 1735 2632 compendio
1762 2571 1995 2632 possent
2018 2563 2077 2619 in

440 2649 538 2706 illo
561 2666 677 2705 uno
707 2649 977 2705 omnibus
999 2649 1349 2722 supplicare.
1366 2650 1459 2704 Sic
1480 2651 1636 2706 enim
1667 2667 1834 2708 nemo
1859 2651 2080 2708 irasce-

441 2743 618 2806 retur,
639 2755 767 2792 cum
800 2739 857 2793 in
877 2739 975 2793 illo
1000 2755 1113 2794 uno
1145 2739 1351 2795 ienemo
1368 2743 1856 2808 contemneretur,
1886 2745 2078 2812 potius

443 2843 642 2898 quam,
677 2827 848 2882 cultis
861 2828 1718 2899 quibusdam,justairascendi
1739 2847 1916 2887 causa
1939 2831 2080 2903 illis,

442 2917 543 2988 qui
567 2917 937 2988 praetermissi
967 2918 1366 2985 essent,multo
1397 2919 1898 2976 numerosioribus
1939 2938 2082 2992 pree-

439 3006 676 3062 beretur
699 3005 1039 3076 :przesertim
1061 3023 1194 3062 curn
1217 3007 1300 3063 eis
1326 3007 1394 3064 de
1417 3023 1668 3079 superna
1684 3009 1820 3064 sede
1854 3010 2078 3082 fulgen-

441 3095 778 3166 tihus,turpi
794 3097 1053 3151 nuditate
1066 3096 1356 3153 distentus
1371 3102 1802 3169 praeponeretur
1815 3097 2075 3171 Priapus.

443 3184 677 3242 CAPUT
694 3184 869 3241 XVII.
888 3216 957 3225 -—
979 3186 1051 3242 De
1066 3186 1328 3258 opinione
1339 3203 1530 3243 eorum
1548 3191 1646 3259 qui
1656 3191 1822 3245 Deum
1835 3188 2078 3244 animam

509 3273 726 3340 mundi,
757 3282 808 3330 et
835 3273 1102 3329 mundum
1123 3291 1317 3347 corpus
1349 3278 1451 3333 Dei
1478 3293 1588 3333 esse
1608 3282 1959 3348 putaverunt.

513 3364 660 3430 Quid
696 3363 862 3432 illud,
888 3381 1081 3421 nonne
1107 3365 1277 3421 debet
1296 3381 1523 3422 movere
1555 3370 1758 3423 acutos
1791 3366 2078 3438 homines,

442 3453 528 3509 vel
547 3452 1000 3525 qualescumque
1023 3454 1290 3510 homines
1312 3455 1340 3508 ‘l
1360 3459 1483 3510 Non
1508 3456 1660 3512 enim
1685 3456 1755 3512 ad
1781 3457 1888 3514 hoc
1919 3456 2080 3529 inge-

443 3551 523 3606 nii
555 3569 702 3623 opus
717 3553 1174 3620 estexcellentia,
1193 3554 1529 3626 uldeposito
1545 3554 1738 3611 studio
1760 3556 2082 3612 contentio-

442 3641 533 3698 nis
546 3643 870 3709 attendant,
887 3642 934 3696 si
953 3642 1398 3698 mundianimus
1412 3643 1563 3698 Deus
1581 3648 1688 3710 est,
1705 3645 1871 3714 eique
1885 3645 2083 3700 animo

445 3733 699 3788 mundus
715 3737 1000 3804 utcorpus
1017 3736 1123 3798 est,
1142 3733 1290 3789 utsit
1305 3749 1486 3788 unum
1501 3732 1718 3789 animal
1733 3739 2004 3789 constans
2017 3751 2086 3790 ex

443 3821 637 3876 animo
652 3825 709 3876 et
726 3837 981 3891 corpore,
1008 3826 1180 3893 atque
1203 3822 1311 3876 iste
1335 3821 1485 3877 Deus
1521 3828 1610 3877 est
1629 3823 1756 3877 sinu
1787 3823 2040 3894 quodam
2058 3822 2081 3857 ³

444 3913 665 3964 natura:
692 3909 748 3963 in
774 3907 979 3980 seipse
997 3910 1302 3964 continens
1321 3910 1539 3976 omnia,
1565 3914 1626 3964 ut
1644 3927 1712 3964 ex
1741 3910 1929 3981 ipsius
1957 3911 2087 3966 ani-

446 4015 562 4067 ma,
590 4014 704 4069 qua
719 3998 1300 4054 viviﬁcaturtotaista
1328 3998 1529 4063 moles,
1553 3999 1683 4054 vitae
1699 4000 2086 4070 atqueanimaa

446 4092 787 4143 cunctorum
806 4087 1116 4143 viventium
1141 4105 1242 4160 pro
1266 4089 1547 4158 cujusque
1570 4088 1861 4143 nascentis
1883 4088 1905 4121 ⁴
1929 4093 2088 4144 sorte

447 4178 778 4241 sumantur,
795 4173 938 4230 nihil
951 4176 1188 4233 omnino
1201 4192 1500 4233 remanere
1513 4177 1555 4243 ⁵,
1570 4177 1723 4249 quod
1743 4193 1852 4231 non
1870 4177 1943 4231 sit
1957 4194 2087 4248 pars

448 4263 567 4320 Dei.
585 4265 744 4329 Quod
761 4264 810 4322 si
833 4266 913 4322 ita
934 4275 1036 4330 est,
1063 4267 1197 4339 quis
1222 4285 1334 4322 non
1359 4267 1549 4322 videat
1570 4271 1789 4338 quanta
1818 4267 2088 4337 impietas

447 4353 913 4427 etirreligiositas
927 4366 1332 4428 consequatur,
1349 4357 1577 4428 utquod
1594 4354 1900 4411 calcaverit
1923 4356 2090 4426 quis-

449 4459 584 4516 que,
619 4453 838 4516 partem
871 4445 970 4501 Dei
1005 4447 1202 4515 calcet,
1234 4451 1291 4501 et
1320 4446 1379 4501 in
1423 4446 1581 4501 omni
1613 4445 1909 4500 animante
1939 4445 2090 4500 occi-

449 4535 662 4603 dendo,
696 4552 830 4606 pars
859 4535 956 4592 Dei
983 4535 1300 4591 trucidetur
1321 4534 1504 4590 ?Nolo
1523 4532 1721 4588 omnia
1737 4533 1931 4589 dicere
1961 4549 2089 4606 quas

451 4628 698 4694 possunt
726 4641 993 4682 occurere
1015 4623 1430 4697 cogitantibus,
1465 4621 1577 4677 dici
1610 4626 1801 4677 autem
1836 4622 1962 4678 sine
1993 4639 2089 4678 ve-

453 4713 730 4768 recundia
762 4730 874 4769 non
909 4716 1173 4785 possunt.

451 4801 680 4859 CAPUT
707 4801 852 4859 XIII.
883 4831 952 4843 --
982 4803 1055 4860 De
1084 4801 1282 4874 hisqui
1308 4801 1426 4857 sola
1452 4800 1759 4857 rationalia
1779 4801 2093 4858 animantia

787 4901 972 4963 partes
1002 4908 1114 4949 esse
1143 4895 1306 4948 unius
1337 4891 1435 4947 Dei
1461 4896 1734 4948 asserunt.

524 4983 581 5038 Si
615 4987 810 5040 autem
842 4983 967 5039 sola
986 4983 1264 5038 animalia
1286 4982 1612 5051 rationalia,
1646 4983 1797 5040 sicut
1827 4987 1967 5039 sunt
1993 4982 2096 5040 ho-

455 5073 664 5142 mines,
699 5077 889 5143 partes
919 5073 1019 5128 Dei
1051 5089 1179 5129 esse
1210 5075 1568 5129 contendunt
1592 5094 1606 5143 ;
1633 5090 1748 5130 non
1779 5074 1945 5130 video
1970 5073 2093 5145 qui-

453 5165 608 5232 dem,
631 5163 679 5219 si
704 5166 861 5219 totus
879 5164 1136 5218 mundus
1157 5167 1244 5218 est
1263 5163 1437 5232 Deus,
1470 5165 1763 5235 quomodo
1780 5163 1997 5218 bestias
2020 5163 2091 5218 ab

451 5252 579 5322 ejus
601 5251 864 5324 partibus
884 5254 1169 5322 separent.
1195 5250 1304 5306 Sed
1330 5250 1617 5307 obluctari
1639 5250 1778 5322 quid
1803 5267 1951 5322 opus
1967 5249 2092 5306 est?

451 5346 532 5397 De
563 5342 690 5414 ipso
721 5339 990 5397 rationali
1012 5340 1328 5410 animante,
1353 5341 1410 5396 id
1441 5345 1530 5397 est
1548 5340 1804 5408 homine,
1827 5339 1963 5411 quid
1997 5341 2090 5394 in-

517 5451 529 5484 ι
568 5449 719 5499 Forte
749 5458 881 5499 tam.

513 5511 534 5543 ²
567 5511 660 5562 Hic
687 5514 816 5563 editi
861 5513 1083 5571 addunt,
1115 5510 1372 5560 omnibus
1400 5511 1833 5574 supplicaretur.
1871 5510 2033 5560 Abest
2059 5523 2092 5560 a

450 5577 840 5638 manuscriptis.

514 5637 535 5699 εξ
567 5635 651 5699 _S_ic
677 5635 861 5687 omnes
888 5639 1009 5687 Mss.
1041 5637 1180 5686 Editi
1211 5639 1406 5690 autem.
1439 5637 1600 5685 sinus
1629 5637 1873 5699 quidam.

512 5696 536 5730 ⁴
567 5696 776 5746 Veteres
801 5701 943 5753 libri,
969 5701 1244 5749 nascendi.
1273 5728 1335 5737 -—
1364 5700 1448 5748 Sic
1477 5696 1653 5749 etiam'
1667 5699 1837 5749 nostri
1869 5699 1990 5748 Mss.
2023 5697 2089 5746 M.

513 5759 533 5792 ³
561 5758 716 5825 Vind.
748 5762 861 5825 Am.
898 5761 1002 5816 Er.,
1034 5777 1321 5812 remanere
1356 5770 1546 5825 potest.
1597 5763 1754 5821 Lov.,
1803 5774 2092 5809 remanere

443 5835 617 5882 posse.
639 5819 816 5870 Abest.
847 5836 998 5879 posse
1027 5836 1060 5871 a
1087 5825 1208 5873 Mss.

1487 373 1584 434 DE
1629 368 1994 432 CIVITATE
2035 368 2189 442 DEI,
2241 366 2300 428 S.
2349 367 2772 432 AUGUSTINI

3726 367 3841 430 124

2188 502 2417 559 felicius
2434 506 2590 560 credi
2615 509 2824 577 potest,
2847 520 3024 578 quam
3043 503 3140 559 Dei
3166 506 3386 575 partem
3405 503 3701 576 vapulare,
3716 520 3843 562 cum

2188 609 2333 664 puer
2353 593 2587 665 vapulat
2608 593 2774 651 ‘Uam
2793 611 2928 651 vero
2953 607 3141 667 partes
3161 593 3260 650 Dei
3285 593 3408 649 ﬁeri
3428 593 3698 660 lascivas,
3725 594 3838 650 ini-

2185 699 2354 754 quas,
2379 685 2610 754 impias,
2643 695 2814 758 atque
2837 685 3075 741 omnino
3107 683 3496 752 damnabiles,
3523 684 3654 756 quis
3684 686 3836 741 ferre

2186 774 2392 848 possit,
2426 775 2537 830 nisi
2562 777 2660 848 qui
2685 792 2919 848 prorsus
2942 775 3160 832 insanit
3181 775 3526 831 ?Postremo
3557 775 3699 847 quid
3724 777 3832 832 ira-

2187 865 2371 920 scitur
2400 866 2483 923 eis
2515 883 2549 921 a
2573 867 2787 938 quibus
2809 883 2922 923 non
2947 865 3173 932 colitur,
3198 881 3333 922 cum
3361 882 3393 920 a
3414 865 3535 922 suis
3565 866 3830 938 partibus

2188 969 2302 1009 non
2319 953 2544 1009 colatur
2561 954 2588 1010 ?
2620 955 2816 1012 Restat
2833 971 2965 1026 ergo
2989 958 3053 1010 ut
3073 955 3289 1024 dicant,
3307 971 3510 1011 omnes
3531 955 3668 1012 deos
3692 971 3835 1011 suas

2187 1039 2401 1098 habere
2413 1044 2698 1111 vitas,sibi
2715 1060 3009 1116 quemque
3023 1043 3472 1112 vivere,nullum
3489 1059 3688 1100 eorum
3703 1060 3832 1100 esse

2187 1135 2408 1200 partem
2424 1134 2800 1204 cujusquam;
2815 1134 2912 1189 sed
2927 1149 3128 1189 omnes
3142 1133 3543 1205 colendos,qui
3558 1131 3833 1204 cognosci

2188 1223 2246 1274 et
2273 1219 2380 1275 coli
2401 1227 2677 1292 possunt;
2723 1222 2858 1293 quia
2881 1230 2996 1278 tam
3035 1223 3207 1278 multi
3228 1227 3386 1290 sunt,
3410 1227 3475 1278 ut
3503 1237 3833 1279 omnesnon

2189 1309 2433 1380 possint.
2467 1313 2722 1377 Quorum
2753 1311 3008 1384 Jupiter,
3031 1312 3170 1383 quia
3191 1328 3290 1368 rex
3312 1312 3602 1385 praesidet,
3633 1313 3833 1384 ipsum

2189 1399 2357 1454 credo
2379 1400 2448 1454 ab
2471 1401 2554 1456 eis
2584 1402 2772 1472 putari
2798 1417 3039 1472 regnum
3064 1401 3458 1468 constituisse,
3480 1400 3570 1456 vel
3597 1401 3832 1457 auxisse

2189 1487 2537 1548 Romanum.
2560 1493 2701 1546 Nam
2735 1492 2785 1546 si
2815 1490 2924 1546 hoc
2955 1491 3079 1563 ipse
3101 1508 3218 1547 non
3243 1492 3398 1560 fecit,
3429 1509 3605 1563 quem
3639 1492 3830 1547 alium

2187 1579 2362 1633 deum
2395 1595 2541 1650 Opus
2565 1585 2684 1636 tam
2709 1596 2988 1652 magnum
3011 1582 3271 1652 potuisse
3301 1581 3537 1654 aggredi
3565 1581 3830 1641 credant.

2188 1683 2321 1723 cum
2335 1683 2538 1725 omnes
2553 1670 2817 1742 occupati
2842 1671 2960 1726 sint
2973 1669 3181 1725 officiis
3205 1671 3544 1742 etoperibus
3561 1671 3828 1742 proiiriis,

2189 1773 2295 1813 nec
2327 1757 2472 1813 alter
2501 1761 2513 1793 ⁸
2549 1757 2732 1814 irruat
2761 1759 2818 1814 in
2848 1759 3087 1815 alterius
3109 1761 3342 1830 ‘?Arege
3374 1759 3554 1832 igitur
3583 1759 3828 1816 deorum

2188 1862 2427 1917 regnum
2460 1845 2762 1903 hominum
2797 1848 2989 1920 potuit
3019 1848 3324 1921 propagari
3355 1853 3412 1904 et
3441 1848 3662 1921 augeri.

2187 1990 2421 2048 CAPUT
2446 1991 2580 2048 XIV.
2614 1994 2999 2064 —Augmenta
3012 2009 3304 2065 regnorum
3325 1994 3441 2050 Jovi
3468 1993 3828 2064 incongruen-

2259 2085 2341 2136 ter
2367 2081 2644 2138 adscribi:
2667 2099 2810 2149 cum,
2843 2085 2894 2138 si
2920 2083 3175 2153 Victoria,
3201 2091 3260 2138 ut
3280 2081 3603 2151 volunt,dea
3623 2090 3717 2150 est,
3748 2085 3831 2156 ip-

2258 2185 2318 2226 sa
2347 2171 2474 2229 huic
2493 2174 2709 2241 negotio
2737 2173 2851 2228 sola
2881 2173 3176 2244 sufﬁceret.

2259 2285 2361 2342 Hic
2384 2287 2636 2359 primum
2657 2304 2872 2359 qurere,
2899 2303 3002 2343 cur
3021 2305 3135 2344 non
3155 2288 3329 2343 etiam
3354 2289 3548 2359 ipsum
3580 2303 3827 2360 regnum

2185 2375 2400 2448 aliquis
2423 2378 2566 2432 deus
2606 2385 2693 2432 est
2720 2379 2748 2432 ?
2777 2377 2890 2433 Cur
2917 2377 3074 2433 enim
3105 2393 3221 2433 non
3269 2377 3352 2434 ita
3375 2378 3468 2445 sit,
3501 2377 3550 2433 si
3583 2377 3830 2433 Victoria

2187 2467 2295 2521 dea
2324 2470 2416 2522 est
2447 2465 2474 2521 ‘?
2492 2468 2606 2522 Aut
2627 2467 2764 2538 quid
2785 2468 2910 2539 ipso
2931 2467 3141 2522 Jovein
3163 2467 3270 2522 hac
3288 2483 3467 2523 causa
3485 2483 3633 2538 opus
3654 2471 3760 2535 est,
3777 2467 3829 2523 si

2185 2553 2438 2610 Victoria
2470 2555 2651 2610 faveat
2700 2557 2887 2629 sitque
2949 2557 3223 2629 propitia,
3256 2563 3312 2612 et
3368 2573 3600 2629 semper
3629 2561 3721 2614 eat
3752 2556 3822 2611 ad

2184 2643 2340 2713 illos,
2387 2661 2533 2715 quos
2578 2645 2700 2701 vult
2731 2662 2855 2702 esse
2885 2647 3133 2702 victores
3161 2647 3190 2700 ?
3219 2647 3334 2702 Hac
3365 2648 3470 2702 dea
3513 2648 3738 2702 favente
3766 2648 3824 2701 et

2186 2733 2450 2806 propitia,
2487 2735 2661 2790 etiam
2693 2735 2831 2791 Jove
2859 2742 3100 2792 vacante
3130 2735 3215 2791 vel
3253 2735 3413 2792 aliud
3442 2742 3668 2808 agente,
3696 2751 3823 2808 qua

2185 2829 2380 2896 gentes
2411 2840 2522 2880 non
2564 2824 2810 2880 subditae
2842 2829 3207 2881 remanerent
3235 2823 3262 2878 ?
3318 2841 3447 2896 quae
3479 2841 3657 2896 regna
3707 2843 3826 2883 non

2185 2914 2458 2969 cederent
2477 2915 2598 2968 ?An
2627 2913 2769 2969 forte
2791 2913 3059 2986 displicet
3076 2915 3097 2950 ³
3120 2914 3307 2980 bonis,
3323 2913 3702 2985 iniquissima
3720 2914 3835 2972 im-

2137 3069 2148 3078 .
2186 3003 2468 3075 probitate
2482 3009 2828 3074 pugnare,et
2848 3004 3126 3060 ﬁnitimos
3142 3003 3373 3076 quietos
3389 3004 3726 3075 nullamque
3740 3005 3831 3059 in-

2179 3092 2396 3164 juriam
2420 3092 2691 3148 facientes
2709 3093 2776 3148 ad
2795 3091 3161 3150 dilatandum
3177 3109 3422 3166 regnum
3439 3091 3586 3148 bello
3602 3098 3840 3166 sponta-

2187 3195 2294 3235 neo
2327 3178 2884 3250 provocare?Plane
2932 3179 2982 3236 si
3013 3180 3095 3238 ita
3144 3181 3432 3251 sentiunt,
3486 3180 3748 3252 approbo
3781 3184 3838 3237 et

2186 3268 2384 3325 laudo.

2187 3410 2412 3468 CAPUT
2431 3410 2545 3471 XV.
2565 3441 2634 3452 -—
2654 3411 2736 3467 An
2755 3420 3025 3481 congruat
3051 3411 3204 3468 bonis
3223 3413 3392 3468 latius
3413 3413 3551 3469 velle
3580 3426 3836 3482 regnare.

2257 3526 2505 3584 Videant
2527 3544 2664 3600 ergo
2682 3545 2752 3585 ne
2774 3529 2919 3584 forte
2937 3544 3050 3584 non
3071 3527 3358 3600 pertineat
3373 3529 3443 3584 ad
3466 3528 3616 3583 viros
3631 3526 3839 3593 bonos,

2188 3618 2438 3690 gaudere
2465 3619 2534 3673 de
2565 3618 2724 3688 regni
2763 3616 3090 3674 latitudine.
3116 3617 3402 3690 lniquitas
3425 3617 3581 3673 enim
3605 3631 3834 3684 eorum,

2191 3723 2319 3763 cum
2337 3708 2723 3778 quibusjusta
2737 3706 2889 3763 bella
2905 3711 3066 3777 gesta
3087 3713 3241 3775 sunt,
3269 3723 3508 3778 regnum
3528 3704 3753 3776 adjuvit
3776 3708 3839 3760 ut

2190 3802 2476 3853 cresceret
2506 3800 2520 3853 ε
2544 3797 2699 3868 quod
2721 3797 2919 3868 utique
2943 3813 3186 3868 parvum
3210 3802 3384 3863 esset,
3404 3797 3450 3852 si
3468 3797 3634 3868 quies
3660 3804 3713 3850 et
3742 3794 3836 3863 ju-

2191 3886 2347 3941 stitia
2380 3886 2766 3942 finitimorum
2798 3895 2998 3942 contra
3030 3903 3088 3942 se
3119 3885 3332 3942 bellum
3356 3885 3475 3957 geri
3507 3884 3666 3941 nulla
3698 3899 3839 3955 pro-

2191 3975 2672 4046 vocaretinjuria:
2691 3992 2755 4031 ac
2771 3976 2853 4032 sic
2875 3975 3232 4032 felicioribus
3246 3977 3419 4032 rebus
3433 3975 3702 4031 humanis
3715 3989 3838 4029 om-

2194 4065 2290 4121 nia
2311 4081 2489 4136 regna
2520 4081 2693 4138 parva
2706 4070 2904 4122 essent
2937 4065 3513 4124 concordivicinitate
3541 4063 3796 4120 latentia
3825 4079 3840 4131 ;

2193 4158 2250 4209 et
2264 4154 2340 4209 ita
2352 4158 2548 4210 essent
2563 4155 2620 4208 in
2640 4156 2856 4210 mundo
2872 4171 3050 4227 regna
3065 4153 3688 4226 plurimagentium,ut
3703 4158 3845 4208 sunt

2194 4243 2255 4298 in
2281 4243 2422 4299 urbe
2437 4243 2649 4300 domus
2674 4243 2935 4315 plurimae
2959 4244 3199 4300 civium.
3221 4242 3469 4299 Proinde
3500 4241 3846 4314 belligerare

2195 4336 2251 4388 et
2267 4332 2602 4401 perdomitis
2617 4332 2884 4401 gentibus
2899 4332 3144 4390 dilatare
3158 4349 3421 4403 regnum,
3433 4331 3602 4389 malis
3615 4332 3848 4388 videtur

2197 4421 2638 4484 felicitas,bonis
2662 4423 3112 4479 necessitas.Sed
3143 4427 3282 4495 quia
3307 4424 3473 4493 pejus
3496 4425 3744 4490 esset,ut
3764 4421 3851 4476 in-

2188 4510 2758 4580 juriosijustioribus
2775 4509 3372 4578 dominarentur,ideo
3397 4525 3508 4565 non
3526 4509 3849 4580 incongrue

2196 4598 2408 4655 dicitur
2430 4599 2602 4656 etiam
2629 4599 2740 4655 ista
2756 4598 3018 4654 felicitas.
3039 4599 3148 4656 Sed
3165 4599 3363 4670 procul
3391 4599 3566 4654 dubio
3601 4596 3847 4653 felicitas

2198 4690 2503 4760 majorest,
2527 4688 2782 4745 vicinum
2813 4689 3028 4745 bonum
3046 4688 3636 4754 habereconcordem,
3666 4701 3842 4758 quam

2196 4777 2453 4834 vicinum
2469 4778 2689 4835 malum
2705 4777 2831 4850 subj
2843 4794 3019 4851 ugare
3034 4776 3522 4834 bellantem.Mala
3536 4781 3669 4832 vota
3680 4779 3843 4841 sunt,

2197 4872 2393 4940 optare
2412 4868 2626 4924 habere
2639 4883 2806 4939 quem
2822 4868 3033 4934 oderis,
3048 4867 3135 4924 vel
3151 4883 3326 4939 quem
3342 4867 3641 4936 timeas,ut
3658 4866 3846 4938 possit

2196 4973 2325 5014 esse
2355 4974 2522 5028 quem
2557 4957 2774 5013 vincas.
2805 4956 2862 5012 Si
2892 4973 3028 5029 ergo
3049 4958 3216 5028 justa
3237 4957 3489 5028 gerendo
3520 4954 3688 5023 bella,
3721 4971 3840 5012 non

2197 5047 2396 5118 impia,
2423 5064 2535 5103 non
2565 5047 2789 5119 iniqua,
2814 5046 3056 5102 Romani
3081 5047 3394 5118 imperium
3417 5049 3540 5102 tam
3561 5061 3842 5118 magnum

2196 5137 2495 5207 acquirere
2507 5141 2838 5208 potuerunt,
2863 5136 3150 5208 numquid
3174 5143 3455 5208 tanquam
3497 5133 3695 5206 aliqua
3740 5136 3851 5192 dea

2197 5225 2439 5283 colenda
2455 5229 2542 5282 est
2560 5225 2644 5282 eis
2666 5225 2842 5281 etiam
2867 5225 3151 5296 iniquitas
3166 5225 3351 5281 aliena
3373 5225 3401 5280 ?
3421 5224 3672 5280 Multum
3689 5225 3850 5281 enim

2198 5317 2268 5372 ad
2293 5315 2466 5372 istam
2489 5314 2852 5370 latitudinem
2877 5315 3109 5388 imperii
3131 5331 3258 5372 eam
3281 5321 3650 5385 cooperatam
3672 5313 3844 5369 vide-

2199 5421 2352 5473 mus,
2386 5421 2512 5477 quae
2537 5404 2780 5460 faciebat
2804 5404 3218 5475 injuriosos,ut
3247 5407 3592 5460 essentcum
3627 5402 3851 5474 quibus

2193 5495 2354 5566 justa
2384 5494 2536 5550 bella
2566 5498 2924 5566 gererentur,
2954 5497 3011 5550 et
3031 5499 3344 5566 augeretur
3367 5491 3702 5564 imperium.
3731 5492 3856 5548 Cur

2260 5631 2455 5706 1.119%,
2487 5643 2554 5678 ne
2583 5629 2760 5691 alter;
2795 5629 3233 5679 dissentientibus
3255 5628 3411 5678 editis
3431 5627 3555 5678 aliis
3583 5628 3636 5678 et
3663 5641 3856 5678 manu-

2195 5692 2470 5803 ωξιιίξὲἓῇ.
2501 5755 2615 5802 Am.
2651 5753 2757 5813 Er.,
2778 5769 2892 5818 non
2919 5753 3188 5818 displicet.
3218 5753 3495 5818 Expuncta
3521 5756 3603 5804 est
3630 5753 3847 5817 negatio

2195 5819 2510 5872 auctoritate
2541 5817 3041 5882 manuscriptorum.
