4142 6186
339 394 459 458 125

338 537 536 588 autem
572 535 630 588 et
659 531 937 603 iniquitas
968 531 1076 588 dea
1094 549 1208 589 non
1227 532 1430 599 sit,vel
1447 536 1815 589 externarum
1847 547 1992 604 gen-

341 623 518 688 tium,
551 619 601 676 si
645 619 824 676 Pavor
852 626 908 677 et
937 621 1128 678 Pallor
1169 631 1224 678 et
1253 622 1450 678 Febris
1481 621 1558 678 dii
1590 621 1829 678 Romani
1865 637 1994 678 esse

341 713 688 766 meruerunt
703 708 845 766 ?His
859 709 1036 782 igitur
1048 710 1300 777 duabus,
1316 712 1371 766 id
1387 715 1478 767 est
1491 711 1994 782 alienainiquitate

341 797 958 867 etdeaVictoria,dum
976 800 1259 857 bellorum
1273 799 1774 873 causasiniquitas
1786 800 1996 856 excitat

338 886 597 945 Victoria
617 889 824 945 eadem
849 889 1000 946 bella
1015 889 1258 946 feliciter
1274 890 1572 959 terminat,
1589 889 1766 945 etiam
1787 889 1994 946 feriato

351 982 491 1040 Jove
513 980 692 1037 crevit
720 979 1048 1052 imperium.
1073 982 1230 1047 Quas
1259 979 1412 1035 enim
1431 979 1527 1037 hic
1557 983 1746 1052 partes
1763 979 1995 1052 Jupiter

342 1075 607 1142 haberet,
631 1087 764 1128 cum
795 1087 862 1127 ea
883 1086 1010 1142 quas
1042 1074 1280 1140 possent
1310 1069 1594 1126 beneficia
1613 1070 1742 1139 ejus
1783 1070 1995 1141 putari,

346 1164 432 1220 dii
455 1164 764 1228 habentur,
785 1161 864 1217 dii
886 1164 1189 1225 vocantur,
1210 1159 1289 1214 dii
1310 1158 1598 1228 coluntur,
1625 1158 1733 1230 ipsi
1757 1175 1857 1229 pro
1873 1159 1997 1215 suis

349 1254 623 1328 partibus
658 1249 1046 1307 invocantur?
1069 1249 1318 1305 Haberet
1346 1254 1537 1304 autem
1581 1248 1674 1306 hic
1697 1249 1870 1305 etiam
1905 1246 2001 1304 ille

346 1343 606 1415 aliquam
634 1343 876 1414 partem,
901 1339 949 1394 si
975 1353 1220 1410 regnum
1245 1338 1416 1394 etiam
1443 1338 1568 1410 ipse
1587 1336 1998 1410 appellaretur,

345 1431 503 1488 sicut
532 1427 975 1502 appellaturilla
989 1426 1263 1483 Victoria.
1289 1431 1405 1482 Aut
1428 1427 1478 1484 si
1502 1443 1747 1499 regnum
1783 1443 2001 1483 munus

345 1526 439 1579 est
465 1520 766 1590 Jovis,cur
796 1535 910 1574 non
932 1521 990 1574 et
1008 1517 1251 1574 victoria
1277 1534 1492 1574 munus
1513 1519 1643 1589 ejus
1661 1517 1950 1573 habeatur
1975 1517 2002 1572 ‘2

347 1611 514 1676 Quod
539 1609 1151 1684 profectohaberetur,
1166 1609 1218 1665 si
1232 1624 1346 1664 non
1363 1608 1508 1680 lapis
1523 1608 1579 1664 in
1595 1607 1879 1680 Capitolio
1900 1608 1998 1680 (a),

347 1702 450 1759 sed
467 1716 637 1758 verus
653 1700 768 1757 Rex
781 1715 983 1771 regum
997 1702 1054 1754 et
1070 1697 1352 1754 Dominus
1367 1697 1799 1754 dominantium
1813 1697 1998 1771 (Apoc.

346 1808 470 1856 xxx,
501 1791 587 1862 t6)
619 1792 1065 1862 cognosceretur
1093 1792 1265 1859 atque
1297 1787 1605 1843 coleretur.

351 1899 594 1957 CAPUT
623 1899 762 1955 XVI.
794 1929 859 1941 —
892 1899 1043 1968 Quid
1085 1900 1258 1969 fuerit
1296 1898 1439 1970 quod
1491 1898 1720 1954 Romani
1747 1899 2001 1954 omnibus

427 1990 588 2046 rebus
616 1993 668 2044 et
687 1989 938 2045 omnibus
968 1989 1200 2044 motibus
1227 1987 1349 2045 deos
1378 1988 1624 2060 singulos
1653 1989 1995 2061 deputantes,

429 2081 598 2136 aedem
632 2079 843 2148 Quietis
871 2089 1027 2136 extra
1054 2085 1237 2152 portas
1257 2095 1368 2137 esse
1393 2081 1704 2136 voluerunt.

431 2169 603 2225 Miror
625 2179 817 2225 autem
841 2169 1187 2242 plurimum,
1221 2169 1372 2240 quod
1413 2185 1546 2225 cum
1571 2168 1710 2226 deos
1733 2168 2002 2240 singulos

351 2258 606 2331 singulis
629 2259 800 2315 rebus
821 2263 879 2314 et
899 2275 1045 2329 pene
1069 2257 1314 2329 singulis
1327 2258 1580 2314 motibus
1599 2257 2002 2323 attribuerent,

349 2357 703 2404 vocaverunt
723 2349 888 2403 deam
915 2347 1410 2418 Agenoriam,quaa
1441 2348 1513 2402 ad
1539 2347 1827 2418 agendum
1849 2345 2007 2401 exci-

349 2437 702 2508 taret;deam
726 2436 1193 2505 Stimulam,qus:
1211 2435 1284 2491 ad
1307 2437 1596 2507 agendum
1617 2434 1771 2491 ultra
1788 2435 2006 2491 nodum

344 2523 893 2590 stimularet;deam
917 2522 1357 2592 Murciam,qute
1381 2527 1588 2594 praeter
1620 2523 1862 2577 modum
1894 2539 2008 2578 non

343 2621 633 2682 moveret,
658 2629 724 2669 ac
775 2615 985 2669 faceret
1015 2612 1343 2678 hominem,
1372 2617 1439 2668 ut
1494 2613 1576 2668 ait
1616 2613 2006 2684 Pomponius,

349 2702 715 2771 murcidum,
733 2703 787 2758 id
805 2705 892 2758 est
906 2703 1080 2758 nimis
1094 2701 1441 2757 desidiosum
1453 2705 1508 2756 et
1523 2701 1892 2756 inactuosum
1909 2702 2005 2774 (b);

349 2793 524 2848 deam
551 2791 864 2856 Streniam,
885 2807 1009 2862 quae
1033 2791 1242 2846 faceret
1264 2795 1598 2858 strenuum;
1618 2789 1711 2846 his
1733 2791 2008 2846 omnibus

353 2882 469 2938 diis
490 2883 546 2936 et
563 2880 777 2936 deabus
801 2880 1034 2952 publica
1055 2896 1218 2937 sacra
1234 2881 1425 2936 facere
1437 2880 2008 2952 susceperuntzouie-

350 2975 474 3027 tem
504 2986 639 3026 vero
691 2968 1072 3040 appellantes,
1108 2985 1235 3042 quas
1294 2971 1504 3025 faceret
1550 2970 1835 3041 quietum,
1869 2987 2002 3027 cum

355 3060 538 3115 eadem
573 3059 811 3115 haberet
849 3065 1005 3114 extra
1034 3062 1256 3129 portam
1299 3059 1602 3127 Collinam,
1655 3059 1886 3131 publice
1932 3060 2003 3116 il-

357 3149 472 3205 lam
491 3149 791 3221 suscipere
808 3147 1137 3205 noluerunt.
1162 3153 1369 3206 Utrum
1391 3149 1677 3205 indicium
1697 3150 2000 3206 fuitanimi

226 3279 249 3287 -
355 3237 628 3309 inquieti,
661 3254 733 3293 an
767 3237 960 3309 potius
1001 3238 1082 3294 ita
1118 3238 1513 3311 signiﬁcatum
1554 3243 1662 3306 est,
1697 3240 1797 3312 qui
1836 3239 1999 3295 illam

355 3328 583 3382 turbam
615 3327 802 3384 colere
826 3333 1235 3398 perseveraret,
1261 3345 1374 3385 non
1400 3329 1571 3401 plane
1604 3330 1864 3398 deorum,
1889 3330 1992 3386 sed

348 3417 792 3484 daemoniorum,
822 3433 953 3474 eum
978 3417 1233 3490 quietem
1270 3419 1482 3476 habere
1517 3435 1630 3474 non
1677 3419 1893 3491 posse?
1926 3422 1996 3475 ad

350 3523 530 3577 quam
555 3511 720 3564 vocat
739 3524 910 3563 verus
934 3508 1214 3574 Medicus,
1235 3509 1436 3565 dicens
1455 3525 1468 3565 :
1489 3511 1690 3566 Discite
1709 3527 1742 3564 a
1762 3525 1848 3565 me
1867 3511 1998 3580 quia

349 3596 504 3653 mitis
531 3613 654 3652 sum
681 3602 735 3653 et
765 3598 998 3654 humilis
1016 3599 1194 3667 corde,
1216 3603 1268 3655 et
1289 3597 1581 3654 invenietis
1603 3599 1846 3670 requiem
1869 3600 1996 3654 ani-

347 3687 558 3743 mabus
580 3687 774 3742 vestris
799 3687 1008 3758 (Matth.
1040 3703 1117 3755 x1,
1137 3687 1248 3757 29).

347 3793 582 3852 CAPUT
602 3792 770 3850 XVII.
794 3826 863 3834 —
878 3795 980 3861 An,
1001 3796 1052 3850 si
1079 3795 1223 3851 lovis
1241 3809 1460 3850 summa
1478 3798 1708 3866 potestas
1728 3796 1996 3863 est,etiam

687 3885 931 3940 Victoria
961 3883 1061 3941 dea
1091 3883 1335 3942 debuerit
1362 3884 1656 3942 aestimari.

420 3990 509 4040 An
535 3983 680 4039 forte
697 3984 1080 4056 dicunt,quod
1103 3986 1266 4041 deam
1291 3984 1595 4041 Victoriam
1611 3984 1836 4057 JUpilor
1867 3984 1995 4040 mit-

348 4076 452 4136 tat,
473 4076 647 4145 atque
667 4071 765 4128 illa
788 4076 1068 4143 tanquam
1085 4073 1201 4146 regi
1219 4074 1456 4130 deorum
1471 4073 1901 4144 obtemperans,
1924 4075 1992 4128 ad

349 4177 498 4232 quos
514 4162 760 4233 jusserit
781 4161 1051 4232 veniat,et
1075 4161 1130 4217 in
1155 4179 1354 4219 eorum
1379 4167 1538 4235 parte
1558 4163 1858 4219 considat?
1877 4163 1994 4220 Hoc

347 4267 484 4307 vere
508 4251 745 4317 dicitur,
771 4267 884 4307 non
913 4251 982 4306 de
1013 4250 1110 4307 illo
1132 4253 1290 4320 Jove,
1311 4268 1482 4324 quem
1519 4253 1758 4308 deorum
1801 4269 1992 4322 regem

348 4357 452 4414 pro
485 4357 595 4396 sua
625 4339 895 4412 opinione
928 4341 1297 4413 contingunt;
1331 4341 1432 4397 sed
1459 4341 1528 4397 de
1558 4341 1655 4396 illo
1680 4357 1808 4397 vero
1839 4343 1992 4414 Rege

347 4428 724 4497 saeculorum,
759 4430 913 4501 quod
946 4429 1138 4486 mittat
1160 4446 1274 4486 non
1316 4429 1648 4496 Victoriam,
1673 4446 1799 4501 quae
1833 4431 1995 4487 nulla

343 4517 675 4575 substantia
706 4523 810 4584 est,
836 4519 935 4574 sed
969 4518 1240 4591 angelum
1265 4536 1462 4591 suum,
1489 4523 1544 4575 et
1569 4519 1744 4576 faciat
1765 4521 1993 4576 vincere

345 4623 518 4680 quem
543 4606 982 4678 voluerit;cujus
1005 4607 1314 4665 consilium
1332 4607 1623 4665 occultum
1639 4624 1766 4664 esse
1781 4613 1991 4680 potest,

339 4695 616 4768 iniquum
649 4711 764 4752 non
795 4700 987 4768 potest
1016 4695 1056 4751 ί.
1091 4697 1236 4754 Nam
1273 4698 1324 4755 si
1353 4697 1594 4754 victoria
1625 4698 1733 4754 dea
1753 4702 1860 4767 est,
1889 4715 1994 4754 cur

345 4800 460 4840 non
493 4785 639 4841 deus
665 4788 754 4842 est
782 4790 839 4842 et
868 4786 1226 4859 triumphus,
1252 4791 1311 4844 et
1330 4786 1576 4843 victorias
1607 4787 1875 4860 jungitur
1903 4789 1992 4846 vel

347 4875 616 4946 maritus,
637 4875 726 4931 vel
749 4876 946 4946 frater,
965 4878 1052 4934 vel
1070 4877 1264 4934 ﬁlius?
1279 4878 1442 4934 Talia
1456 4879 1672 4950 quippe
1685 4879 1779 4933 isti
1797 4879 1865 4934 de
1878 4879 1991 4936 diis

346 4964 570 5037 opinati
593 4969 749 5033 sunt,
775 4965 969 5038 qualia
990 4967 1036 5022 si
1065 4971 1244 5040 poetae
1268 4968 1750 5039 fingerent,atque
1773 4985 1806 5022 a
1829 4968 1992 5024 nobis

342 5053 1222 5128 exagitarentur;responderent
1236 5055 1739 5120 isti,ridendaesse
1755 5055 1994 5127 ﬁgmen-

340 5145 400 5198 ta
426 5147 750 5215 poetarum,
784 5161 898 5199 non
932 5145 1079 5201 veris
1119 5147 1488 5202 attribuenda
1520 5145 1900 5202 numinibus:
1934 5150 1991 5203 et

410 5301 542 5350 tEr.
595 5303 753 5367 Lugd.
786 5304 913 5354 Ven.
957 5305 1104 5361 Lov..
1157 5307 1325 5367 cujus
1369 5307 1669 5356 consilium
1710 5305 1986 5355 occultum

339 5379 454 5432 esse
473 5373 673 5432 potest.
707 5366 964 5432 iniquum
993 5383 1102 5432 esse
1133 5366 1264 5432 non"
1273 5377 1464 5432 potest.
1491 5371 1560 5418 M.

400 5430 477 5506 1(9)
658 5427 840 5506 rsupra,
870 5430 962 5503 lib.
993 5431 1182 5506 2,“cap.
1214 5427 1294 5489 29,
1324 5445 1378 5506 ῃ.
1412 5432 1457 5480 1.

400 5489 470 5550 tb)
499 5489 627 5556 Quis
655 5489 978 5556 PoinpOnius
1007 5495 1092 5551 sit,
1136 5489 1414 5556 ignoratur
1444 5507 1454 5541 :
1488 5506 1556 5543 an
1582 5492 1803 5544 Atticus.
1839 5505 1908 5540 an
1929 5493 1983 5539 L.

335 5551 660 5619 Pomponius
690 5551 1053 5604 Atellanarum
1072 5551 1310 5619 scriptor.
1329 5569 1398 5604 an
1423 5556 1514 5603 Cn.
1535 5556 1850 5617 Pomponius
1871 5569 1985 5619 or_a_-

337 5615 771 5707 ἓῖλομιὶιῖε
798 5619 1050 5707 ζὶχθτωιξ
1079 5615 1214 5707 eum,
1228 5620 1472 5707 (Eicerone
1502 5631 1615 5707 ςγδι)
1643 5615 1735 5707 qui
1764 5617 1988 5692 posti-

335 5690 580 5743 coronam
609 5678 772 5743 fuere.
803 5679 1122 5743 Pomponius
1167 5682 1316 5738 Mela,
1348 5695 1418 5730 an
1446 5681 1620 5730 Julius
1648 5678 1984 5742 Pomponius,

334 5741 768 5804 poeta‘tragicus.
822 5741 975 5804 cujus
1004 5745 1364 5801 Quintilianus
1412 5743 1670 5802 meminit,
1715 5741 1793 5790 ani
1830 5743 1986 5804 juris-

337 5801 629 5854 consultus.
663 5803 778 5854 Luc.
803 5801 969 5856 Vivis.

1709 397 1944 458 LIBER
1987 395 2375 468 QUARTUS.

3629 399 3742 457 126

2101 539 2290 588 tamen
2307 547 2369 587 se
2391 531 2502 604 ipsi
2527 547 2639 588 non
2655 530 2923 587 ridebant
2938 548 3070 588 cum
3087 531 3608 588 taliadeliramenta
3626 547 3740 586 non

2103 623 2256 694 apud
2274 626 2472 694 poetas
2493 621 2781 694 legebant,
2798 622 2896 678 sed
2920 623 2974 677 in
2990 622 3221 694 templis
3238 620 3522 677 colebant.
3539 619 3744 676 Jovem

2099 713 2280 786 igitur
2297 715 2366 769 de
2386 713 2660 768 omnibus
2683 716 2973 782 rogarent,
2992 711 3044 766 ei
3066 711 3165 766 uni
3185 712 3588 767 tantummodo
3610 727 3742 781 sup-

2099 803 2401 874 plicarent.
2423 802 2545 856 Non
2569 803 2749 870 enim,
2778 818 2892 874 quo
2917 801 3174 856 misisset
3197 801 3531 868 Victoriam,
3554 801 3604 856 si
3632 801 3741 856 dea

2099 899 2187 949 est
2217 901 2268 948 et
2299 893 2407 948 sub
2434 891 2531 947 illo
2557 907 2689 962 rege
2707 897 2815 957 est,
2835 896 3034 961 posset
3057 891 3107 946 ei
3133 893 3342 946 audere
3374 891 3661 957 resistere,
3683 892 3741 945 et

2101 999 2271 1038 suam
2305 981 2497 1054 potius
2531 981 2719 1036 facere
2749 979 3128 1035 voluntatem.

2101 1089 2334 1146 CAPUT
2354 1089 2550 1145 XVIII.
2585 1119 2653 1131 —-
2700 1089 3034 1145 Felicitatem
3065 1097 3114 1144 et
3153 1092 3448 1145 Fortunam
3477 1087 3574 1158 qui
3619 1088 3748 1143 deas

2432 1185 2648 1252 putant,
2671 1196 2780 1250 qua
2801 1180 3018 1235 ratione
3048 1187 3334 1235 secernunt
3367 1183 3407 1233 ί.

2177 1270 2322 1335 Quid
2348 1271 2500 1342 quod
2525 1273 2580 1324 et
2603 1267 2865 1325 Felicitas
2880 1269 2987 1325 dea
3007 1277 3084 1326 est
3103 1267 3130 1323 ?
3146 1269 3318 1324 aedem
3334 1266 3572 1338 accepit,
3589 1281 3750 1322 aram

2106 1360 2336 1430 meruit,
2371 1376 2538 1416 sacra
2568 1359 2617 1414 ei
2653 1375 2910 1430 congrua
2970 1357 3263 1430 persoluta
3308 1361 3461 1411 sunt.
3497 1355 3626 1426 lpsa
3655 1371 3750 1410 er-

2107 1466 2178 1522 go
2201 1449 2316 1506 sola
2345 1448 2662 1506 coleretur:
2687 1449 2786 1504 ubi
2809 1450 2960 1504 enim
2981 1449 3108 1519 ipsa
3129 1451 3301 1514 esset,
3323 1446 3458 1518 quid
3482 1445 3616 1500 boni
3640 1460 3754 1500 non

2106 1540 2291 1596 esset?
2304 1541 2411 1597 Sed
2428 1539 2566 1611 quid
2587 1540 2698 1596 sibi
2714 1538 3020 1611 vult,quod
3041 1544 3098 1594 et
3115 1538 3365 1592 Fortuna
3379 1536 3483 1590 dea
3500 1538 3751 1604 putatur,

2107 1635 2166 1686 et
2186 1629 2396 1686 colitur
2418 1629 2445 1684 ?
2464 1631 2547 1684 An
2573 1628 2728 1684 aliud
2753 1633 2840 1685 est
2863 1627 3128 1692 felicitas,
3147 1624 3304 1681 aliud
3323 1622 3589 1679 fortuna?
3606 1621 3753 1686 Quia

2109 1721 2340 1776 fortuna
2371 1724 2556 1792 potest
2585 1735 2709 1775 esse
2738 1723 2794 1776 et
2819 1717 2971 1774 mala
2999 1735 3012 1772 :
3039 1716 3285 1772 felicitas
3307 1723 3499 1769 autem
3524 1712 3571 1768 si
3598 1710 3752 1766 mala

2111 1811 2306 1875 fuerit,
2327 1810 2569 1866 felicitas
2591 1825 2703 1864 non
2736 1809 3040 1865 erit.Certe
3063 1822 3268 1862 omnes
3291 1805 3430 1860 deos
3448 1802 3756 1872 utriusque

2106 1917 2276 1957 sexus
2307 1899 2378 1971 (si
2403 1904 2458 1956 et
2487 1915 2686 1956 sexum
2713 1899 2942 1968 habent)
2965 1894 3199 1952 nonnisi
3224 1896 3403 1950 bonos
3420 1891 3754 1948 existimare

2109 1991 2410 2049 debemus.
2445 1989 2561 2044 Hoc
2593 1987 2750 2044 Plato
2774 1988 3035 2058 dicit(De
3059 1979 3679 2056 Republica,tib.2),boc
3698 1995 3757 2034 a-

2105 2081 2169 2137 lii
2183 2079 2534 2154 philosophi,
2553 2079 2658 2134 hoc
2673 2077 3020 2134 excellentes
3034 2074 3255 2146 reipubl
3267 2074 3364 2128 ica:
3383 2069 3755 2142 pupulorum-

2108 2185 2219 2242 que
2239 2177 2509 2225 rectores.
2535 2168 2831 2232 Quomodo
2863 2181 2998 2237 ergo
3019 2166 3124 2220 dea
3156 2167 3407 2218 Fortuna
3438 2158 3755 2230 aliquando

2110 2261 2262 2316 bona
2279 2263 2384 2324 est,
2411 2256 2717 2325 aliquando
2739 2256 2934 2310 mala?
2953 2257 3040 2308 An
3061 2253 3205 2308 forte
3227 2253 3461 2323 quando
3477 2247 3632 2302 mala
3647 2249 3752 2313 est,

2111 2349 2222 2403 dea
2243 2363 2357 2402 non
2382 2353 2490 2413 est,
2511 2345 2610 2400 sed
2630 2344 2686 2398 in
2704 2343 3021 2410 malignum
3041 2342 3359 2396 daemonem
3375 2339 3607 2406 repente
3620 2348 3755 2388 con-

2111 2433 2709 2500 vertitur?Quotsunt
2729 2448 2864 2502 ergo
2882 2432 3000 2484 deas
3021 2430 3180 2483 istae?
3199 2427 3454 2483 Profecto
3473 2427 3757 2495 quotquot

2112 2525 2384 2582 homines
2417 2521 2718 2588 fortunati,
2744 2521 2852 2576 hoc
2880 2529 2964 2575 est
2986 2520 3150 2576 bonas
3169 2518 3431 2572 fortunae.
3456 2516 3599 2569 Nam
3621 2527 3753 2567 cum

2114 2614 2235 2670 sint
2254 2620 2313 2669 et
2334 2612 2430 2668 alii
2455 2611 2688 2683 plurimi
2711 2610 2911 2675 simul,
2928 2609 3036 2663 hoc
3050 2611 3139 2662 est
3160 2609 3565 2675 unotempore,
3591 2599 3752 2656 malae

2116 2706 2383 2772 fortuna,
2410 2701 2718 2773 numquid,
2735 2701 2813 2756 sit
2834 2701 2959 2770 ipsa
2972 2694 3328 2763 esset,simul
3354 2699 3411 2750 et
3433 2692 3587 2748 mala
3607 2699 3760 2748 esset

2113 2799 2169 2850 et
2192 2794 2340 2850 bona
2364 2811 2378 2860 ;
2413 2793 2503 2847 his
2527 2791 2706 2859 aliud,
2740 2789 2856 2844 illis
2883 2787 3082 2844 aliud?
3106 2789 3195 2841 An
3226 2783 3326 2840 illa
3356 2799 3480 2854 quae
3503 2783 3612 2838 dea
3642 2784 3752 2848 est,

2110 2899 2344 2954 semper
2373 2883 2522 2938 bona
2543 2881 2672 2937 est?
2694 2885 2827 2951 Ipsa
2855 2882 2941 2934 est
2962 2893 3098 2949 ergo
3127 2874 3398 2931 Felicitas
3435 2889 3448 2927 :
3470 2887 3572 2929 cur
3595 2871 3664 2926 ad
3677 2870 3754 2925 bi-

2108 2973 2323 3029 bentur
2343 2973 2458 3028 duo
2481 2971 2763 3027 nomina?
2792 2968 2906 3025 Sed
2946 2967 3056 3022 hoc
3100 2965 3400 3021 ferendum
3445 2965 3531 3017 est
3565 2977 3578 3016 :
3611 2962 3761 3016 solet

2109 3061 2264 3119 enim
2296 3066 2353 3118 et
2384 3077 2499 3117 una
2521 3077 2612 3118 res
2646 3060 2876 3116 duobus
2898 3056 3234 3112 nominibus
3263 3050 3572 3125 appellari.
3608 3049 3758 3114 Quid

2107 3153 2348 3208 diversae
2368 3153 2542 3219 sedes,
2567 3152 2806 3207 diversae
2829 3166 2959 3214 ara,
2977 3149 3206 3202 diversa
3223 3142 3429 3200 sacra?
3447 3142 3754 3208 Estcausa,

2106 3242 2384 3313 inquiunt
2419 3257 2432 3296 :
2464 3243 2600 3314 quia
2623 3241 2867 3296 felicitas
2897 3237 3000 3292 illa
3028 3243 3134 3305 est,
3160 3249 3335 3306 quam
3366 3230 3505 3288 boni
3537 3229 3757 3284 habent

2105 3333 2569 3402 praecedentibus
2590 3329 2848 3386 meritis:
2874 3329 3103 3383 fortuna
3125 3340 3254 3380 vero
3275 3338 3400 3394 quea
3423 3320 3632 3376 dicitur
3654 3319 3753 3374 bo-

2104 3438 2200 3485 na,
2220 3422 2346 3478 sine
2370 3421 2488 3476 ullo
2510 3421 2777 3476 examine
2795 3417 3130 3473 meritorum
3159 3412 3397 3469 fortuitu
3420 3408 3629 3466 accidit
3653 3407 3748 3462 ho-

2102 3510 2360 3567 minibus
2382 3516 2438 3567 et
2454 3511 2623 3566 bonis
2645 3518 2700 3565 et
2718 3507 2910 3571 malis,
2929 3507 3081 3562 unde
3102 3504 3272 3559 etiam
3299 3503 3527 3556 fortuna
3548 3495 3738 3552 nomi-

2102 3607 2287 3654 natur.
2312 3600 2610 3663 Quomodo
2634 3615 2766 3668 ergo
2780 3598 2926 3651 bona
2945 3599 3053 3659 est,
3076 3609 3202 3662 quas
3231 3591 3359 3645 sine
3382 3584 3736 3655 ullojudicio

2099 3686 2254 3742 venit
2273 3692 2328 3743 et
2351 3689 2417 3742 ad
2444 3688 2625 3742 bonos
2646 3691 2702 3742 et
2724 3685 2794 3740 ad
2813 3683 2995 3738 malos
3013 3685 3034 3736 ?
3054 3678 3267 3750 thuid
3287 3684 3477 3731 autem
3501 3671 3736 3738 colitur,

2099 3791 2227 3847 qua:
2257 3776 2335 3830 ita
2366 3791 2516 3830 caeca
2540 3779 2648 3841 est,
2673 3771 2886 3843 passim
2910 3771 2967 3824 in
3000 3766 3286 3837 quoslibet
3325 3764 3652 3822 incurrens,
3675 3762 3740 3813 ut

2098 3882 2240 3922 suos
2269 3863 2519 3920 cultores
2546 3863 2888 3934 plerumque
2909 3858 3231 3930 praetereat,
3255 3857 3312 3908 et
3341 3851 3461 3906 suis
3483 3851 3738 3904 contem-

2098 3953 2365 4028 ptoribus
2398 3953 2611 4007 hareat
2631 3950 2658 4005 ‘2
2688 3951 2792 4004 Aut
2815 3946 2860 4001 si
2891 3943 3110 4016 aliquid
3146 3939 3460 4014 proficiunt
3489 3934 3736 3992 cultores

2097 4049 2246 4120 ejus,
2274 4051 2338 4101 ut
2357 4045 2427 4101 ab
2451 4044 2550 4102 illa
2572 4043 2892 4110 videantur,
2916 4043 2972 4094 et
2992 4035 3413 4104 amentur,jam
3430 4028 3737 4120 meritase-

2098 4117 2319 4210 quitur,
2342 4152 2454 4192 non
2475 4133 2714 4190 fortuitu
2730 4131 2906 4187 venit.
2922 4127 3030 4185 Ubi
3047 4131 3137 4183 est
3166 4139 3300 4197 ergo
3316 4123 3338 4157 ²
3351 4119 3612 4178 delinitio
3633 4117 3734 4173 illa

2097 4231 2340 4286 fortuna:
2360 4228 2388 4283 ‘I
2405 4229 2500 4283 ubi
2522 4231 2609 4283 est
2631 4225 2785 4297 quod
2810 4240 2842 4277 a
2864 4220 3121 4277 fortuitis
3143 4215 3317 4272 etiam
3342 4228 3554 4269 nomen
3577 4225 3736 4267 acce-

2097 4321 2178 4391 pit
2198 4321 2226 4377 ?
2252 4320 2404 4376 Nihil
2437 4319 2590 4375 enim
2627 4317 2859 4388 prodest
2887 4329 3016 4370 eam
3055 4310 3261 4376 colere,
3289 4308 3334 4362 si
3360 4307 3592 4360 fortuna
3620 4304 3730 4356 est.

2095 4410 2155 4466 Si
2188 4415 2383 4466 autem
2416 4426 2554 4465 suos
2585 4406 2835 4463 cultores
2855 4401 3155 4466 discernit,
3189 4402 3252 4452 ut
3276 4395 3476 4468 prosit,
3503 4392 3735 4446 fortuna

2098 4515 2213 4554 non
2237 4502 2342 4553 est.
2375 4499 2458 4552 An
2493 4501 2548 4553 et
2579 4496 2790 4566 ipsam,
2812 4509 2928 4563 quo
2951 4489 3219 4555 voluerit,
3251 4484 3480 4556 Jupiter
3510 4477 3733 4566 mittit?

2096 4588 2325 4643 Colatur
2345 4602 2482 4658 ergo
2501 4565 2628 4658 ipse
2658 4583 2822 4639 solus
2849 4598 2861 4636 :
2893 4597 3006 4636 non
3035 4578 3190 4634 enim
3224 4577 3414 4648 potest
3435 4565 3730 4642 eijubenti

2095 4680 2153 4732 et
2181 4691 2308 4732 eam
2339 4691 2454 4746 quo
2487 4674 2732 4729 voluerit
2753 4669 3004 4727 mittenti
3029 4668 3281 4723 Fortuna
3307 4662 3596 4720 resistere.
3624 4659 3731 4746 Aut

2095 4769 2246 4822 certe
2277 4745 2450 4821 istam
2485 4763 2619 4819 mali
2649 4761 2862 4828 colant,
2895 4757 2992 4829 qui
3027 4755 3229 4812 nolunt
3271 4752 3481 4808 habere
3503 4745 3731 4813 merita,

2095 4851 2312 4926 quibus
2343 4853 2528 4924 possit
2559 4853 2673 4904 Dea
2703 4845 2968 4902 Felicitas
2995 4840 3249 4896 invitari.

2316 4975 2546 5032 CAPUT
2575 4973 2708 5029 XIX.
2741 5003 2806 5012 —
2839 4971 2912 5025 De
2941 4969 3186 5022 Fortuna
3213 4959 3506 5019 muliebri.

2164 5079 2416 5134 Tantum
2449 5090 2588 5131 sane
2620 5073 2776 5140 huic,
2801 5067 2951 5125 velut
2981 5065 3207 5122 numini
3237 5063 3525 5127 tribuunt,
3551 5069 3731 5128 quam

2093 5171 2404 5227 Fortunam
2437 5168 2660 5233 vocant,
2695 5170 2754 5217 ut
2783 5157 3164 5216 simulacrum
3190 5156 3334 5224 ejus,
3363 5152 3514 5222 quod
3547 5168 3579 5206 a
3615 5161 3735 5203 ma-

2090 5263 2277 5320 tronis
2305 5259 2616 5318 delicatum
2641 5260 2728 5313 est
2746 5257 2824 5328 (et
2845 5249 3134 5326 appellata
3149 5255 3238 5306 est
3259 5249 3509 5304 Fortuna
3531 5240 3734 5297 mulie-

2092 5353 2213 5408 bris
2236 5353 2378 5424 [Liv.
2411 5351 2450 5405 ι.
2483 5350 2584 5420 2]),
2617 5347 2793 5404 etiam
2826 5343 3083 5400 locutum
3107 5356 3230 5396 esse
3262 5333 3550 5424 memoriae
3581 5346 3732 5388 com-

2092 5421 2491 5496 mendaverint
2517 5435 2792 5508 (Ptutarlt.
2815 5436 2875 5489 in
2905 5429 3190 5488 Coriolano
3219 5437 3268 5483 et
3293 5425 3389 5481 tib.
3411 5421 3476 5478 de
3497 5425 3734 5479 Fortuna

2093 5530 2363 5595 Romam),
2397 5534 2569 5597 atque
2592 5524 2808 5580 dixisse
2831 5538 2944 5577 non
2966 5517 3164 5585 semel,
3199 5515 3298 5570 sed
3327 5512 3553 5582 iterum,
3573 5515 3730 5587 quod

2089 5631 2215 5670 eam
2248 5615 2355 5670 rite
2415 5617 2687 5669 motronaa
2732 5604 3136 5665 dedicaverint.
3174 5602 3332 5668 Quod
3392 5602 3620 5673 quidem
3684 5601 3732 5658 si

2153 5741 2171 5777 ι
2204 5738 2288 5788 Sic
2315 5737 2436 5788 Mss.
2466 5739 2534 5787 At
2556 5737 2702 5796 editi,
2723 5736 2994 5796 fecerunt.

2155 5802 2176 5836 ²
2204 5803 2384 5855 Abest.
2417 5815 2564 5862 ergo,
2597 5800 2663 5848 ab
2691 5792 2939 5848 omnibus
2971 5792 3169 5844 nostris
3197 5793 3319 5844 Mss.
3352 5793 3418 5841 M.
