4142 6186
412 306 521 366 I27

1468 307 1568 367 DE
1610 307 1984 371 CIVITATE
2028 312 2181 380 DEI,
2233 313 2294 373 S.
2341 313 2769 376 AUGUSTINI

3709 324 3829 384 1‘28

408 462 606 503 verum
640 445 944 516 sit,mirari
964 462 1070 501 nos
1091 461 1201 500 non
1222 448 1587 516 Oportel.Non
1602 447 1758 500 enim
1784 445 2054 518 malignis
2166 450 2283 504 veri
2317 448 2417 504 Dei
2436 466 2678 505 munera
2707 454 2867 517 sunt,
2890 465 3004 506 non
3028 451 3167 522 ipsa:
3199 457 3341 510 sunt
3364 455 3829 514 dee.Verumta-

409 535 958 591 daemonibusetiam
977 533 1061 589 sic
1084 533 1322 588 difﬁcile
1350 535 1433 587 est
1451 531 1668 602 fallere,
1690 550 1936 606 quorum
1961 551 2056 590 ar-

408 629 496 680 tes
513 631 684 695 atque
711 623 997 680 versutias
1023 622 1157 676 hinc
1180 621 1375 690 potius
1398 620 1494 676 isti
1517 624 1812 679 advertere
1843 623 2062 679 debue-

407 719 560 780 runt,
595 716 754 788 quod
784 714 884 770 illa
917 712 1241 768 dealocuta
1270 716 1377 778 est,
1412 729 1540 785 quae
1566 714 1805 771 fortuitu
1831 716 2060 785 accidit,

411 821 528 861 non
562 821 689 876 qua:
716 803 944 860 meritis
974 801 1150 857 venit.
1184 801 1316 857 Fuit
1346 803 1500 858 enim
1548 803 1802 861 Fortuna
1828 805 2060 877 loquax,

411 898 469 949 et
497 897 662 948 muta
694 891 998 958 Felicitas;
1037 890 1245 961 utquid
1279 889 1435 946 aliud
1469 891 1510 958 ¹,
1536 892 1645 946 nisi
1697 898 1762 948 ut
1799 894 2064 949 homines

412 987 566 1038 recte
597 981 786 1036 vivere
825 995 938 1034 non
981 984 1278 1045 curarent,
1313 980 1623 1037 conciliata
1653 982 1763 1037 sibi
1788 983 2064 1050 Fortuna,

413 1087 539 1141 quae
560 1069 692 1124 illos
716 1068 843 1123 sine
866 1067 1007 1122 ullis
1030 1067 1200 1123 bonis
1222 1069 1448 1125 meritis
1465 1069 1680 1125 faceret
1706 1070 2068 1126 fortunatos?

413 1157 480 1212 Et
503 1163 660 1214 certe
702 1156 752 1212 si
793 1157 1052 1212 Fortuna
1075 1157 1350 1228 loquitur,
1369 1174 1482 1213 non
1509 1158 1716 1214 saltem
1742 1159 2066 1228 muliebris,

415 1249 518 1303 sed
545 1247 726 1302 virilis
750 1247 940 1316 potius
966 1245 1318 1317 loqueretur,
1343 1254 1536 1302 utnon
1560 1247 1720 1319 ipsae,
1744 1264 1871 1320 quae
1893 1248 2071 1304 simu-

420 1335 646 1392 lacrum
667 1336 1100 1400 dedicaverunt,
1121 1339 1703 1405 putarenturtantum
1718 1337 2072 1394 miraculum

413 1425 686 1482 muliebri
720 1424 1075 1496 loquacitate
1103 1424 1362 1480 ﬁnxisse.

413 1532 642 1589 CAPUT
667 1533 792 1589 XX.
829 1561 898 1572 -ο
928 1532 1004 1586 De
1041 1532 1253 1586 Virtute
1281 1535 1330 1587 et
1351 1531 1501 1598 Fide,
1535 1548 1668 1604 quas
1690 1534 1906 1604 Pagani
1934 1538 2067 1590 tem-

485 1621 595 1694 plis
642 1628 697 1676 et
734 1622 908 1676 sacris
947 1621 1378 1688 honoraverunt,
1423 1622 1903 1693 praetermittentes
1945 1623 2065 1679 alia

495 1713 656 1780 bona,
687 1727 808 1783 quae
839 1711 1104 1766 similiter
1141 1709 1370 1765 colenda
1389 1713 1644 1782 fuerunt,
1663 1713 1715 1767 si
1751 1711 2076 1768 rectealiis2

497 1801 765 1856 divinitas
793 1799 1170 1854 tribuebatur.

487 1890 770 1945 Virtutem
803 1903 1030 1960 quoque
1052 1888 1220 1942 deam
1245 1888 1540 1944 fecerunt:
1574 1905 1702 1961 qua
1736 1890 1978 1960 quidem
2017 1889 2069 1945 si

432 1981 540 2036 dea
559 1981 730 2046 esset,
753 1977 955 2034 multis
970 1977 1156 2032 fuerat
1170 1978 1540 2048 praeferenda.
1556 1980 1794 2034 Etnunc
1806 1979 1945 2051 quia
1962 1980 2073 2036 dea

417 2086 533 2126 non
566 2073 676 2138 est,
708 2069 806 2123 sed
838 2068 1059 2121 donum
1085 2065 1186 2122 Dei
1213 2073 1319 2134 est,
1345 2067 1474 2137 ipsa
1493 2067 1685 2123 abillo
1706 2067 2073 2140 impetretur,

419 2175 453 2214 a
474 2173 588 2228 quo
624 2155 748 2211 solo
776 2155 898 2210 dari
943 2159 1134 2225 potest
1161 2170 1174 2209 :
1199 2162 1254 2210 et
1302 2155 1497 2212 omnis
1525 2156 1803 2213 falsorum
1831 2159 2074 2213 deorum

418 2246 592 2302 turba
613 2251 898 2300 vanescet.
919 2244 1030 2299 Sed
1062 2260 1168 2298 cur
1195 2247 1251 2298 et
1274 2244 1464 2308 Fides,
1497 2246 1606 2301 dea
1642 2245 1862 2302 credita
1881 2250 1990 2308 est,
2023 2249 2082 2300 et

419 2333 644 2404 accepit
664 2332 840 2388 etiam
863 2331 992 2402 ipsa
1008 2331 1285 2401 templum
1301 2331 1588 2389 etaltare?
1611 2334 1792 2399 Quam
1805 2333 2081 2408 quisquis

419 2422 732 2495 prudenter
761 2419 1043 2492 agnoscit,
1067 2419 1460 2476 habitaculum
1481 2421 1566 2477 illi
1607 2439 1668 2478 se
1698 2423 1894 2493 ipsum
1920 2422 2076 2478 facit.

419 2511 582 2570 Unde
605 2515 796 2566 autem
820 2508 1266 2580 sciuntilliquid
1291 2509 1364 2564 sit
1387 2510 1530 2567 ﬁdes
1552 2513 1722 2583 cujus
1744 2513 1998 2584 primum
2024 2518 2083 2570 et

428 2600 749 2657 maximum
774 2599 1033 2655 ofﬁcium
1058 2603 1168 2664 est,
1187 2602 1250 2653 ut
1271 2598 1330 2653 in
1346 2615 1542 2655 verum
1559 2601 1831 2656 credatur
1854 2601 2038 2658 Deum
2054 2603 2082 2658 ?

421 2690 529 2745 Sed
564 2705 670 2743 cur
693 2702 804 2742 non
831 2686 1136 2756 suffecerat
1155 2685 1376 2741 virtus?
1393 2703 1589 2743 nonne
1611 2687 1692 2744 ibi
1713 2696 1804 2744 est
1822 2693 1880 2745 et
1909 2691 2084 2746 ﬁdes?

427 2779 674 2845 Quando
707 2777 945 2847 quidem
977 2776 1256 2830 virtutem
1281 2776 1339 2830 in
1363 2782 1618 2846 quatuor
1643 2781 1870 2850 species
1893 2781 2084 2836 distri-

427 2867 723 2922 buendam
757 2881 886 2920 esse
917 2863 2085 2937 viderunt,prudentiam,justitiam,for-

429 2953 1313 3024 titudinem,temperantiam.Et
1351 2954 1630 3024 quoniam
1672 2955 1796 3011 ista:
1837 2958 2085 3029 singulae

432 3043 658 3117 species
687 3059 825 3098 suas
869 3041 1102 3110 habent,
1127 3042 1184 3098 in
1220 3044 1749 3115 partibusjustitiaa
1780 3045 1925 3102 ﬁdes
1954 3051 2080 3115 est;

434 3134 880 3204 maximumque
907 3131 1102 3187 locum
1137 3133 1288 3204 apud
1324 3148 1432 3188 nos
1481 3132 1675 3204 habet,
1726 3136 2086 3209 quicumque

435 3224 659 3280 scimus
689 3222 825 3292 quid
872 3221 966 3288 sit,
1019 3221 1172 3293 quod
1199 3223 1398 3292 justus
1423 3238 1492 3278 ex
1537 3223 1650 3279 ﬁde
1700 3225 1836 3280 vivit
1863 3226 2084 3296 (Habac.

439 3330 502 3383 ιι,
535 3313 612 3383 ἅ).
636 3312 745 3367 Sed
766 3309 899 3366 illos
932 3309 1112 3366 miror
1141 3309 1494 3382 appetitores
1518 3311 1914 3370 multitudinis
1947 3315 2086 3372 deo-

439 3417 594 3468 rum,
634 3400 681 3454 si
704 3399 848 3454 ﬁdes
878 3398 987 3454 dea
1007 3403 1116 3466 est,
1142 3415 1318 3470 quare
1344 3399 1472 3455 aliis
1503 3408 1618 3456 tam
1644 3401 1847 3458 multis
1863 3403 2087 3460 deabus

440 3490 723 3560 injuriam
744 3487 985 3544 fecerint
1007 3489 1505 3558 pretermittendo
1521 3491 1863 3561 eas,quibus
1877 3491 2086 3549 simili-

437 3587 522 3636 ter
533 3580 686 3634 aedes
702 3581 758 3634 et
770 3593 900 3633 aras
915 3577 1183 3634 dedicare
1203 3580 1558 3650 potuerunt?
1578 3581 2088 3654 Curtemperantia

436 3670 544 3725 dea
559 3683 686 3724 esse
717 3683 830 3723 non
857 3668 1088 3736 meruit,
1117 3684 1252 3723 cum
1276 3669 1407 3738 ejus
1431 3670 1668 3725 nomine
1689 3672 1955 3728 nonnulli
1982 3674 2090 3729 Ro-

436 3757 594 3813 mani
619 3757 914 3828 principes
935 3773 1049 3813 non
1090 3773 1326 3828 parvam
1366 3757 1610 3828 gloriam
1649 3761 2089 3833 compererint?

437 3848 549 3903 Cur
570 3847 824 3918 denique
847 3846 1125 3901 fortitudo
1153 3847 1261 3902 dea
1291 3864 1406 3902 non
1440 3852 1548 3915 est,
1583 3865 1711 3920 qua:
1739 3850 1927 3905 adfuit
1960 3851 2090 3907 Mu-

435 3937 522 3993 cio
550 3937 796 4008 (a),cum
820 3938 1118 3992 dexteram
1151 3938 1478 4008 porrexitin
1503 3939 1772 3996 ﬂammas
1795 3960 1809 4008 ;
1831 3957 1959 4011 qua
1982 3943 2087 3998 ad-

436 4027 552 4081 fuit
574 4026 768 4080 Curtio
798 4025 898 4095 (b),
931 4041 1064 4079 cum
1089 4041 1151 4080 se
1181 4041 1284 4096 pro
1328 4027 1514 4095 patria
1544 4027 1604 4080 in
1637 4029 1940 4099 abruptam
1973 4037 2090 4087 ter-

438 4127 562 4167 ram
587 4112 940 4181 praecipitem
977 4112 1166 4179 dedit;
1199 4128 1327 4182 quas
1367 4112 1557 4168 adfuit
1585 4114 1758 4171 Decio
1800 4117 1948 4186 patri
1995 4120 2088 4190 (c),

439 4205 497 4255 et
528 4200 695 4254 Decio
723 4199 842 4254 ﬁlio
868 4199 967 4270 (d),
1003 4215 1136 4254 cum
1161 4216 1265 4269 pro
1291 4200 1544 4255 exercitu
1577 4219 1639 4258 se
1679 4208 2008 4262 voverunt?
2029 4208 2087 4263 Si

436 4291 633 4344 tamen
665 4289 753 4343 his
784 4287 1064 4342 omnibus
1091 4305 1220 4344 vera
1249 4289 1438 4343 inerat
1461 4290 1766 4360 fortitudo,
1793 4295 1948 4350 unde
1971 4313 2091 4352 mo-

437 4377 510 4433 do
559 4393 673 4433 non
723 4377 939 4447 agitur.
979 4377 1168 4442 Quare
1217 4378 1548 4448 prudentia,
1596 4397 1774 4451 quare
1805 4384 2091 4455 sapientia

438 4465 600 4522 nulla
622 4466 932 4522 numinum
955 4464 1084 4521 loca
1108 4470 1494 4525 meruerunt?
1514 4487 1586 4526 an
1609 4471 1748 4542 quia
1771 4472 1828 4526 in
1853 4476 2090 4532 nomine

436 4553 694 4626 generali
724 4553 912 4625 ipsius
934 4554 1166 4611 virtutis
1195 4571 1401 4612 omnes
1444 4558 1718 4616 coluntur
1737 4561 1765 4615 ‘f
1803 4561 1898 4618 Sic
1955 4580 2088 4636 ergo

438 4647 628 4716 posset
659 4648 714 4699 et
739 4659 891 4698 unus
923 4645 1069 4699 Deus
1091 4645 1226 4711 coli,
1249 4646 1422 4716 cujus
1452 4653 1648 4718 partes
1671 4650 1861 4706 caeteri
1879 4653 1958 4709 dii
1979 4671 2085 4724 pu-

437 4735 654 4788 tantur.
687 4733 799 4789 Sed
832 4732 893 4788 in
925 4732 1027 4788 illa
1048 4750 1166 4790 una
1186 4735 1396 4792 virtute
1425 4741 1482 4793 et
1511 4737 1655 4794 ﬁdes
1686 4744 1795 4807 est,
1827 4746 1885 4797 et
1915 4743 2088 4812 pudi-

438 4821 594 4892 citia,
630 4840 761 4896 qua:
809 4826 998 4879 tamen
1031 4827 1194 4880 extra
1224 4825 1284 4880 in
1324 4823 1545 4882 aedibus
1588 4829 1838 4901 propriis
1883 4830 2088 4888 altaria

442 4917 802 4968 meruerunt.

439 5009 677 5066 CAPUT
700 5010 850 5066 XXI.
872 5042 942 5050 —
965 5011 1116 5080 Quod
1136 5013 1280 5068 dona
1299 5030 1407 5070 non
1431 5013 1811 5089 intelligentes
1833 5017 1946 5087 Dei,
1973 5021 2086 5076 Vir-

513 5101 628 5153 tute
651 5099 844 5154 saltem
861 5100 882 5134 ³
913 5109 966 5156 et
998 5100 1276 5158 Felicitate
1303 5102 1591 5160 debuerint
1617 5121 1732 5162 esse
1751 5108 2012 5164 contenti.

511 5188 625 5245 Has
647 5189 782 5246 deas
812 5206 926 5246 non
949 5190 1183 5260 veritas,
1209 5193 1310 5248 sed
1329 5195 1555 5250 vanitas
1587 5195 1722 5251 fecit
1745 5213 1759 5252 :
1782 5197 1904 5253 haec
1926 5199 2081 5255 enim

506 5319 521 5351 ι
556 5314 619 5362 In
645 5315 720 5374 B.,
751 5323 801 5363 et
830 5314 902 5363 ad
931 5314 1084 5374 quid.
1116 5315 1183 5364 Μ.

505 5376 525 5409 ²
554 5378 721 5433 Forte,
757 5377 896 5426 illis.
929 5376 995 5426 M.

502 5438 638 5547 laditi
670 5454 680 5487 :
715 5441 867 5496 Quod
895 5453 1073 5490 unum
1106 5452 1216 5486 non
1248 5437 1624 5502 intelligente:
1654 5445 1849 5502 Deum,
1882 5447 2088 5498 virtute

502 5535 503 5541 η
554 5516 654 5547 em.

440 5509 654 5549 saltem.

499 5564 573 5634 (ᾳ)
605 5565 806 5634 Mucius
824 5567 997 5634 dictus
1027 5564 1296 5634 Scaevola.
1330 5565 1440 5615 Liv.
1472 5567 1561 5617 lib.
1595 5569 1642 5628 2,
1673 5585 1787 5634 cap.
1820 5572 1895 5622 12.

503 5622 578 5690 (ὁ)
603 5625 801 5690 Livius,
833 5630 924 5677 lib.
956 5628 1005 5682 7.
1036 5642 1150 5690 cap.
1182 5628 1230 5677 6.

503 5688 572 5752 (o)
600 5687 696 5752 ῳ..
729 5688 818 5752 lib.
851 5691 898 5747 8,
930 5704 1044 5752 cap.
1075 5687 1124 5739 91

503 5747 582 5810 (ἀ)
613 5749 710 5813 Id.,
740 5750 830 5799 lib.
866 5752 942 5810 10,
963 5747 1076 5814 cap.
1095 5752 1180 5805 28.
1210 5754 1284 5806 De
1300 5753 1489 5806 iisdem
1517 5756 1676 5815 intra.
1697 5759 1983 5824 lib.5,eap.
2008 5760 2082 5811 18.

2167 553 2295 593 men
2310 538 2765 594 ubiestvirtuset
2780 539 3152 612 felicitas,qui
3167 543 3321 599 aliud
3339 546 3651 615 quaeritur?
3676 547 3825 611 Quid

2168 629 2217 685 ei
2237 629 2472 698 sufﬁcit,
2499 629 2592 685 cui
2615 631 2802 688 virtus
2819 631 3183 704 felicitasque
3199 651 3312 690 non
3329 637 3546 692 sufﬁcit
3564 637 3592 693 ?
3613 640 3828 695 Omnia

2169 719 2383 790 quippe
2404 720 2629 789 agenda
2661 719 3066 792 complectitur
3087 722 3308 789 virtus;
3333 725 3531 780 omnia
3551 729 3830 797 optanda,

2172 807 2437 862 felicitas.
2455 807 2514 862 Si
2529 809 2778 880 Jupiter,
2794 817 2853 864 ut
2874 809 2993 864 hac
3009 809 3196 880 daret,
3213 812 3339 868 ideo
3359 813 3660 871 colebatur
3676 816 3835 887 ;quia

2176 896 2225 952 si
2244 897 2460 952 bonum
2479 897 2697 968 aliquid
2715 904 2794 953 est
2811 898 3062 955 latitudo
3081 901 3245 973 regni
3265 907 3436 974 atque
3450 905 3831 974 diuturnitas,

2171 985 2243 1040 ad
2263 987 2526 1041 eamdem
2556 987 3149 1057 pertinetfelicitatem
3178 1007 3318 1059 ;cur
3333 1009 3447 1048 non
3469 993 3833 1051 intellectum

2179 1077 2270 1128 est
2295 1073 2448 1130 dona
2479 1075 2577 1130 Dei
2604 1091 2752 1142 esse,
2786 1092 2902 1132 non
2926 1077 3066 1133 deas
3089 1078 3190 1133 ?Si
3217 1086 3414 1136 autem
3447 1087 3660 1152 putatae
3693 1089 3833 1139 sunt

2177 1164 2308 1228 dea,
2331 1162 2537 1219 saltem
2557 1163 2672 1220 alia
2691 1169 2850 1220 tanta
2867 1165 3108 1222 deorum
3129 1169 3301 1224 turba
3321 1186 3433 1226 non
3451 1176 3828 1242 quereretur.

2179 1249 2572 1308 Consideratis
2593 1253 2744 1309 enim
2788 1253 2998 1310 ofﬁciis
3039 1256 3283 1312 deorum
3325 1259 3687 1330 dearumque
3718 1277 3840 1317 om-

2180 1341 2365 1411 nium,
2391 1359 2517 1414 qua:
2549 1343 2706 1399 sicut
2732 1343 3035 1400 voluerunt
3059 1363 3162 1416 pro
3193 1363 3300 1403 sua
3330 1348 3670 1421 opinatione
3719 1351 3837 1406 ﬁn-

2179 1431 2751 1502 xerunt,finveniant,
2775 1433 2822 1488 si
2845 1443 3108 1504 possunt,
3125 1435 3345 1506 aliquid
3366 1439 3520 1510 quod
3541 1440 3612 1494 ab
3629 1437 3830 1510 aliquo

2184 1522 2290 1575 deo
2316 1521 2574 1592 praestari
2607 1522 2783 1590 possit
2807 1521 3033 1577 homini
3055 1523 3598 1595 babentivirtutem,
3623 1527 3844 1584 haben-

2185 1608 2224 1663 ti
2257 1608 2609 1667 felicitatem.
2634 1611 2780 1676 Quid
2824 1612 3103 1668 doctrinae
3133 1616 3220 1670 vel
3251 1632 3282 1670 a
3331 1615 3633 1686 Mercurio,
3661 1617 3750 1672 vel
3799 1635 3832 1672 ι

2185 1699 2442 1755 Minerva
2473 1701 2554 1770 (α)
2588 1701 2899 1770 petendum
2924 1708 3103 1771 esset,
3128 1719 3258 1758 cum
3291 1704 3478 1761 virtus
3513 1706 3713 1761 omnia
3745 1722 3840 1762 se-

2184 1803 2320 1845 cum
2355 1788 2640 1844 haberet?
2661 1794 2768 1845 Ars
2790 1791 3005 1862 quippe
3024 1791 3152 1862 ipsa
3169 1793 3315 1848 bene
3337 1799 3610 1867 recteque
3629 1795 3839 1851 viven-

2195 1877 2276 1944 di,
2299 1879 2486 1933 virtus
2516 1895 2550 1933 a
2577 1879 2870 1935 veteribus
2901 1881 3142 1936 deﬁnita
3169 1886 3280 1938 est.
3305 1882 3468 1938 Unde
3489 1883 3561 1939 ab
3593 1901 3659 1940 eo
3685 1885 3843 1956 quod

2187 1982 2370 2038 graece
2394 1966 2554 2040 ἀρετή
2587 1967 2803 2022 dicitur
2831 1969 3032 2035 virtus,
3059 1987 3270 2027 nomen
3293 1971 3434 2028 artis
3472 1971 3706 2029 Latinos
3719 1979 3841 2029 tra-

2188 2057 2425 2112 duxisse
2448 2062 2794 2128 putaverunt
2825 2061 2920 2131 (ὸ).
2954 2059 3069 2116 Sed
3098 2061 3148 2116 si
3173 2061 3358 2118 virtus
3393 2063 3629 2120 nonnisi
3651 2065 3722 2120 ad
3748 2064 3842 2120 in-

2190 2146 2493 2217 geniosum
2519 2151 2713 2218 posset
2734 2149 2952 2215 venire,
2969 2149 3109 2221 quid
3125 2165 3274 2222 opus
3290 2155 3416 2207 erat
3435 2152 3540 2208 deo
3558 2151 3716 2210 Catio
3736 2170 3842 2226 pa-

2189 2239 2302 2304 tre,
2327 2233 2426 2307 qui
2449 2240 2629 2301 catos,
2651 2237 2707 2291 id
2729 2241 2819 2292 est
2841 2243 3067 2305 acutos,
3098 2240 3330 2309 faceret,
3349 2257 3484 2298 cum
3515 2241 3623 2297 hoc
3645 2248 3844 2313 posset

2192 2327 2457 2384 conferre
2470 2326 2719 2384 felicitas
2731 2329 3138 2400 ?lngeniosum
3165 2331 3382 2404 quippe
3400 2332 3576 2399 nasci,
3599 2333 3847 2390 felicita-

2191 2417 2269 2472 tis
2298 2415 2592 2484 est.Unde,
2615 2417 2842 2473 etiamsi
2876 2435 2992 2474 non
3018 2419 3257 2490 potuita
3279 2422 3538 2477 nondum
3563 2427 3701 2478 nato
3732 2422 3849 2479 coli

2193 2507 2301 2563 dea
2331 2505 2620 2572 Felicitas,
2645 2511 2708 2560 ut
2737 2506 2845 2562 boc
2867 2508 2918 2562 ei
2943 2508 3250 2565 conciliata
3270 2510 3534 2580 donaret,
3555 2512 3841 2568 conferret

2192 2596 2301 2650 hoc
2323 2595 2657 2666 parentibus
2680 2595 2806 2666 ejus
2830 2595 3151 2652 cultoribus
3190 2598 3336 2666 suis,
3364 2608 3424 2655 ut
3449 2601 3534 2656 eis
3564 2600 3843 2668 ingeniosi

2194 2681 2298 2739 ﬁlii
2319 2683 2874 2748 nascerentur.Quid
2895 2702 3040 2756 opus
3065 2689 3662 2759 eratparturientibus
3689 2691 3842 2745 invo-

2197 2789 2330 2827 care
2361 2772 2664 2842 Lucinam,
2689 2789 2846 2844 cum,
2871 2775 2921 2830 si
2944 2776 3171 2832 adesset
3193 2777 3474 2840 Felicitas,
3509 2793 3622 2833 non
3649 2779 3851 2833 solum

2198 2863 2344 2917 bene
2365 2865 2651 2933 parerent,
2672 2863 2772 2918 sed
2814 2863 2988 2919 etiam
3029 2865 3209 2921 bonos
3233 2865 3261 2920 ?
3277 2865 3422 2930 Quid
3461 2881 3700 2921 necesse
3721 2875 3852 2921 erat

2193 2949 2299 3022 Opi
2315 2951 2435 3006 deae
2447 2952 2856 3007 commendare
2869 2955 3232 3023 nascentes,d
3242 2969 3306 3009 eo
3319 2953 3593 3011 Vaticano
3605 2953 3860 3026 vagien-

2196 3039 2430 3108 tes,deae
2453 3039 3120 3111 Cuninaejacentes,deae
3141 3043 3399 3099 Rumina:
3423 3047 3721 3115 augentes,
3745 3044 3855 3100 deo

2194 3129 2464 3186 Statilino
2487 3132 2858 3198 stantes,dem
2881 3131 3129 3187 Adeone
3143 3132 3695 3201 adeuntes,Abeonaa
3711 3133 3854 3187 abe-

2197 3223 2368 3274 untes
2393 3237 2406 3286 ;
2433 3219 2551 3274 deas
2568 3219 2762 3286 Menti,
2797 3224 2861 3275 ut
2882 3220 3096 3277 bonam
3117 3221 3401 3278 baberent
3424 3226 3680 3278 mentem
3705 3240 3720 3288 ;
3739 3223 3847 3276 deo

2198 3307 2504 3375 Volumno,
2532 3313 2590 3364 et
2610 3309 2728 3366 deaa
2748 3309 3139 3377 Volumnaamt
3161 3311 3308 3367 bona
3321 3310 3557 3378 vellent;
3577 3311 3692 3368 diis
3706 3328 3863 3383 nup-

2197 3396 2433 3453 tialibus
2453 3399 2494 3461 ί,
2516 3401 2579 3453 ut
2600 3399 2746 3454 bene
2767 3400 3257 3470 conjugarentur;
3281 3400 3392 3456 diis
3411 3401 3762 3472 agrestibus,
3781 3403 3848 3454 ut

2200 3487 2424 3543 fructus
2444 3486 2764 3543 uberrimos
2783 3493 3141 3559 caperent,et
3159 3490 3410 3545 maxime
3430 3490 3540 3560 ipsi
3556 3490 3697 3545 dive
3718 3489 3858 3545 Fru-

2200 3580 2438 3644 ctesea;
2464 3576 2631 3631 Marti
2653 3581 2709 3631 et
2734 3575 3071 3644 Bollonze,ut
3093 3579 3240 3634 bene
3261 3577 3672 3650 belligerarent
3695 3596 3709 3646 ;
3733 3579 3854 3633 dea:

2198 3664 2554 3734 Victorim,ut
2574 3665 3001 3732 vincerent;deo
3019 3667 3233 3722 Honori
3257 3667 3372 3729 ’.ut
3392 3667 3851 3733 bonorarentur;

2200 3755 2322 3810 deas
2344 3753 2630 3820 Pecuniae,
2656 3762 2715 3808 ut
2738 3755 3035 3826 pecuniosi
3056 3755 3392 3822 essent;deo
3414 3757 3726 3811 Esculano
3749 3758 3770 3791 ³
3792 3762 3850 3812 et

2201 3844 2322 3898 ﬁlio
2336 3843 2814 3916 ejusArgentino,
2842 3849 2906 3900 ut
2927 3843 3208 3900 haberent
3230 3861 3440 3900 aeream
3472 3849 3844 3916 argenteam-

2201 3950 2311 4005 que
2334 3932 2636 4004 pecuniam
2659 3931 2686 3986 ‘l
2709 3934 2851 3990 Nam
2882 3932 3010 3988 ideo
3027 3938 3242 4003 patrem
3263 3933 3562 4005 Argentini
3583 3933 3844 3989 Escula-

2201 4039 2340 4078 num
2366 4030 2707 4092 posuerunt,
2731 4022 2868 4094 quia
2890 4022 3051 4093 prius
3071 4037 3219 4077 aerea
3242 4023 3488 4093 pecunia
3509 4023 3568 4077 in
3589 4037 3692 4078 usu
3719 4038 3854 4078 esse

2201 4111 2393 4182 cmpit,
2429 4114 2559 4182 post
2589 4115 2862 4182 argentea
2893 4111 2986 4183 (c).
3026 4110 3202 4168 Miror
3230 4111 3603 4182 autem,quod
3637 4113 3855 4183 Argen-

2203 4199 2359 4256 tinus
2380 4216 2493 4254 non
2525 4202 2722 4270 genuit
2751 4201 3060 4266 Aurinum,
3093 4200 3240 4272 quia
3263 4205 3320 4256 et
3343 4216 3520 4256 aurea
3537 4200 3865 4256 subsecuta

2200 4295 2308 4345 est.
2339 4291 2517 4355 Quem
2548 4289 2723 4345 deum
2755 4289 2851 4344 isti
2883 4290 2930 4344 si
2965 4289 3267 4357 baberent,
3302 4290 3452 4345 sicut
3482 4289 3736 4345 Saturno
3756 4289 3856 4345 Jo-

2201 4395 2354 4447 vem,
2376 4379 2457 4433 ita
2477 4382 2533 4433 et
2561 4378 2711 4450 patri
2743 4379 3055 4450 Argentino
3086 4383 3144 4435 et
3184 4395 3286 4434 avo
3337 4378 3651 4434 Esoulano
3681 4377 3863 4434 Auri-

2205 4487 2342 4526 num
2377 4473 2799 4541 praeponerent.
2831 4469 2979 4536 Quid
3028 4485 3161 4540 ergo
3183 4474 3309 4526 erat
3336 4485 3573 4526 necesse
3618 4473 3862 4542 propter

2200 4557 2320 4614 haec
2353 4558 2502 4614 bona
2522 4558 2611 4614 vel
2644 4559 2845 4627 animi,
2878 4559 2965 4614 vel
2996 4560 3274 4632 corporis,
3306 4558 3395 4615 vel
3426 4563 3684 4625 externa,
3716 4563 3854 4614 tan-

2201 4651 2320 4704 tam
2354 4649 2595 4704 deorum
2626 4649 2859 4704 turbam
2891 4650 3079 4706 colere
3121 4658 3176 4705 et
3231 4649 3536 4716 invocare;
3570 4663 3720 4720 quos
3751 4664 3853 4704 ue-

2201 4753 2314 4809 que
2346 4753 2547 4793 omnes
2577 4738 3046 4806 commemoravi,
3065 4737 3301 4809 necipsi
3327 4742 3647 4810 potuerunt
3668 4737 3862 4794 omni-

2201 4829 2315 4884 bus
2333 4827 2504 4884 bouis
2519 4828 2798 4883 humanis
2821 4827 3153 4883 minutatim
3181 4826 3646 4900 singillatimque
3667 4826 3858 4899 diges-

2201 4917 2278 4972 tis
2310 4917 2447 4972 deos
2482 4916 2742 4972 minutos
2775 4919 2833 4971 et
2862 4915 3128 4987 singulos
3150 4916 3485 4986 providere;
3511 4931 3642 4971 cum
3667 4920 3868 4986 posset

2204 5022 2414 5078 magno
2439 5005 2709 5076 facilique
2733 5004 3076 5077 compendio
3101 5022 3214 5060 una
3237 5007 3346 5060 dea
3366 5004 3638 5060 Felicitas
3655 5007 3870 5061 cuncta

2201 5097 2596 5162 conferre;nec
2610 5093 2798 5148 solum
2816 5094 2884 5147 ad
2905 5093 3056 5148 bona
3069 5094 3350 5166 capienda
3363 5093 3672 5164 quisquam
3689 5092 3870 5172 alius,

2200 5184 2299 5241 sed
2322 5199 2511 5254 neque
2533 5183 2604 5238 ad
2627 5181 2974 5254 depellenda
2997 5181 3146 5238 mala
3177 5182 3677 5254 quaereretur?Cur
3705 5183 3868 5238 enim

2268 5329 2283 5362 ι
2323 5323 2476 5374 Vind.
2509 5326 2625 5373 Am.
2655 5326 2708 5374 et
2736 5325 2984 5374 nonnulli
3010 5325 3381 5390 manuscripti,
3404 5325 3515 5375 diis
3540 5324 3874 5388 coniugali-

2201 5389 2400 5498 bufEr.
2432 5452 2486 5499 et
2515 5451 2719 5514 aliquot
2746 5450 2890 5510 Msa,
2920 5450 3014 5498 deo
3046 5451 3353 5500 Honorino.

2269 5515 2289 5546 ³
2304 5514 2515 5562 Nonulli
2530 5512 2690 5564 manu
2699 5514 2879 5577 scripti
2890 5515 2975 5563 hic
2987 5514 3189 5563 etinfra
3205 5515 3531 5567 constanter.
3544 5512 3873 5563 JEscalono.

2210 5639 2220 5650 ι
2265 5579 2322 5636 (α
2342 5577 2653 5649 )Mercurius
2672 5579 2912 5640 praeerat
2932 5577 3284 5638 eloquentiae,
3316 5577 3560 5626 Minerva
3587 5577 3795 5626 artibus
3818 5581 3877 5627 et

2207 5652 2591 5762 ωῗὲῗδιὲίιαιιιε
2610 5702 2668 5751 in
2686 5703 2944 5751 Andriam
2964 5703 3212 5762 Terentii,
3235 5704 3335 5753 act.
3361 5701 3406 5760 1,
3431 5714 3572 5753 scen.
3601 5701 3644 5759 1,
3669 5703 3872 5752 versi.

2278 5704 2322 5760 [ὁ
2355 5704 2591 5751 Donatus
2610 5704 2668 5751 in
2686 5704 2944 5751 Andriam
2964 5704 3000 5749 T

2278 5704 2347 5828 (οέ
2373 5763 2510 5814 Plin.
2540 5764 2633 5813 lib.
2665 5763 2745 5820 33,
2775 5777 2889 5828 cap.
2924 5763 3000 5815 i3.
