4128 6190
267 311 373 372 129

261 451 406 503 esset
425 444 746 502 invocanda
769 446 1001 516 propter
1031 441 1214 499 fessos
1243 443 1376 498 diva
1403 441 1685 499 Fessonia
1705 442 1746 512 ί,
1769 461 1891 513 pro-

256 539 368 606 pter
388 535 574 589 hostes
595 533 968 604 depellendos
989 533 1119 588 diva
1139 532 1418 600 Pellonia,
1442 537 1673 604 propter
1701 548 1886 604 aegros

257 625 502 679 medicus
525 623 613 678 vel
645 621 866 694 Apollo,
890 622 974 678 vel
998 621 1379 692 rEsculapius,
1407 621 1489 676 vel
1515 621 1685 676 ambo
1709 621 1886 676 simul

256 715 473 786 quando
504 718 660 770 esset
679 714 898 785 grande
919 713 1244 784 periculum
1265 713 1292 766 ?
1323 712 1435 768 Nec
1457 713 1597 766 deus
1623 711 1888 782 Spinien-

251 804 325 858 sis
354 801 394 872 ³,
419 809 480 858 ut
500 804 706 874 spinas
726 819 796 858 ex
819 803 972 874 agris
1005 803 1354 867 eradicaret;
1383 817 1486 856 nec
1509 803 1614 856 dea
1639 801 1886 872 Rubigo,

250 900 306 948 ut
321 909 431 948 non
453 893 774 961 accederet,
790 901 1119 962 rogaretur:
1147 907 1261 945 una
1283 890 1576 945 Felicitate
1603 899 1888 960 praesente

245 986 298 1038 et
323 987 536 1049 tuente,
571 982 662 1038 vel
693 981 854 1037 nulla
887 980 1040 1036 mala
1069 980 1452 1046 exorirentur,
1487 978 1573 1034 vel
1607 979 1887 1035 facillime

246 1069 610 1141 pellerentur.
637 1070 932 1126 Postremo
963 1068 1236 1140 quoniam
1260 1067 1331 1123 de
1355 1067 1584 1122 duabus
1606 1068 1734 1122 istis
1755 1068 1888 1122 dea-

245 1158 350 1214 bus
364 1158 590 1215 Virtute
613 1163 670 1213 et
690 1157 984 1213 Felicitate
1009 1161 1346 1223 tractamus,
1365 1156 1414 1210 si
1438 1154 1682 1210 felicitas
1706 1156 1888 1210 virtu-

245 1248 317 1303 tis
339 1252 425 1303 est
445 1247 767 1320 premium,
797 1263 912 1302 non
934 1247 1058 1314 dea,
1081 1247 1178 1302 sed
1205 1245 1305 1300 Dei
1331 1245 1550 1300 donum
1571 1249 1691 1300 est:
1716 1244 1765 1299 si
1787 1262 1887 1300 au-

245 1340 355 1392 tem
379 1338 482 1393 dea
503 1342 612 1402 est,
639 1353 746 1392 cur
771 1353 886 1392 non
908 1337 1139 1392 dicatur
1161 1341 1218 1392 et
1241 1335 1514 1390 virtutem
1539 1334 1728 1405 ipsam
1753 1351 1888 1390 con-

245 1426 409 1492 ferre;
434 1425 914 1497 quandoquidem
950 1425 1121 1480 etiam
1153 1426 1430 1480 virtutem
1461 1423 1886 1494 consequifeli-

246 1515 384 1570 citas
415 1531 633 1587 magna
662 1516 794 1571 est?

244 1619 467 1676 CAPUT
521 1620 694 1676 XXII.
744 1651 813 1661 —-
842 1621 916 1676 De
963 1622 1201 1678 scientia
1238 1621 1590 1676 colendorum
1635 1621 1882 1686 deorum,

308 1727 469 1782 quam
497 1727 532 1766 a
562 1726 620 1767 se
651 1710 816 1766 Varro
846 1712 1122 1781 gloriatur
1169 1709 1434 1766 collatam
1461 1724 1570 1765 esse
1602 1710 1882 1765 Romanis.

308 1799 453 1863 Quid
487 1815 624 1871 ergo
661 1804 771 1869 est,
815 1800 968 1870 quod
1005 1816 1104 1870 pro
1134 1799 1358 1870 ingenti
1387 1797 1670 1854 beneﬁcio
1703 1799 1884 1850 Varro

233 1888 408 1957 jactat
429 1894 703 1960 praestare
725 1905 787 1944 se
809 1889 1032 1944 civibus
1049 1888 1194 1956 suis,
1217 1889 1354 1958 quia
1374 1905 1488 1943 non
1511 1887 1701 1943 solum
1724 1901 1885 1941 com-

239 1982 514 2033 memorat
535 1979 695 2044 deos,
722 1994 866 2048 quos
886 1976 998 2033 coli
1019 1982 1282 2048 oporteat
1299 1995 1330 2031 a
1353 1976 1656 2042 Romanis,
1679 1990 1879 2031 verum

237 2066 402 2122 etiam
427 2066 570 2123 dicit
591 2067 726 2138 quid
746 2067 818 2122 ad
841 2083 1132 2138 quemque
1151 2065 1470 2136 pertineat?
1490 2065 1771 2130 Quoniam
1797 2065 1887 2120 ni-

233 2154 307 2208 hil
331 2156 570 2226 prodest
589 2155 632 2225 ³,
655 2155 865 2226 inquit,
887 2154 1142 2210 hominis
1159 2154 1408 2224 alicujus
1433 2155 1639 2210 medici
1667 2168 1880 2208 nomen

234 2243 600 2316 formamque
621 2259 817 2310 nosse,
841 2248 899 2299 et
927 2245 1080 2314 quod
1104 2244 1182 2299 sit
1197 2244 1460 2299 medicus
1479 2243 1773 2313 ignorare:
1804 2242 1884 2296 ita

232 2332 371 2388 dicit
405 2333 558 2388 nihil
590 2333 864 2403 prodesse
893 2334 1064 2401 scire,
1094 2333 1269 2389 deum
1301 2348 1430 2388 esse
1465 2330 1882 2401 (Esculapium,

226 2422 267 2475 si
291 2423 533 2479 nescias
549 2437 684 2477 eum
702 2420 1023 2476 valetudini
1041 2420 1340 2492 opitulari,
1363 2425 1540 2491 atque
1554 2423 1631 2478 ita
1651 2422 1885 2494 ignores

225 2527 320 2568 cur
343 2512 404 2567 ei
420 2511 640 2566 debeas
662 2510 1016 2583 supplicare.
1033 2511 1150 2566 Hoc
1171 2510 1345 2567 etiam
1363 2511 1476 2567 alia
1495 2513 1884 2573 similitudine

225 2601 514 2668 afﬁrmat,
547 2600 766 2668 dicens,
799 2615 915 2654 non
956 2599 1130 2654 modo
1163 2599 1305 2655 bene
1333 2599 1542 2670 vivere,
1567 2605 1667 2658 sed
1695 2604 1881 2662 vivere

229 2689 476 2745 omnino
495 2690 789 2745 neminem
812 2704 1004 2761 posse,
1020 2687 1594 2760 siignoretquisnam
1611 2694 1688 2748 sit
1703 2694 1878 2764 faber,

233 2782 360 2851 quis
382 2779 576 2850 pistor
597 2776 640 2844 ⁸,
663 2779 797 2849 quis
820 2783 1022 2848 tector,
1047 2795 1081 2834 a
1111 2795 1224 2850 quo
1254 2779 1394 2849 quid
1420 2781 1668 2838 utensile
1687 2792 1880 2853 petere

231 2869 432 2940 possit:
452 2883 620 2939 quem
635 2867 703 2922 ad
704 2868 727 2936 j
739 2871 953 2924 utorem
966 2883 1268 2936 assumere,
1283 2885 1448 2940 quem
1461 2871 1686 2941 ducem,
1703 2890 1878 2944 quem

230 2961 524 3016 doctorem
551 2974 564 3012 :
599 2973 665 3014 eo
696 2959 866 3014 modo
892 2957 1041 3014 nulli
1064 2958 1313 3014 dubium
1338 2975 1466 3016 esse
1487 2978 1775 3031 asserens,
1799 2965 1881 3020 ita

231 3064 350 3105 esse
380 3047 590 3104 utilem
630 3046 1024 3119 cognitionem
1061 3047 1325 3117 deorum,
1358 3050 1407 3104 si
1447 3050 1662 3107 sciatur
1700 3070 1878 3124 quam

230 3139 474 3210 quisque
487 3137 634 3194 deus
646 3137 820 3193 vimet
835 3138 1238 3194 facultatemac
1254 3143 1661 3210 potestatemcu
1662 3143 1882 3215 jusque

233 3227 310 3284 rei
341 3227 577 3283 habeat.
604 3228 691 3281 Ea:
718 3242 778 3282 eo
798 3227 950 3282 enim
973 3229 1293 3297 poterimus.
1318 3227 1530 3300 inquit,
1552 3233 1694 3288 scire
1722 3248 1882 3304 quem

237 3318 499 3388 cujusque
519 3331 686 3372 causa
705 3315 730 3348 ⁵
749 3315 912 3372 deum
926 3315 1190 3372 advocare
1219 3324 1378 3388 atque
1398 3318 1455 3373 in
1465 3335 1652 3376 vocare
1679 3320 1881 3378 debea-

237 3422 349 3461 mus
370 3424 389 3462 :
416 3422 492 3462 ne
533 3407 832 3477 laciumus,
862 3408 922 3460 ut
951 3407 1110 3461 mimi
1137 3406 1330 3474 solent,
1371 3415 1425 3464 et
1452 3419 1696 3481 aptemus
1724 3429 1755 3466 a
1788 3411 1880 3467 Li-

242 3494 358 3552 bero
386 3512 618 3568 aquam,
641 3512 675 3549 a
695 3494 962 3567 Lymphis
983 3496 1191 3552 vinum.
1225 3496 1435 3569 Magna
1464 3515 1604 3555 sane
1636 3500 1881 3557 utilitas.

242 3584 375 3649 Quis
407 3603 529 3642 non
565 3583 701 3640 huic
722 3584 940 3654 gratias
962 3589 1179 3656 ageret,
1195 3586 1245 3640 si
1260 3602 1393 3641 vera
1423 3591 1802 3656 monstraret;
1827 3592 1884 3644 et

240 3674 284 3729 si
310 3691 490 3732 unum
512 3689 716 3730 verum
737 3672 947 3744 Deum,
970 3690 1002 3728 a
1022 3690 1133 3745 quo
1155 3680 1352 3731 essent
1374 3674 1570 3730 omnia
1593 3675 1758 3746 bona,
1786 3676 1884 3732 ho-

241 3764 499 3821 minibus
538 3762 843 3821 colendum
877 3763 1152 3819 doceret?

241 3871 467 3930 CAPUT
501 3871 705 3928 XXIII.
739 3903 807 3914 —
839 3872 910 3927 De
940 3871 1234 3940 Felicitate,
1266 3887 1435 3943 quam
1457 3873 1708 3942 Romani,
1731 3874 1882 3930 mul-

304 3971 484 4018 torum
523 3966 874 4018 veneratores
910 3961 1158 4029 deorum,
1195 3959 1297 4016 diu
1333 3977 1444 4016 non
1471 3961 1757 4020 coluerunt
1787 3965 1886 4020 ho-

303 4069 436 4109 nore
463 4052 681 4118 divino,
713 4067 829 4106 cum
853 4065 955 4121 pro
983 4049 1234 4106 omnibus
1270 4051 1386 4107 sola
1415 4052 1706 4122 sufﬁceret.

308 4145 355 4199 l.
395 4143 510 4200 Sed
558 4141 712 4196 unde
751 4156 905 4195 nunc
933 4139 1142 4212 agitur,
1169 4140 1218 4194 si
1256 4139 1385 4194 libri
1415 4145 1472 4195 et
1501 4157 1663 4197 sacra
1684 4158 1885 4199 eorum

243 4246 365 4287 vera
387 4234 558 4298 sunt,
583 4236 636 4285 et
661 4228 927 4285 Felicitas
952 4229 1060 4283 dea
1082 4236 1186 4295 est,
1212 4244 1313 4282 cur
1334 4245 1449 4284 non
1472 4229 1600 4301 ipsa
1622 4247 1740 4287 una
1762 4248 1886 4302 quae

245 4321 533 4377 coleretur
562 4318 888 4376 constituta
916 4320 1025 4385 est,
1062 4333 1189 4388 quas
1222 4323 1418 4388 posset
1450 4321 1718 4376 universa
1749 4337 1885 4376 con-

246 4409 403 4480 ferre,
429 4413 488 4466 et
510 4407 862 4480 compendio
895 4406 1077 4462 facere
1102 4406 1323 4462 felicem
1342 4406 1369 4461 ?
1392 4408 1532 4474 Quis
1554 4409 1706 4465 enim
1730 4413 1892 4482 optat

246 4499 458 4572 aliquid
476 4503 721 4571 propter
739 4496 898 4552 aliud
916 4512 1092 4567 quam
1112 4505 1172 4550 ut
1195 4495 1328 4551 felix
1351 4497 1493 4552 fiat?
1510 4499 1622 4553 Cur
1637 4499 1890 4572 denique

245 4591 354 4644 tam
377 4605 514 4644 sero
540 4586 677 4641 huic
701 4590 870 4642 tantes
893 4586 1010 4640 deas
1034 4588 1165 4655 post
1180 4588 1265 4639 tot
1288 4584 1579 4642 Romanos
1603 4587 1889 4659 principes

249 4676 522 4733 Lucullus
548 4677 723 4731 eadem
759 4673 1036 4730 constitui
1059 4673 1182 4743 (αγῖ
1211 4675 1321 4728 Cur
1350 4674 1474 4745 ipse
1505 4675 1788 4731 Romulus
1811 4677 1891 4732 fe-

247 4763 408 4820 licem
441 4763 692 4836 cupiens
714 4761 961 4818 condere
983 4761 1298 4828 civitatem,
1322 4778 1435 4816 non
1461 4761 1598 4817 huic
1621 4763 1894 4834 templum

251 4854 625 4926 potissimum
645 4851 899 4908 struxit?
919 4851 1032 4908 Nec
1053 4855 1284 4922 propter
1303 4849 1520 4922 aliquid
1539 4851 1650 4907 diis
1671 4855 1892 4911 caeteris

250 4942 626 5016 supplicavit,
658 4942 890 5013 quando
923 4940 1069 4995 nihil
1098 4939 1345 5007 deesset,
1380 4939 1462 4995 sic
1498 4940 1614 4996 haec
1638 4941 1888 5000 adesset.

250 5031 387 5090 Nam
410 5037 468 5089 et
491 5033 618 5101 ipse
639 5047 741 5087 nec
762 5030 919 5102 prius
937 5047 1055 5098 rex,
1074 5044 1196 5096 nec,
1214 5033 1517 5099 utputant,
1533 5035 1732 5102 postea
1749 5032 1892 5090 deus

309 5145 326 5178 ι
357 5139 578 5189 Veteres
606 5138 730 5186 libri
758 5151 865 5186 non
898 5137 1071 5200 pauci,
1099 5137 1355 5200 Γοεεοηα.

308 5202 330 5236 ³
356 5203 519 5252 Vind.
551 5202 635 5250 Er.
666 5204 720 5251 et
745 5199 948 5263 aliquot
975 5200 1117 5256 Mss.,
1149 5199 1460 5263 Spincnsis.

254 5265 465 5376 def’ﬂSii:1
479 5264 652 5314 nostri
680 5262 1044 5324 manuscripti.
1079 5263 1137 5310 In
1171 5262 1224 5309 B.
1259 5278 1270 5313 ;
1303 5262 1576 5314 Quomodo
1605 5262 1756 5313 nihil
1767 5279 1897 5327 pro-

309 5390 332 5424 4
360 5389 449 5440 Sic
476 5390 605 5438 Mss.
635 5389 773 5438 Editi
802 5391 1001 5442 autem,
1025 5386 1226 5448 pictor.

309 5455 328 5527 ξ
358 5455 514 5527 ξιογη
545 5451 820 5527 cuiusque
847 5451 1139 5527 reicausq.
1160 5449 1465 5527 abestASei,
1488 5448 1555 5498 ab
1585 5449 1706 5527 aliis
1723 5449 1892 5524 libris.

305 5517 377 5577 (α)
411 5519 572 5564 Anno
609 5510 764 5564 Urbis
782 5515 1010 5564 condita)
1068 5510 1409 5577 circiter_666
1433 5524 1628 5577 _:__nam
1672 5513 1814 5562 hunc
1839 5513 1897 5560 in

255 5573 418 5628 annos
442 5580 686 5626 referunt
712 5577 1047 5627 consulatum
1075 5574 1258 5624 Licinii
1287 5573 1511 5630 Luculli,
1545 5586 1577 5620 a
1609 5588 1713 5636 quo
1743 5577 1898 5624 aedes

257 5640 533 5701 Felicitati,
581 5641 721 5703 quod
763 5641 962 5690 bellum
1002 5639 1121 5703 ipse
1159 5636 1816 5703 adversus__l\ii_thrid_atem
1844 5640 1897 5688 et

258 5699 535 5766 Tigranem
566 5699 712 5767 reges
735 5703 959 5753 feliciter
988 5699 1252 5764 gessisset,
1289 5699 1580 5748 constituta
1604 5699 1724 5748 fuit.

1622 308 1860 372 LIBER
1904 309 2272 382 QUARTUS

3535 331 3649 397 130

2000 445 2180 513 fieret,
2213 446 2263 502 si
2296 446 2443 505 hanc
2466 449 2632 506 deam
2660 453 2976 524 propitiam
3003 471 3117 512 non
3140 455 3401 516 haberet.
3425 462 3642 535 thuid

1998 551 2130 605 ergo
2161 538 2461 592 constituit
2491 541 2766 596 Romanis
2790 543 2947 610 deos,
2977 545 3215 614 Janum,
3238 550 3458 621 Jovem,
3494 555 3642 610 Mar-

1997 630 2133 690 tem,
2162 623 2382 694 Picum,
2417 627 2702 698 Faunum,
2745 630 3106 703 Tiberinum,
3145 635 3470 709 Herculem,
3505 643 3640 698 etsi

1993 729 2137 803 quos
2169 713 2355 770 alios?
2390 717 2593 787 utquid
2623 719 2789 774 Titus
2811 721 3013 777 Tatius
3045 725 3269 781 addidit
3293 727 3637 803 Saturnum,

1992 799 2192 870 Opem,
2227 803 2445 871 Solem,
2476 807 2722 874 Lunam,
2759 808 3100 877 Vulcanum,
3127 813 3364 885 Lucem,
3396 823 3454 872 et
3483 799 3644 890 quos;

1993 905 2246 968 cumque
2265 892 2408 948 alios
2429 893 2675 958 addidit,
2704 896 2856 952 inter
2875 916 3020 969 quos
3043 901 3216 956 etiam
3240 904 3404 960 deam
3429 907 3643 964 Cloaci-

1993 995 2127 1033 nam
2151 978 2192 1048 ί,
2219 979 2512 1036 Felicitate
2535 984 2836 1054 neglecta?
2862 989 3064 1058 utquid
3091 991 3277 1046 Numa
3309 998 3394 1049 tot
3415 994 3552 1052 deos
3582 1003 3641 1054 et

1992 1070 2074 1122 tot
2096 1068 2231 1124 deas
2253 1069 2378 1125 sine
2402 1069 2552 1125 ista?
2573 1089 2648 1127 an
2669 1088 2794 1128 eam
2818 1075 2961 1130 forte
2983 1077 3041 1131 in
3067 1082 3226 1135 tanta
3255 1083 3425 1138 turba
3448 1085 3640 1142 videre

1992 1172 2107 1211 non
2150 1158 2374 1228 potuit?
2411 1159 2694 1216 Hostilius
2728 1171 2882 1218 certe
2921 1181 3020 1220 rex
3049 1165 3188 1222 deos
3218 1173 3275 1223 et
3301 1171 3425 1242 ipse
3458 1189 3638 1230 novos

1992 1245 2268 1302 Pavorem
2292 1257 2458 1320 atque
2479 1250 2766 1306 Pallorem
2795 1253 3195 1323 propitiandos
3229 1275 3345 1314 non
3373 1261 3638 1318 introdu-

1992 1343 2162 1405 ceret,
2204 1338 2254 1392 si
2293 1339 2460 1394 deam
2494 1339 2667 1396 istam
2709 1347 2910 1398 nosset
2941 1349 3043 1398 aut
3071 1344 3304 1404 coleret.
3349 1348 3639 1410 Prasaente

1991 1426 2204 1498 quippe
2230 1427 2521 1484 Felicitate
2559 1432 2746 1486 omnis
2775 1448 2954 1502 pavor
2987 1439 3043 1490 et
3070 1435 3274 1506 pallor,
3302 1455 3415 1494 non
3451 1443 3641 1514 propi-

1990 1516 2166 1570 tiatus
2199 1517 2552 1584 abscederet,
2585 1521 2684 1575 sed
2721 1521 2928 1592 pulsus
2959 1523 3282 1596 aufugeret.

2061 1605 2114 1658 2.
2149 1603 2365 1660 Deinde
2397 1606 2497 1676 qui
2520 1612 2610 1662 est
2633 1607 2760 1674 hoc,
2787 1611 2938 1678 quod
2959 1612 3080 1680 jam
3107 1613 3428 1682 Romanum
3456 1616 3639 1687 impe-

1991 1690 2142 1747 rium
2169 1691 2335 1765 longe
2365 1693 2595 1766 lateque
2617 1699 2924 1762 crescebat,
2949 1704 3005 1754 et
3028 1701 3215 1758 adhuc
3237 1720 3406 1761 nemo
3435 1707 3639 1764 Felici-

1990 1787 2164 1838 tatem
2185 1782 2444 1839 colebat?
2464 1789 2548 1840 An
2567 1785 2694 1842 ideo
2708 1789 2985 1856 grandius
3003 1791 3335 1862 imperium,
3361 1811 3536 1866 quam
3556 1797 3635 1854 fe-

1991 1871 2160 1928 licius
2179 1873 2324 1928 fuit?
2343 1873 2485 1929 Nam
2512 1878 2803 1946 quomodo
2827 1879 3072 1935 ibiesset
3091 1897 3224 1937 vera
3244 1883 3509 1953 felicitas,
3537 1886 3635 1942 ubi

1988 1977 2121 2016 vera
2148 1978 2261 2017 non
2285 1969 2407 2017 erat
2429 1963 2610 2031 pietas
2628 1964 2655 2018 ?
2686 1967 2872 2022 Pietas
2901 1969 3058 2024 enim
3091 1975 3180 2026 est
3201 1987 3374 2028 verax
3395 1976 3510 2030 veri
3533 1975 3636 2033 Dei

1988 2051 2204 2121 cultus,
2229 2068 2342 2108 non
2367 2052 2554 2108 cultus
2576 2053 2851 2111 falsorum
2871 2061 2955 2112 tot
2975 2059 3240 2127 deorum,
3266 2073 3405 2133 quot
3425 2065 3642 2121 demo-

1989 2140 2244 2196 niorum.
2266 2142 2374 2197 Sed
2408 2147 2464 2197 et
2485 2144 2825 2214 posteajam
2862 2145 2921 2200 in
2945 2147 3182 2203 deorum
3209 2166 3515 2206 numerum
3542 2154 3640 2208 Fe-

1987 2227 2205 2284 licitate
2219 2235 2510 2302 suscepta,
2529 2248 2739 2304 magna
2751 2232 3037 2290 bellorum
3054 2237 3310 2294 civilium
3328 2240 3636 2298 infelicitas

1989 2319 2305 2375 subsecuta
2326 2324 2432 2375 est.
2455 2322 2540 2375 An
2563 2321 2885 2392 fortejuste
2905 2335 2990 2380 est
3014 2325 3319 2397 indignata
3339 2327 3638 2398 Felicitas,

1989 2409 2143 2480 quod
2173 2414 2230 2464 et
2258 2414 2378 2463 tam
2400 2425 2546 2476 sero,
2573 2419 2627 2464 et
2652 2427 2764 2465 non
2791 2412 2860 2466 ad
2882 2412 3184 2484 honorem,
3208 2417 3308 2470 sed
3334 2417 3403 2472 ad
3429 2423 3635 2476 contu-

1990 2499 2221 2555 meliam
2263 2499 2450 2568 potius
2473 2497 2712 2554 invitata
2727 2505 2836 2571 est,
2857 2505 2920 2556 ut
2937 2517 3070 2557 cum
3086 2518 3154 2559 ea
3171 2504 3458 2561 coleretur
3478 2507 3635 2564 Pria-

1988 2606 2117 2660 pus,
2153 2594 2209 2646 et
2239 2588 2528 2656 Cloacina,
2567 2593 2624 2644 et
2654 2591 2852 2659 Pavor,
2895 2595 2950 2646 et
2982 2591 3186 2660 Pallor,
3230 2598 3286 2650 et
3317 2595 3540 2664 Febris,
3573 2603 3632 2654 et

1989 2683 2196 2734 caetera
2225 2694 2340 2733 non
2371 2677 2617 2733 numina
2660 2677 3062 2749 colendorum,
3113 2683 3212 2739 sed
3255 2684 3500 2741 crimina
3532 2703 3631 2743 co-

1987 2766 2272 2822 lentium‘l

2057 2856 2110 2910 3.
2142 2857 2224 2910 Ad
2256 2861 2600 2922 extremum,
2621 2857 2670 2912 si
2695 2873 2829 2914 cum
2855 2858 3454 2933 turbaindignissima
3477 2868 3631 2920 tanta

1989 2945 2093 3000 dea
2124 2944 2366 3001 colenda
2393 2945 2514 3001 visa
2551 2950 2657 3013 est,
2693 2963 2798 3002 cur
2826 2963 2940 3004 non
2972 2947 3058 3004 vel
3094 2949 3386 3008 illustrius
3409 2956 3634 3010 casteria

1989 3033 2330 3090 colebatur?
2359 3034 2496 3098 Quis
2526 3035 2682 3090 enim
2715 3035 2875 3104 ferat,
2906 3038 3060 3108 quod
3086 3055 3275 3110 neque
3297 3040 3451 3098 inter
3471 3043 3632 3100 deos.

1989 3123 2306 3179 Consentes
2330 3140 2476 3195 quos
2498 3124 2704 3180 dicunt
2733 3124 2791 3180 in
2823 3125 3131 3184 consilium
3161 3129 3318 3185 Jovis
3343 3130 3632 3203 adhiberi,

1989 3229 2094 3269 nec
2114 3217 2264 3269 inter
2286 3213 2424 3269 deos
2443 3230 2589 3285 quos
2615 3214 2866 3270 Selectos
2890 3222 3114 3282 vocant,
3133 3218 3399 3276 Felicitas
3421 3221 3632 3277 consti-

1990 3305 2115 3357 tuta
2136 3306 2225 3357 est
2256 3303 2310 3356 "2
2339 3302 2652 3374 Templum
2685 3303 2913 3374 aliquod
2948 3307 2999 3361 ei
3038 3305 3220 3376 ﬁeret,
3258 3311 3411 3379 quod
3434 3315 3491 3366 et
3521 3309 3632 3368 loci

1990 3391 2340 3446 sublimitate
2359 3396 2416 3447 et
2430 3393 2620 3463 operis
2633 3392 2915 3463 dignitate
2928 3396 3344 3464 praemineret.
3361 3399 3472 3455 Cur
3488 3399 3637 3455 enim

1993 3493 2108 3532 non
2132 3477 2348 3549 aliquid
2376 3478 2602 3544 melius,
2628 3495 2803 3548 quam
2823 3479 2934 3550 ipsi
2955 3481 3121 3536 Jovi?
3141 3483 3282 3538 Nam
3309 3501 3436 3555 qua:
3459 3487 3638 3542 etiam

1989 3563 2109 3620 Jovi
2129 3581 2372 3636 regnum
2387 3565 2494 3621 nisi
2512 3564 2783 3620 Felicitas
2799 3567 2999 3623 dedit?
3017 3570 3064 3622 si
3084 3577 3271 3626 tamen
3289 3588 3420 3627 cum
3443 3590 3646 3644 regna-

1994 3657 2104 3720 ret,
2146 3653 2280 3708 felix
2319 3653 2446 3709 fuit.
2485 3654 2553 3708 Et
2597 3653 2785 3723 potior
2824 3660 2910 3709 est
2943 3655 3183 3712 felicitas
3225 3675 3422 3728 regno.
3463 3661 3644 3716 Nemo

1994 3741 2150 3798 enim
2176 3740 2426 3806 dubitat,
2451 3740 2614 3794 facile
2635 3739 2892 3795 inveneri
2913 3741 3216 3798 hominem
3240 3745 3341 3814 qui
3366 3745 3567 3800 timeat
3589 3763 3648 3803 se

1996 3829 2121 3885 ﬁeri
2143 3844 2367 3900 regem:
2394 3827 2594 3883 nullus
2619 3832 2810 3882 autem
2834 3828 3124 3884 invenitur
3149 3831 3246 3901 qui
3270 3849 3332 3888 se
3356 3833 3498 3888 nolit
3521 3851 3650 3890 esse

1997 3920 2246 3976 felicem.
2288 3917 2402 3987 Ipsi
2440 3933 2574 3988 ergo
2613 3915 2716 3983 dii,
2759 3917 2807 3971 si
2844 3933 2948 3988 per
2983 3919 3227 3988 auguria
3266 3920 3352 3976 vel
3387 3920 3651 3993 quolibet

1997 4009 2170 4065 modo
2201 4025 2300 4064 eos
2329 4023 2499 4078 posse
2529 4005 2755 4062 consuli
2790 4011 3017 4079 putant,
3044 4009 3112 4063 de
3147 4008 3254 4066 hac
3286 4026 3343 4066 re
3374 4011 3649 4068 consule-

1999 4108 2220 4167 rentur,
2252 4102 2446 4153 utrum
2481 4096 2695 4152 vellent
2714 4095 3000 4153 Felicitati
3032 4097 3156 4154 loco
3181 4102 3411 4157 cedere:
3438 4101 3486 4158 si
3510 4102 3654 4159 forte

1999 4191 2248 4246 aliorum
2272 4189 2493 4245 aedibus
2515 4188 2602 4243 vel
2628 4188 3046 4258 altaribusjam
3072 4190 3456 4249 fuissetlocus
3481 4209 3652 4250 occu-

2002 4287 2190 4354 patus,
2215 4281 2312 4336 ubi
2336 4281 2486 4336 sedes
2507 4281 2696 4350 major
2711 4284 2883 4351 atque
2902 4281 3213 4337 sublimior
3227 4283 3501 4340 Felicitati
3515 4301 3648 4341 con-

1999 4377 2340 4439 strueretur,
2366 4370 2540 4426 etiam
2565 4370 2690 4442 ipse
2710 4370 2938 4442 Jupiter
2960 4370 3207 4437 cederet,
3235 4377 3297 4427 ut
3318 4373 3510 4446 ipsum
3533 4391 3657 4431 ver-

1999 4462 2171 4518 ticem
2189 4460 2354 4518 collis
2377 4459 2686 4532 Capitolini
2702 4459 2970 4516 Felicitas
2987 4461 3179 4532 potius
3201 4463 3508 4521 obtineret.
3525 4464 3651 4520 Non

2000 4552 2156 4618 enim
2181 4549 2476 4622 quispiam
2500 4549 2793 4604 resisteret
2828 4548 3134 4619 Felicitati,
3170 4552 3307 4622 nisi,
3347 4555 3500 4625 quod
3535 4553 3657 4609 fieri

2003 4657 2117 4696 non
2137 4643 2344 4710 potest,
2367 4639 2467 4709 qui
2483 4654 2610 4694 esse
2627 4637 3031 4694 velletinfelix.
3051 4638 3219 4695 Nullo
3234 4643 3405 4698 modo
3421 4642 3658 4699 omnino

2003 4730 2051 4786 si
2075 4729 2492 4795 consuleretur,
2521 4729 2729 4784 faceret
2747 4727 2995 4799 Jupiter,
3021 4730 3171 4799 quod
3187 4731 3237 4784 ei
3261 4731 3521 4787 fecerunt
3543 4740 3659 4788 tres

2005 4819 2104 4888 dii,
2138 4819 2312 4887 Mars,
2337 4818 2667 4885 Terminus,
2693 4827 2742 4872 et
2765 4817 3063 4886 Juventas,
3089 4817 3188 4887 qui
3225 4821 3430 4889 majori
3455 4825 3508 4874 et
3533 4821 3653 4891 regi

2004 4925 2111 4964 suo
2133 4908 2294 4964 nullo
2315 4907 2484 4962 modo
2507 4907 2707 4962 cedere
2729 4907 2843 4960 loco
2866 4905 3190 4960 voluerunt.
3217 4907 3360 4962 Nam
3382 4908 3534 4962 sicut
3551 4907 3654 4962 ha-

2004 4996 2144 5051 bent
2171 5011 2372 5051 eorum
2404 4993 2630 5063 litterae,
2655 5009 2790 5048 cum
2814 5009 2912 5048 rex
2937 4993 3290 5064 Tarquinius
3320 4993 3658 5065 Capitolium

2011 5083 2297 5140 fabricare
2318 5081 2510 5150 vellet,
2526 5097 2778 5153 eumque
2795 5081 2988 5139 locum
3006 5084 3101 5154 qui
3117 5083 3169 5140 ei
3191 5083 3421 5155 dignior
3442 5083 3654 5154 aptior-

2007 5187 2118 5244 que
2139 5170 2462 5237 videbatur,
2484 5169 2554 5225 ab
2572 5169 2684 5225 diis
2702 5169 2833 5225 aliis
2847 5171 3140 5227 'cerneret
3162 5176 3644 5243 praeoccupatum,

2007 5279 2123 5318 non
2155 5263 2375 5317 audens
2396 5259 2618 5330 aliquid
2650 5262 2850 5314 contra
2879 5274 3078 5315 eorum
3113 5260 3293 5316 facere
3320 5256 3654 5328 arbitrium,

2008 5358 2061 5407 et
2091 5352 2335 5406 credens
2359 5365 2459 5406 eos
2490 5352 2650 5405 tanto
2676 5347 2903 5404 numini
2929 5365 3151 5420 suoque
3183 5348 3433 5421 principi
3453 5347 3650 5406 volun-

2070 5569 2086 5602 ί
2116 5566 2272 5628 Editi,
2306 5564 2568 5615 Felicitas
2598 5566 2916 5627 constituta,
2946 5573 3026 5614 est
3057 5573 3118 5615 ut
3158 5564 3445 5626 templum.
3486 5567 3651 5620 Parti-

2007 5631 2128 5681 cula
2156 5639 2217 5678 ut
2249 5630 2398 5678 abest
2424 5631 2813 5692 manuscriptis.

2072 5694 2093 5728 ‘3
2121 5692 2246 5743 Sola
2276 5693 2437 5743 editio
2465 5694 2610 5755 Lov.,
2641 5708 2675 5740 α
2698 5691 2813 5740 diis
2844 5691 3061 5740 alienis.
