4128 6190
413 260 523 322 131

413 397 530 450 tate
561 403 854 453 cessuros;
889 385 1025 458 quia
1054 381 1224 439 multi
1250 376 1554 436 erantillic
1579 372 1678 430 ubi
1701 365 2051 442 Capitolium

413 480 798 540 constitutum
817 481 925 543 est,
947 489 1048 546 per
1068 469 1378 542 augurium
1400 463 1684 537 quaasivit,
1708 467 1898 515 utrum
1922 471 2056 546 con-

412 573 612 628 cedere
651 569 842 624 locum
880 544 1095 621 vellent
1120 559 1276 616 Jovi:
1323 562 1498 626 atque
1534 549 1648 624 ipsi
1681 549 1817 606 inde
1855 544 2056 601 cedere

414 675 615 716 omnes
644 655 974 718 voluerunt,
1009 653 1211 721 praeter
1239 644 1370 701 illos
1406 658 1554 714 quos
1590 630 2055 698 commemoravi,

413 751 682 815 Martem,
706 744 1046 802 Terminum
1066 738 1164 808 (a),
1188 736 1563 792 Juventatem
1581 746 1595 784 :
1615 733 1789 799 atque
1810 725 1938 815 ideo
1960 721 2060 775 Ca-

413 811 680 912 pitolium
705 836 783 889 ita
804 835 1200 888 constructum
1221 828 1326 894 est,
1350 827 1415 878 ut
1439 821 1613 877 etiam
1639 815 1738 873 isti
1762 820 1880 870 tres
1899 811 2057 867 intus

413 903 611 986 essent
638 932 757 982 tam
780 920 1038 980 obscuris
1075 919 1282 990 signis,
1308 919 1373 970 ut
1396 914 1503 969 hoc
1525 912 1618 966 vix
1646 906 1917 964 homines
1950 903 2055 957 do-

412 1016 660 1075 ctissimi
682 1013 915 1070 scirent.
934 1008 1107 1065 Nullo
1130 1006 1302 1062 modo
1323 1003 1500 1076 igitur
1518 998 1875 1056 Felicitatem
1898 990 2060 1062 Jupi-

414 1114 499 1161 ter
528 1104 652 1176 ipse
682 1103 1091 1162 contemneret,
1129 1095 1276 1151 sicut
1312 1110 1344 1148 a
1382 1092 1680 1156 Termino,
1713 1087 1914 1146 Marte,
1946 1079 2059 1135 Ju—

411 1197 641 1250 ventate
663 1193 1030 1255 contemptus
1049 1189 1159 1242 est.
1183 1183 1288 1238 Sed
1304 1179 1605 1252 ipsietiam
1623 1177 1725 1248 qui
1741 1190 1854 1230 non
1873 1182 2061 1226 cesse-

414 1286 545 1338 rant
560 1279 708 1346 Jovi,
727 1278 980 1350 profecto
995 1267 1574 1334 cederantFelicitati,
1598 1281 1722 1336 quae
1739 1261 1857 1318 illis
1879 1271 2062 1326 regem

413 1373 626 1428 fecerat
648 1369 875 1424 Jovem.
898 1370 1008 1421 Aut
1030 1362 1078 1418 si
1104 1378 1216 1417 non
1240 1360 1528 1426 cederent,
1553 1372 1668 1411 non
1692 1353 1754 1410 id
1785 1355 2058 1407 contem-

416 1465 516 1533 ptu
550 1460 675 1529 ejus
695 1457 966 1523 facerent,
1004 1453 1104 1508 sed
1139 1449 1294 1522 quod
1326 1448 1384 1502 in
1407 1447 1580 1502 domo
1605 1443 1923 1500 Felicitatis
1953 1442 2056 1498 ob-

417 1551 571 1606 scuri
604 1565 732 1604 esse
762 1544 1020 1612 mallent,
1053 1555 1226 1613 quam
1259 1539 1384 1596 sine
1412 1536 1513 1592 illa
1539 1535 1596 1591 in
1631 1534 1774 1590 locis
1811 1533 2058 1604 propriis

415 1641 692 1696 eminere.

488 1731 540 1786 4.
569 1730 654 1784 Ita
687 1728 792 1782 dea
835 1724 1129 1781 Felicitate
1170 1721 1377 1777 inloco
1400 1715 1758 1790 amplissimo
1780 1718 1835 1770 et
1862 1712 2060 1770 celsis-

414 1819 561 1875 simo
584 1815 920 1883 constituta,
937 1811 1386 1868 discerentcives
1407 1809 1558 1864 unde
1576 1806 1766 1862 omnis
1789 1805 1922 1860 boni
1943 1804 2060 1860 voti

416 1907 734 1980 petendum
748 1909 902 1960 esset
917 1901 1213 1959 auxilium.
1229 1902 1310 1955 Ac
1326 1899 1408 1955 sic
1423 1896 1841 1970 ipsasuadente
1855 1897 2063 1949 natura

416 1998 659 2056 aliorum
684 1996 922 2050 deorum
940 1991 1237 2062 superflua
1257 1986 1635 2044 multitudine
1652 1982 1950 2047 derelicta,
1972 1997 2064 2038 co-

416 2089 633 2144 leretur
655 2103 772 2141 una
802 2083 1092 2152 Felicitas,
1115 2079 1214 2136 uni
1242 2078 1688 2151 supplicaretur,
1716 2073 1889 2129 unius
1917 2079 2062 2128 tem-

417 2177 578 2249 plum
597 2177 1056 2247 frequenteretur
1073 2169 1340 2227 acivibus
1359 2167 1456 2240 qui
1474 2167 1672 2222 felices
1685 2179 1812 2220 esse
1827 2162 2061 2230 vellent,

417 2281 663 2340 quorum
687 2267 839 2319 esset
873 2277 1043 2318 nemo
1081 2259 1180 2331 qui
1219 2256 1428 2314 nollet:
1466 2260 1643 2326 atque
1683 2252 1763 2308 ita
1794 2252 1918 2323 ipsa
1949 2268 1980 2306 ει
2002 2267 2064 2306 se

416 2358 546 2428 ipsa
583 2357 899 2425 peteretur,
947 2365 1075 2420 qua:
1122 2348 1194 2404 ab
1245 2345 1519 2402 omnibus
1562 2341 1881 2414 petebatur.
1926 2340 2063 2405 Quis

418 2445 571 2501 enim
596 2441 814 2512 aliquid
840 2441 911 2495 ab
932 2439 1126 2509 aliquo
1146 2439 1270 2504 deo,
1296 2435 1406 2489 nisi
1431 2432 1790 2496 felicitatem,
1814 2428 1949 2484 velit
1969 2444 2066 2485 ac-

421 2533 632 2604 cipere,
667 2530 752 2587 vel
786 2529 936 2599 quod
961 2528 1030 2582 ad
1065 2524 1395 2580 felicitatem
1422 2522 1717 2577 existimat
1739 2516 2068 2590 pertinere?

421 2620 669 2677 Proinde
701 2620 748 2674 si
785 2617 1026 2673 felicitas
1059 2615 1228 2670 habet
1258 2614 1314 2668 in
1350 2615 1628 2682 potestate
1659 2625 1793 2665 cum
1825 2624 1940 2679 quo
1964 2607 2068 2662 ho-

426 2712 580 2767 mine
601 2711 669 2764 sit
694 2707 892 2781 (habet
912 2710 1132 2772 autem,
1155 2703 1200 2759 si
1225 2703 1332 2758 dea
1355 2701 1483 2772 est),
1509 2717 1636 2771 qua;
1664 2698 1896 2754 tandem
1922 2695 2069 2751 stul-

421 2802 546 2856 titia
568 2802 679 2864 est,
709 2799 780 2852 ab
815 2795 1009 2866 aliquo
1032 2809 1158 2848 eam
1192 2793 1296 2847 deo
1321 2796 1532 2861 petere,
1555 2805 1725 2860 quam
1751 2786 1938 2858 possis
1959 2801 1990 2838 a
2007 2799 2070 2839 se

422 2890 554 2961 ipsa
574 2885 920 2958 impetrare?
943 2889 1099 2938 Hanc
1125 2898 1257 2952 ergo
1281 2881 1450 2935 deam
1475 2893 1648 2949 super
1677 2877 1812 2932 deos
1837 2879 2070 2930 caeteros

421 2979 712 3035 honorare
733 2975 908 3030 etiam
931 2972 1039 3028 loci
1063 2971 1346 3043 dignitate
1367 2969 1714 3024 debuerunt.
1739 2964 1898 3020 Sicut
1914 2962 2068 3018 enim

425 3068 580 3141 apud
595 3067 752 3136 ipsos
767 3063 998 3136 legitur,
1014 3060 1259 3116 Romani
1274 3064 1492 3114 veteres
1507 3055 1700 3112 nescio
1717 3070 1888 3126 quem
1905 3053 1979 3108 Su
1990 3069 2072 3108 m-

428 3140 666 3214 manum
684 3155 785 3228 (b),
809 3153 902 3209 cui
925 3157 1210 3208 nocturna
1229 3149 1475 3204 fulmina
1496 3146 1853 3211 tribuebant,
1880 3140 2072 3198 colue-

427 3252 567 3303 runt
601 3243 784 3316 magis
815 3258 989 3315 quam
1019 3242 1240 3307 Jovem,
1275 3237 1344 3292 ad
1378 3251 1552 3307 quem
1584 3234 1796 3289 diurna
1825 3231 2074 3287 fulmina

430 3337 803 3408 pertinerent.
828 3332 935 3388 Sed
963 3335 1272 3402 postquam
1296 3325 1423 3381 Jovi
1447 3321 1736 3394 templum
1761 3321 1984 3392 insigne
2007 3337 2072 3376 ac

427 3425 676 3482 sublime
691 3424 1088 3478 constructum
1107 3423 1212 3482 est,
1231 3418 1466 3486 propter
1485 3412 1622 3468 sedis
1636 3410 1970 3481 dignitatem
1987 3409 2072 3465 sic

426 3515 501 3573 ad
531 3531 661 3571 eum
695 3511 1014 3568 multitudo
1056 3504 1355 3572 conﬂuxit,
1399 3506 1463 3559 ut
1489 3503 1583 3558 vix
1613 3501 1943 3558 inveniatur
1971 3498 2071 3570 qui

425 3603 731 3662 Summani
762 3616 994 3668 nomen,
1029 3595 1183 3668 quod
1221 3593 1425 3650 audire
1450 3594 1571 3664 jam
1617 3608 1731 3646 non
1766 3595 1976 3662 potest,
2008 3604 2071 3645 se

428 3696 632 3753 saltem
654 3692 863 3765 legisse
887 3684 1236 3746 meminerit.
1256 3683 1314 3740 Si
1340 3687 1535 3739 autem
1561 3680 1803 3736 felicitas
1828 3679 1933 3734 dea
1957 3692 2069 3732 non

427 3790 535 3853 est,
570 3783 868 3856 quoniam,
901 3777 1046 3851 quod
1071 3791 1274 3832 verum
1306 3777 1414 3842 est,
1444 3787 1662 3827 munus
1693 3773 1779 3824 est
1809 3769 1936 3836 Dei;
1977 3765 2072 3822 ille

429 3855 911 3947 Deusquaaratur,
932 3869 1029 3941 qui
1044 3883 1167 3923 eam
1187 3867 1324 3921 dare
1342 3864 1544 3935 possit,
1563 3869 1616 3917 et
1631 3861 1870 3916 deorum
1898 3855 2074 3912 falso-

426 3982 552 4022 rum
589 3946 896 4019 multitudo
933 3957 1106 4013 noxia
1136 3955 1517 4023 relinquatur,
1551 3965 1723 4020 quam
1760 3946 2072 4003 stultorum

427 4055 732 4111 hominum
752 4047 1066 4105 multitudo
1079 4061 1226 4100 vana
1239 4046 1513 4105 sectatur,
1529 4039 1681 4094 dona
1695 4035 1791 4092 Dei
1809 4035 1946 4090 deos
1963 4033 2077 4089 sibi

428 4143 670 4209 faciens,
702 4144 758 4194 et
788 4139 1003 4209 ipsum,
1026 4134 1194 4202 cujus
1225 4147 1290 4185 ea
1320 4130 1474 4183 dona
1499 4132 1655 4193 sunt,
1687 4122 2078 4180 obstinatione

431 4231 693 4302 superbae
731 4223 1048 4282 voluntatis
1081 4219 1398 4277 offendens.
1422 4217 1516 4272 Sic
1547 4214 1703 4271 enim
1735 4227 1929 4267 carere
1961 4228 2076 4266 non

432 4300 624 4392 potest
640 4315 993 4375 infelicitate,
1015 4309 1114 4382 qui
1135 4314 1411 4377 tanquam
1432 4305 1600 4359 deam
1625 4300 1959 4357 felicitatem
1984 4317 2081 4355 co-

430 4390 515 4477 lit,
533 4407 787 4463 etDeum
811 4402 1068 4458 datorem
1089 4395 1378 4454 felicitatis
1395 4391 1697 4464 relinquit:
1721 4390 1875 4447 sicut
1889 4404 2083 4446 carere

434 4515 548 4556 non
572 4500 762 4568 potest
795 4494 967 4560 fame,
993 4489 1090 4562 qui
1115 4501 1324 4560 panem
1350 4485 1570 4556 pictum
1594 4480 1789 4554 lingit,
1813 4484 1870 4536 et
1891 4480 1960 4536 ab
1985 4479 2085 4537 h0-

436 4587 592 4645 mine
625 4584 726 4656 qui
764 4597 965 4638 verum
996 4578 1193 4644 habet,
1239 4592 1353 4631 non
1384 4572 1548 4646 petit.

437 4712 670 4774 CAPUT
714 4710 917 4767 XXIV.
973 4737 1038 4747 —
1084 4706 1201 4774 Qua
1250 4702 1464 4758 ratione
1503 4697 1802 4770 defendant
1851 4698 2085 4770 Pagani,

633 4803 773 4877 quod
803 4803 949 4859 inter
978 4798 1107 4855 deos
1142 4797 1326 4852 colant
1357 4796 1478 4866 ipsa
1507 4792 1649 4849 dona
1678 4791 1889 4849 divina.

509 4925 671 4980 Libet
701 4925 895 4978 autem
930 4932 1131 4975 eorum
1163 4913 1536 4971 considerare
1582 4911 1854 4968 rationes.
1897 4907 2088 4980 Usque

440 5015 680 5079 adeone,
704 5009 1000 5082 inquiunt,
1018 5007 1267 5076 majores
1290 5007 1523 5059 nostros
1544 5000 1883 5070 insipientes
1908 4997 2088 5054 fuisse

439 5102 791 5162 credendum
807 5103 915 5165 est,
935 5101 1000 5152 ut
1016 5097 1138 5152 haec
1154 5094 1445 5150 nescirent
1466 5088 1920 5147 muneradivina
1936 5103 2087 5145 esse:

439 5211 555 5252 non
576 5190 752 5249 deos?
773 5189 882 5245 Sed
905 5185 1182 5258 quoniam
1203 5183 1466 5240 sciebant
1480 5178 1693 5237 nemini
1707 5178 1838 5232 talia
1854 5177 1961 5232 nisi
1978 5177 2086 5232 ali-

437 5302 554 5357 quo
577 5283 681 5339 deo
712 5279 995 5351 largiente
1017 5273 1278 5342 concedi,
1307 5285 1559 5343 quorum
1583 5268 1822 5323 deorum
1850 5266 2087 5320 nomina

440 5354 555 5432 non
569 5371 1154 5438 inveniebant,earum
1169 5378 1354 5419 rerum
1366 5357 1706 5416 nominibus
1721 5354 2090 5427 appellabant

505 5562 574 5626 (α)
612 5560 918 5626 Τφτωίῑξιιιω
949 5557 1125 5626 solm
1152 5548 1620 5626 ιηψοτεξιὲίνέυξ
1650 5547 1750 5626 tib;
1778 5545 2089 5626 1.3933”-

443 5611 727 5676 tefn'addit
754 5625 938 5671 Florus
964 5621 1058 5669 lib.
1093 5619 1138 5676 1,
1161 5616 1358 5676 aliique
1375 5611 1759 5676 historici,_non
1787 5611 2023 5676 Martem.

519 5669 756 5751 (bibus.
789 5669 889 5732 iis.
913 5669 960 5745 2,
993 5696 1108 5746 cap.
1129 5669 1239 5739 '52;
1268 5669 1420 5728 Ovid.
1443 5676 1580 5724 Fast.
1622 5673 1670 5733 6,
1687 5687 1826 5724 vers.
1860 5669 2090 5722 731-732.

1466 243 1568 305 DE
1611 232 1977 301 CIVITATE
2019 231 2172 305 DEI,
2223 231 2286 292 S.
2331 233 2750 297 AUGUSTINI

3698 234 3816 294 132

2162 366 2318 433 deos,
2337 384 2487 439 quas
2500 369 2570 426 ab
2586 372 2668 426 eis
2683 366 3818 439 sentiebantdari,aliquavocabulainde

2162 455 2481 527 ﬂectentes,
2498 458 2647 514 sicut
2661 477 2694 514 a
2708 458 2855 515 bello
2868 457 3166 514 Bellonam
3181 461 3682 530 nuncupaverunt,
3699 474 3816 514 non

2160 544 2407 615 bellum;
2435 547 2585 604 sicut
2606 564 2638 604 a
2659 548 2825 604 cunis
2845 547 3152 616 Cuninam,
3178 563 3292 603 non
3312 563 3557 615 cunam;
3591 547 3749 603 sicut
3779 563 3812 603 a

2160 635 2453 707 segetibus
2477 635 2786 708 Segetiam,
2813 653 2927 694 non
2951 641 3240 709 segetem;
3265 636 3419 692 sicut
3439 654 3469 691 a
3494 637 3686 708 pomis
3710 641 3816 693 Po-

2162 741 2417 792 monam,
2436 742 2551 782 non
2570 742 2805 797 pomum
2825 743 2838 794 ;
2861 727 3015 782 sicut
3032 745 3061 781 a
3082 725 3273 782 bubus
3312 727 3612 783 Bubonam
3628 725 3669 793 ί,
3695 744 3812 783 non

2164 814 2396 870 bovem:
2420 821 2519 872 aut
2545 821 2698 872 certe
2730 816 2888 872 nulla
2918 815 3180 872 vocabuli
3213 814 3620 882 declinatione,
3656 817 3813 873 sicut

2163 921 2255 960 res
2276 904 2415 976 ipsa:
2438 905 2828 975 nominantur,
2854 910 2919 961 ut
2948 905 3202 961 Pecunia
3232 905 3387 960 dicta
3410 909 3499 960 est
3529 905 3656 975 dea,
3683 922 3810 977 qua

2164 994 2265 1049 dat
2291 995 2742 1065 pecuniam,non
2775 995 3015 1052 omnino
3043 993 3290 1067 pecunia
3324 994 3431 1049 dea
3457 993 3586 1065 ipsa
3609 1001 3814 1066 putata

2164 1086 2277 1138 est:
2306 1083 2386 1139 ita
2415 1084 2632 1152 Virtus,
2655 1101 2782 1155 qua:
2813 1087 2912 1140 dat
2933 1083 3241 1152 virtutem;
3264 1082 3480 1153 Honor,
3503 1083 3606 1154 qui
3631 1083 3812 1139 hono-

2164 1188 2308 1242 rem;
2335 1175 2673 1244 Concordia,
2701 1191 2827 1246 quaa
2845 1173 3214 1230 concordiam
3232 1189 3246 1241 ;
3263 1171 3539 1240 Victoria,
3562 1189 3691 1244 quas
3713 1173 3816 1230 dat

2162 1260 2484 1319 victoriam.
2508 1262 2612 1333 Ita,
2637 1264 2936 1335 inquiunt,
2969 1280 3101 1319 cum
3124 1263 3395 1319 Felicitas
3427 1263 3535 1319 dea
3565 1262 3811 1331 dicitur,

2166 1367 2281 1407 non
2312 1352 2441 1424 ipsa
2471 1369 2597 1424 quae
2636 1354 2824 1421 datur,
2858 1351 2961 1409 sed
3003 1368 3219 1410 numen
3252 1351 3395 1408 illud
3430 1351 3755 1408 attenditur
3784 1369 3817 1408 a

2167 1457 2280 1512 quo
2311 1441 2554 1498 felicitas
2585 1442 2778 1498 datur.

2165 1587 2395 1643 CAPUT
2427 1587 2588 1644 XXV.
2634 1619 2704 1631 —
2747 1590 2817 1644 De
2865 1603 2971 1644 uno
3019 1591 3233 1644 tantum
3269 1586 3491 1644 colendo
3532 1588 3661 1656 Deo,
3691 1587 3816 1660 qui,

2238 1680 2360 1734 licet
2389 1681 2610 1734 nomine
2640 1681 2941 1751 ignoretur,
2973 1681 3159 1735 tamen
3190 1676 3480 1751 felicitatis
3508 1677 3670 1734 dator
3697 1693 3815 1734 esse

2237 1770 2488 1824 sentitur.

2242 1886 2360 1943 Ista
2381 1887 2547 1943 nobis
2570 1888 2792 1943 reddita
2818 1888 3057 1954 ratione,
3083 1886 3264 1942 multo
3289 1886 3518 1942 facilius
3538 1884 3645 1956 eis,
3669 1901 3811 1956 quo-

2171 1992 2300 2032 rum
2317 1992 2417 2032 cor
2431 1993 2544 2032 non
2561 1976 2736 2032 nimis
2749 1976 3050 2042 obduruit,
3067 1975 3555 2048 persuadebimus
3569 1975 3816 2030 fortasse

2170 2067 2318 2137 quod
2332 2066 2618 2122 volumus.
2635 2065 2692 2122 Si
2708 2065 2994 2137 euimjam
3008 2065 3598 2121 humanainﬁrmitas
3613 2063 3816 2128 sensit,

2172 2155 2402 2212 nonnisi
2423 2157 2494 2212 ab
2525 2155 2717 2228 aliquo
2749 2157 2862 2212 Deo
2899 2156 3020 2211 dari
3044 2170 3216 2226 posse
3237 2154 3568 2210 felicitatem
3592 2171 3604 2208 :
3630 2159 3686 2209 et
3707 2152 3816 2208 hoc

2169 2251 2476 2304 senserunt
2497 2247 2762 2302 homines
2784 2245 2885 2319 qui
2908 2255 3022 2302 tam
3056 2244 3266 2300 multos
3287 2243 3552 2300 colebant
3574 2245 3728 2312 deos,
3755 2243 3815 2298 in

2173 2338 2389 2410 quibus
2412 2343 2470 2392 et
2490 2336 2681 2407 ipsum
2708 2352 2905 2392 eorum
2931 2351 3123 2407 regem
3149 2335 3379 2401 Jovem;
3405 2334 3542 2405 quia
3562 2334 3690 2403 ejus
3714 2349 3821 2386 no-

2173 2443 2328 2490 men.
2354 2444 2388 2482 a
2409 2442 2523 2497 quo
2536 2426 2771 2480 daretur
2791 2424 3050 2492 felicitas,
3075 2423 3438 2494 ignorabant,
3455 2423 3616 2477 ideo2
3635 2421 3819 2492 ipsius

2172 2519 2252 2574 rei
2267 2517 2713 2588 nomine,quam
2737 2515 3050 2571 credebant
3069 2515 3140 2570 ab
3165 2513 3263 2570 illo
3285 2513 3434 2579 dari,
3455 2529 3590 2568 eum
3618 2512 3814 2584 appel-

2170 2608 2288 2664 lare
2308 2607 2646 2663 voluerunt:
2684 2607 2826 2660 satis
2857 2620 2989 2675 ergo
3016 2603 3417 2674 judicarunt',
3453 2619 3555 2658 nec
3586 2603 3659 2657 ab
3690 2601 3815 2673 ipso

2171 2698 2310 2753 Jove
2326 2697 2446 2752 dari
2469 2711 2638 2768 posse
2661 2694 3018 2760 felicitatem,
3049 2708 3218 2764 quem
3241 2693 3366 2762 jam
3395 2690 3690 2756 colebant;
3715 2691 3810 2746 sed

2174 2786 2376 2857 utique
2402 2787 2474 2840 ab
2502 2785 2598 2840 illo
2630 2800 2805 2855 quem
2839 2782 3074 2838 nomine
3097 2783 3278 2852 ipsius
3306 2780 3596 2835 felicitatis
3619 2778 3817 2834 colen-

2172 2877 2310 2931 dum
2325 2891 2452 2930 esse
2468 2872 3096 2929 censebant.Confirmo
3113 2886 3340 2941 prorsus
3353 2887 3385 2924 a
3401 2869 3654 2940 quodam
3671 2873 3816 2936 Deo,

2172 2982 2346 3037 quem
2361 2965 2822 3032 nesciebant,eos
2836 2961 3155 3018 credidisse
3167 2960 3288 3016 dari
3305 2958 3636 3016 felicitatem
3655 2975 3669 3012 :
3691 2958 3820 3029 ipse

2172 3072 2304 3125 ergo
2337 3057 2645 3124 quaeratur,
2679 3051 2798 3122 ipse
2827 3050 3069 3116 colatur,
3108 3054 3165 3105 et
3185 3048 3423 3106 sufficit.
3456 3047 3819 3118 Repudiotur

2173 3143 2450 3214 strepitus
2465 3140 2983 3197 innumerabilium
3005 3138 3422 3196 daemoniorum
3442 3155 3455 3194 :
3472 3135 3685 3192 illinon
3701 3135 3821 3192 suf-

2174 3235 2328 3289 ficiat
2361 3233 2452 3288 hic
2480 3233 2650 3298 Deus,
2684 3229 2914 3286 cuinon
2939 3228 3160 3284 sufficit
3181 3244 3398 3284 munus
3419 3227 3568 3297 ejus.
3597 3225 3703 3293 Illi,
3729 3224 3822 3280 in-

2173 3342 2374 3396 quam,
2397 3340 2512 3379 non
2537 3322 2788 3379 sufficiat
2805 3323 2872 3376 ad
2893 3321 3202 3377 colendum
3226 3321 3378 3375 Deus
3400 3319 3565 3374 dator
3584 3315 3824 3372 felicita-

2175 3413 2268 3484 tis,
2293 3413 2521 3469 cuinon
2539 3411 2838 3468 sufficitab
2862 3409 3268 3482 accipiendum
3289 3408 3418 3480 ipsa
3437 3407 3693 3463 felicitas.
3716 3405 3820 3460 Cui

2175 3511 2366 3559 autem
2390 3501 2610 3558 sufficit
2639 3501 2779 3572 (non
2805 3500 2961 3556 enim
2985 3499 3159 3555 habet
3188 3498 3365 3554 homo
3395 3497 3535 3568 quid
3566 3495 3819 3568 amplius

2176 3600 2372 3666 Optare
2393 3591 2873 3663 debeat),serviat
2898 3591 2996 3646 uni
3023 3591 3132 3646 Deo
3150 3588 3336 3644 datori
3358 3586 3672 3644 felicitatis.
3696 3585 3820 3642 Non

2175 3689 2260 3740 est
2277 3683 2400 3756 ipse
2418 3698 2590 3754 quem
2605 3680 2912 3737 nominant
2927 3677 3310 3735 Jovem.Nam
3329 3677 3378 3732 si
3397 3692 3532 3733 eum
3555 3677 3819 3732 datorem

2178 3774 2468 3830 felicitatis
2489 3773 2890 3842 agnoscerent,
2916 3783 3033 3824 non
3057 3766 3258 3838 utique
3283 3765 3489 3833 alium,
3512 3763 3595 3821 vel
3621 3764 3823 3833 aliam,

2179 3880 2212 3919 a
2241 3878 2354 3932 qua
2383 3859 2614 3916 daretur
2636 3857 2899 3927 felicitas,
2922 3855 3160 3912 nomine
3181 3854 3364 3926 ipsius
3389 3853 3702 3910 Felicitatis
3733 3853 3828 3908 in-

2180 3952 2512 4024 quirerent;
2548 3963 2735 4018 neque
2765 3947 2957 4017 ipsum
2985 3944 3187 4000 Jovem
3211 3961 3345 4000 cum
3377 3943 3556 3999 tantis
3587 3941 3824 4012 injuriis

2182 4040 2484 4096 colendum
2512 4039 2805 4110 putarent.
2827 4037 2940 4090 Iste
2963 4033 3290 4089 alienarum
3335 4032 3548 4088 dicitur
3569 4029 3826 4086 adulter‘I

2184 4145 2449 4198 uxorum,
2498 4127 2607 4183 iste
2639 4124 2799 4197 pueri
2847 4124 2923 4195 (a)
2956 4121 3182 4196 pulchri
3219 4121 3553 4194 impudicus
3597 4123 3827 4176 amator

2182 4227 2235 4276 et
2265 4224 2482 4290 raptor.

2183 4359 2416 4418 CAPUT
2446 4357 2643 4415 XXVI.
2676 4386 2746 4398 —-
2774 4357 2852 4411 De
2882 4354 3035 4410 ludis
3063 4351 3306 4419 scenicis,
3329 4367 3461 4424 quos
3490 4349 3604 4406 sibi
3630 4347 3714 4406 dii
3740 4365 3830 4406 ce-

2459 4447 2670 4506 lebrari
2704 4465 2738 4503 a
2765 4445 2881 4503 suis
2910 4443 3215 4500 cultoribus
3238 4451 3558 4513 exegerunt.

2256 4569 2366 4627 Sed
2381 4568 2612 4640 ﬁngebat
2625 4567 2737 4622 haec
2754 4567 3032 4630 Homerus,
3053 4562 3130 4618 ait
3146 4560 3374 4618 Tullius
3391 4560 3489 4631 (b),
3511 4562 3564 4616 et
3580 4557 3832 4615 humana

2187 4661 2256 4718 ad
2272 4659 2395 4716 deos
2412 4658 2807 4727 transferebat:
2823 4654 3012 4710 divina
3029 4652 3257 4707 mallem
3273 4651 3356 4706 ad
3367 4664 3482 4706 nos.
3497 4647 3700 4705 Merito
3714 4646 3833 4703 dis-

2188 4736 3834 4824 plicuitvirogravidivinorumcriminumpoetaconfictor.

2188 4841 2299 4898 Cur
2328 4855 2460 4912 ergo
2480 4837 2599 4891 ludi
2622 4831 2858 4900 scenici,
2883 4830 2978 4886 ubi
3003 4829 3125 4886 haec
3151 4828 3516 4895 dictitantur,
3535 4826 3834 4881 cantitan—

2190 4936 2307 4998 tur,
2332 4925 2919 4991 actitantur,deorum
2949 4917 3268 4974 honoribus
3294 4913 3837 4981 exhibentur,inter

2191 5036 2283 5076 res
2298 5016 2522 5073 divinas
2537 5031 2569 5068 a
2583 5009 2937 5068 doctissimis
2949 5004 3421 5064 conscribuntur?
3436 5004 3538 5061 Hic
3550 5002 3836 5059 exclamet

2191 5104 2409 5169 Cicero,
2438 5117 2552 5156 non
2595 5103 2799 5154 contra
2829 5098 3114 5169 figmenta
3145 5103 3468 5168 poetarum,
3497 5094 3596 5150 sed
3632 5096 3834 5149 contra

2255 5292 2275 5326 δ
2301 5290 2406 5347 Er.,
2430 5287 2570 5335 sicut
2601 5301 2636 5334 α
2664 5284 2825 5334 bobus
2870 5285 3170 5334 Bobonam.
3222 5283 3380 5346 Lugd.
3434 5282 3560 5332 Ven.
3602 5283 3656 5331 et
3688 5281 3839 5341 Lov.,

2189 5353 2332 5402 sicut
2367 5368 2401 5399 a
2429 5351 2590 5399 bobus
2625 5349 2937 5398 Bubonam.
2976 5349 3041 5397 Μ.

2255 5417 2276 5450 ²
2304 5415 2460 5470 Editi,
2489 5421 2538 5462 et
2572 5412 2704 5460 ideo.
2735 5413 2802 5460 At
2830 5410 3179 5474 manuscripti
3209 5423 3315 5459 non
3343 5408 3558 5463 habent,
3590 5416 3656 5456 et.

2258 5481 2279 5513 3
2313 5477 2399 5527 Sic
2425 5478 2547 5525 Mss.
2580 5476 2716 5524 Editi
2745 5488 2888 5533 vero,
2921 5474 3194 5522 indicant.

2254 5541 2277 5576 4
2305 5541 2390 5589 Sic
2418 5539 2585 5588 nostri
2613 5551 2796 5588 omnes
2827 5531 2947 5586 Mss.
2979 5536 3039 5584 In
3068 5537 3143 5592 B.,
3173 5535 3538 5584 adulterator.
3576 5531 3645 5582 M.

2258 5605 2324 5666 (a)
2359 5601 2695 5666 Ganymedis.
2728 5603 2932 5666 Homer.
2965 5598 3114 5648 Iliad.
3146 5598 3240 5649 lib.
3272 5597 3350 5646 20.

2250 5663 2332 5731 (b)
2361 5663 2570 5716 Tuscul.
2596 5664 2640 5723 1,
2673 5678 2784 5728 cap.
2815 5663 2896 5712 26.
