4128 6190
260 242 368 304 I33

1630 240 1862 300 LIBER
1903 238 2272 309 QUARTUS

3540 254 3656 313 134

250 375 506 433 instituta
537 373 848 444 majorum.
885 373 1086 429 Annon
1108 371 1516 429 exclamarent‘
1540 371 1728 441 etilli,
1752 371 1900 439 Quid
2002 371 2362 445 jurisperitis
2395 373 2555 444 dicit,
2588 377 2896 449 Superﬂua
2952 395 3068 435 non
3105 382 3488 448 nocent.Quae
3518 391 3658 439 sunt

253 483 350 523 nos
380 466 625 521 fecimus
644 463 674 520 ‘2
694 465 807 535 Ipsi
841 462 922 518 dii
940 463 1055 519 ista
1077 463 1198 518 suis
1221 461 1545 518 honoribus
1567 461 1898 518 exhibenda

246 557 664 628 ﬂagitaverunt,
680 552 958 610 atrociter
972 549 1593 624 imperarunt,cladem
1610 551 1718 606 nisi
1739 551 1900 607 ﬁeret

250 643 707 718 praenuntiarunt
731 660 746 711 ;
782 642 919 715 quia
943 641 1273 715 neglectum
1287 645 1375 697 est
1395 640 1640 712 aliquid,
1663 640 1896 696 severis.

248 735 384 793 sime
401 733 769 790 vindicarunt
793 752 808 801 ;
834 731 972 804 quia
995 730 1052 787 id
1069 732 1228 802 quod
1251 729 1583 803 neglectum
1612 731 1799 786 fuerat
1817 730 1900 784 fa-

249 829 394 882 ctum
414 829 523 890 est,
544 822 803 895 placatos
825 838 887 877 se
917 837 1044 877 esse
1062 823 1484 876 monstrarunt.
1514 820 1667 876 Inter
1695 835 1894 875 eorum

201 933 204 940 ·
253 917 736 971 commemoratur
762 911 1006 968 virtutes
1038 921 1096 967 et
1129 911 1395 966 miranda
1436 911 1588 966 facta
1617 909 1776 981 quod
1807 910 1897 964 di-

255 1021 393 1062 cam.
426 1005 556 1060 Tito
590 1003 862 1073 Latinio’,
896 1002 1113 1058 rustico
1156 1002 1417 1057 Romano
1463 999 1891 1072 patrifamilias,

257 1095 468 1152 dictum
499 1098 587 1150 est
617 1093 677 1149 in
701 1092 943 1161 somnis,
970 1091 1030 1147 in
1053 1094 1318 1147 senatum
1341 1090 1661 1157 nuntiaret,
1686 1093 1749 1145 ut
1773 1088 1894 1144 ludi

257 1183 495 1240 Romani
526 1183 1008 1251 instaurarentur,
1043 1181 1199 1252 quod
1233 1180 1418 1251 primo
1460 1195 1661 1234 eorum
1711 1179 1802 1234 die
1834 1177 1894 1233 in

260 1273 509 1344 quodam
539 1270 838 1338 scelerato,
875 1269 977 1342 qui
1018 1268 1230 1342 populo
1261 1272 1553 1338 spectante
1573 1268 1644 1324 ad
1675 1267 1897 1340 suppli-

257 1360 409 1416 cium
440 1359 574 1418 duei
596 1359 804 1430 jussus
836 1367 938 1426 est,
973 1357 1320 1414 numinibus
1351 1355 1621 1412 videlicet
1647 1373 1716 1412 ex
1741 1356 1896 1412 ludis

255 1449 602 1507 hilaritatem
634 1448 1055 1520 querentibus,
1085 1447 1252 1503 triste
1281 1446 1682 1518 displicuisset
1703 1447 1898 1519 impe-

255 1539 421 1596 rium.
455 1539 604 1594 Cum
633 1553 766 1608 ergo
795 1537 912 1605 ille,
947 1536 1048 1610 qui
1078 1535 1306 1593 somnio
1336 1537 1730 1592 commonitus
1749 1541 1895 1605 erat,

253 1634 471 1702 postero
495 1629 619 1700 diej
630 1645 766 1684 ussa
783 1627 969 1684 facere
983 1642 1096 1682 non
1111 1642 1292 1682 ausus
1304 1632 1477 1696 esset,
1494 1627 1754 1682 secunda
1767 1642 1899 1683 noc-

252 1727 302 1777 te
321 1720 426 1777 hoc
455 1721 616 1776 idem
650 1736 856 1777 rursus
877 1719 1135 1776 severius
1166 1719 1513 1788 imperatum
1535 1722 1669 1788 jest:
1699 1718 1900 1775 amisit

251 1810 451 1879 filium,
468 1811 612 1882 quia
627 1827 739 1866 non
756 1809 1113 1866 fecit.Tertia
1127 1811 1295 1865 nocte
1309 1807 1533 1864 dictum
1549 1817 1633 1864 est
1648 1807 1895 1880 homini,

252 1901 614 1973 quodjmajor
634 1901 687 1956 ei
707 1899 959 1971 pana,si
982 1915 1097 1954 non
1123 1898 1354 1968 faceret,
1373 1898 1728 1956 immineret.
1752 1899 1896 1954 Cum

251 1989 418 2046 etiam
434 1990 518 2046 sic
533 2006 649 2046 non
660 1988 984 2056 auderet,in
999 1988 1269 2045 morbum
1281 1986 1485 2044 incidit
1495 2003 1686 2044 acrem
1701 1996 1755 2044 et
1770 1987 1901 2043 hor-

252 2079 502 2137 ribilem.
520 2081 670 2135 Tum
687 2095 822 2135 vero
842 2095 910 2135 ex
931 2077 1253 2135 amicorum
1276 2077 1566 2135 sententia
1582 2079 1654 2134 ad
1680 2079 1900 2150 magis-

253 2175 434 2228 tratus
447 2188 569 2228 rem
583 2171 810 2239 detulit,
825 2173 1074 2242 atquein
1098 2169 1300 2226 lectica
1322 2169 1533 2227 allatus
1545 2175 1633 2228 est
1652 2171 1713 2226 in
1735 2187 1900 2226 sena-

253 2265 377 2316 tum
395 2279 410 2317 :
426 2261 807 2332 expositoque
818 2260 1306 2331 somnio,recepta
1324 2260 1599 2317 continuo
1621 2260 1903 2315 valetudi-

251 2365 342 2420 ne,
365 2350 622 2422 pedibus
645 2349 770 2406 suis
801 2365 978 2405 sanus
997 2349 1307 2405 abscessit.
1337 2349 1525 2405 Tanto
1547 2350 1905 2420 stupefactus

251 2438 550 2494 miraculo
571 2441 813 2493 senatus
844 2435 1291 2509 quadruplicata
1311 2437 1556 2509 pecunia
1576 2437 1746 2493 ludos
1761 2454 1903 2494 cen-

245 2528 375 2584 suit
396 2525 718 2582 instaurari
737 2524 836 2598 (a).
855 2526 992 2590 Quis
1015 2542 1131 2582 non
1150 2526 1359 2595 videat,
1384 2526 1486 2598 qui
1507 2543 1714 2584 sanum
1728 2527 1900 2600 sapit,

248 2617 531 2673 subditos
545 2615 811 2672 homines
829 2615 1105 2689 malignis
1119 2615 1534 2682 daemonibus,a
1549 2633 1787 2689 quorum
1806 2619 1904 2674 do-

247 2705 581 2762 minatione
600 2721 713 2761 non
729 2704 1063 2761 liberatnisi
1077 2705 1267 2777 gratia
1280 2704 1380 2761 Dei
1394 2705 1700 2777 pechsum
1715 2706 1903 2763 Chris-

250 2799 375 2851 tum
408 2795 728 2851 Dominum
751 2800 1040 2864 nostrum,
1059 2794 1112 2849 vi
1137 2795 1465 2866 compulsos
1487 2812 1612 2852 esse
1633 2797 1904 2853 exhibere

256 2883 474 2939 talibus
490 2883 758 2955 diis,quaa
774 2887 928 2939 recto
942 2882 1187 2939 consilio
1204 2888 1467 2953 poterant
1480 2885 1702 2956 turpiaj
1715 2887 1907 2941 udica-

255 2974 349 3029 ri?
377 2975 444 3030 In
469 2973 589 3029 illis
610 2978 762 3029 certe
781 2973 938 3029 ludis
960 2974 1183 3046 poetica
1204 2973 1511 3030 numinum
1534 2975 1782 3031 crimina
1801 2976 1908 3032 fre-

257 3067 636 3136 quentantur,
677 3062 776 3135 qui
808 3061 933 3119 ludi
979 3063 1323 3135 cogentibus
1358 3064 1704 3121 numinibus
1730 3066 1904 3136 jussu

257 3157 497 3209 senatus
529 3153 1026 3209 inslaurabantur.
1059 3154 1125 3208 In
1157 3150 1274 3208 illis
1304 3151 1462 3208 ludis
1506 3159 1904 3224 corruptorem

257 3243 589 3316 pudieitiaeJ
595 3259 756 3298 ovem
772 3241 1098 3314 turpissimi
1115 3240 1426 3298 histriones
1439 3243 1903 3316 cantabant,age-

261 3331 418 3398 bant,
436 3331 798 3404 placebant“.
816 3331 876 3387 Si
890 3331 1033 3386 illud
1048 3329 1867 3401 fingebatur,'illeirasceretur
1889 3349 1902 3388 :

264 3420 531 3477 siautem
555 3420 676 3476 suis
697 3420 1046 3476 criminibus
1067 3420 1240 3476 etiam
1281 3419 1455 3476 fictis‘
1494 3421 1905 3491 delectabatur,

260 3511 484 3580 quando
509 3509 821 3579 coleretur,
850 3509 960 3565 nisi
977 3509 1204 3566 diabolo
1228 3510 1543 3566 serviretur
1560 3510 1587 3564 ?
1610 3512 1772 3566 Itane
1797 3511 1907 3567 iste

262 3599 1903 3671 Romanumconderet,dilataret,conservaretimperium,

262 3689 459 3760 quovis
472 3689 766 3758 Romano,
788 3687 879 3743 cui
898 3688 1696 3759 displicebanttalia,homine
1718 3689 1909 3758 abjec-

262 3777 407 3834 tior‘?
438 3779 552 3834 iste
572 3778 732 3834 daret
769 3776 1118 3843 felicitatem,
1144 3778 1245 3849 qui
1286 3783 1403 3834 tam
1429 3777 1740 3834 infeliciter
1758 3778 1909 3835 cole-

263 3866 466 3935 batur;
502 3871 564 3922 et
595 3866 705 3922 nisi
737 3866 817 3921 ita
845 3864 1148 3934 coleretur,
1184 3866 1474 3923 infelicius
1505 3866 1910 3926 irascebatur?

326 3965 563 4023 CAPUT
593 3963 829 4021 XXVII.
861 3996 929 4005 —
964 3965 1032 4021 De
1060 3965 1240 4021 tribus
1269 3966 1558 4036 generibus
1578 3965 1822 4038 deorum,
1845 3967 1910 4025 de

537 4056 734 4128 quibus
764 4056 1008 4114 Scaevola
1025 4056 1278 4128 ponti/ex
1305 4055 1624 4126 disputavit.

324 4146 604 4203 Relatum
653 4149 740 4201 est
768 4145 828 4200 in
861 4144 1105 4212 litteras,
1139 4145 1545 4201 doctissimum
1577 4147 1909 4218 pontificem

263 4234 576 4291 Scaevolam
598 4233 671 4305 (b)
693 4234 1025 4304 disputasse
1039 4233 1151 4289 tria
1163 4249 1376 4305 genera
1393 4235 1605 4291 tradita
1626 4237 1866 4292 deorum
1892 4254 1906 4294 :

264 4350 439 4390 unum
463 4352 498 4390 a
517 4331 986 4404 poetis,alterum
1007 4350 1040 4388 a
1061 4332 1686 4404 philosophis,tertium
1702 4353 1733 4392 a
1755 4337 1914 4406 prin—

265 4422 490 4497 cipibus
524 4422 796 4479 civitatis.
831 4421 1096 4479 Primum
1149 4438 1330 4492 genus
1368 4424 1742 4496 nugatorium
1776 4427 1916 4481 dicit

265 4511 575 4586 esse,quod
593 4527 648 4567 m
664 4511 780 4567 ulta
794 4512 863 4568 de
877 4511 987 4568 diis
1002 4511 1573 4584 ﬁnganturindigna;
1590 4516 1915 4571 secundum

267 4617 374 4658 non
419 4616 745 4673 congruere
776 4600 1132 4669 civitatibus,
1161 4601 1314 4671 quod
1349 4600 1562 4656 habeat
1591 4603 1788 4674 aliqua
1819 4621 1916 4658 su.

270 4707 585 4764 pervacua,
617 4689 813 4762 aliqua
843 4690 1019 4745 etiam
1053 4707 1179 4761 quae
1197 4690 1351 4745 obsit
1373 4691 1602 4762 populis
1623 4709 1813 4747 nosse.
1839 4694 1917 4749 De

269 4779 645 4852 supervacuis
679 4794 790 4834 non
823 4795 1039 4850 magna
1067 4794 1241 4834 causa
1271 4784 1393 4834 est:
1434 4780 1584 4835 solet
1609 4781 1768 4836 enim
1801 4787 1856 4837 et
1885 4799 1916 4838 a

329 4899 345 4932 1
376 4897 530 4947 Mss..
559 4909 637 4944 an
657 4894 1040 4944 exclamarent
1068 4911 1086 4953 ;
1115 4895 1328 4951 omisso,
1360 4910 1491 4942 non.

328 4957 349 4992 ²
376 4960 541 5020 Editi,
574 4959 792 5006 Latino.
823 4957 1072 5008 Nonnulli
1101 4957 1244 5016 Mss,
1278 4958 1521 5006 Latinio.

328 5022 351 5086 if
378 5020 467 5071 Sic
495 5019 847 5084 manuscripti
875 5035 999 5071 cum
1027 5019 1180 5069 Vind.
1212 5022 1279 5068 At
1308 5021 1424 5068 Am.
1454 5020 1538 5071 Er.
1559 5022 1612 5071 et
1631 5021 1778 5084 Lov.,
1792 5023 1918 5086 pla-

273 5083 486 5134 cubant.

329 5147 351 5181 ⁸
379 5147 550 5196 Vetus
577 5146 714 5196 liber
745 5145 1043 5198 Faurensis,
1068 5144 1253 5205 factis.

329 5211 398 5272 (α)
431 5210 528 5258 His
560 5211 902 5272 consentiunt
939 5209 1137 5272 Livius,
1165 5208 1259 5272 lib,
1289 5207 1338 5264 2,
1371 5223 1413 5258 c.
1457 5209 1536 5265 36.
1569 5224 1631 5261 ac
1659 5211 1918 5269 Valerius,

272 5269 358 5320 lib.
382 5269 445 5333 ’1,
480 5285 594 5334 cap.
616 5271 680 5335 V7.
711 5274 764 5321 et
796 5272 823 5335 §
850 5274 898 5330 4,
929 5285 1067 5335 eum,
1099 5271 1163 5335 de
1208 5271 1360 5331 plebe
1389 5273 1659 5322 hominem
1688 5275 1872 5323 dicunt
1907 5289 1920 5333 ;

274 5335 410 5395 quod
437 5333 630 5383 rustici
649 5333 872 5384 Romani
901 5333 1255 5395 appellatione
1279 5335 1582 5394 significare
1611 5337 1823 5384 volebat
1845 5337 1923 5384 Ci-

274 5409 404 5453 cero,
432 5397 704 5460 somnium
730 5399 827 5460 hoc
853 5397 1029 5460 ipsum
1057 5409 1282 5444 narrans
1308 5397 1364 5444 in
1392 5399 1528 5447 libro
1559 5398 1728 5460 primo
1756 5399 1821 5447 de
1844 5399 1927 5446 Di-

275 5459 567 5519 vinatione,
597 5472 706 5522 cap.
741 5459 819 5508 26.

335 5522 414 5593 (b)_
434 5522 553 5584 Ipse
585 5520 682 5593 ille:
705 5524 787 5593 est
812 5521 1075 5593 Scaevola,
1103 5520 1196 5592 qui
1217 5533 1274 5593 _a
1302 5520 1564 5593 Cicerone,
1597 5524 1661 5593 de
1689 5522 1923 5593 Oratore,

277 5584 363 5650 lib.
397 5585 444 5643 1,
478 5597 588 5647 cap.
617 5584 701 5650 _39,
733 5585 988 5650 laudatur
1010 5586 1075 5650 _ut
1103 5584 1567 5650 iurisperitorum
1595 5588 1925 5650 eloquentis-

278 5648 473 5705 simus,
504 5645 559 5696 εἰ
581 5647 959 5712 eloquentium
983 5645 1547 5709 jurisperitissimus.

2013 463 2322 536 autemjilla
2337 479 2458 536 quae
2473 465 2697 538 prolata
2712 468 2769 522 in
2787 467 3217 525 multitudinem
3239 470 3490 544 nocenti?
3502 471 3654 539 Haec,

2013 551 2226 624 inquit,
2249 570 2363 609 non
2387 571 2512 611 esse
2535 557 2674 612 deos
2695 556 3020 625 Herculem,
3039 559 3658 631 (Esculapiumﬁasto-

2013 657 2156 709 rem,
2185 642 2509 702 Pollucem:
2535 646 2803 717 proditur
2825 648 2976 703 enim
2995 666 3026 703 a
3049 649 3252 717 doctis,
3279 650 3436 721 quod
3459 651 3652 707 homi-

2015 749 2116 790 nes
2157 735 2392 806 fuerint,
2427 741 2480 792 et
2511 737 2767 794 humana
2798 740 3126 797 conditione
3147 741 3480 798 defecerint.
3507 744 3652 810 Quid

2014 822 2170 878 aliud
2197 823 2262 878 "I
2285 826 2446 889 Quod
2469 841 2669 882 eorum
2697 828 2794 900 qui
2815 829 2933 885 sint
2954 830 3030 884 dii
3053 847 3166 885 non
3187 830 3434 888 habeant
3458 832 3657 888 civita-

2013 913 2100 967 tes
2126 927 2265 968 vera
2293 912 2640 983 simulacra;
2663 917 2818 986 quod
2838 934 3008 974 verus
3028 919 3179 975 Deus
3202 935 3304 976 nec
3323 936 3522 977 sexum
3548 921 3656 976 ha-

2011 999 2162 1067 heat,
2182 1017 2287 1058 nec
2309 1007 2557 1071 aetatem,
2579 1021 2683 1060 nec
2705 1006 2944 1063 definita
2966 1008 3224 1080 corporis
3252 1010 3656 1066 membra.Hac

2011 1089 2267 1159 pontifex
2298 1108 2469 1148 nosse
2487 1093 2733 1164 populos
2749 1111 2862 1150 non
2879 1096 3000 1152 vult
3026 1113 3038 1150 :
3064 1115 3198 1153 nam
3224 1097 3370 1154 falsa
3390 1115 3517 1155 esse
3540 1115 3655 1156 non

2010 1181 2224 1249 putat3.
2258 1182 2534 1251 Expedire
2564 1183 2736 1253 igitur
2764 1183 3086 1251 existimat,
3115 1185 3233 1242 falli
3273 1187 3331 1241 in
3378 1187 3656 1260 religione

2010 1267 2296 1325 civitates.
2331 1271 2491 1334 Quod
2523 1273 2713 1329 dicere
2734 1274 2905 1329 etiam
2929 1275 2986 1329 in
3015 1274 3176 1330 libris
3197 1275 3409 1332 Rerum
3433 1278 3656 1334 divina-

2010 1372 2129 1412 rum
2167 1358 2291 1429 ipse
2311 1357 2491 1416 Varro
2523 1378 2638 1418 non
2670 1363 2912 1419 dubitat.
2967 1365 3244 1419 Praeclara
3286 1364 3510 1437 religio,
3541 1383 3656 1438 quo

2009 1447 2651 1518 confugiatliberandus
2672 1452 2963 1520 infirmus,
2988 1457 3044 1508 et
3061 1468 3194 1508 cum
3217 1452 3516 1511 veritatem
3539 1472 3656 1527 qua

2009 1536 2577 1609 libereturinquirat,
2596 1542 2867 1597 credatur
2881 1543 2932 1598 ei
2955 1543 3223 1614 expedire
3243 1545 3396 1614 quod
3413 1545 3654 1602 fallitur.

2012 1626 2302 1682 Poeticum
2335 1644 2475 1685 sane
2503 1629 2746 1686 deorum
2778 1648 2964 1702 genus
2995 1649 3094 1689 cur
3111 1632 3360 1688 Scaevola
3401 1639 3654 1704 respuat,

2010 1714 2228 1770 eisdem
2262 1715 2469 1772 litteris
2502 1736 2615 1774 non
2647 1725 2907 1776 tacetur:
2942 1721 3079 1793 quia
3101 1723 3183 1777 sic
3215 1721 3486 1778 videlicet
3515 1723 3654 1780 deos

2010 1803 2546 1874 deformant,utnec
2558 1808 2728 1866 bonis
2741 1810 3074 1867 hominibus
3087 1827 3212 1868 com
3224 1820 3655 1884 parentur,cum

2011 1895 2192 1951 alium
2222 1897 2443 1952 faciunt
2473 1897 2676 1969 furari,
2701 1899 2881 1956 alium
2903 1900 3264 1969 adulterare;
3291 1902 3374 1958 sic
3396 1901 3532 1958 item
3557 1902 3660 1960 ali-

2011 1984 2146 2056 quid
2179 1985 2361 2053 aliter,
2395 1987 2660 2059 turpiter,
2691 1993 2860 2061 atque
2889 1991 3080 2064 inepte
3112 1991 3302 2048 dicere
3331 2009 3396 2047 ac
3433 1993 3654 2064 facere;

2011 2079 2126 2129 tres
2148 2075 2300 2130 inter
2315 2091 2378 2130 se
2399 2076 2536 2132 deas
2559 2082 2812 2135 certasse
2828 2079 2895 2134 de
2915 2079 3152 2151 praemio
3174 2080 3652 2152 pulchritudinis,

2010 2165 2242 2236 victas'd
2254 2181 2354 2221 uas
2368 2185 2398 2220 a
2413 2167 2626 2224 Venere
2647 2169 2881 2240 Trojam
2903 2170 3215 2240 evertisse;
3240 2169 3438 2225 Jovem
3463 2170 3654 2240 ipsum

2013 2254 2264 2310 converti
2297 2254 2353 2309 in
2380 2255 2587 2311 bovem
2619 2261 2720 2311 aut
2749 2273 3017 2330 cycnum,
3051 2266 3112 2313 ut
3143 2273 3270 2314 cum
3291 2257 3484 2326 aliqua
3519 2274 3661 2314 con-

2013 2342 2251 2398 cumbat
2274 2360 2289 2412 ;
2314 2344 2478 2399 deam
2505 2344 2725 2399 homini
2743 2345 2982 2410 nubere,
3006 2345 3318 2399 Saturnum
3343 2342 3553 2400 liberos
3567 2347 3660 2402 de-

2015 2448 2248 2488 vorare:
2281 2431 2430 2486 nihil
2463 2432 2712 2503 denique
2744 2448 2908 2501 posse
2947 2433 3199 2502 conﬁngi
3247 2432 3658 2491 miraculorum

2013 2527 2188 2593 atque
2229 2520 2520 2588 vitiorum,
2555 2521 2705 2591 quod
2737 2535 2855 2576 non
2883 2519 2965 2574 ibi
3010 2519 3353 2590 reperiatur,
3377 2525 3548 2592 atque
3586 2523 3660 2579 ab

2013 2614 2253 2668 deorum
2280 2615 2487 2666 natura
2506 2609 2678 2681 longe
2698 2609 2868 2666 absit.
2885 2607 2927 2666 Ο
2943 2607 3192 2664 Scaevola
3210 2609 3464 2679 pontifex
3476 2611 3660 2666 maxi-

2015 2717 2128 2766 me,
2160 2700 2328 2756 ludos
2358 2699 2514 2767 tolle,
2548 2700 2595 2755 si
2626 2703 2824 2772 potes:
2860 2697 3104 2771 praecipe
3142 2697 3390 2770 populis,
3415 2715 3486 2754 ne
3516 2700 3660 2758 tales

2015 2790 2264 2846 honores
2287 2789 2839 2846 diisimmortalibus
2853 2789 3134 2855 deferant,
3151 2787 3248 2843 ubi
3272 2788 3498 2843 crmina
3524 2789 3659 2846 deo-

2015 2895 2142 2934 rum
2158 2878 2336 2935 libeat
2350 2878 2568 2950 mirari,
2585 2882 2642 2936 et
2656 2895 2776 2950 quae
2794 2877 2913 2934 fieri
2929 2881 3174 2948 possunt
3187 2876 3659 2949 placeatimitari.

2011 2968 2070 3024 Si
2093 2974 2285 3026 autem
2306 2970 2412 3025 tibi
2438 2971 2800 3041 responderit
2823 2968 3099 3041 papulus,
3121 2967 3237 3024 Vos
3263 2968 3429 3024 nobis
3451 2969 3664 3041 impor-

2012 3060 2180 3116 tastis
2210 3059 2344 3125 ista,
2367 3059 2673 3131 pontiﬁces
2697 3077 2709 3114 :
2736 3060 2875 3115 deos
2900 3060 3058 3130 ipsos
3077 3074 3237 3130 roga,
3261 3057 3476 3130 quibus
3499 3059 3662 3116 insti-

2012 3148 2281 3218 gantibus
2296 3149 2406 3204 ista
2421 3149 2709 3219 jussistis,
2725 3165 2796 3204 ne
2811 3147 2952 3204 talia
2973 3147 3085 3204 sibi
3101 3147 3351 3217 jubeant
3375 3147 3659 3204 exhiberi.

2013 3239 2148 3303 Quae
2177 3238 2222 3292 si
2255 3237 2407 3294 mala
2439 3243 2596 3305 sunt,
2631 3243 2688 3294 et
2719 3245 3019 3310 propterea
3049 3237 3210 3294 nullo
3237 3239 3409 3295 modo
3431 3239 3502 3295 de
3519 3239 3660 3296 deo-

2014 3342 2146 3380 rum
2180 3327 2483 3398 majestate
2514 3328 3028 3398 credenda,major
3049 3329 3400 3385 estdeorum
3422 3327 3663 3399 injuria,

2015 3414 2086 3468 de
2111 3415 2327 3485 quibus
2343 3415 2581 3487 impune
2599 3416 2919 3486 finguntur.
2939 3419 3049 3474 Sed
3066 3433 3181 3473 non
3195 3421 3250 3472 te
3271 3419 3541 3478 audiunt,
3560 3417 3666 3471 dae-

2016 3517 2220 3558 mones
2249 3507 2410 3574 sunt,
2443 3519 2619 3573 prava
2649 3506 2880 3573 docent,
2918 3503 3189 3574 turpibus
3218 3506 3492 3575 gaudent:
3545 3521 3662 3560 non

2015 3593 2204 3648 solum
2221 3610 2334 3649 non
2349 3594 2632 3664 deputant
2645 3593 3000 3663 injuriam,si
3013 3596 3082 3650 de
3096 3596 3212 3650 illis
3229 3596 3329 3649 ista
3344 3594 3662 3664 ﬁngantur;

2015 3683 2115 3739 sed
2145 3698 2272 3738 eam
2303 3684 2496 3754 potius
2527 3683 2799 3752 injuriam
2843 3685 2986 3741 ferre
3026 3702 3140 3740 non
3183 3689 3452 3755 possunt,
3485 3682 3534 3737 si
3564 3697 3667 3752 per

2017 3787 2215 3828 eorum
2248 3771 2534 3826 solemnia
2565 3787 2680 3826 non
2711 3777 2975 3844 agantur.
3008 3774 3141 3828 Jam
3164 3788 3294 3827 vero
3312 3773 3362 3827 si
3386 3773 3666 3829 adversus

2016 3877 2114 3918 eos
2134 3861 2327 3916 Jovem
2351 3859 2702 3931 interpelles,
2727 3861 2979 3917 maxime
2999 3862 3072 3918 ob
3095 3876 3222 3917 eam
3241 3877 3503 3926 causam,
3527 3859 3667 3929 quia

2016 3953 2143 4022 ejus
2171 3951 2340 4022 plura
2371 3949 2618 4006 crimina
2650 3951 2799 4008 ludis
2821 3951 3070 4008 scenicis
3092 3952 3440 4021 actitantur;
3475 3967 3668 4010 nonne

2018 4041 2248 4096 etiarnsi
2277 4041 2455 4096 Deum
2473 4040 2674 4097 Jovem
2694 4043 3070 4114 nuncupatis,
3094 4059 3128 4097 a
3147 4058 3259 4114 quo
3279 4042 3668 4114 regiturtotus

2017 4136 2193 4204 atque
2224 4132 2674 4188 administratur
2706 4131 2801 4189 hic
2832 4135 3108 4201 mundus,
3142 4151 3208 4191 eo
3238 4134 3325 4190 illi
3349 4134 3412 4191 fit
3442 4151 3474 4191 a
3503 4135 3670 4191 vobis

2023 4221 2276 4277 maxima
2324 4222 2559 4294 injuria,
2612 4224 2766 4295 quod
2815 4240 2950 4279 eum
3000 4240 3133 4280 curn
3180 4226 3311 4280 istis
3357 4225 3669 4282 colendum

2022 4311 2262 4380 putatis,
2289 4325 2608 4383 eorumque
2639 4327 2832 4384 regem
2861 4327 2985 4368 esse
3015 4311 3336 4384 perhibetis
3356 4316 3388 4367 ?

2092 4427 2323 4484 CAPUT
2377 4428 2620 4486 XXVIII.
2654 4459 2724 4472 —
2754 4431 2831 4486 An
2896 4429 2966 4485 ad
3019 4426 3383 4484 obtinendum
3431 4427 3675 4483 dilatan-

2024 4518 2258 4590 dumque
2286 4535 2515 4591 regnum
2533 4520 2812 4591 profuerit
2856 4521 3118 4578 Romanis
3146 4519 3327 4576 cultus
3354 4517 3600 4575 deorum.

2095 4625 2262 4682 Nullo
2294 4626 2474 4698 igitur
2493 4629 2664 4683 modo
2687 4628 2764 4684 dii
2793 4628 2960 4695 tales,
2985 4628 3087 4701 qui
3111 4627 3328 4684 talibus
3351 4626 3674 4699 placantur,

2026 4715 2113 4770 vel
2138 4716 2329 4785 potius
2342 4723 2690 4774 accusantur
2720 4719 3056 4790 honoribus,
3077 4724 3137 4774 ut
3155 4719 3344 4788 majus
3367 4717 3675 4772 sitcrimen

2030 4807 2184 4877 quod
2209 4806 2292 4862 eis
2318 4807 2477 4864 falsis
2498 4809 3060 4880 oblectantur,quam
3081 4811 3213 4865 side
3229 4808 3346 4862 illis
3372 4823 3506 4862 vera
3527 4805 3678 4862 dice-

2030 4900 2250 4962 rentur,
2285 4895 2613 4951 Romanum
2646 4897 2961 4968 imperium
3003 4911 3213 4967 augere
3253 4899 3311 4950 et
3340 4909 3678 4950 conservare

2030 4984 2377 5056 potuissent.
2413 4986 2527 5040 Hoc
2557 4985 2711 5040 enim
2745 4986 2794 5040 si
2827 4993 3084 5057 possent,
3118 4983 3331 5040 Graecis
3356 4983 3549 5055 potius
3573 4984 3676 5038 do-

2032 5090 2172 5130 num
2197 5079 2314 5130 tam
2340 5077 2560 5146 grande
2583 5077 2928 5145 conferrent,
2947 5076 3042 5147 qui
3067 5092 3164 5132 eos
3183 5075 3240 5131 in
3261 5072 3676 5146 hujuscemodi

2093 5268 2109 5334 ξ
2144 5269 2230 5320 Sic
2257 5272 2377 5322 Mss.
2413 5269 2549 5321 Editi
2579 5273 2776 5332 autem,
2808 5288 2842 5320 a
2872 5273 3015 5321 viris
3028 5274 3237 5334 peretis
3273 5271 3401 5322 dici.

2092 5332 2113 5365 2
2145 5334 2282 5409 liditi
2307 5349 2318 5383 :
2349 5335 2492 5387 Quid
2519 5336 2698 5390 aliud,
2730 5351 2901 5409 quain
2929 5332 3074 5409 q_uo_d
3093 5352 3307 5409 coitum,
3339 5339 3436 5385 etc.
3467 5333 3680 5409 Expuri-

2029 5397 2277 5460 gendum,
2309 5413 2478 5458 quam
2500 5414 2516 5446 :
2549 5411 2675 5447 nam
2718 5397 2868 5448 abest
2921 5397 2990 5447 ab
3030 5400 3280 5448 omnibus
3309 5397 3687 5460 manuscriptis

2028 5459 2114 5524 et,_
2131 5459 2176 5506 si
2199 5460 2432 5522 additur,
2463 5462 2629 5510 verba
2658 5462 3057 5524 subsequentia.
3087 5476 3207 5522 qum
3252 5460 3523 5524 pontificis
3548 5459 3685 5511 scm-

2029 5521 2166 5587 volaa
2188 5525 2362 5587 __sunt,
2412 5539 2531 5573 cum
2554 5524 2794 5586 proxime
2814 5521 3381 5587 prmcedentibusfnale
3399 5525 3685 5574 connectit.

2092 5584 2112 5616 ³
2144 5583 2357 5647 Aliquot
2385 5587 2491 5635 Mss
2519 5625 2530 5645 ,
2554 5583 2676 5634 Esse
2702 5583 3060 5648 non—putant.
3084 5588 3146 5636 Et
3161 5588 3379 5650 quidam
3403 5600 3435 5637 a
3456 5588 3689 5638 secunda

2031 5657 2214 5706 manu,
2244 5663 2360 5697 esse
2390 5659 2687 5712 computat.
