4142 6186
259 317 356 381 13Ἱ

273 470 334 511 ea
358 452 464 509 alia
487 458 636 523 parte
679 447 1040 519 defenderent
1070 447 1294 520 (Iliadis
1339 454 1398 515 ι’,
1428 462 1569 504 vers.
1609 447 1681 502 67
1710 448 1875 519 sqq),

271 545 358 599 sed
382 543 546 598 etiam
568 544 625 596 ut
647 555 770 596 cum
793 538 1004 594 Titanis
1024 545 1120 593 aut
1136 555 1260 594 cum
1272 536 1608 611 Gigantibus
1631 554 1731 592 sua
1750 552 1876 608 pro-

265 632 379 704 pria
398 629 542 686 bella
567 635 862 701 gesserunt.
877 630 1004 685 Hac
1021 633 1074 683 et
1101 629 1366 683 dicuntur
1378 635 1427 682 et
1436 625 1732 683 creduntur
1741 626 1881 682 stul-

265 722 498 785 tisssz'me,
530 721 580 774 et
615 719 780 785 plena
827 726 949 772 sunt
975 717 1242 772 vanitatis
1271 731 1604 786 summaeque
1633 715 1872 771 levitatis

266 813 380 881 Cap.
407 809 514 879 28).
546 808 686 863 Ecce
716 807 954 862 interim
988 823 1111 877 qua
1156 807 1510 863 confitentur
1541 805 1628 877 qui
1663 806 1870 861 defen-

266 903 396 956 dunt
413 900 544 954 deos
575 897 867 952 Gentium.
883 897 1102 952 Deinde
1123 913 1256 952 cum
1281 897 1402 952 hinc
1425 898 1492 951 ad
1517 896 1886 966 superstitio-

263 1005 382 1044 nem
409 987 686 1059 pertinere
716 986 892 1051 dicat,
925 986 994 1041 ad
1045 985 1380 1055 religionem
1426 1002 1580 1053 vero,
1610 1001 1733 1056 quas
1760 985 1883 1054 ipse

260 1077 559 1134 secundum
588 1073 812 1131 Stoicos
827 1074 1056 1129 videtur
1089 1075 1296 1131 docere
1318 1092 1330 1130 :
1356 1076 1472 1131 Non
1509 1076 1659 1130 enim
1696 1073 1881 1145 philo-

261 1165 402 1236 sophi
416 1166 615 1232 solum,
633 1163 845 1236 inquit,
866 1180 1055 1220 verum
1067 1166 1233 1220 etiam
1249 1166 1483 1236 majores
1497 1163 1675 1220 nostri
1685 1179 1876 1235 super-

259 1253 518 1309 stitionem
548 1253 862 1322 oreligione
874 1252 1327 1324 separaverunt‘.
1344 1253 1481 1308 Nam
1502 1254 1598 1323 qui
1608 1256 1745 1308 totos
1765 1251 1882 1307 dies

255 1344 630 1416 precabantur,
664 1341 879 1413 inquit,
907 1346 961 1397 et
981 1341 1438 1408 immolabant,ut
1455 1342 1568 1396 sibi
1592 1342 1682 1397 sui
1712 1340 1875 1396 liberi

251 1433 546 1504 superstites
559 1437 764 1498 essent,
781 1429 1154 1502 superstisiosi
1162 1435 1290 1486 sunt
1303 1431 1571 1503 appellati
1591 1429 1744 1498 (Vide
1763 1432 1874 1486 La-

252 1525 518 1588 etantium,
544 1522 710 1580 lib.4.
742 1537 862 1594 cap.
882 1521 1158 1594 28):quis
1189 1538 1300 1577 non
1332 1521 1612 1592 intelligat
1633 1536 1765 1576 eum
1781 1537 1880 1576 co-

252 1611 381 1675 nari,
423 1613 568 1666 dum
584 1610 1067 1666 consuetudinem
1082 1610 1326 1666 civitatis
1341 1610 1526 1678 timet,
1541 1609 1882 1681 religionem

249 1701 469 1756 laudare
500 1700 819 1771 majorum,
850 1714 1093 1770 eamque
1121 1715 1153 1753 a
1177 1697 1589 1770 superstitione
1612 1698 1758 1754 velle
1790 1713 1882 1753 se-

243 1789 494 1861 jungere,
529 1791 637 1845 sed
669 1788 958 1860 quomodo
1005 1787 1066 1842 id
1114 1786 1294 1859 possit
1340 1803 1456 1842 non
1489 1787 1793 1843 invenire?
1824 1785 1881 1843 Si

250 1879 433 1934 enima
457 1877 778 1949 majoribus
798 1876 881 1932 illi
905 1880 1044 1932 sunt
1058 1876 1330 1948 appellati
1348 1877 1761 1947 superstitiosi,
1777 1874 1879 1947 qui

250 1973 386 2024 totos
414 1969 543 2024 dies
577 1968 962 2040 precabantur
990 1970 1048 2021 et
1076 1965 1486 2032 immolabant,
1513 1967 1796 2036 numquid
1830 1969 1891 2021 et

249 2058 374 2122 ξιιμ,
395 2057 498 2129 qui
513 2057 900 2114 instituerunt
915 2055 1094 2128 (quod
1115 2055 1224 2111 iste
1246 2055 1887 2127 reprehenditldeorum

250 2147 558 2203 simulacra
587 2147 812 2202 diversa
843 2151 1005 2200 astate
1034 2152 1088 2199 et
1122 2153 1287 2200 veste
1319 2144 1614 2211 distincta,
1643 2145 1887 2199 deorum

250 2252 467 2308 genera,
483 2234 778 2307 conjugis,
799 2233 1204 2304 cognationes?
1219 2233 1347 2288 Hac
1370 2233 1569 2303 utique
1586 2249 1721 2288 cum
1756 2237 1892 2287 tan-

249 2341 411 2396 quam
428 2324 840 2397 superstitiosa
855 2321 1131 2392 culpantu
1141 2322 1454 2392 r,implicat
1467 2321 1580 2376 ista
1591 2320 1764 2392 culpa
1779 2337 1896 2377 ma-

240 2415 392 2484 jores
439 2413 656 2470 talium
686 2411 1132 2468 simulacrorum
1157 2411 1522 2465 institutores
1553 2413 1730 2480 atque
1762 2410 1892 2465 cul-

245 2508 393 2560 tores
411 2520 424 2558 :
443 2500 712 2572 implicat
723 2503 780 2555 et
796 2498 1117 2570 ipsum,qui
1137 2497 1739 2569 quantolibeteloquio
1757 2515 1819 2554 se
1836 2499 1894 2555 in

241 2590 578 2648 libertatem
603 2589 822 2644 nitatur
840 2587 1118 2655 evolvere,
1141 2603 1376 2644 necesse
1400 2587 1650 2642 habebat
1671 2587 1782 2643 ista
1801 2604 1894 2645 ve-

243 2679 462 2747 nerari;
481 2693 589 2735 nec
601 2678 748 2748 quod
772 2678 831 2732 in
846 2677 953 2732 hac
966 2676 1357 2748 disputatione
1369 2675 1620 2732 disertus
1639 2677 1890 2744 insonat,

245 2769 448 2825 mutire
471 2767 714 2822 auderet
762 2766 820 2821 in
851 2765 1045 2837 populi
1074 2763 1373 2823 concione.
1415 2768 1666 2837 Agamus
1701 2765 1894 2836 itaque

247 2855 558 2913 Christiani
589 2854 834 2910 Domino
857 2859 966 2909 Deo
998 2861 1194 2909 nostro
1225 2853 1461 2924 gratias,
1495 2870 1610 2909 non
1655 2852 1807 2909 Coele
1837 2860 1894 2909 et

248 2947 461 3014 Terre;
488 2944 645 3001 sicut
673 2944 784 3000 iste
815 2942 1093 3013 disputat,
1117 2941 1222 2998 sed
1243 2942 1292 2997 ei
1313 2941 1416 3014 qui
1440 2941 1574 2998 fecit
1603 2942 1812 2997 ccalum
1835 2946 1892 2998 et

251 3041 488 3101 terram;
517 3035 616 3106 qui
640 3032 746 3088 has
768 3031 1227 3105 superstitiones,
1247 3047 1395 3103 quas
1426 3030 1532 3086 iste
1550 3029 1761 3086 Balbus
1779 3030 1893 3088 vel-

253 3124 661 3181 utbalbutiens
681 3122 772 3178 vix
805 3120 1198 3194 reprehendit,
1225 3137 1326 3192 per
1347 3119 1699 3176 altissimam
1722 3119 1890 3176 Chri-

249 3213 314 3269 sti
351 3212 776 3280 humilitatem,
803 3228 903 3284 per
948 3210 1358 3284 Apostolorum
1392 3210 1886 3282 praedicationem,

244 3319 335 3373 per
356 3303 470 3359 ﬁde
489 3318 544 3359 m
574 3306 896 3375 martyrum
923 3318 1023 3374 pro
1039 3302 1276 3357 veritate
1294 3300 1664 3356 morientium
1687 3304 1890 3355 etcum

241 3393 492 3448 veritate-
511 3391 847 3460 viventium,
863 3406 978 3448 non
1002 3390 1185 3447 solum
1211 3390 1269 3444 in
1288 3389 1562 3445 cordibus
1580 3387 1890 3460 religiosis,

243 3496 429 3538 verum
454 3481 648 3539 etiam
671 3481 730 3536 in
752 3480 976 3536 edibus
1007 3478 1428 3551 superstitiosis
1450 3476 1633 3533 libera
1654 3492 1892 3532 suorum

242 3572 526 3630 servitute
555 3569 856 3626 subvertit.

247 3687 470 3745 CAPUT
540 3685 736 3743 XXXI.
793 3718 856 3727 —
921 3687 993 3742 De
1047 3682 1404 3754 opinionibus
1476 3680 1754 3750 Varronis,
1800 3680 1894 3751 qui

308 3794 476 3849 repro
492 3777 613 3832 bata
647 3775 1008 3847 persuasione
1044 3771 1324 3846 p0pulari,
1350 3771 1475 3826 licet
1515 3769 1591 3826 ad
1638 3769 1894 3825 notitiam

307 3868 423 3924 veri
453 3866 566 3923 Dei
595 3882 705 3922 non
730 3865 1067 3937 pervenerit,
1090 3879 1262 3918 unum
1303 3863 1488 3916 tamen
1517 3858 1679 3914 deum
1709 3858 1896 3915 colen—

309 3957 435 4014 dum
469 3973 595 4014 esse
624 3958 913 4013 censuerit.

314 4057 360 4112 1.
389 4056 551 4123 Quid
586 4055 710 4127 ipse
728 4055 933 4125 Varro,
964 4070 1138 4126 quem
1182 4056 1444 4113 dolemus
1475 4058 1534 4113 in
1556 4058 1731 4114 rebus
1759 4056 1898 4113 divi-

250 4146 334 4202 nis
356 4147 539 4202 ludos
553 4143 836 4213 scenicos,
857 4145 1124 4215 quamvis
1148 4146 1499 4216 nonjudicio
1522 4146 1774 4219 proprio,
1797 4163 1897 4217 po-

253 4237 448 4306 suisse,
492 4251 624 4292 cum
662 4236 731 4291 ad
765 4235 902 4292 deos
928 4233 1197 4291 colendos
1230 4237 1432 4293 multis
1469 4236 1613 4294 locis
1635 4236 1794 4293 velut
1816 4252 1900 4292 re-

255 4325 501 4397 ligiosus
531 4324 817 4391 hortetur,
855 4339 1047 4380 nonne
1079 4324 1155 4380 ita
1195 4325 1521 4395 confitetur,
1554 4344 1668 4383 non
1705 4343 1767 4383 se
1797 4326 1901 4383 illa

249 4415 464 4484 judicio
481 4431 586 4471 suo
599 4414 917 4487 sequi,quae
931 4414 1221 4470 civitatem
1238 4415 1556 4471 Romanam
1576 4416 1900 4473 instituisse

256 4507 691 4573 commemorat,
715 4508 781 4559 ut
811 4504 859 4558 si
888 4518 1015 4558 eam
1047 4503 1332 4560 civitatem
1357 4522 1564 4560 novam
1588 4506 1899 4562 constitue-

258 4599 441 4662 ret,ex
457 4598 682 4650 natura;
697 4593 889 4664 potius
904 4591 1154 4648 formula
1172 4594 1311 4650 deos
1325 4594 1681 4666 nominaque
1699 4610 1901 4650 eorum

258 4696 316 4735 se
334 4681 522 4737 fuisse
541 4679 944 4736 dedicaturum
964 4696 1078 4736 non
1100 4680 1320 4737 dubitet
1335 4683 1594 4738 confiteri
1614 4681 1641 4737 ‘l
1655 4683 1902 4753 Sedjam

261 4771 533 4840 quoniam
580 4768 639 4824 in
673 4774 860 4825 vetere
886 4768 1098 4840 populo
1130 4774 1304 4838 esset,
1339 4776 1633 4842 acceptam
1659 4773 1728 4827 ab
1752 4771 1905 4827 anti-

261 4860 385 4930 quis
416 4857 731 4914 nominum
755 4862 810 4913 et
833 4858 1245 4928 cognominem
1269 4859 1571 4916 historiam
1596 4865 1814 4928 tenere,
1841 4864 1906 4916 ut

257 4950 468 5005 tradita
494 4953 601 5018 est,
635 4949 844 5005 debere
892 4965 954 5005 se
1011 4949 1170 5017 dicit,
1214 4954 1271 5006 et
1301 4951 1372 5005 ad
1408 4967 1543 5008 eum
1595 4952 1770 5008 finem
1804 4949 1906 5007 illa

263 5039 514 5095 scribere
544 5055 609 5094 ac
640 5038 1010 5111 perscrutari,
1045 5043 1107 5094 ut
1138 5039 1332 5110 potius
1351 5056 1449 5096 eos
1482 5041 1668 5112 magis
1698 5039 1904 5108 colere,

264 5143 438 5198 quam
486 5126 779 5199 despicere
827 5127 1034 5199 vulgus
1061 5127 1211 5184 velit.
1245 5128 1467 5192 Quibus
1500 5130 1691 5186 verbis
1733 5130 1906 5186 homo

266 5217 640 5273 acutissimus
658 5216 802 5273 satis
826 5216 1068 5285 indicat,
1091 5234 1207 5274 non
1229 5234 1287 5274 se
1309 5220 1532 5292 aperire
1546 5220 1764 5290 omnia,
1781 5237 1907 5292 qua:

269 5323 378 5363 non
402 5307 516 5364 sibi
550 5311 776 5364 tantum
811 5308 1169 5380 contemptui
1201 5315 1418 5376 essent,
1455 5311 1551 5366 sed
1583 5311 1759 5365 etiam
1793 5311 1908 5378 ipsi

268 5395 438 5468 vulgo
469 5397 840 5468 despicienda
870 5397 1221 5465 viderentur,
1255 5399 1368 5454 nisi
1415 5402 1763 5454 tacerentur.
1795 5403 1909 5471 Ego

271 5481 380 5538 ista
402 5486 686 5556 conjicere
723 5483 913 5557 putari
937 5484 1132 5552 debui,
1167 5485 1275 5540 nisi
1318 5487 1616 5542 evidenter
1639 5486 1752 5544 alio
1776 5487 1898 5545 loco

337 5653 355 5718 ξ
384 5653 475 5718 MS.
506 5653 622 5718 766,
646 5665 1069 5718 separaverunt.
1102 5656 1166 5704 Μ.

335 5713 358 5748 ²
386 5713 505 5766 Sola
530 5713 692 5766 editio
719 5718 843 5766 Lov.
876 5731 888 5765 :
919 5718 1212 5781 Numquid
1239 5733 1352 5768 non
1380 5727 1431 5769 et
1461 5719 1572 5768 illi.

591 5835 858 5895 PATROL.
907 5834 1056 5894 XLI.

1607 311 1836 372 LIBER
1879 312 2250 385 QUARTUS

3511 317 3626 378 138

1980 449 2108 520 ipse
2124 447 2339 504 diceret
2356 447 2426 504 de
2446 446 2826 519 religionibus
2847 448 3305 520 loquens,multa
3320 463 3448 505 esse
3472 463 3630 518 vera,

1985 553 2110 608 quae
2142 553 2254 593 non
2288 537 2458 591 modo
2489 535 2660 607 vulgo
2693 538 2839 592 scire
2858 554 2972 594 non
3007 540 3083 594 sit
3107 538 3270 609 utile,
3293 540 3394 595 sed
3426 539 3628 607 etiam,

1986 627 2215 682 tametsi
2237 625 2384 682 falsa
2413 631 2572 695 sunt,
2605 626 2774 682 aliter
2795 628 3126 684 existimare
3159 628 3436 701 pepulum
3457 644 3632 702 expe-

1985 715 2127 782 diat,
2151 720 2207 770 et
2237 716 2362 770 ideo
2380 715 2608 772 Graecos
2627 716 2830 772 teletae
2853 733 2919 774 ac
2943 719 3216 790 mysteria
3239 719 3636 775 taciturnitate

1986 805 2419 876 parietibusque
2445 805 2749 862 clausisse.
2783 806 2884 862 Hic
2918 812 3069 862 certe
3097 812 3280 863 totum
3315 808 3629 865 consilium

1989 895 2410 966 prodiditvelut
2423 895 2910 966 sapientium,per
2925 914 3073 969 quos
3091 897 3350 953 civitates
3364 902 3420 953 et
3439 897 3638 970 populi

1986 992 2339 1053 regerentur.
2366 987 2481 1040 Hac
2506 993 2694 1039 tamen
2723 984 2953 1041 fallacia
2977 985 3142 1041 miris
3178 986 3371 1041 modis
3397 985 3638 1056 maligni

1987 1073 2279 1129 damones
2309 1073 2689 1140 delectantur,
2715 1074 2814 1144 qui
2836 1079 2892 1129 et
2921 1074 3252 1146 deceptorcs
3276 1082 3330 1129 et
3360 1074 3640 1145 deceptos

1991 1161 2204 1233 pariter
2223 1161 2541 1232 possident,
2559 1178 2592 1217 a
2613 1178 2860 1234 quorum
2878 1161 3272 1218 dominatione
3302 1178 3418 1218 non
3434 1161 3646 1218 liberat

1989 1251 2103 1306 nisi
2126 1250 2312 1320 gratia
2349 1250 2450 1306 Dei
2473 1266 2574 1322 per
2607 1251 2810 1309 Jesum
2832 1251 3130 1309 Christum
3160 1251 3477 1310 Dominum
3500 1266 3638 1308 nos-

1990 1345 2163 1397 trum.

2059 1431 2114 1486 2.
2145 1429 2295 1486 Dicit
2318 1430 2494 1487 etiam
2516 1429 2673 1487 idem
2702 1435 2903 1488 auctor
2934 1430 3314 1488 acutissimus
3349 1437 3516 1503 atque
3538 1430 3645 1488 do-

1991 1519 2310 1588 ctissimus,
2332 1522 2485 1593 quod
2511 1521 2570 1576 hi
2600 1520 2710 1578 soli
2741 1525 2800 1577 et
2828 1521 3134 1578 videantur
3147 1520 3638 1578 animadvertisse

1991 1610 2134 1681 quid
2165 1615 2320 1666 esset
2349 1615 2520 1680 Deus,
2537 1612 2632 1680 qui
2675 1612 3052 1667 crediderunt
3068 1627 3203 1668 eum
3221 1627 3349 1667 esse
3371 1611 3628 1668 animam

1994 1709 2150 1756 motu
2182 1717 2246 1755 ac
2279 1700 2502 1756 ratione
2541 1703 2826 1757 mundum
2858 1701 3391 1774 gubernantem(a).
3425 1703 3503 1756 Ac
3535 1716 3632 1770 per

1991 1789 2124 1856 hoc,
2147 1790 2251 1844 etsi
2295 1791 2557 1846 nondum
2583 1791 2816 1847 tenebat
2837 1791 2988 1861 quod
3011 1790 3226 1846 veritas
3249 1790 3457 1859 habet;
3483 1790 3638 1846 Deus

1994 1879 2146 1935 enim
2164 1895 2356 1950 verus,
2391 1896 2506 1936 non
2534 1880 2752 1948 anima,
2779 1882 2875 1936 sed
2896 1880 3105 1937 animae
3138 1896 3372 1952 quoque
3397 1882 3486 1937 est
3506 1878 3644 1936 effe-

1991 1973 2115 2025 ctor
2134 1973 2192 2024 et
2215 1968 2476 2024 conditor
2498 1986 2512 2023 :
2537 1974 2730 2025 tamen
2750 1969 2799 2026 si
2822 1975 3022 2026 contra
3048 1969 3383 2040 prasjudicia
3403 1984 3650 2026 consue-

1991 2055 2218 2112 tudinis
2251 2056 2395 2112 liber
2415 2072 2542 2113 esse
2572 2064 2785 2129 posset,
2809 2073 2993 2114 unum
3017 2057 3202 2114 Deum
3225 2057 3533 2113 colendum
3553 2058 3636 2113 fa-

1992 2149 2394 2217 tereturatque
2415 2145 2698 2213 suaderet,
2723 2152 2877 2202 motu
2896 2163 2962 2204 ac
2987 2147 3212 2203 ratione
3231 2146 3520 2202 mundum
3543 2161 3650 2218 gu-

1992 2235 2336 2290 bernantem
2361 2255 2375 2303 ;
2409 2241 2474 2290 ut
2496 2253 2562 2291 ea
2591 2252 2724 2291 cum
2756 2236 2856 2291 illo
2887 2237 2958 2292 de
2988 2236 3098 2291 hac
3113 2252 3172 2292 re
3194 2236 3434 2307 quaestio
3462 2251 3650 2292 rema-

1997 2327 2178 2391 neret,
2212 2324 2368 2395 quod
2390 2339 2523 2378 eum
2547 2325 2763 2379 diceret
2783 2340 2908 2379 esse
2931 2325 3216 2393 animam,
3241 2341 3356 2381 non
3387 2324 3583 2396 potius
3597 2327 3655 2381 et

1999 2412 2239 2466 animae‘
2262 2416 2600 2467 creatorem.
2633 2411 2783 2467 Dicit
2814 2413 2991 2468 etiam
3042 2412 3312 2483 antiquos
3357 2414 3650 2469 Romanos

1997 2503 2129 2572 plus
2147 2518 2331 2556 annos
2345 2509 2573 2556 cenlum
2588 2504 2646 2557 et
2663 2500 3034 2573 septuaginta
3050 2501 3188 2558 deos
3200 2502 3324 2557 sine
3340 2502 3654 2558 simulacro

1997 2589 2248 2646 coluisse
2271 2590 2367 2662 (b).
2401 2609 2426 2641 α
2460 2589 2615 2654 Quod
2650 2589 2699 2645 si
2721 2590 2933 2659 adhuc,
2969 2590 3224 2660 njinquit,
3257 2612 3285 2640 ‹‹
3314 2590 3651 2662 mansisset,

1999 2700 2028 2729 «
2063 2677 2280 2734 castius
2314 2678 2396 2734 dii
2416 2679 2879 2734 observarentur.
2910 2700 2939 2728 »
2959 2677 3061 2734 Cui
3089 2679 3388 2735 sententias
3420 2695 3544 2735 suae
3563 2683 3649 2735 te-

1995 2772 2142 2823 stem
2168 2766 2403 2822 adhibet
2436 2767 2584 2822 inter
2615 2769 2818 2822 caetera
2855 2767 3032 2822 etiam
3074 2771 3302 2836 gentem
3344 2768 3647 2825 Iudaeam:

1999 2871 2102 2911 nec
2132 2854 2358 2910 dubitat
2379 2870 2512 2910 eum
2531 2854 2726 2911 locum
2759 2855 2838 2910 ita
2864 2855 3228 2925 concludere,
3253 2861 3316 2912 ut
3340 2855 3513 2922 dicat,
3541 2856 3644 2928 qui

1997 2945 2169 3017 primi
2193 2944 2506 3001 simulacra
2524 2944 2762 3000 deorum
2781 2944 3014 3016 populis
3029 2949 3370 3016 posuerunt,
3393 2962 3492 3003 eos
3514 2945 3649 3002 civi-

1996 3033 2216 3090 tatibus
2238 3033 2361 3089 suis
2403 3039 2460 3088 et
2496 3037 2711 3089 metum
2731 3033 3082 3105 dempsisse,
3106 3038 3164 3089 et
3199 3050 3454 3090 errorem
3476 3033 3647 3089 addi-

1995 3124 2180 3190 disse;
2208 3123 2524 3192 prudenter
2543 3122 2882 3178 existimsns
2907 3123 3046 3177 deos
3070 3121 3238 3178 facile
3279 3123 3526 3194 possein
3565 3122 3643 3179 si-

1995 3211 2385 3267 mulacrorum
2410 3210 2726 3266 stoliditate
2742 3211 3060 3267 contemni.
3079 3211 3241 3277 Quod
3261 3228 3393 3267 vero
3414 3228 3526 3267 non
3547 3211 3646 3279 ait,

1994 3302 2260 3356 Errorem
2295 3300 2692 3356 tradiderunt:
2726 3301 2850 3366 sed,
2877 3301 3268 3371 addiderunt;
3293 3301 3419 3370 jam
3449 3301 3651 3373 utique

1997 3391 2178 3447 fuisse
2217 3391 2387 3447 etiam
2421 3391 2546 3446 sine
2568 3391 2897 3447 simulacris
2930 3391 3173 3462 intelligi
3217 3391 3345 3447 vult
3365 3408 3645 3449 errorem.

2000 3480 2358 3552 Quapropter
2374 3497 2503 3536 cum
2535 3480 2692 3536 solos
2711 3481 2852 3536 dicit
2882 3481 3371 3537 animadvertisse
3393 3481 3533 3551 quid
3557 3497 3645 3537 es-

1999 3572 2086 3622 set
2103 3568 2385 3640 Deus,qui
2399 3586 2532 3625 eum
2547 3570 2846 3625 crederent
2860 3569 3113 3624 animam
3131 3569 3417 3624 mundum
3441 3568 3650 3638 guber-

1999 3660 2260 3718 nantem,
2284 3657 2618 3728 castiusque
2637 3656 2929 3710 existimat
2950 3657 3076 3712 sine
3102 3654 3434 3709 simulacris
3452 3654 3650 3710 obser-

1998 3744 2120 3800 vari
2136 3742 2468 3812 religionem
2482 3743 2635 3812 ,quis
2652 3758 2767 3797 non
2782 3741 2975 3797 videat
2989 3745 3277 3813 quantum
3295 3741 3651 3812 propinqua-

1999 3832 2144 3889 verit
2160 3830 2420 3887 veritati?
2440 3831 2496 3885 Si
2518 3831 2673 3886 enim
2697 3829 2916 3902 aliquid
2933 3836 3134 3886 contra
3149 3833 3495 3885 vetustatem
3520 3833 3651 3885 tan-

2000 3923 2038 3979 ti
2063 3925 2258 3994 posset
2277 3921 2509 3988 erroris,
2529 3919 2784 3991 profecto
2800 3926 2852 3974 et
2873 3936 3051 3975 unum
3079 3919 3282 3988 Deum,
3300 3935 3333 3973 a
3351 3933 3467 3990 quo
3489 3933 3653 3974 mun-

2002 4013 2141 4068 dum
2156 4009 2413 4066 crederet
2433 4008 2766 4083 gubernari,
2783 4011 2838 4064 et
2854 4008 2979 4064 sine
3003 4008 3318 4065 simulacro
3340 4005 3648 4065 colendum

2001 4118 2127 4157 esse
2153 4103 2446 4168 censeret;
2476 4103 2650 4170 atque
2671 4099 2728 4152 in
2751 4101 2866 4154 tam
2888 4099 3150 4170 proximo
3175 4097 3445 4152 inventus
3485 4096 3654 4153 facile

2003 4191 2245 4246 fortasse
2277 4190 2345 4244 de
2385 4188 2594 4244 animis
2637 4186 3028 4243 mutabilitate
3059 4189 3552 4256 commoneretur,
3587 4189 3651 4243 ut

2002 4284 2269 4336 naturam
2291 4275 3194 4350 potiusincommutabilem,quae
3215 4275 3400 4348 ipsam
3417 4291 3651 4348 quoque

2002 4369 2256 4424 animam
2274 4366 2658 4433 condidisset,
2673 4366 2855 4422 Deum
2875 4381 3070 4421 verum
3106 4381 3233 4421 esse
3251 4366 3506 4421 sentiret.
3526 4365 3653 4421 Haec

2003 4476 2128 4515 cum
2146 4460 2223 4513 ita
2237 4459 2375 4523 sint,
2391 4471 2778 4528 quaecumque
2793 4455 2932 4510 tales
2947 4456 3051 4509 viri
3067 4454 3266 4510 insuis
3283 4453 3656 4510 litterismul-

2002 4553 2194 4604 torum
2235 4548 2474 4602 deorum
2511 4544 2759 4600 ludibria
2793 4547 3129 4616 posuerunt,
3157 4542 3420 4599 confiteri
3457 4560 3524 4599 ea
3549 4558 3651 4614 po-

2004 4639 2119 4694 tius
2149 4636 2374 4692 occulta
2397 4635 2492 4690 Dei
2511 4635 2802 4689 voluntate
2829 4631 3118 4704 compulsi
3144 4638 3300 4701 sunt,
3331 4649 3507 4703 quam
3531 4648 3659 4703 per-

2007 4727 2247 4783 suadere
2261 4725 2472 4781 conati.
2501 4724 2557 4779 Si
2589 4723 2897 4795 quaigitur
2916 4722 3128 4776 anobis
3151 4721 3283 4775 inde
3307 4719 3646 4776 testimonia

2008 4818 2402 4890 proferuntur,
2435 4814 2504 4868 ad
2538 4829 2636 4869 eos
2667 4811 3097 4882 redarguendos
3129 4809 3522 4881 proferuntur,
3545 4809 3656 4878 qui

2009 4905 2218 4963 nolunt
2248 4907 2314 4960 ad
2327 4909 2538 4959 vertere
2560 4903 2630 4957 de
2647 4905 2865 4971 quanta
2885 4904 2942 4954 et
2967 4915 3141 4969 quam
3167 4897 3425 4967 maligna
3438 4897 3648 4951 daemo-

2010 5012 2151 5051 num
2177 4997 2456 5064 potestate
2483 5006 2588 5046 nos
2611 4989 2817 5044 liberet
2847 4987 3144 5057 singulare
3162 4985 3517 5042 sacrificium
3537 4989 3652 5039 tam

2012 5083 2189 5140 sancti
2242 5078 2551 5152 sanguinis
2591 5076 2704 5132 tusi
2731 5085 2784 5132 et
2815 5078 3034 5133 donum
3064 5075 3314 5148 Spiritus
3346 5071 3647 5144 impertili.

2080 5222 2094 5254 ί
2129 5217 2212 5290 Er.
2245 5217 2297 5264 et
2327 5217 2472 5272 Lov.,
2509 5228 2621 5262 non
2645 5211 2832 5274 potius
2861 5209 3088 5260 animce.
3119 5207 3350 5258 Castoris
3389 5205 3448 5254 in
3489 5204 3660 5260 libris.

2016 5290 2476 5403 “(citsulgaquibus
2503 5339 2701 5403 Cicero,
2733 5338 2797 5403 de
2825 5336 3029 5403 ‘Natura
3054 5331 3394 5403 deorumulib
3447 5330 3504 5403 l',_
3528 5343 3582 5403 ρ.

2078 5393 2147 5465 (b5
2180 5393 2497 5467 Plutarch}:
2542 5401 2600 5447 in
2622 5393 3108 5467 Ahistorian‘iumw,
3139 5410 3253 5467 cap.
3286 5393 3334 5450 8,
3371 5393 3665 5467 'scribithab

2017 5456 2143 5529 ipso
2162 5466 2386 5529 vetitum
2415 5462 2683 5529 Romanis,
2705 5475 2782 5529 ne
2819 5461 3188 5529 existimarent
3205 5456 3512 5529 imaginem
3546 5456 3667 5529 _Dei,

2018 5520 2112 5579 aut
2127 5528 2357 5577 hominis
2381 5525 2605 5586 speciem
2627 5526 2721 5573 aut
2748 5524 2994 5572 animalis
3009 5523 3202 5586 habere
3228 5520 3455 5586 formam
3473 5535 3488 5577 ;
3509 5523 3671 5586 atque

2017 5593 2075 5640 in
2104 5590 2382 5662 prioribus.
2400 5583 2610 5636 centum
2640 5586 2977 5649 septuaginta
3007 5583 3176 5662 ‘annis
3219 5583 3668 5662 templagqp‘idem

2021 5646 2210 5714 erecta,
2230 5651 2513 5700 simulacra
2527 5664 2651 5698 vero
2676 5646 2953 5709 corporum
2973 5647 3040 5695 ab
3067 5646 3199 5709 ipsis
3226 5646 3378 5696 nulla
3409 5647 3667 5698 dedicata.

2021 5719 2210 5767 Confer
2238 5714 2366 5763 Plin.
2400 5713 2493 5760 lib.
2525 5711 2603 5772 34,
2636 5725 2746 5772 cap.
2778 5713 2822 5758 4.

3106 5827 3350 5912 (δίης.)
