4128 6190
471 328 586 391 139

462 461 698 518 CAPUT
720 459 938 516 XXXII.
983 491 1047 499 ——
1068 459 1142 514 0b
1175 475 1339 529 quam
1368 457 1597 528 speciem
1631 454 1894 510 utilitatis
1938 455 2099 525 prin-

531 549 678 621 cipes
709 548 964 604 Gentium
1023 547 1165 618 apud
1211 547 1473 614 subiectos
1518 545 1625 600 sibi
1667 544 1895 616 populos
1925 542 2101 613 falsas

529 640 825 710 religiones
847 641 1135 696 voluerunt
1164 653 1502 710 permanere.

533 740 683 796 Dicit
711 739 884 795 etiam
919 740 988 793 de
1028 737 1504 809 generationibus
1535 737 1771 792 deorum
1808 735 1993 807 magis
2024 735 2096 790 ad

458 837 674 901 poetas,
694 845 866 900 quam
892 829 959 882 ad
997 826 1263 899 physicos
1291 827 1466 881 fuisse
1497 825 1740 897 populos
1761 824 2095 890 inclinatos;

456 924 512 975 et
542 920 669 974 ideo
701 923 758 973 et
803 933 1006 973 sexum
1037 922 1093 972 et
1121 917 1521 986 generationes
1563 916 1802 971 deorum
1849 915 2098 984 majores

455 1023 613 1072 suos,
647 1007 702 1060 id
735 1015 821 1061 est
853 1015 1071 1061 veteres
1103 1005 1418 1060 credidisse
1460 1006 1773 1069 Romanos,
1806 1006 1862 1058 et
1893 1018 2095 1058 eorum

452 1096 825 1152 constituisse
869 1095 1335 1166 conjugia.Quod
1378 1094 1578 1166 utique
1626 1110 1738 1148 non
1791 1091 1964 1148 aliam
2024 1091 2096 1147 ob

448 1203 685 1243 causam
706 1187 919 1241 factum
936 1185 1185 1251 videtur,
1202 1183 1313 1239 nisi
1329 1184 1463 1256 quia
1479 1184 1774 1238 hominum
1789 1181 1942 1238 velut
1960 1197 2094 1252 pru-

448 1277 711 1333 dentium
758 1284 812 1331 et
842 1275 1194 1346 sapientium
1247 1273 1541 1344 negotium
1587 1273 1699 1327 fuit
1731 1271 2006 1342 populum
2035 1271 2092 1325 in

451 1364 830 1436 religionibus
858 1363 1074 1430 fallere,
1107 1368 1164 1418 et
1192 1362 1251 1418 in
1283 1377 1349 1418 eo
1381 1362 1504 1433 ipso
1529 1378 1642 1417 non
1667 1362 1852 1416 solum
1886 1361 2090 1426 colere,

444 1457 541 1511 sed
577 1454 792 1509 imitari
816 1454 991 1508 etiam
1023 1453 1339 1520 daemones,
1363 1451 1580 1524 quibus
1611 1450 1862 1506 maxima
1886 1455 1974 1505 est
1995 1449 2093 1504 fal-

445 1545 601 1600 lendi
615 1544 928 1616 cupiditas.
947 1542 1273 1598 Sicutenim
1287 1543 1577 1597 daemones
1591 1541 1701 1596 nisi
1719 1557 1815 1596 eos
1831 1557 1975 1611 quos
1992 1539 2092 1595 fal-

444 1634 618 1689 lendo
652 1632 998 1703 deceperint,
1016 1631 1312 1702 possidere
1335 1647 1447 1686 non
1481 1633 1759 1701 possunt;
1793 1629 1877 1684 sic
1909 1633 1964 1683 et
1987 1627 2088 1682 ho-

445 1721 957 1792 mines'principes,
975 1737 1087 1775 non
1103 1735 1244 1775 sane
1259 1720 1427 1788 justi,
1447 1719 1546 1774 sed
1570 1719 1896 1772 daemonum
1922 1717 2091 1772 simi-

445 1810 550 1878 les,
583 1827 669 1882 ea,
703 1827 828 1881 qua:
859 1826 1008 1864 vana
1029 1825 1159 1864 esse
1186 1813 1488 1872 noverant,
1525 1807 1819 1879 religionis
1852 1806 2090 1862 nomine

444 1899 676 1970 populis
707 1904 990 1969 tanquam
1023 1915 1156 1954 vera
1187 1899 1531 1963 suadebant,
1554 1897 1662 1952 hoc
1691 1897 1858 1952 modo
1892 1912 1990 1951 eos
2013 1895 2090 1950 ci-

442 1987 537 2042 vili
572 1989 831 2043 societati
866 1987 1020 2043 velut
1041 1988 1291 2043 arctius1
1312 1986 1641 2058 alligantes,
1674 2001 1785 2056 quo
1817 1985 2090 2040 similiter

441 2077 707 2132 subditos
741 2077 1122 2147 possiderent.
1157 2077 1295 2140 Quis
1339 2081 1530 2131 autem
1576 2075 1852 2130 inﬁrmus
1900 2078 1958 2129 et
1988 2074 2086 2128 in-

441 2165 646 2219 doctus
676 2166 942 2221 evaderet
973 2165 1149 2221 simul
1181 2163 1412 2221 fallaces
1461 2168 1518 2220 et
1565 2163 1858 2236 principes
1890 2163 2086 2219 civita-

440 2253 518 2308 tis
547 2261 602 2307 et
641 2253 979 2309 dmmones?

441 2349 676 2406 CAPUT
697 2351 945 2406 XXXIII.
977 2382 1047 2393 —-
1067 2351 1221 2421 Quod
1266 2351 1472 2419 iudicio
1490 2361 1541 2408 et
1563 2355 1827 2422 potestate
1849 2351 1942 2406 Dei
1970 2351 2088 2406 veri

511 2438 760 2492 omnium
781 2454 978 2510 regum
1005 2445 1170 2510 atque
1199 2454 1495 2510 regnorum
1523 2438 1784 2494 ordinata
1815 2440 1923 2493 sint
1954 2447 2088 2494 tem-

511 2542 666 2597 pora.

513 2623 664 2680 Deus
695 2624 985 2697 igiturille
1006 2624 1298 2682 felicitatis
1317 2630 1515 2680 auctor
1536 2629 1593 2680 et
1623 2626 1809 2691 dator,
1832 2626 1970 2696 quia
1991 2641 2087 2680 so-

440 2712 531 2768 lus
561 2719 650 2769 est
679 2730 846 2768 verus
879 2715 1050 2781 Deus,
1066 2714 1190 2783 ipse
1213 2715 1313 2768 dat
1329 2729 1500 2784 regna
1523 2718 1747 2769 terrena
1770 2723 1820 2768 et
1846 2715 2011 2768 bonis
2032 2718 2087 2768 et

443 2802 632 2858 malis.
666 2805 864 2874 Neque
908 2802 1015 2857 hoc
1062 2807 1283 2858 temere
1330 2808 1385 2858 et
1433 2803 1598 2874 quasi
1650 2803 1915 2870 fortuitu,
1948 2803 2087 2874 quia

444 2892 596 2948 Deus
627 2898 735 2958 est,
771 2908 884 2948 non
936 2892 1194 2959 fortuna;
1229 2893 1330 2947 sed
1387 2909 1488 2963 pro
1541 2908 1735 2947 rerum
1788 2892 1992 2947 ordine
2021 2909 2086 2947 ac

441 2987 771 3053 temporum
802 2979 1026 3036 occulto
1049 2981 1559 3050 nobis,notissimo
1591 2979 1701 3036 sibi
1729 2998 1740 3036 :
1767 2981 2084 3051 cuijtamen

441 3071 630 3127 ordini
661 3076 990 3144 temporum
1010 3087 1124 3127 non
1158 3070 1427 3126 subditus
1450 3071 1646 3140 servit,
1677 3071 1777 3126 sed
1800 3087 1934 3125 eum
1959 3070 2084 3142 ipse

437 3165 722 3232 tanquam
781 3160 1054 3216 dominus
1110 3159 1278 3232 regit,
1316 3160 1754 3228 moderatorque
1802 3159 2080 3231 disponit.

441 3250 799 3307 Felicitatem
829 3266 962 3307 vero
1008 3267 1123 3306 non
1181 3252 1282 3306 dat
1338 3249 1447 3305 nisi
1512 3249 1694 3306 bonis.
1729 3251 1886 3304 Hanc
1924 3250 2078 3305 enim

439 3344 684 3411 possunt
704 3344 761 3395 et
784 3356 898 3396 non
925 3340 1135 3396 habere
1157 3344 1214 3394 et
1245 3339 1460 3394 habere
1491 3339 2083 3409 servientes,possunt

438 3435 495 3485 et
525 3447 640 3486 non
679 3430 893 3486 habere
950 3435 1006 3486 et
1054 3430 1265 3485 habere
1313 3437 1642 3501 regnantes.
1691 3430 1825 3494 Quis
1885 3434 2077 3485 tamen

436 3519 610 3590 plena
639 3519 698 3574 in
720 3535 788 3574 ea
816 3519 932 3574 vita
955 3519 1083 3587 erit,
1105 3518 1205 3573 ubi
1236 3533 1405 3575 nemo
1430 3519 1556 3588 jam
1579 3517 1840 3574 serviet‘.
1865 3519 1932 3573 Et
1949 3519 2077 3574 ideo

432 3622 613 3680 regna
643 3613 873 3664 terrena
903 3615 956 3664 et
984 3607 1154 3663 bonis
1184 3608 1254 3662 ab
1288 3606 1388 3662 illo
1419 3607 1652 3674 dantur,
1686 3612 1742 3663 et
1763 3607 1933 3662 malis
1960 3625 1972 3674 ;
2007 3625 2077 3665 ne

431 3701 560 3770 ejus
591 3699 842 3756 cultores
873 3699 1059 3754 adhuc
1092 3698 1150 3753 in
1185 3701 1453 3769 provectu
1497 3697 1677 3752 animi
1702 3696 1918 3768 parvuli
1954 3699 2075 3753 haec

428 3791 501 3844 ab
537 3804 603 3845 eo
635 3805 879 3844 munera
902 3786 1071 3858 quasi
1096 3802 1375 3858 magnum
1397 3786 1613 3856 aliquid
1637 3787 2072 3855 concupiscant.

427 3880 497 3935 Et
517 3879 626 3935 hoc
654 3883 743 3933 est
771 3881 1197 3932 sacramentum
1218 3876 1426 3931 veteris
1451 3875 1828 3939 Testamenti,
1847 3875 1940 3930 ubi
1972 3891 2072 3932 oc-

425 3969 646 4024 cultum
677 3974 799 4022 erat
828 3966 1230 4037 novum,quod
1264 3965 1382 4022 illic
1401 3966 1686 4036 promissa
1718 3974 1774 4021 et
1791 3966 2069 4022 donator-

491 4098 504 4129 1
538 4094 779 4154 Plerique
807 4093 926 4141 Mss.
960 4094 1167 4152 aptius.
1197 4120 1259 4128 —
1287 4091 1372 4140 Sic
1399 4092 1558 4140 etiam
1590 4091 1684 4139 Ms.
1714 4090 1823 4139 766.
1856 4093 1922 4140 M.

487 4157 510 4188 ²
541 4156 896 4215 Subsequenti
933 4156 1232 4208 sententim.
1264 4168 1426 4217 quam
1457 4154 1591 4202 nulli
1616 4167 1723 4202 non
1752 4154 1950 4202 habent
1979 4168 2067 4204 ve-

423 4220 560 4267 teres
588 4232 650 4267 ac
697 4219 876 4280 scripti
909 4218 1051 4272 libri.
1083 4219 1268 4266 isthmc
1309 4217 1437 4265 editi
1474 4217 1776 4280 Vind._Am.
1805 4217 1888 4264 Er.
1918 4232 2067 4280 κρῖ-ω-

421 4282 646 4330 mittunt
671 4278 834 4329 verba
862 4281 955 4328 :Et
987 4281 1104 4329 ideo
1124 4295 1300 4342 regna
1315 4280 1514 4327 mundi
1546 4278 1719 4342 huius
1742 4279 1888 4326 Deus
1910 4279 2064 4328 bonis

420 4353 470 4391 et
506 4344 670 4392 malis
700 4343 1068 4391 communiter
1085 4351 1336 4405 praestat,
1356 4356 1423 4388 ne
1442 4341 1571 4388 boni
1591 4357 1653 4388 ea
1675 4350 1942 4402 tanquam
1965 4344 2065 4392 Dei

418 4422 629 4468 magna
682 4421 922 4455 munera
970 4405 1396 4468 concupiscant,
1437 4405 1674 4468 Tumque
1719 4405 2065 4468 subiungunt

415 4465 630 4520 rursum
675 4470 938 4531 integram
982 4465 1537 4517 illam—sententiam:
1578 4467 1662 4531 ﬁt
1710 4465 1826 4531 ideo
1884 4483 2062 4527 regna

416 4541 641 4580 terrena
675 4536 725 4580 et
763 4529 919 4580 bonis
952 4531 1017 4578 ab
1053 4532 1154 4578 illo
1184 4531 1415 4586 dantur,
1445 4531 1542 4577 etc.
1575 4529 1683 4576 Non
1713 4529 1776 4576 de
1806 4529 1904 4578 hac
1937 4544 2060 4579 sen-

415 4595 597 4649 tentia.
634 4597 695 4643 ut
723 4607 987 4643 nonnemo
1021 4593 1366 4646 existimavit,
1407 4592 1497 4640 sed
1526 4591 1590 4638 de
1623 4591 1800 4638 verbis
1833 4592 1880 4639 ei
1925 4607 2061 4653 prm-

413 4659 590 4705 missis
618 4661 697 4706 est
726 4657 1026 4706 observatio
1056 4656 1305 4704 Ludovici
1335 4655 1492 4702 Vives
1538 4654 1589 4700 et
1630 4653 1839 4710 Lutinii,
1875 4655 2060 4705 abesse

411 4719 505 4767 illa
533 4733 564 4768 a
593 4720 968 4780 manuscriptis
997 4720 1048 4766 et
1076 4732 1103 4766 e
1124 4718 1359 4778 margine
1379 4715 1965 4780 intextumirrepsisse.
1995 4746 2058 4755 —

411 4781 530 4831 Haec
560 4783 725 4831 verba
751 4778 1008 4830 omittunt
1034 4780 1195 4828 etiam
1229 4779 1398 4828 nostri
1427 4778 1547 4825 Mss.
1581 4778 1648 4826 M.

1519 324 1623 383 DE
1667 321 2033 383 CIVITATB
2077 323 2228 400 DEI,
2277 323 2342 384 S.
2391 325 2815 390 AUGUSTINI

3752 333 3867 395 140

2212 473 2351 512 rens
2365 465 2530 514 sunt:
2551 461 3010 533 intelligentibus
3026 465 3234 520 ettunc
3250 462 3864 537 spirituslibusquam-

2210 547 2298 602 vis
2323 549 2578 602 nondum
2599 551 2654 604 in
2678 552 3141 609 manifestatione
3163 554 3855 628 praedicantibus,etqute

2211 635 2326 690 illis
2357 639 2781 708 temporalibus
2833 642 3008 697 rebus
3057 643 3485 712 signiﬁcaretur
3543 646 3857 714 aeternitas,

2209 729 2265 779 et
2296 726 2354 780 in
2387 728 2602 798 quibus
2636 730 2734 785 Dei
2758 730 2926 786 donis
2956 741 3106 788 esset
3138 749 3270 789 vera
3297 733 3562 791 felicitas.

2207 898 2436 955 CAPUT
2468 900 2714 956 XXXIV.
2749 903 2822 958 De
2866 919 3032 972 regno
3070 904 3400 974 Iudaeorum,
3459 908 3600 978 quod
3653 908 3719 964 ab
3752 926 3860 966 uno

2278 992 2326 1042 et
2358 1005 2482 1044 vero
2506 992 2607 1045 Deo
2633 990 2950 1048 institutum
2978 1003 3140 1065 atque
3167 998 3445 1051 servatum
3467 1004 3566 1064 est,
3597 995 3766 1054 donec
3796 1001 3854 1054 in

2280 1093 2408 1134 vera
2435 1077 2711 1150 religione
2747 1093 3090 1138 manserunt.

2278 1197 2473 1266 Itaque
2496 1202 3058 1270 utcognoscerentur
3076 1201 3252 1258 etiam
3284 1202 3387 1259 illa
3409 1210 3631 1260 terrena
3672 1206 3844 1275 bona,

2206 1284 2416 1354 quibus
2446 1287 2586 1341 solis
2619 1287 2852 1343 inhiant
2882 1289 2981 1360 qui
3013 1290 3254 1346 meliora
3282 1292 3541 1363 cogitare
3573 1311 3686 1350 non
3718 1311 3850 1366 pos-

2206 1381 2362 1442 sunt,
2396 1374 2453 1428 in
2485 1375 2672 1445 ipsius
2705 1378 2878 1432 unius
2906 1379 3001 1434 Dei
3026 1396 3150 1435 esse
3180 1383 3366 1452 posita
3395 1387 3696 1452 potestate,
3731 1401 3847 1440 non

2203 1461 2261 1515 in
2297 1463 2611 1520 multorum
2638 1465 2938 1537 falsorum,
2953 1485 3100 1539 quos
3113 1469 3386 1527 colendos
3403 1472 3649 1528 Romani
3676 1479 3848 1530 antea

2202 1552 2588 1622 crediderunt,
2625 1557 2897 1625 populum
2933 1573 3102 1612 suum
3138 1559 3196 1613 in
3225 1559 3428 1632 {Egyto
3458 1561 3528 1617 de
3558 1563 3846 1633 paucissi-

2202 1641 2314 1694 mis
2331 1641 2966 1714 multiplicavit,etinde
2977 1647 3164 1718 signis
3180 1649 3543 1706 mirabilibus
3556 1650 3592 1705 li
3605 1652 3843 1710 beravit.

2200 1728 2313 1784 Nec
2348 1731 2620 1787 Lucinam
2654 1733 2926 1789 mulieres
2979 1735 3089 1790 illa;
3145 1737 3580 1808 invocaverunt,
3612 1743 3843 1810 quando

2200 1833 2393 1873 carum
2434 1826 2652 1891 partus,
2684 1828 2747 1878 ut
2778 1823 2944 1879 miris
2979 1825 3168 1882 modis
3200 1826 3758 1899 multiplicarentur,
3789 1835 3847 1886 et

2199 1922 2342 1976 gens
2376 1908 2471 1964 illa
2517 1911 2938 1967 incredibiliter
2976 1922 3272 1983 cresceret,
3315 1917 3387 1971 ab
3438 1918 3840 1990 Egyptiorum

2199 2000 2673 2069 persequentium
2707 2005 2765 2057 et
2793 2001 3042 2059 infantes
3071 2020 3278 2060 omnes
3299 2022 3502 2062 necare
3521 2007 3836 2064 volentium

2201 2088 2472 2142 manibus
2501 2089 2622 2158 ipse
2651 2089 2935 2156 liberavit,
2969 2091 3095 2164 ipse
3116 2093 3384 2148 servavit.
3417 2094 3552 2151 Sine
3584 2097 3692 2152 dea
3719 2097 3838 2153 Ru-

2199 2174 2354 2229 mina
2384 2183 2698 2244 suxerunt;
2734 2177 2856 2233 sine
2887 2180 3115 2234 Cunina
3147 2180 3204 2235 in
3237 2183 3406 2238 cunis
3429 2184 3834 2254 fuerunt;sine

2197 2262 2392 2319 Educa
2411 2265 2678 2321 etPotina
2695 2283 2885 2322 escam
2917 2274 3239 2340 potumque
3261 2280 3666 2344 sumpserunt:
3702 2275 3834 2332 sine

2196 2356 2277 2408 tot
2307 2353 2418 2409 diis
2450 2353 2768 2426 puerilibus
2797 2358 3024 2413 educati
3055 2360 3362 2426 sunt;sine
3378 2361 3487 2417 diis
3508 2364 3835 2435 conjugali-

2201 2441 2307 2497 bus
2335 2443 2664 2515 coniugati;
2699 2446 2824 2501 sine
2855 2445 3010 2502 cultu
3053 2447 3244 2520 Priapi
3273 2451 3619 2523 conjugibus
3645 2451 3834 2508 mixti.

2199 2531 2333 2587 Sine
2371 2533 2730 2589 invocatione
2751 2537 3000 2606 Neptuni
3036 2553 3196 2593 mare
3231 2541 3666 2596 transeuntibus
3695 2542 3840 2597 divi-

2198 2637 2330 2674 sum
2364 2622 2572 2691 patuit,
2602 2628 2660 2678 et
2688 2629 2999 2694 sequentes
3032 2641 3234 2682 eorum
3267 2628 3538 2686 inimicos
3567 2629 3838 2687 ﬂuctibus

2197 2707 2254 2762 in
2275 2726 2335 2765 se
2356 2711 2730 2768 redeuntibus
2743 2714 3079 2770 obruit.Nec
3093 2724 3570 2774 consecraverunt
3585 2720 3837 2790 aliquam

2197 2801 2364 2854 deam
2379 2802 2693 2867 Maeniam,
2713 2805 2947 2873 quando
2962 2805 3032 2859 de
3050 2804 3189 2861 cmlo
3203 2822 3417 2860 manna
3431 2815 3846 2878 sumpserunt;

2197 2905 2300 2943 nec
2325 2890 2554 2958 quando
2567 2891 2905 2947 sitientibus
2927 2910 3134 2964 aquam
3162 2909 3430 2965 percussa
3453 2902 3608 2965 petra
3631 2899 3840 2968 profu-

2197 2976 2606 3049 dit,Nymphas
2643 2979 3038 3052 Lymphssque
3071 2982 3397 3039 coluerunt.
3433 2983 3571 3040 Sine
3608 2985 3838 3043 insanis

2194 3067 2373 3121 sacris
2389 3067 2588 3122 Martis
2601 3073 2658 3123 et
2673 3069 2918 3125 Bellonae
2942 3069 3089 3127 bella
3111 3077 3437 3143 gesserunt,
3455 3074 3836 3132 etsinevicto-

2195 3157 2277 3210 ria
2299 3156 2536 3227 quidem
2561 3174 2673 3212 non
2696 3157 3112 3229 vicerunt,non
3135 3177 3261 3216 eam
3292 3165 3485 3218 tamen
3519 3164 3709 3234 deam,
3734 3167 3835 3222 sed

2193 3244 2624 3302 Deisuimunus
2643 3248 3143 3305 habuerunt.Sine
3176 3251 3407 3323 Segetia
3447 3259 3687 3324 segetes,
3708 3254 3832 3312 sine

2192 3333 2430 3388 Bubona
2457 3335 2648 3401 boves,
2683 3335 2854 3392 mella
2880 3338 3006 3394 sine
3039 3338 3310 3407 Mellona,
3350 3358 3526 3412 poma
3565 3342 3691 3398 sine
3724 3343 3832 3398 Ρο-

2191 3439 2391 3489 mons;
2414 3433 2465 3480 et
2498 3441 2732 3496 prorsus
2761 3427 3099 3499 omnia,:‘pro
3121 3429 3338 3500 quibus
3355 3435 3526 3487 tanta
3550 3431 3830 3488 falsorum

2189 3515 2425 3571 deorum
2443 3515 2623 3570 turbas
2645 3515 2888 3571 Romani
2904 3517 3357 3588 supplicandum
3377 3527 3737 3589 putaverunt,
3755 3521 3829 3576 ab

2188 3621 2301 3660 uno
2341 3621 2472 3660 vero
2509 3605 2618 3660 Deo
2663 3604 2843 3660 multo
2877 3605 3102 3661 felicius
3133 3614 3502 3678 acceperunt.
3538 3608 3603 3665 Et
3633 3610 3682 3666 si
3715 3625 3830 3666 non

2183 3693 2244 3749 in
2274 3710 2405 3750 eum
2427 3698 2764 3766 peccassent
2784 3693 2964 3766 impia
2981 3695 3630 3768 curiositate,tanquam
3652 3699 3834 3771 magi-

2183 3784 2263 3838 cis
2291 3783 2518 3839 artibus
2550 3782 2797 3850 seducti,
2835 3784 2903 3838 ad
2937 3784 3157 3840 alienos
3189 3785 3327 3842 deos
3359 3792 3416 3842 et
3447 3787 3521 3842 ad
3543 3787 3697 3843 idola
3727 3791 3827 3845 de-

2182 3874 2509 3941 ﬁuendo,et
2539 3876 2833 3944 postremo
2865 3872 3158 3929 Christum
3185 3875 3599 3943 occidendo,in
3623 3878 3826 3934 eodem

2181 3963 2498 4034 regno,elsi
2524 3979 2636 4017 non
2661 3961 3234 4033 spatiosiore,tamen
3273 3965 3522 4022 feliciora
3560 3969 3818 4024 mansis-

2179 4055 2326 4105 sent.
2348 4051 2413 4105 Et
2445 4066 2599 4105 nunc
2630 4051 2785 4122 quod
2807 4067 2906 4122 per
2926 4067 3130 4107 omnes
3163 4053 3277 4108 fere
3303 4059 3482 4110 terras
3497 4060 3824 4128 gentesque

2178 4139 2425 4210 dispersi
2449 4143 2607 4204 sunt,
2627 4139 2784 4195 illius
2808 4141 2984 4196 unius
3006 4141 3124 4196 veri
3147 4142 3242 4198 Dei
3276 4144 3676 4214 provindentia
3701 4156 3820 4202 est:

2178 4233 2236 4283 ut
2265 4229 2415 4300 quod
2449 4227 2688 4283 deorum
2723 4229 2997 4285 falsorum
3026 4247 3448 4304 usquequaque
3480 4234 3821 4306 simulacra,

2175 4334 2307 4382 arae,
2335 4318 2469 4386 luci,
2505 4318 2722 4390 templa
2770 4325 3127 4388 evertuntur,
3161 4330 3212 4376 et
3270 4323 3558 4380 sacriﬁcia
3612 4327 3818 4397 prohi-

2171 4405 2405 4475 bentur,
2419 4409 2487 4463 de
2499 4407 2798 4464 codicibus
2815 4424 3015 4464 eorum
3035 4411 3306 4481 probetur
3321 4415 3819 4482 quemadmodum

2172 4495 2279 4551 hoc
2314 4497 2483 4552 fuerit
2514 4502 2674 4552 tanto
2705 4503 2837 4552 ante
2869 4499 3310 4570 prophetatum;
3346 4518 3417 4556 ne
3466 4503 3632 4572 forte,
3684 4521 3820 4562 cum

2169 4585 2457 4656 legeretur
2472 4587 2526 4642 in
2547 4587 2780 4656 nostris,
2797 4605 2829 4642 a
2844 4589 3011 4644 nobis
3027 4594 3819 4660 pulareturesseconﬁctum.

2164 4675 2294 4732 Jam
2318 4676 2471 4746 quod
2496 4677 2783 4747 sequitur,
2801 4677 2857 4730 in
2880 4675 3173 4732 volumine
3193 4681 3469 4750 sequenti
3495 4681 3817 4741 videndum

2165 4773 2274 4834 est,
2307 4771 2364 4822 et
2396 4768 2488 4822 hic
2521 4769 2749 4823 dandus
2781 4767 2960 4838 hujus
3003 4769 3354 4840 prolixitatis
3401 4772 3631 4829 modus.

1249 4917 1819 5058 LIBER
1935 4918 2763 5098 QUINTUS
2869 4921 2990 5062 (α).

399 5113 558 5182 Initio
589 5112 659 5182 de
688 5110 1050 5182 tollenda_fati
1079 5110 1484 5182 Opinione‘agit,
1515 5124 1580 5158 ne
1615 5110 1826 5182 demum
1855 5113 2088 5182 existant
2115 5115 2208 5182 qui
2230 5115 2453 5182 Romani
2482 5116 2688 5182 imperii
2718 5118 2858 5166 vires
2888 5122 2940 5167 et
2967 5119 3308 5178 incrementa,
3339 5133 3477 5182 quae
3509 5134 3616 5172 non

3658 5134 3813 5187 posse

462 5177 564 5246 diis
591 5175 740 5224 falsis
759 5173 988 5246 adscribi
1019 5173 1286 5246 superiore
1298 5175 1434 5222 libro
1463 5174 2012 5246 monstravit._referrc
2030 5177 2086 5223 in
2115 5173 2285 5225 fatum
2315 5179 2507 5246 velint._
2531 5173 2748 5246 Inde_ad
2776 5183 3139 5246 quaestionem
3167 5185 3231 5232 de
3251 5173 3601 5246 praescientia
3619 5173 3707 5234 Diei
3729 5173 3814 5236 de-

461 5240 682 5311 {ap-sust
697 5239 885 5299 probat
913 5237 1158 5310 liberum.
1171 5240 1386 5311 nostrae
1416 5236 2015 5311 voluntatis‘arbitrium
2036 5252 2392 5311 pereamnon
2415 5242 2630 5311 auferri.
2653 5236 2850 5311 Postea
2861 5245 2925 5293 de
2945 5246 3181 5311 moribus
3201 5236 3556 5311 Romanorum
3573 5249 3814 5311 antiquis

459 5298 606 5363 dicit,
639 5298 1014 5374 stiluo‘eorum‘
1031 5300 1381 5374 merum-sive
1398 5312 1504 5374 quo
1525 5298 1615 5374 Dei
1632 5298 1831 5374 judicio
1856 5298 2055 5349 factum
2074 5302 2164 5374 sit,
2184 5303 2380 5374 ut_illis_
2407 5305 2818 5374 adaugendum
2831 5306 3118 5374 imperium
3140 5310 3276 5358 Deus
3294 5309 3406 5371 ipse
3439 5324 3614 5367 verus,
3649 5298 3815 5374 quem

460 5379 568 5416 non
588 5364 848 5420 colebant,
871 5363 1086 5425 adjutor
1105 5362 1279 5412 fuerit.
1302 5362 1459 5410 Docet
1472 5363 1736 5422 postremo
1756 5375 1892 5423 quae
1911 5377 2040 5413 vera
2060 5365 2301 5414 ducenda
2320 5367 2389 5416 sit
2410 5362 2632 5416 felicitas
2652 5362 3072 5420 Christianorum
3101 5362 3494 5434 imperatorum.

1854 5457 2368 5509 W

1022 5532 1424 5590 PREFATIO.

395 5623 683 5690 Quoniam
709 5629 930 5684 constat
956 5625 1219 5682 omnium
1238 5638 1431 5681 rerum
1450 5621 1839 5694 optandarum
1867 5621 2053 5695 pleni-

457 5741 528 5806 (a)
561 5739 799 5808 Scriptus
827 5755 968 5795 anno
995 5742 1105 5796 £15.

2162 5535 2426 5591 tudinem
2448 5553 2577 5594 esse
2609 5538 2968 5608 felicitatem,
2995 5557 3118 5612 qua
3150 5557 3266 5598 non
3297 5545 3384 5598 est
3415 5543 3542 5612 dea,
3575 5544 3676 5599 sed
3707 5544 3812 5601 do-

2163 5639 2300 5680 num
2331 5625 2456 5694 Dei,
2499 5631 2556 5682 et
2587 5626 2712 5685 ideo
2745 5628 2973 5686 nullum
3022 5631 3196 5688 deum
3238 5631 3548 5688 colendum
3580 5649 3706 5689 esse
3737 5635 3811 5690 ab

2161 5714 2521 5786 hominibus,
2546 5717 2662 5774 nisi
2694 5717 2787 5792 qui
2820 5724 3008 5792 potest
3047 5737 3147 5780 eos
3180 5721 3370 5781 facere
3391 5720 3619 5794 felices;
3653 5723 3810 5783 unde
