4128 6190
407 337 519 403 M3

1453 324 1556 384 DE
1598 316 1963 382 CIVITATE
2008 315 2162 384 DEI.
2205 316 2270 375 S.
2316 309 2746 374 AUGUSTINI

3690 302 3807 365 H4

399 483 454 532 et
468 474 807 530 eventorum
821 464 1025 522 eodem
1043 464 1302 530 tempore
1327 457 1386 513 in
1414 455 1590 512 unius
1613 451 1868 526 regionis
1891 454 2044 506 terra
2152 446 2267 503 ista
2297 444 2561 510 dicimus,
2577 442 2812 514 quando
2834 439 2893 496 in
2915 438 3193 508 moribus,
3218 438 3514 512 operibus,
3537 437 3814 495 casibus-

399 562 587 620 eidem
610 558 752 615 omlo
773 573 836 611 su
847 555 1001 610 bdita
1023 549 1319 625 potuerint
1330 546 1554 618 concipi
1575 550 1632 600 et
1655 543 1837 610 nasci,
1853 540 2047 597 nescio

405 652 569 721 cujus
581 643 1008 704 sitinsolentizs.
1024 645 1140 696 Nos
1154 642 1348 694 autem
1364 635 1632 691 novimus
1645 631 2053 702 geminos,non

405 741 596 796 solum
629 740 796 792 actus
819 736 877 788 et
907 726 1403 802 peregrinationes
1427 723 1640 778 habere
1661 721 1940 784 diversas,
1963 732 2054 770 ve-

407 843 540 885 rum
571 828 744 882 etiam
777 821 1041 892 dispares
1071 813 1448 889 aegritudines
1483 810 1722 883 perpeti.
1742 809 1823 864 De
1853 824 1967 878 qua
1998 821 2055 861 re

408 915 773 976 facillimam,
811 912 1102 981 quantum
1135 903 1278 961 mihi
1309 903 1556 971 videtur,
1589 899 1873 956 rationem
1924 896 2056 951 red-

407 1008 569 1062 deret
598 1002 994 1073 Hippocrates,
1027 994 1269 1051 diversis
1292 991 1586 1047 alimentis
1617 993 1669 1045 et
1692 984 2054 1073 exercitatiof

409 1072 738 1163 nibus,quae
754 1105 869 1145 non
884 1089 952 1142 de
965 1077 1781 1156 corporistemperatione,sed
1795 1077 1863 1130 de
1875 1072 2056 1129 animi

416 1181 712 1239 voluntate
729 1173 1310 1245 veniunt,dissimiles
1322 1171 1407 1227 eis
1422 1168 1678 1226 accidere
1697 1164 1950 1237 potuisse
1967 1179 2060 1218 va-

415 1270 720 1328 letudines.
744 1267 918 1322 Porro
942 1268 1135 1319 autem
1158 1260 1518 1326 Posidonius,
1543 1257 1628 1312 vel
1646 1254 1891 1327 quilibet
1914 1253 2058 1339 fqta-

411 1361 558 1416 lium
581 1358 840 1414 siderum
866 1361 1136 1420 assertor,
1163 1351 1380 1406 mirum
1404 1347 1454 1404 si
1479 1348 1667 1417 potest
1687 1343 1780 1398 hic
1799 1341 2060 1398 invenire

411 1452 549 1524 quid
566 1451 741 1516 dicat,
755 1447 803 1502 si
817 1445 963 1502 nolit
984 1442 1388 1515 imperitorum
1406 1437 1704 1494 mentibus
1720 1436 1778 1490 in
1795 1434 1900 1500 eis,
1915 1447 2061 1503 quas

411 1522 706 1604 nesciunt,
723 1533 1173 1592 rebusilludere.
1190 1530 1350 1597 Quod
1367 1528 1521 1584 enim
1537 1533 1819 1582 conantur
1835 1522 2063 1577 efﬁcere

411 1629 484 1685 de
503 1625 808 1684 intervallo
830 1623 1033 1694 exiguo
1060 1619 1358 1691 temporis,
1383 1618 1534 1688 quod
1562 1615 1718 1671 inter
1745 1630 1805 1670 se
1826 1610 2060 1682 gemini,

413 1719 554 1774 dum
573 1714 1434 1783 nascerentur,habuerunt,pro
1444 1713 1567 1779 pter
1579 1705 1706 1764 coeli
1721 1701 2060 1776 particulam

419 1809 515 1866 ubi
549 1804 950 1878 poniturhoraa
973 1801 1220 1870 notatio,
1235 1815 1409 1872 quem
1427 1798 1816 1868 horoscopum
1830 1794 2062 1855 vocant;

417 1908 518 1956 aut
532 1915 646 1953 non
663 1900 888 1951 tantum
904 1892 1077 1960 valet,
1097 1887 1611 1962 quantainvenitur
1626 1885 1684 1940 in
1699 1882 2064 1956 geminorum

414 1977 1726 2051 voluntatibus,actibus,moribus,easibusque
1740 1970 2062 2036 diversitas,

417 2081 520 2133 aut
541 2075 674 2146 plus
695 2074 868 2130 etiam
891 2070 1063 2138 valet,
1086 2084 1262 2140 quam
1278 2073 1367 2123 est
1383 2065 1754 2138 geminorum
1767 2059 1856 2118 vel
1878 2059 2070 2114 humi-

415 2167 546 2220 litas
571 2161 796 2236 generis
814 2161 1036 2226 eadem,
1053 2160 1137 2214 vel
1155 2157 1450 2224 nobilitas,
1473 2154 1643 2224 cujus
1659 2150 1971 2206 maximam
1988 2147 2068 2202 di-

421 2255 754 2308 versitatem
776 2249 1008 2305 nonnisi
1032 2249 1090 2302 in
1107 2247 1263 2315 hora,
1284 2261 1396 2314 qua
1409 2243 1656 2315 quisque
1669 2238 1950 2303 nascitur,
1967 2253 2067 2307 po-

423 2348 588 2398 nunt.
611 2343 688 2395 Ac
713 2355 808 2409 per
840 2338 967 2404 hoc,
995 2337 1043 2392 si
1077 2343 1190 2391 tam
1211 2332 1471 2390 celeriter
1492 2331 1640 2386 alter
1669 2334 1799 2401 post
1819 2328 2067 2382 alterum

421 2431 700 2498 nascitur,
717 2429 992 2484 uteadem
1013 2442 1144 2498 pars
1160 2423 1464 2494 horoscOpi
1483 2425 1730 2481 maneat.
1747 2420 1956 2475 cuncta
1972 2433 2067 2485 pa-

421 2521 503 2579 ria
524 2535 740 2592 qurere,
765 2534 892 2589 quae
915 2515 973 2570 in
989 2514 1165 2569 nullis
1181 2517 1425 2585 possunt
1444 2509 1693 2582 geminis
1710 2505 1995 2562 inveneri:
2022 2502 2068 2557 si

421 2613 614 2663 autem
637 2602 938 2676 sequentis
959 2601 1203 2656 tarditas
1221 2599 1608 2667 horoscOpum
1633 2599 1840 2660 mutat,
1866 2608 2069 2664 paren-

421 2701 504 2750 tes
527 2694 780 2750 diversos
799 2707 1014 2763 quero,
1039 2705 1186 2760 quos
1204 2686 1420 2758 gemini
1439 2685 1650 2740 habere
1673 2699 1788 2738 non
1806 2687 2065 2753 possunt.

424 2807 658 2865 CAPUT
692 2808 790 2862 111.
820 2836 888 2845 ——
914 2807 992 2859 De
1022 2806 1350 2872 argumento
1381 2800 1521 2872 quod
1542 2814 1613 2854 ex
1641 2801 1758 2853 rota
1793 2798 1957 2868 ﬁguli
1975 2797 2068 2852 Ni-

494 2896 680 2966 gidius
699 2892 1127 2950 mathematicus
1147 2889 1438 2962 assumpsit
1472 2888 1532 2943 in
1563 2889 1866 2959 quaestione
1892 2885 2071 2958 gemi-

493 3001 712 3043 norum.

496 3085 707 3141 Fustra
729 3083 924 3154 itaque
947 3081 1187 3137 affertur
1207 3076 1399 3135 nobile
1423 3075 1558 3132 illud
1593 3083 1980 3132 commentum
2002 3073 2072 3129 de

424 3173 588 3248 ﬁguli
625 3177 766 3240 rota,
812 3172 964 3244 quod
1012 3167 1382 3240 respondisse
1420 3167 1609 3222 ferunt
1645 3164 1941 3237 Nigidium
1965 3163 2072 3218 hac

428 3262 746 3336 quaestione
759 3265 820 3317 tu
830 3257 1239 3327 rbatum,unde
1253 3254 1554 3326 etFigulus
1567 3252 1891 3325 appellatus
1905 3252 2071 3323 est(a)

428 3353 576 3410 Dum
609 3351 764 3407 enim
798 3353 983 3406 rotam
1025 3347 1189 3420 ﬁguli
1232 3346 1284 3401 vi
1341 3347 1558 3416 quanta
1585 3342 1772 3414 potuit
1801 3341 2070 3398 intorsis-

429 3445 533 3509 set,
550 3445 815 3496 currente
837 3436 935 3493 illa
951 3436 1038 3492 bis
1069 3450 1312 3491 numero
1335 3434 1406 3489 de
1437 3437 1759 3488 atramento
1796 3435 2072 3502 tanquam

428 3547 541 3588 uno
563 3530 689 3600 ejus
707 3527 830 3584 loco
845 3542 1074 3583 summa
1103 3523 1393 3580 celeritate
1419 3519 1728 3591 percussit;
1755 3520 1962 3576 deinde
1983 3520 2074 3574 in-

427 3624 600 3676 venta
620 3625 756 3674 sunt
788 3616 975 3686 signa,
1008 3633 1130 3687 quea
1155 3615 1375 3682 ﬁxerat,
1409 3611 1717 3666 desistente
1750 3614 1932 3676 metu,
1958 3625 2072 3664 non

426 3725 601 3782 parvo
629 3704 930 3763 intervallo
953 3705 1009 3760 in
1035 3709 1171 3760 rotis
1205 3702 1363 3758 illius
1385 3700 1754 3756 extremitate
1778 3698 2071 3754 distentis.

425 3801 540 3868 Sic,
563 3797 774 3871 inquit,
799 3797 854 3851 in
871 3799 1031 3851 tanta
1045 3791 1362 3866 rapacitate
1377 3789 1502 3846 cceli
1515 3829 1528 3856 ,
1544 3788 1768 3844 etiamsi
1786 3787 1932 3843 alter
1948 3791 2077 3858 post

430 3887 672 3944 alterum
706 3889 867 3940 tanta
893 3883 1186 3939 celeritate
1221 3885 1510 3945 nascatur,
1543 3885 1762 3950 quanta
1783 3882 1962 3933 rotam
1990 3876 2078 3932 bis

432 3978 560 4047 ipse
594 3974 876 4047 percussi,
930 3973 985 4025 in
1024 3971 1151 4025 cmli
1194 3970 1382 4040 spatio
1424 3968 1742 4039 plurimum
1781 3971 1904 4021 est:
1941 3965 2076 4020 hinc

434 4069 593 4131 sunt,
619 4064 832 4132 inquit,
866 4073 1243 4130 quaecumque
1281 4055 1677 4111 dissimillima
1700 4054 2078 4126 perhibentur

429 4152 490 4206 in
524 4151 788 4205 moribus
810 4147 1156 4216 casibusque
1177 4144 1568 4217 geminorum.
1591 4142 1708 4198 Hoc
1733 4143 2074 4214 figmentum

429 4239 694 4312 fragilius
719 4243 826 4304 est,
853 4252 1027 4309 quam
1049 4252 1206 4301 vasa,
1242 4252 1369 4307 quas
1400 4233 1499 4289 illa
1520 4233 1807 4290 rotatione
1840 4234 2078 4306 ﬁngun-

427 4333 545 4386 tur.
578 4326 722 4384 Nam
749 4326 932 4381 sitam
963 4323 1210 4378 multum
1235 4324 1293 4378 in
1314 4322 1456 4378 coelo
1480 4323 1736 4389 interest,
1765 4322 1916 4392 quod
1943 4338 2078 4378 con-

426 4416 853 4476 stellationibus
884 4413 1299 4484 comprehendi
1325 4430 1440 4469 non
1475 4416 1682 4484 potest,
1707 4417 1774 4466 ut
1793 4411 1957 4466 alteri
1982 4427 2078 4483 ge-

429 4508 721 4564 minorum
759 4503 1068 4560 haereditas
1109 4503 1395 4570 obveniat,
1421 4502 1584 4558 alteri
1611 4518 1723 4556 non
1764 4500 2073 4570 obveniat;

426 4615 529 4655 cur
559 4597 772 4653 audent
801 4594 1040 4661 caeteris,
1065 4593 1161 4666 qui
1203 4595 1418 4666 gemini
1461 4609 1574 4649 non
1614 4597 1770 4663 sunt,
1809 4609 1941 4648 cum
1985 4591 2075 4648 in-

423 4684 720 4757 spexerint
747 4698 947 4738 eorum
979 4680 1469 4746 constellationes,
1498 4680 1640 4735 talia
1674 4681 2072 4751 pronuntiare,

423 4791 552 4847 quas
584 4773 657 4829 ad
679 4773 820 4828 illud
853 4775 1135 4828 secretum
1162 4770 1477 4842 pertinent,
1516 4769 1664 4840 quod
1691 4785 1862 4824 nemo
1887 4775 2076 4840 potest

417 4862 934 4936 comprehendere,
958 4865 1013 4916 et
1044 4859 1334 4915 nomentis
1363 4863 1641 4914 annotare
1662 4858 2027 4913 nascentium
2049 4861 2078 4915 ?

423 4953 482 5009 Si
501 4963 693 5008 autem
721 4956 1020 5022 propterea
1042 4949 1182 5005 talia
1204 4949 1403 5003 dicunt
1420 4947 1479 5003 in
1503 4947 1749 5004 aliorum
1769 4949 2073 5020 genituris,

421 5042 560 5115 quia
581 5041 704 5096 haec
725 5043 794 5094 ad
819 5039 1186 5109 productiora
1201 5038 1391 5108 spatia
1411 5042 1736 5110 temporum
1754 5042 2076 5108 pertinent;

425 5132 725 5186 momenta
750 5143 886 5182 vero
920 5127 1020 5181 illa
1053 5125 1305 5194 partium
1341 5125 1724 5192 minutarum,
1766 5143 1892 5198 quae
1924 5127 2076 5183 inter

419 5236 480 5276 se
510 5216 726 5289 gemini
758 5224 1001 5287 possunt
1025 5215 1237 5270 habere
1261 5222 1585 5283 nascentes,
1619 5213 1794 5270 rebus
1820 5216 2076 5271 minimis

416 5308 772 5374 tribuuntur,
803 5305 872 5360 de
897 5303 1165 5375 qualibus
1188 5303 1710 5359 mathematicinon
1737 5303 2078 5360 solentcon-

418 5397 531 5452 suli
561 5413 572 5450 :
599 5395 752 5468 (quis
785 5394 941 5450 enim
994 5391 1255 5448 consulat
1301 5393 1532 5462 quando
1581 5391 1796 5461 sedeat,
1839 5395 2074 5465 quando

421 5483 774 5552 deambulet,
831 5483 1064 5556 quando
1103 5482 1194 5538 vel
1227 5482 1361 5552 quid
1399 5481 1752 5554 prandeat?)
1793 5485 2074 5554 numquid

484 5642 559 5708 (α)
585 5643 777 5703 Nigidii
806 5643 1048 5708 meminit
1076 5646 1135 5693 Α.
1161 5643 1292 5702 Gel.,
1316 5643 1408 5695 lib.
1428 5643 1503 5702 19,
1526 5656 1645 5706 cap.
1668 5643 1745 5702 14,
1768 5646 1821 5695 et
1854 5643 2073 5708 Lucam,

415 5705 515 5760 lib.
547 5707 764 5768 1.,vers.
796 5705 890 5754 639
923 5708 975 5756 et
1007 5719 1153 5770 seqq.

2159 552 2269 608 que
2289 532 2657 606 geminorum
2674 530 2926 603 plurima
2939 530 3378 601 plurimumque
3395 527 3628 586 diversa
3649 545 3815 585 mon-

2163 636 2416 681 stramus
2435 623 2463 676 7

2160 785 2381 843 CAPUT
2413 783 2593 839 lV.-—
2651 782 2720 837 De
2761 782 2916 837 Esau
2962 784 3012 837 et
3052 781 3218 837 Jacob
3273 780 3531 853 geminis,
3575 780 3814 836 multum

2235 875 2379 930 inter
2405 887 2464 927 se
2498 887 2714 927 morum
2744 875 2797 926 et
2817 872 3092 926 actionum
3113 871 3378 942 qualitate
3402 869 3739 940 disparibus.

2237 981 2366 1036 Nati
2385 986 2524 1036 sunt
2540 981 2652 1037 duo
2673 979 2892 1051 gemini
2911 981 3154 1053 antiqua
3169 984 3400 1050 patrum
3431 979 3816 1051 memoria(ut

2165 1073 2235 1126 de
2268 1070 2600 1141 insignibus
2619 1069 2842 1141 loquar)
2872 1068 2956 1126 sic
2977 1069 3124 1125 alter
3154 1075 3280 1140 post
3313 1069 3583 1138 alterum,
3621 1073 3686 1123 ut
3713 1085 3817 1139 po-

2166 1158 2375 1216 sterior
2403 1158 2660 1229 plantam
2685 1156 2891 1228 prioris
2914 1161 3154 1212 teneret.
3185 1157 3370 1213 Tanta
3394 1157 3452 1211 in
3476 1172 3678 1212 eorum
3703 1155 3822 1210 vita

2165 1247 2400 1304 fuerunt
2431 1247 2806 1318 moribusque
2827 1246 3076 1314 diversa,
3101 1251 3261 1302 tanta
3283 1247 3342 1301 in
3366 1246 3592 1302 actibus
3613 1245 3819 1316 dispa-

2168 1337 2376 1402 rilitas,
2410 1341 2572 1392 tanta
2603 1335 2662 1391 in
2703 1339 3008 1408 parentum
3041 1351 3238 1392 amore
3269 1334 3712 1402 dissimilitudo,
3757 1337 3822 1389 ut

2167 1427 2345 1482 etiam
2368 1425 2634 1481 inimicos
2651 1442 2748 1481 eos
2763 1426 2909 1481 inter
2922 1442 2982 1481 se
2996 1427 3209 1482 faceret
3232 1425 3356 1496 ipsa
3370 1425 3650 1482 distantia
3662 1424 3818 1492 (Gen.

2164 1535 2297 1584 xxv,
2325 1515 2538 1586 24-34).
2572 1514 2868 1586 Numquid
2904 1515 3010 1570 hoc
3041 1514 3278 1582 dicitur,
3309 1515 3442 1584 quia
3466 1531 3581 1569 uno
3612 1515 3818 1569 ambu-

2169 1604 2326 1661 laute
2348 1605 2497 1660 alius
2516 1603 2781 1673 sedebat,
2807 1604 2986 1659 etalio
3008 1605 3335 1659 dormiente
3349 1603 3496 1660 alius
3519 1602 3822 1675 vigilabat,

2171 1692 2283 1749 alio
2306 1693 2578 1765 loquente
2608 1691 2755 1748 alius
2798 1692 3064 1760 tacebat;
3096 1708 3223 1762 quas
3267 1693 3558 1764 pertinent
3583 1693 3653 1746 ad
3687 1690 3818 1746 illas

2173 1782 2466 1851 minutias,
2493 1797 2620 1852 quae
2645 1797 2758 1836 non
2783 1785 3031 1851 possunt
3050 1781 3120 1835 ab
3148 1780 3231 1835 eis
3253 1779 3690 1850 comprehendi,
3719 1778 3819 1850 qui

2172 1871 2642 1928 constitutionem
2667 1870 2946 1936 siderum,
2973 1885 3083 1940 qua
3107 1869 3350 1941 quisque
3375 1870 3651 1930 nascitur,
3677 1869 3822 1923 scri-

2175 1961 2344 2028 bunt,
2378 1961 2527 2015 unde
2573 1958 2968 2014 mathematici
3003 1957 3384 2013 consuluntur
3406 1959 3432 2012 ‘2
3465 1962 3627 2013 Unus
3658 1956 3822 2012 duxit

2174 2050 2594 2105 mercenariam
2628 2048 2990 2109 servitutem,
3021 2047 3168 2101 alius
3191 2063 3305 2102 non
3328 2046 3596 2114 servivit;
3622 2062 3771 2101 unus
3790 2063 3822 2101 a

2175 2145 2359 2194 matre
2375 2137 2748 2210 diligebatur,
2764 2135 2912 2192 alius
2928 2153 3042 2191 non
3059 2135 3461 2207 dilligebatur;
3482 2135 3828 2192 unushono-

2177 2245 2322 2297 rem,
2355 2228 2456 2300 qui
2493 2243 2737 2299 magnus
2767 2227 2914 2292 apud
2949 2243 3047 2280 eos
3071 2223 3410 2293 habebatur,
3437 2225 3650 2293 amisit,
3677 2223 3829 2279 alter

2174 2320 2448 2388 indeptus
2481 2322 2588 2372 est.
2621 2315 2764 2380 Quid
2798 2314 2868 2370 de
2900 2314 3201 2382 uxoribus,
3235 2315 3372 2386 quid
3406 2316 3477 2369 de
3500 2313 3653 2379 ﬁliis,
3676 2313 3817 2384 quid

2175 2407 2246 2463 de
2277 2408 2470 2474 rebus,
2515 2409 2736 2477 quanta
2775 2403 3130 2459 diversitas?
3161 2403 3277 2476 [V.]
3310 2403 3366 2458 Si
3411 2419 3547 2476 ergo
3588 2402 3708 2459 base
3747 2401 3817 2457 ad

2175 2497 2308 2554 illas
2332 2496 2624 2567 pertinent
2647 2493 2924 2548 minutias
2941 2503 3290 2564 temporum,
3314 2493 3621 2566 quaa'inter
3639 2508 3700 2548 se
3726 2491 3824 2547 ha-

2174 2587 2315 2642 bent
2335 2583 2578 2658 gemini,
2597 2588 2652 2636 et
2671 2582 2915 2638 constell
2931 2580 3224 2638 ationibus
3246 2598 3359 2638 non
3384 2581 3825 2638 adscribuntur:

2175 2691 2354 2748 quare
2372 2674 2552 2730 alioru
2567 2691 2618 2729 m
2645 2671 3474 2743 constetlationibusinspectis
3499 2672 3607 2727 ista
3621 2672 3828 2727 dicun-

2175 2766 2317 2820 tur?
2337 2765 2394 2819 Si
2417 2769 2608 2819 autem
2634 2761 2761 2818 ideo
2785 2762 3079 2828 dicuntur,
3105 2760 3239 2833 quia
3261 2777 3371 2816 non
3396 2760 3465 2815 ad
3495 2761 3716 2815 minuta
3737 2760 3831 2815 in-

2177 2851 2743 2924 comprehensibilis,
2769 2852 2867 2906 sed
2886 2851 2954 2905 ad
2976 2855 3294 2922 temporum
3309 2849 3496 2918 spatia
3514 2849 3828 2919 pertinent,

2177 2957 2301 3014 quas
2333 2941 2617 2998 observari
2648 2940 2954 3011 notarique
2972 2942 3251 3011 possunt;
3283 2938 3418 3009 quid
3439 2937 3536 2992 hic
3565 2937 3832 3010 agitrota

2177 3031 2278 3087 illa
2310 3031 2490 3103 ﬁguli,
2524 3030 2637 3086 nisi
2669 3034 2733 3084 ut
2774 3028 3030 3084 homines
3059 3026 3277 3083 luteum
3327 3043 3422 3083 cor
3452 3026 3734 3082 habentes
3765 3026 3828 3082 in

2175 3138 2381 3195 gyrum
2425 3120 2749 3186 mittantur,
2779 3134 2851 3175 ne
2898 3116 3449 3174 mathematicorum
3487 3115 3827 3189 vaniloquia

2177 3211 2595 3268 convincantur
2613 3208 2642 3264 ?

2176 3356 2398 3413 CAPUT
2427 3354 2495 3410 V.
2527 3385 2588 3396 -
2619 3355 2822 3424 Quibus
2843 3353 3014 3410 modis
3031 3351 3430 3410 convincuntur
3442 3351 3823 3409 mathematici

2585 3460 2787 3499 vanam
2813 3443 3107 3498 scientiam
3134 3441 3404 3514 proﬁteri.

2252 3552 2397 3620 Quid
2446 3550 2624 3607 iidem
2655 3550 2791 3623 ipsi,
2823 3565 3072 3622 quorum
3109 3548 3401 3616 morbum,
3434 3549 3588 3620 quod
3619 3549 3821 3605 eodem

2178 3650 2437 3717 tempore
2455 3643 2682 3714 gravior
2703 3641 2994 3712 leviorque
3019 3639 3332 3712 apparebat
3352 3639 3682 3705 amborum,
3708 3653 3832 3693 me-

2180 3732 2846 3804 dicinaliterinspieiens
2869 3731 3264 3803 Hippocrates,
3287 3729 3554 3801 geminos
3569 3727 3832 3800 suspica-

2180 3830 2274 3880 tus
2305 3829 2414 3891 est,
2449 3837 2642 3878 nonne
2663 3821 2807 3876 satis
2831 3820 2974 3876 istos
2999 3820 3375 3892 redarguunt,
3403 3819 3503 3890 qui
3529 3817 3729 3874 volunt
3754 3817 3832 3873 si-

2179 3913 2416 3968 deribus
2441 3913 2594 3980 dare,
2622 3909 2772 3981 quod
2795 3910 2865 3964 de
2888 3925 3194 3979 corporum
3217 3906 3391 3964 simili
3415 3906 3830 3977 temperatione

2179 4002 2480 4059 veniebat?
2497 4001 2611 4058 Cur
2631 4002 2786 4057 enim
2803 3997 3071 4055 similiter
3085 4001 3402 4069 eodemque
3420 4005 3690 4067 tempore,
3706 4011 3828 4050 non

2179 4091 2322 4146 alter
2361 4091 2537 4161 prior,
2581 4090 2727 4146 alter
2775 4089 3058 4162 posterior
3095 4087 3471 4159 aagrotabant,
3523 4086 3671 4142 sicut
3701 4084 3831 4141 nati

2180 4182 2429 4249 fuerant,
2446 4181 2586 4252 quia
2608 4180 2808 4251 utique
2827 4177 3004 4234 simul
3019 4179 3177 4234 nasci
3201 4177 3371 4233 ambo
3388 4193 3498 4233 non
3513 4181 3781 4248 poterant
3804 4176 3835 4232 ἵ

2180 4277 2294 4329 Aut
2323 4270 2536 4328 sinihil
2562 4270 2841 4326 momenti
2867 4268 3078 4335 attulit,
3107 4273 3170 4324 ut
3199 4267 3445 4323 diversis
3466 4266 3833 4337 temporibus

2182 4365 2545 4434 aegrotarent,
2588 4360 2742 4432 quod
2792 4359 3034 4416 diversis
3079 4358 3441 4429 temporibus
3488 4357 3606 4412 nati
3661 4361 3834 4422 sunt;

2182 4470 2362 4526 quare
2392 4457 2624 4522 tempus
2657 4450 2713 4505 in
2738 4449 3029 4505 nascendo
3061 4448 3352 4504 diversum
3377 4445 3447 4502 ad
3475 4444 3719 4500 aliarum
3746 4462 3840 4500 re-

2181 4561 2310 4598 rum
2340 4541 2702 4596 diversitates
2743 4539 2930 4594 valere
2961 4535 3356 4593 contendunt?
3379 4535 3494 4591 Cur
3517 4539 3837 4605 potuerunt

2181 4631 2424 4688 diversis
2439 4628 2800 4700 temporibus
2816 4627 3194 4700 peregrinari,
3209 4625 3454 4680 diversis
3473 4623 3838 4695 temporibus

2182 4723 2392 4778 ducere
2425 4736 2648 4787 uxores,
2674 4718 2917 4774 diversis
2942 4715 3300 4788 temporibus
3327 4713 3473 4769 ﬁlios
3509 4727 3832 4785 procreare,

2180 4816 2236 4866 et
2259 4809 2442 4866 multa
2472 4809 2602 4875 alia,
2659 4811 2960 4878 propterea
3008 4805 3143 4876 quia
3193 4802 3436 4858 diversis
3469 4800 3834 4871 temporibus

2185 4901 2305 4956 nati
2339 4907 2490 4968 sunt,
2540 4902 2598 4955 et
2628 4915 2741 4954 non
2781 4898 3095 4968 potuerunt
3126 4894 3326 4949 eadem
3375 4908 3554 4947 causa
3583 4890 3835 4946 diversis

2180 4989 2354 5044 etiam
2383 4995 2494 5044 tem
2507 4986 2741 5059 poribus
2764 4983 3150 5056 aegrotare?Si
3166 4984 3320 5039 enim
3337 4981 3538 5052 dispar
3553 4978 3834 5035 nascendi

2183 5094 2345 5133 mora
2375 5077 2620 5131 mutavit
2643 5075 3054 5144 horoscopum,
3079 5077 3138 5128 et
3158 5071 3598 5144 disparilitatem
3632 5067 3838 5124 intulit

2182 5166 2400 5221 oazteris
2433 5165 2608 5219 rebus
2638 5183 2652 5231 ;
2689 5181 2790 5218 our
2829 5161 2971 5218 illud
3022 5162 3080 5218 in
3115 5159 3559 5234 asgritudinibus
3593 5157 3835 5221 mansit.

2181 5256 2334 5326 quod
2362 5254 2612 5310 habebat
2633 5254 2688 5309 in
2707 5253 2984 5325 temporis
3006 5251 3334 5325 aequalitate
3347 5248 3700 5321 conceptus?
3722 5250 3839 5303 Aut

2183 5346 2230 5401 si
2253 5345 2372 5401 fata
2393 5343 2742 5400 valetudinis
2768 5344 2824 5399 in
2849 5348 3132 5414 conceptu
3156 5349 3309 5410 sunt,
3335 5341 3580 5397 aliarum
3604 5353 3738 5393 vero
3761 5352 3845 5392 re-

2185 5452 2314 5491 rum
2348 5437 2406 5491 in
2437 5439 2565 5492 ortu
2597 5451 2723 5491 esse
2763 5435 3065 5501 dicuntur,
3099 5450 3214 5488 non
3251 5432 3529 5487 deberent
3560 5427 3845 5500 inspectis

2183 5524 2466 5580 natalium
2491 5523 3038 5582 constellationibus
3060 5523 3130 5578 de
3154 5520 3484 5578 valetudine
3506 5517 3727 5589 aliquid
3755 5517 3846 5572 di-

2183 5616 2574 5687 cere,quando
2597 5616 2680 5671 eis
2699 5613 3062 5686 inspicienda
3085 5608 3545 5684 conceptionalis
3565 5607 3710 5663 hora
3729 5624 3847 5664 non

2184 5705 2379 5762 datur.
2415 5704 2474 5761 Si
2506 5709 2702 5762 autem
2727 5704 2857 5760 ideo
2885 5703 3281 5776 praenuntiant
3302 5697 3700 5773 aegritudines,
3729 5713 3845 5755 non
