4128 6190
254 370 370 439 14'5

255 509 521 579 inspecto
550 500 947 573 conceptionis
976 500 1317 567 horoscopo,
1350 495 1488 568 quia
1516 493 1781 549 indicant
1808 507 1910 547 eas

259 600 550 656 momenta
569 591 939 649 nascentium
959 588 1283 661 ;quomodo
1298 586 1556 641 dicerent
1570 582 1809 639 cuilibet
1820 597 1910 637 eo-

259 703 384 746 rum
418 684 796 757 geminorum
828 697 897 736 ex
916 676 1238 735 nativitatis
1268 675 1431 743 hora,
1468 673 1701 745 quando
1723 687 1903 743 aegro.

259 784 487 837 taturus
510 777 688 836 esset,
709 787 841 827 cum
873 774 931 825 et
953 770 1099 825 alter
1123 768 1224 840 qui
1246 782 1360 823 non
1378 764 1627 821 habebat
1644 762 1908 818 eamdem

259 872 460 929 horam
486 863 824 931 nativitatis,
840 877 1080 918 necesse
1100 860 1339 916 haberet
1360 857 1573 928 pariter
1590 862 1863 927 aagrotare
1883 853 1911 908 ?

265 960 478 1018 Deinde
500 971 719 1029 quaero,
736 954 781 1009 si
812 956 979 1009 tanta
1008 949 1286 1007 distantia
1308 952 1398 1004 est
1417 946 1698 1018 temporis
1716 947 1774 1000 in
1806 961 1909 999 na-

266 1051 486 1108 tivitate
516 1045 910 1120 geminorum,
943 1050 1002 1097 ut
1033 1057 1135 1113 per
1166 1040 1318 1095 hanc
1364 1040 1624 1109 oporteat
1653 1035 1736 1091 eis
1769 1050 1907 1090 con-

267 1140 621 1199 stellationes
667 1134 791 1190 fieri
823 1134 1104 1200 diversas,
1136 1132 1372 1203 propter
1404 1127 1700 1183 diversum
1732 1124 1909 1180 horo-

268 1244 533 1302 scopum,
555 1231 612 1283 et
641 1226 712 1281 ob
743 1224 851 1279 hoc
883 1222 1139 1277 diversos
1155 1234 1359 1276 omnes
1385 1214 1653 1273 cardines
1678 1215 1777 1286 (a),
1811 1212 1911 1268 ubi

264 1324 430 1377 tanta
457 1317 541 1372 vis
572 1315 831 1387 ponitur,
869 1316 933 1367 ut
962 1310 1099 1365 hinc
1131 1308 1302 1365 etiam
1342 1308 1565 1363 diversa
1595 1305 1715 1360 sint
1747 1304 1862 1358 fata
1894 1319 1908 1368 ;

263 1411 417 1467 unde
449 1408 559 1464 hoc
588 1404 846 1462 accidere
874 1401 1079 1474 potuit,
1100 1416 1235 1456 cum
1259 1414 1460 1455 eorum
1490 1398 1805 1466 conceptus
1827 1392 1912 1447 di-

259 1514 489 1557 versum
522 1500 759 1567 tempus
789 1491 1003 1548 habere
1034 1507 1147 1546 non
1184 1488 1417 1562 possit?
1444 1489 1555 1542 Aut
1574 1484 1622 1540 si
1655 1485 1903 1539 duorum

263 1605 375 1646 uno
398 1590 698 1643 momento
719 1582 1001 1653 temporis
1021 1581 1431 1649 conceptorum
1459 1575 1767 1645 potuerunt
1786 1587 1912 1627 esse

264 1679 331 1736 ad
350 1674 715 1734 nascendum
740 1672 853 1727 fata
879 1668 1278 1740 disparia,cur
1299 1682 1414 1721 non
1437 1668 1495 1720 et
1513 1664 1767 1717 duorum
1794 1677 1911 1715 uno

261 1769 556 1825 momento
568 1767 679 1818 tem
691 1760 845 1832 poris
862 1762 1133 1814 natorum
1150 1754 1515 1828 possintesse
1528 1752 1599 1807 ad
1613 1750 1918 1806 vivendum

260 1862 433 1928 atque
457 1851 830 1911 moriendum
856 1850 973 1905 fata
1002 1844 1299 1918 disparia?
1319 1844 1466 1899 Nam
1498 1842 1548 1897 si
1581 1856 1761 1896 unum
1787 1855 1915 1893 mo-

262 1950 547 2012 mentum,
570 1958 683 2013 quo
731 1940 903 1996 ambo
945 1935 1205 2006 concepti
1238 1938 1395 2000 sunt,
1426 1949 1541 1987 non
1590 1929 1911 2002 impedivit,

265 2040 325 2093 ut
356 2034 502 2091 alter
552 2032 725 2104 prior,
748 2028 894 2085 alter
924 2024 1210 2099 posterior
1240 2030 1611 2088 nasceretur;
1643 2036 1765 2086 cur,
1800 2034 1914 2073 uno

262 2127 561 2182 momento
584 2121 632 2178 si
657 2120 772 2175 duo
792 2111 1420 2184 nascuntur,impe‘diat
1435 2110 1752 2182 aliquid,ut
1769 2108 1917 2163 alter

259 2215 594 2287 prior,alter
610 2207 892 2282 posterior
904 2201 1221 2261 moriatur?
1234 2202 1291 2257 Si
1317 2199 1618 2270 conceptio
1632 2197 1917 2254 momenti

255 2304 437 2360 unius
453 2302 713 2357 diversos
727 2312 897 2352 casus
920 2295 978 2349 in
996 2297 1161 2348 utero
1175 2288 1668 2363 geminoshabere
1682 2289 1919 2358 permit'

254 2394 350 2461 tit;
387 2408 497 2448 cur
513 2388 786 2445 nativitas
801 2382 1076 2440 momenti
1093 2380 1269 2436 unius
1292 2395 1405 2434 non
1431 2376 1607 2433 etiam
1628 2374 1915 2448 quoslibet

255 2484 415 2539 duos
440 2480 503 2534 in
534 2481 686 2533 terra
707 2474 966 2529 diversos
989 2486 1158 2527 casus
1174 2468 1387 2524 habere
1411 2465 1726 2537 permittat,
1742 2480 1805 2519 ac
1832 2464 1915 2521 sic

250 2570 471 2628 omnia
490 2567 664 2637 hujus
685 2563 826 2620 artis
847 2560 937 2618 vel
959 2560 1153 2632 potius
1165 2555 1438 2613 vanitatis
1460 2556 1786 2611 commenta
1806 2553 1913 2608 tol-

252 2656 505 2718 lantur?
533 2654 679 2722 Quid
719 2659 803 2709 est
836 2652 945 2707 hoc
979 2648 1130 2721 quod
1164 2663 1281 2703 uno
1320 2649 1602 2711 tempore,
1637 2659 1749 2698 uno
1782 2659 1915 2698 mo-

254 2743 608 2815 mento,sub
639 2758 759 2797 una
805 2740 1129 2808 eademque
1168 2734 1293 2791 coeli
1327 2732 1610 2804 positione
1653 2731 1913 2802 concepti

257 2838 491 2895 diversa
511 2832 733 2888 habent
759 2831 893 2895 fata,
919 2844 1045 2900 quas
1068 2825 1198 2882 illos
1222 2823 1543 2896 perducant
1569 2822 1638 2876 ad
1662 2820 1916 2878 diversa-

255 2942 387 2983 rum
422 2923 703 2978 horarum
727 2917 1189 2984 nativitatem,et
1220 2929 1337 2969 uno
1368 2913 1667 2967 momento
1689 2917 1915 2981 tempo-

261 3017 338 3073 ris
357 3014 476 3071 sub
507 3028 626 3069 una
645 3010 966 3079 eademque
982 3005 1109 3062 omli
1138 3002 1425 3075 positione
1446 3002 1516 3057 de
1539 3000 1767 3056 duabus
1790 3015 1912 3054 ma-

256 3104 446 3161 tribus
478 3102 594 3157 duo
646 3097 862 3167 pariter
906 3094 1051 3161 nati,
1084 3092 1313 3149 diversa
1364 3090 1483 3145 fata
1527 3089 1739 3145 habere
1797 3103 1910 3143 non

259 3194 527 3266 possunt,
560 3204 685 3260 quis
718 3186 849 3242 illos
878 3184 1199 3257 perducant
1239 3181 1309 3237 ad
1360 3179 1649 3235 diversam
1680 3176 1908 3233 vivendi

258 3282 342 3338 vel
392 3277 688 3336 moriendi
739 3270 1190 3331 necessitatem?
1220 3270 1299 3325 An
1333 3267 1593 3339 concepti
1646 3268 1906 3322 nondum

255 3372 480 3429 habent
512 3369 648 3435 fata,
673 3382 823 3438 quae,
843 3362 959 3419 nisi
991 3362 1327 3424 nascantur,
1352 3358 1565 3413 habere
1596 3373 1709 3411 non
1746 3359 1905 3428 pote-

254 3459 432 3517 runt?
455 3457 604 3524 Quid
636 3459 723 3513 est
743 3469 878 3525 ergo
902 3451 1051 3521 quod
1082 3447 1369 3514 dicunt,si
1403 3446 1546 3502 hora
1572 3444 1909 3517 conceptio-

259 3550 405 3607 nalis
438 3545 800 3609 inveniatur,
825 3542 1006 3597 multa
1027 3539 1097 3595 ab
1128 3537 1256 3594 istis
1288 3536 1399 3591 dici
1432 3551 1603 3606 posse
1629 3532 1914 3587 divinis“?

258 3642 417 3700 Unde
439 3640 622 3697 etiam
656 3636 799 3692 illud
825 3651 857 3689 a
876 3631 1179 3689 nonnullis
1204 3625 1745 3700 praedicatumquod
1780 3623 1908 3694 qui-

260 3733 382 3788 dam
419 3729 661 3801 sapiens
680 3725 879 3780 horam
904 3722 1096 3792 elegit,
1114 3735 1233 3791 qua
1263 3731 1395 3772 cum
1429 3730 1607 3769 uxore
1628 3728 1908 3768 concum-

262 3821 434 3887 beret,
452 3817 614 3875 unde
642 3815 823 3870 filium
858 3809 1185 3867 mirabilem
1208 3807 1490 3878 gigneret.
1508 3802 1667 3860 Unde
1690 3806 1908 3872 postre-

267 3926 355 3967 mo
388 3914 446 3965 et
474 3908 589 3963 hoc
609 3909 717 3971 est,
736 3902 886 3975 quod
918 3901 988 3957 de
1008 3898 1129 3955 illis
1152 3897 1359 3968 pariter
1384 3892 1799 3965 aegrotantibus
1818 3907 1911 3963 ge-

261 4000 429 4055 minis
441 3993 820 4061 Posidonius,
838 4005 1087 4060 magnus
1102 3985 1424 4053 astrologus
1440 3983 1711 4051 idemque
1726 3979 1913 4052 philo-

260 4088 498 4160 sophus,
520 4079 1067 4157 respondebat,ideo
1094 4074 1238 4143 fieri,
1255 4074 1404 4145 quod
1428 4073 1629 4128 eodem
1653 4075 1913 4141 tempore

260 4177 512 4233 fuissent
536 4172 679 4240 nati,
704 4171 1028 4239 eodemque
1057 4163 1342 4235 concepti.
1367 4161 1513 4217 Nam
1547 4160 1749 4231 utique
1780 4174 1909 4230 pro-

260 4270 381 4337 pter
409 4265 525 4321 hoc
547 4260 800 4316 addebat
828 4254 1295 4326 conceptionem,
1314 4267 1385 4307 ne
1417 4251 1707 4305 diceretur
1726 4248 1776 4303 ei
1796 4264 1913 4303 non

269 4353 333 4410 ad
372 4350 667 4424 liquidum
701 4348 902 4403 eodem
958 4348 1217 4416 tempore
1264 4339 1513 4411 potuisse
1558 4337 1739 4407 nasci,
1769 4353 1914 4407 quos

269 4442 578 4500 constabat
607 4436 847 4494 omnino
869 4434 1070 4490 eodem
1089 4436 1348 4503 tempore
1369 4428 1547 4485 fuisse
1568 4431 1914 4498 conceptos;

272 4536 330 4588 ut
360 4533 489 4602 hoc,
526 4528 686 4602 quod
730 4524 1005 4582 similiter
1052 4519 1344 4592 simulque
1388 4517 1765 4591 aegrotabant,
1800 4532 1913 4571 non

272 4621 425 4677 daret
454 4621 530 4676 de
562 4616 823 4689 proximo
846 4612 971 4686 pari
1004 4610 1260 4682 corporis
1300 4610 1782 4679 temperamento,
1815 4605 1917 4661 sed

270 4713 463 4769 eadem
488 4722 726 4781 quoque
751 4701 1101 4761 valetudinis
1132 4699 1485 4772 parilitatem
1501 4697 1744 4753 sidereis
1766 4695 1921 4751 nexi-

273 4799 376 4856 bus
402 4799 701 4870 alligaret.
727 4794 786 4850 Si
818 4792 999 4865 igitur
1028 4790 1085 4845 in
1118 4791 1398 4859 conceptu
1433 4790 1592 4842 tanta
1616 4786 1703 4839 vis
1735 4788 1827 4839 est
1848 4784 1921 4840 ad

273 4888 658 4961 cqualitatem
675 4885 1073 4948 fatorum,non
1087 4879 1415 4934 debuerunt
1428 4875 1715 4931 nascendo
1729 4874 1920 4930 eadem

274 4977 377 5033 fata
401 4974 645 5033 mutari.
664 4974 778 5028 Aut
800 4971 849 5026 si
871 4973 1169 5041 propterea
1190 4970 1494 5022 mutantur
1515 4965 1629 5019 fata
1659 4963 1921 5035 gemino-

277 5082 421 5133 rum,
448 5064 595 5138 quia
629 5059 989 5132 temporibus
1018 5057 1257 5113 diversis
1297 5058 1639 5119 nascuntur,
1673 5070 1777 5108 cur
1808 5070 1920 5109 non

282 5158 465 5229 potius
502 5151 904 5224 intelligamus
930 5148 1051 5217 jam
1088 5146 1267 5202 fuisse
1297 5148 1538 5211 mutata,
1571 5146 1637 5197 ut
1683 5142 1925 5197 diversis

279 5244 631 5318 temporibus
648 5236 1059 5297 nascerentur?
1090 5237 1251 5292 Itane
1271 5252 1384 5291 non
1406 5237 1595 5290 mutat
1623 5233 1742 5289 fata
1781 5230 1928 5287 nati.

349 5520 364 5552 ί
395 5516 555 5571 Editl,
586 5513 884 5562 divinitus.
918 5512 986 5560 At
1013 5511 1135 5558 Mss.
1173 5507 1285 5563 alii,
1318 5504 1577 5571 divinis-4s
1604 5522 1620 5560 ;
1649 5503 1763 5571 alii,
1789 5504 1931 5571 quod

431 5592 456 5628 s
484 5566 673 5640 placet,
713 5574 944 5640 divinis,
984 5573 1044 5640 _i_d
1091 5567 1610 5640 estﬂmuthernaticis
1656 5566 1933 5640 divinandi

296 5629 455 5691 arte'm
485 5629 881 5703 profitentibus.
983 5634 1154 5703 Nostri
1169 5629 1731 5703 ⁵Μειδηίίίιῖέῖτί²⁴⁵“...Με

349 5706 424 5755 (ai
447 5691 524 5751 D‘e
536 5703 621 5751 his
636 5700 965 5761 astrologicis
981 5696 1286 5747 cardinibus
1316 5692 1578 5741 Manilius.
1607 5692 1697 5739 lib.
1723 5691 1771 5748 2,
1796 5704 1934 5739 vers.

293 5763 375 5813 808
404 5769 458 5815 et
487 5779 631 5827 seqq.

1644 356 1880 419 LIBER
1926 356 2269 429 QUINTUS

3546 370 3668 431 146

2019 490 2215 546 vitatis
2245 490 2515 548 voluntas
2535 494 2881 561 viventium,
2913 512 3045 555 cum
3088 499 3276 555 mutet
3305 498 3423 555 fata
3450 514 3661 558 conce-

2026 579 2247 651 ptionis
2277 581 2418 637 ordo
2442 584 2809 639 nascentium
2833 584 2860 639 ?

2179 694 2413 753 CAPUT
2443 697 2539 753 Vl.
2575 728 2641 740 -
2675 701 2745 755 De
2773 702 3014 769 geminis
3045 701 3283 774 dispari:
3312 719 3493 763 sexus.

2088 795 2431 867 Quanquam
2454 802 2510 851 et
2529 798 2587 853 in
2613 798 2761 870 ipsis
2784 800 3150 870 geminorum
3177 804 3675 875 conceptibus,ubi

2015 892 2166 941 certe
2178 885 2476 940 amborum
2492 886 2691 942 eadem
2707 894 3001 945 momenta
3014 895 3153 946 sunt
3170 899 3425 963 temporu
3438 896 3675 963 m,unde

2016 973 2082 1028 fit
2096 978 2158 1029 ut
2173 973 2283 1027 sub
2302 974 2500 1028 eadem
2517 975 2965 1032 constellatione
2980 978 3137 1033 fatali
3156 979 3302 1036 alter
3313 983 3673 1052 concipiatur

2017 1061 2338 1129 masculus,
2362 1061 2546 1117 altera
2568 1062 2827 1119 femina?
2857 1064 3140 1122 Novimus
3164 1071 3427 1138 geminos
3458 1072 3668 1129 diversi

2016 1152 2380 1219 sexus,ambo
2394 1151 2583 1206 adhuc
2596 1152 2820 1218 vivunt,
2836 1155 3009 1209 ambo
3024 1160 3192 1211 aetate
3213 1157 3411 1228 vigent
3441 1160 3629 1217 adhuc
3654 1180 3668 1231 ;

2016 1257 2265 1312 quorum
2285 1257 2415 1296 cum
2448 1240 2569 1296 sint
2592 1240 2743 1297 inter
2761 1258 2822 1297 se
2845 1242 3069 1299 similes
3092 1260 3399 1316 corporum
3424 1250 3670 1321 species,

2015 1334 2303 1400 quantum
2336 1330 2394 1383 in
2423 1329 2650 1386 diverso
2670 1346 2811 1385 sexu
2837 1334 3029 1402 potest
3053 1331 3353 1399 ;instituto
3386 1338 3583 1392 tamen
3616 1340 3673 1394 et

2016 1419 2312 1491 proposito
2342 1419 2471 1474 vita
2500 1419 2576 1474 ita
2628 1424 2768 1475 sunt
2799 1421 3080 1491 dispares,
3126 1425 3207 1489 ut,
3249 1428 3458 1494 praeter
3482 1429 3663 1494 actus,

2017 1523 2165 1579 quos
2198 1523 2433 1563 necesse
2454 1512 2542 1565 est
2565 1524 2597 1563 a
2626 1508 2895 1565 virilibus
2925 1510 3161 1579 distare,
3188 1511 3491 1579 femineos,
3514 1516 3664 1584 quod

2015 1596 2391 1654 illoinofficio
2414 1597 2652 1653 Comitis
2676 1598 3004 1654 militateta
3032 1616 3135 1655 sua
3169 1601 3339 1657 domo
3354 1618 3499 1673 pene
3513 1617 3671 1657 sem-

2018 1704 2119 1757 per
2149 1685 2567 1759 peregrinatur,
2592 1685 2692 1741 illa
2721 1687 2791 1742 de
2817 1688 2940 1743 solo
2965 1688 3150 1759 patrio
3184 1696 3239 1745 et
3268 1689 3339 1745 de
3369 1706 3503 1747 rure
3534 1706 3668 1763 pro-

2020 1775 2145 1847 prio
2167 1792 2277 1831 non
2297 1774 2511 1830 recedit
2545 1774 2814 1846 :insuper
2844 1778 3019 1847 (quod
3054 1780 3137 1833 est
3164 1777 3583 1849 incredibilius,
3617 1781 3666 1837 si

2022 1863 2263 1920 astralia
2285 1864 2399 1919 fata
2421 1865 2773 1934 credantur;
2796 1880 2913 1921 non
2939 1871 3132 1921 autem
3157 1868 3448 1934 mirum,si
3468 1869 3669 1926 volun-

2020 1957 2169 2009 tates
2194 1953 2500 2009 hominum
2519 1958 2575 2009 et
2596 1955 2690 2009 Dei
2708 1970 2957 2011 munera
2974 1956 3451 2029 cogitentur),ille
3473 1960 3671 2030 conju-

2020 2050 2207 2115 gatus,
2242 2041 2341 2098 illa
2371 2043 2529 2114 virgo
2563 2059 2730 2099 sacra
2761 2049 2849 2099 est
2872 2070 2885 2111 ς
2906 2044 3003 2102 ille
3044 2062 3415 2103 numerosam
3448 2046 3670 2118 prolem

2021 2133 2356 2207 genuit,illa
2386 2149 2491 2190 nec
2518 2135 2832 2207 nupsit.,At
2853 2137 3005 2193 enim
3031 2137 3348 2209 plurimum
3388 2138 3474 2194 vis
3499 2138 3673 2195 horo-

2021 2224 2178 2292 scopi
2212 2221 2403 2277 valet?
2434 2222 2551 2281 Hoc
2584 2240 2758 2293 quam
2790 2226 2936 2281 nihil
2968 2226 3198 2296 sit,jam
3231 2226 3369 2282 satis
3400 2226 3667 2283 disserui.

2020 2312 2130 2368 Sed
2156 2311 2569 2383 qualecumque
2587 2313 2683 2379 sit,
2698 2314 2756 2368 in
2775 2318 2904 2369 ortu
2926 2313 3109 2370 valere
3129 2316 3330 2372 dicunt
3348 2331 3362 2371 :
3378 2315 3667 2386 numquid

2019 2409 2073 2458 et
2102 2402 2162 2458 in
2185 2406 2464 2473 conceptu
2483 2403 2511 2457 ?
2536 2402 2631 2457 ubi
2652 2406 2709 2457 et
2731 2418 2913 2458 unum
2933 2402 3307 2458 concubitum
3332 2419 3457 2459 esse
3480 2403 3666 2457 mani-

2016 2492 2227 2548 festum
2248 2496 2333 2547 est
2352 2508 2365 2559 ;
2386 2494 2441 2546 et
2454 2494 2615 2547 tanta
2645 2495 2866 2546 naturas
2886 2490 2974 2546 vis
2987 2496 3096 2557 est,
3114 2495 3319 2547 utcum
3342 2492 3669 2563 conceperit

2020 2583 2256 2650 femina,
2283 2582 2490 2638 deinde
2504 2581 2748 2637 alterum
2765 2582 3065 2653 concipere
3083 2582 3322 2638 omnino
3347 2599 3459 2638 non
3484 2582 3666 2654 possit

2018 2675 2090 2743 (α)
2126 2689 2139 2727 :
2175 2672 2329 2727 unde
2362 2686 2597 2727 necesse
2634 2675 2742 2737 est,
2766 2672 2967 2727 eadem
3006 2687 3131 2727 esse
3162 2671 3219 2726 in
3251 2671 3502 2743 geminis
3539 2687 3666 2728 mo-

2019 2766 2219 2817 menta
2247 2765 2585 2832 conceptus.
2610 2762 2698 2816 An
2722 2761 2889 2828 forte,
2912 2760 3053 2832 quia
3084 2761 3314 2817 diverso
3346 2761 3668 2833 horoscopo

2019 2853 2138 2906 nati
2182 2854 2333 2919 sunt,
2356 2854 2457 2905 aut
2486 2849 2582 2906 ille
2614 2851 2673 2906 in
2708 2850 3062 2917 masculum,
3086 2851 3227 2906 dum
3267 2854 3667 2921 nascerentur,

2017 2948 2116 2995 aut
2146 2939 2243 2995 illa
2274 2940 2332 2995 in
2358 2939 2633 2996 feminam
2658 2944 3016 2996 commutata
3046 2939 3326 2997 est?Cum
3354 2939 3530 3011 igitur
3552 2957 3666 2996 non

2018 3044 2435 3102 usquequaque
2458 3030 2836 3086 absurdedici
2855 3034 3071 3101 posset,
3088 3030 3158 3085 ad
3182 3031 3337 3086 solas
3359 3046 3667 3102 corporum

2017 3119 2372 3176 differentias
2392 3118 2624 3174 afﬂatus
2643 3120 2930 3191 quosdam
2946 3119 3135 3176 valere
3147 3120 3420 3187 sidereos,
3435 3120 3587 3175 sicut
3606 3120 3667 3174 in

2019 3210 2313 3266 solaribus
2347 3210 2675 3265 accessibus
2721 3214 2777 3264 et
2818 3209 3154 3265 decessibus
3196 3210 3464 3267 videmus
3496 3212 3668 3265 etiam

2018 3299 2205 3369 ipsius
2222 3299 2637 3369 annitempora
2662 3298 3670 3363 variari,etlunaribusincrementis

2018 3394 2191 3459 atque
2214 3388 2603 3443 decrementis
2634 3387 2833 3459 augeri
2855 3393 2911 3441 et
2944 3387 3123 3443 minui
3160 3390 3425 3458 quedam
3458 3404 3671 3459 genera

2016 3496 2233 3547 rerum,
2258 3479 2413 3534 sicut
2433 3478 2695 3543 echinos,
2717 3483 2772 3533 et
2794 3478 3068 3547 conchas,
3089 3483 3145 3533 et
3166 3479 3461 3535 mirabiles
3492 3485 3668 3536 estus

2014 3569 2356 3635 oceani;non
2380 3578 2568 3623 autem
2586 3573 2642 3623 et
2664 3566 3182 3622 animivoluntates
3196 3568 3586 3637 positionibus
3598 3569 3673 3624 si-

2015 3660 2220 3713 derum
2238 3657 2408 3712 subdi
2428 3673 2440 3709 :
2460 3673 2614 3710 nunc
2634 3656 2886 3720 isti,cum
2908 3656 3084 3709 etiam
3105 3659 3334 3709 nostros
3357 3660 3519 3708 actus
3535 3655 3669 3710 inde

2016 3747 2261 3819 religare
2274 3745 2903 3809 conantur,admouent
2916 3749 2977 3797 ut
2990 3743 3506 3812 quaeramus,unde
3523 3759 3593 3797 ne
3612 3743 3670 3797 in

2016 3838 2162 3909 ipsis
2182 3835 2415 3907 quidem
2433 3832 2770 3903 corporibus
2791 3830 2873 3886 eis
2893 3833 3074 3901 possit
3092 3832 3237 3885 ratio
3253 3832 3364 3886 ista
3378 3837 3666 3886 constare.

2017 3926 2162 3991 Quid
2188 3924 2343 3980 enim
2379 3927 2495 3977 tam
2522 3922 2592 3977 ad
2625 3921 3173 3991 corpuspertinens,
3198 3936 3375 3991 quam
3409 3920 3669 3990 corporis

2018 4014 2228 4072 sexus?
2247 4017 2305 4069 et
2351 4016 2545 4067 tamen
2587 4010 2694 4066 sub
2738 4010 2939 4065 eadem
2972 4008 3257 4080 positione
3287 4008 3548 4063 siderum
3580 4008 3669 4064 di-

2015 4103 2169 4159 versi
2218 4118 2389 4158 sexus
2434 4099 2653 4173 gemini
2703 4097 2928 4171 concipi
2963 4100 3290 4170 potuerunt.
3315 4095 3475 4153 Unde
3523 4098 3662 4170 quid

2018 4191 2393 4265 insipientius
2424 4190 2539 4246 dici
2563 4194 2663 4245 aut
2683 4189 2837 4245 credi
2864 4193 3253 4260 potest,quam
3286 4187 3538 4244 siderum
3572 4206 3668 4259 po-

2020 4284 2317 4348 sitionem,
2342 4296 2461 4351 quze
2509 4279 2578 4335 ad
2613 4278 2816 4333 horam
2862 4277 3259 4349 conceptionis
3308 4278 3510 4334 eadem
3547 4295 3668 4334 am-

2020 4373 2207 4431 bobus
2232 4373 2362 4438 fuit,
2382 4371 2565 4425 facere
2591 4386 2705 4424 non
2727 4368 3007 4440 potuisse,
3024 4372 3247 4436 ut,cum
3272 4385 3386 4440 quo
3417 4368 3673 4424 habebat

2022 4463 2283 4519 eamdem
2316 4457 2839 4523 constellationem,
2872 4473 3073 4513 sexum
3106 4458 3401 4513 diversum
3435 4475 3466 4512 a
3496 4458 3671 4513 fratre

2022 4567 2139 4607 non
2190 4550 2462 4613 haberet;
2496 4553 2553 4603 et
2596 4548 2945 4619 positionem
2992 4547 3276 4614 siderum,
3303 4564 3429 4619 quae
3465 4547 3573 4601 fuit
3603 4546 3673 4602 ad

2024 4641 2229 4696 horam
2280 4637 2672 4705 nascentium,
2701 4637 2887 4692 facere
2919 4636 3198 4706 potuisse,
3223 4641 3287 4692 ut
3316 4638 3387 4691 ab
3438 4652 3502 4693 eo
3545 4640 3666 4691 tam

2025 4728 2279 4784 multum
2311 4725 2577 4798 virginali
2610 4726 2919 4781 sanctitate
2953 4725 3241 4781 distaret?

2026 4844 2257 4900 CAPUT
2288 4842 2407 4898 Vll.
2441 4873 2507 4883 —
2548 4844 2627 4896 De
2655 4840 2917 4895 electione
2962 4838 3078 4894 diei
3120 4855 3221 4909 quo
3261 4856 3401 4895 uxor
3429 4838 3669 4905 ducitur,

2170 4950 2339 5006 quove
2370 4936 2431 4988 in
2462 4948 2591 5002 agro
2620 4931 2843 5001 aliquid
2870 4932 3160 5000 plantatur
3186 4939 3282 4984 aut
3302 4930 3526 4984 seritur.

2098 5035 2223 5087 Jam
2246 5030 2389 5085 illud
2414 5028 2725 5101 quisierat,
2751 5029 2902 5099 quod
2921 5027 2981 5083 in
3004 5026 3288 5097 eligendis
3311 5026 3512 5082 diebus
3526 5042 3675 5083 nova

2031 5121 2298 5195 quaedam
2323 5119 2444 5174 suis
2466 5119 2696 5173 actibus
2712 5120 2823 5173 fata
2841 5117 3190 5174 moliuntur?
3204 5117 3326 5173 Non
3342 5115 3676 5172 eratvideli-

2032 5217 2122 5267 cet
2153 5210 2247 5266 ille
2279 5209 2357 5264 ita
2373 5212 2637 5276 natus,ut
2660 5206 2896 5262 haberet
2920 5205 3324 5262 admirabilem
3346 5204 3675 5272 ﬁlium;sed

2031 5300 2111 5355 ita
2141 5300 2355 5370 potius,
2390 5303 2453 5353 ut
2484 5296 2980 5368 contemptibilem
3011 5294 3275 5368 gigneret
3305 5308 3319 5348 :
3349 5296 3405 5349 et
3433 5291 3559 5350 ideo
3590 5293 3678 5349 vir

2098 5500 2177 5553 (ai
2199 5496 2329 5543 Fieri
2363 5498 2539 5544 tamen
2570 5510 2722 5557 posse
2750 5499 2810 5545 ut
2841 5495 3127 5557 superfetet
3158 5491 3366 5557 mulier.
3400 5495 3454 5541 et
3481 5494 3681 5546 factum

2037 5574 2151 5610 esse
2182 5554 2657 5619 nonnunquam—ut
2686 5554 2933 5620 concepto
2962 5571 3070 5605 uno
3101 5556 3213 5620 fetu
3241 5554 3469 5620 alterum
3500 5572 3687 5609 conce-

2042 5622 2394 5687 perit._dgect_
2423 5617 2743 5687 Aristoteles,
2794 5617 2885 5687 lit).
2908 5620 2943 5687 _7
2976 5620 3040 5687 de
3078 5617 3306 5687 i_l_i_storia
3351 5620 3682 5687 animalium,

2040 5681 2136 5746 inp
2187 5685 2231 5733 4.
2265 5683 2484 5737 Plinius,
2517 5685 2606 5731 lib.
2638 5684 2685 5743 7,
2719 5696 2830 5743 cap.
2872 5682 2958 5737 ii;
2995 5684 3047 5730 et
3090 5681 3443 5741 Hippocrates.
3479 5685 3571 5733 lib.
3622 5689 3686 5735 de

2045 5749 2115 5798 Su
2120 5746 2483 5811 perfetatione.
