4128 6190
288 373 403 435 149

281 508 585 567 scientiam
608 507 961 573 futurorum,
987 518 1227 574 eamque
1260 502 1531 559 omnibus
1550 502 1773 558 viribus
1794 500 1929 557 nul-

284 598 395 655 lam
411 614 538 653 esse
552 596 792 653 omnino
807 593 1232 659 contendat,vel
1252 593 1311 649 in
1326 592 1557 661 Deo,vel
1573 592 1632 647 in
1646 588 1931 659 homine‘,

285 689 629 759 nullamque
651 701 840 742 rerum
859 684 1316 756 praedictionem.
1336 683 1420 738 Ita
1434 687 1489 737 et
1511 682 1609 737 Dei
1636 680 1937 752 praescien-

283 780 419 837 tiam
447 786 642 851 negat,
659 782 960 833 etomnem
986 774 1349 846 prophetiam
1372 772 1501 829 luce
1523 771 1823 827 clariorem
1840 786 1933 826 co-

285 872 725 925 naturevertere
742 864 905 919 vanis
924 861 1553 935 argumentationibus,
1569 865 1933 931 etopponen-

287 959 358 1013 do
390 955 785 1027 sibiquasdam
810 953 1209 1021 oracula,quas
1245 950 1409 1006 facile
1446 957 1685 1021 possunt
1718 948 1930 1003 refelli:

284 1064 411 1119 qua:
426 1050 612 1102 tamen
628 1060 732 1099 nec
748 1044 875 1115 ipsa
888 1041 1197 1097 convincit.
1210 1042 1269 1095 In
1287 1040 1379 1096 his
1392 1045 1584 1095 autem
1609 1038 1934 1094 mathema-

285 1139 536 1194 ticorum
570 1134 921 1205 conjecturis
948 1132 1273 1188 refutandis
1313 1132 1438 1200 ejus
1481 1134 1682 1201 regnat
1715 1128 1931 1194 oratio;

285 1228 564 1299 quiavere
576 1224 721 1279 tales
744 1227 895 1289 sunt,
921 1222 1213 1292 utseipsas
1236 1222 1543 1276 destruant
1566 1223 1623 1273 et
1645 1217 1930 1272 refellant.

284 1316 467 1371 Multo
493 1317 627 1368 sunt
663 1316 856 1367 autem
884 1310 1301 1366 tolerabiliores
1341 1308 1440 1380 qui
1470 1308 1557 1363 vel
1598 1308 1789 1362 sidera
1822 1306 1933 1361 fata

278 1405 845 1471 constituunt,quam
864 1401 1102 1471 iste,qui
1116 1400 1267 1454 tollit
1283 1397 1701 1469 praescientiam
1718 1396 1934 1450 futuro-

280 1510 408 1549 rum
420 1535 432 1547 .
457 1493 602 1548 Nam
617 1496 673 1547 et
688 1490 951 1545 conﬁteri
964 1506 1088 1545 esse
1104 1489 1283 1543 Deum
1303 1493 1357 1543 et
1379 1502 1589 1557 negare
1605 1485 1929 1556 praesciumSi

276 1583 627 1647 futurorum,
646 1578 1013 1648 apertissima
1032 1577 1259 1632 insania
1276 1580 1381 1632 est.
1407 1576 1566 1639 Quod
1589 1582 1639 1627 et
1660 1574 1782 1643 ipse
1795 1589 1929 1627 cum

275 1672 515 1739 videret,
538 1673 712 1729 etiam
748 1666 888 1723 illud
939 1668 1184 1723 tentavit
1239 1680 1520 1728 asserere,
1554 1664 1707 1734 quod
1748 1662 1930 1733 scrip-

275 1766 399 1818 tum
441 1766 553 1830 est,
587 1762 739 1818 Dixit
788 1760 1058 1831 insipiens
1090 1760 1149 1813 in
1179 1757 1340 1812 corde
1372 1769 1486 1815 suo,
1524 1754 1640 1809 Non
1679 1759 1758 1807 est
1789 1753 1930 1807 Deus

275 1851 443 1921 (Psal.
478 1868 605 1919 xm,
650 1852 700 1922 il)
724 1868 737 1905 :
762 1851 863 1907 sed
887 1866 1001 1904 non
1042 1864 1108 1902 ex
1141 1862 1246 1901 sua
1287 1860 1553 1915 persona.
1582 1842 1741 1896 Vidit
1771 1841 1926 1896 enim

272 1956 452 2012 quam
472 1944 629 1995 esset
644 1940 995 1995 invidiosum
1012 1942 1068 1991 et
1085 1934 1392 1991 molestum
1413 1951 1425 1987 :
1441 1933 1688 2002 ideoque
1702 1932 1926 1987 Cottam

270 2030 812 2101 tecitdisputantem
828 2030 896 2084 de
914 2028 1018 2083 hac
1036 2044 1096 2081 re
1111 2027 1417 2081 adversum
1439 2022 1668 2077 Stoicos
1687 2022 1745 2076 in
1764 2019 1927 2077 libris

268 2120 339 2175 de
360 2120 601 2175 deorum
617 2119 839 2174 Natura
860 2119 1045 2189 (Libro
1066 2116 1141 2186 3),
1166 2119 1223 2170 et
1248 2130 1349 2185 pro
1373 2112 1595 2167 Lucilio
1622 2110 1815 2178 Balbo,
1832 2111 1925 2165 cui

269 2208 596 2264 Stoicorum
615 2212 809 2280 partes
826 2205 1217 2264 defendendas
1230 2201 1625 2271 dedit,ma1uit
1640 2202 1785 2255 ferre
1800 2216 1927 2254 sen-

266 2296 535 2366 tentiam,
556 2313 733 2368 quam
770 2313 869 2367 pro
898 2298 1081 2360 Cotta,
1105 2293 1202 2363 qui
1228 2291 1450 2346 nullam
1476 2295 1747 2345 naturam
1775 2288 1924 2343 divi-

265 2401 403 2440 nam
420 2401 550 2441 esse
574 2384 891 2441 contendit.
910 2384 971 2439 In
987 2382 1151 2438 libris
1173 2396 1303 2436 vero
1317 2381 1387 2435 de
1400 2378 1763 2434 Divinatione
1777 2393 1844 2431 ex
1859 2392 1921 2432 se

260 2473 396 2545 ipso
420 2473 793 2544 apertissime
820 2475 1116 2543 oppugnat
1130 2468 1545 2541 prwscientiam
1571 2470 1916 2523 futurorum.

257 2566 392 2618 Hoc
425 2566 622 2616 autem
642 2566 826 2616 totum
851 2562 1039 2615 facere
1052 2559 1303 2623 videtur,
1329 2574 1399 2613 ne
1437 2559 1611 2613 fatum
1634 2574 1761 2612 esse
1782 2573 1919 2613 con-

264 2651 507 2717 sentiat,
542 2655 599 2704 et
630 2651 836 2720 perdat
864 2650 1110 2704 liberam
1129 2647 1510 2702 voluntatem.
1536 2648 1703 2701 Putat
1734 2647 1912 2712 enim,

258 2756 541 2797 concessa
564 2738 812 2795 scientia
840 2738 1278 2802 futurorum,ita
1303 2753 1425 2792 esse
1448 2752 1808 2805 consequens
1832 2738 1908 2789 fa-

257 2835 409 2893 tum,
427 2836 487 2883 ut
510 2827 710 2900 negari
737 2828 977 2883 omnino
998 2844 1111 2882 non
1136 2827 1339 2898 possit.
1361 2826 1469 2881 Sed
1495 2842 1727 2897 quoquo
1748 2827 1913 2880 modo

264 2934 325 2974 se
340 2916 1053 2973 habeanttortuosissimze
1078 2916 1542 2972 concertationes
1573 2924 1624 2970 et
1656 2914 1914 2986 disputa-

260 3009 448 3063 tiones
465 3006 1089 3079 philosophorum,nos
1102 3010 1165 3061 nt
1178 3006 1524 3061 confitemur
1541 3021 1841 3060 summum
1855 3011 1912 3060 et

264 3115 464 3155 verum
499 3097 707 3165 Deum,
733 3098 811 3153 ita
841 3098 1196 3152 voluntatem
1233 3100 1911 3168 summamquepotesta-

258 3193 373 3244 tem
390 3204 456 3243 ac
472 3187 899 3259 praescientiam
914 3187 1039 3257 ejus
1052 3185 1537 3242 confitemur.Nec
1552 3185 1823 3241 timemus
1839 3201 1908 3241 ne

258 3277 385 3333 ideo
402 3292 517 3332 non
537 3275 831 3331 voluntate
846 3276 1316 3347 faciamus,quod
1336 3275 1630 3330 voluntate
1647 3275 1905 3342 facimus,

256 3365 395 3437 quia
432 3365 488 3418 id
516 3380 622 3419 nos
646 3363 897 3419 facturos
922 3362 1016 3417 ille
1040 3362 1907 3434 praescivit,cujuspraescientia

253 3453 375 3508 falli
411 3470 524 3508 non
552 3457 758 3524 potest.
780 3453 936 3518 Quod
966 3451 1161 3508 Cicero
1194 3451 1413 3517 timuit,
1452 3460 1511 3505 ut
1542 3458 1908 3522 oppugnaret

251 3542 716 3614 prmscientiam;
750 3547 806 3596 et
826 3541 1028 3609 Stoici,
1058 3546 1120 3596 ut
1170 3558 1283 3596 non
1330 3540 1528 3594 omnia
1560 3541 1904 3596 necessitate

249 3630 674 3701 ﬁeridicerent,
693 3631 956 3702 quamvis
978 3630 1173 3687 omnia
1193 3630 1305 3683 fato
1324 3629 1444 3683 fieri
1463 3630 1899 3685 contenderent.

317 3722 374 3772 2.
408 3719 560 3782 Quid
584 3724 670 3774 est
686 3735 821 3791 ergo
849 3722 998 3791 quod
1023 3719 1224 3775 Cicero
1240 3716 1440 3771 timuit
1459 3716 1514 3770 in
1542 3717 1905 3787 praescientia

245 3811 687 3881 futurorum,ut
712 3826 833 3865 eam
854 3810 1198 3865 labefactare
1229 3807 1620 3878 disputatione
1652 3808 1902 3864 detesta-

244 3901 353 3957 bili
383 3902 709 3957 niteretur?
728 3900 1010 3955 Videlicet
1031 3901 1170 3971 quia
1192 3898 1236 3954 si
1262 3899 1525 3970 praascita
1547 3902 1683 3953 sunt
1704 3900 1901 3955 omnia

242 3990 471 4057 futura,
499 3990 609 4047 hoc
623 3990 825 4045 ordine
840 3990 1093 4056 venient,
1109 4006 1222 4059 quo
1240 3996 1477 4044 ventura
1493 4004 1617 4044 esse
1635 3991 1901 4059 praescita

243 4089 411 4137 sunt:
432 4086 491 4136 et
522 4080 572 4135 si
604 4079 711 4136 hoc
734 4080 938 4135 ordine
956 4078 1206 4146 venient,
1226 4084 1419 4135 certus
1441 4083 1523 4133 est
1547 4080 1684 4134 ordo
1704 4095 1897 4134 rerum

242 4169 578 4243 praecienti
617 4170 763 4225 Deo:
790 4173 844 4224 et
876 4169 922 4223 si
958 4172 1146 4223 certus
1185 4171 1273 4254 est
1301 4168 1439 4223 ordo
1462 4184 1679 4235 rerum,
1702 4172 1897 4223 certus

244 4264 337 4315 est
368 4261 512 4315 ordo
538 4274 881 4326 causarum;
926 4274 1039 4313 non
1089 4257 1242 4312 enim
1278 4256 1490 4328 aliquid
1526 4258 1646 4312 fieri
1681 4262 1894 4329 potest,

241 4350 399 4421 quod
422 4366 543 4404 non
566 4347 759 4419 aliqua
788 4347 1050 4403 efficiens
1082 4362 1259 4402 causa
1301 4348 1695 4418 praecesserit:
1722 4347 1767 4401 si
1792 4365 1895 4402 au-

241 4446 356 4494 tem
387 4440 692 4507 certusrest
714 4437 853 4493 ordo
869 4452 1203 4505 causarum,
1221 4453 1337 4507 quo
1354 4435 1416 4490 fit
1437 4452 1609 4491 omne
1624 4437 1775 4507 quod
1798 4437 1893 4507 fit;

236 4528 613 4599 falo,inquit,
645 4526 787 4596 ﬁunt
807 4526 999 4581 omnia
1031 4542 1148 4596 quae
1193 4527 1353 4596 ﬁunt.
1409 4525 1564 4589 Quod
1591 4526 1639 4581 si
1672 4528 1753 4581 ita
1783 4530 1897 4591 est,

234 4618 382 4675 nihil
406 4622 499 4674 est
514 4617 574 4672 id
597 4621 795 4672 nostra
817 4616 1467 4687 potestate,nullumque
1485 4620 1574 4671 est
1592 4616 1893 4671 arbitrium

233 4708 596 4763 voluntatis:
623 4706 763 4778 quod
774 4707 825 4761 si
844 4705 1211 4769 concedimus,
1228 4705 1442 4777 inquit,
1458 4709 1632 4761 omnis
1656 4705 1896 4761 humana

233 4798 358 4853 vita
370 4798 749 4859 subvertitur;
763 4799 974 4868 frustra
995 4794 1352 4866 legesdantur
1370 4813 1389 4857 ;
1401 4797 1611 4864 frustra
1633 4796 1894 4867 objurga—

235 4886 1894 4958 tiones,laudes,vituperationes,exhortationesadhibentur;

233 4994 415 5049 neque
431 4977 548 5033 ulla
555 4978 780 5047 iustitia
794 4978 895 5031 bon
905 4978 952 5030 is
961 4976 1191 5047 prmmia
1207 4984 1277 5045 ,ει
1291 4975 1457 5030 matis
1478 4975 1751 5047 supplicia
1771 4992 1895 5031 con-

233 5069 438 5123 stituta
468 5070 620 5121 sunt.
666 5064 793 5120 Haec
842 5081 975 5137 ergo
1008 5081 1079 5120 ne
1111 5070 1542 5137 consequantur
1572 5066 1812 5138 indigna
1842 5074 1895 5122 et

236 5157 501 5213 absurda
534 5162 585 5211 et
619 5154 946 5226 perniciosa
967 5154 1142 5209 rebus
1164 5154 1459 5221 humanis,
1477 5172 1590 5212 non
1613 5156 1744 5212 vult
1765 5173 1894 5212 esse

232 5244 665 5315 praescientiam
709 5244 1084 5301 futurorum:
1118 5248 1291 5316 atque
1338 5244 1391 5298 in
1426 5244 1531 5300 has
1586 5246 1890 5317 angustias

229 5335 493 5387 coarctat
518 5330 783 5386 animum
815 5331 1252 5401 religiosum,ut
1284 5346 1466 5387 unum
1489 5331 1664 5402 eligat
1686 5347 1715 5387 e
1745 5332 1887 5389 duo-

231 5418 367 5486 bus,
404 5423 509 5475 aut
534 5434 663 5475 esse
695 5419 916 5490 aliquid
947 5420 1006 5475 in
1040 5424 1239 5476 nostra
1282 5420 1598 5490 voluntate,
1633 5424 1732 5475 aut
1762 5437 1888 5479 esse

298 5622 313 5653 ί
350 5617 525 5667 Nostri
559 5629 744 5666 omnes
772 5617 915 5677 Mss,
948 5617 1033 5664 vel
1064 5618 1125 5665 in
1161 5617 1399 5671 homine,
1438 5618 1523 5664 vel
1551 5618 1612 5665 in
1644 5619 1754 5669 deo.
1787 5620 1854 5668 M.

296 5680 320 5713 ²
361 5680 729 5742 Manuscripti,
771 5681 1224 5740 praescientiam.
1267 5705 1330 5717 —
1374 5682 1442 5728 At
1483 5682 1639 5731 Codd.
1684 5681 1807 5730 2050
1836 5685 1888 5731 et

234 5741 381 5804 2052,
404 5741 747 5805 praescium.
779 5743 846 5792 M.

1676 367 1910 427 LIBER
1953 363 2297 439 QUINTUS

3571 370 3689 434 150

2039 501 2460 573 praescientiam
2478 503 3104 575 futurorumzquoniam
3119 509 3685 577 utrumquearhitrav

2041 596 2137 647 tur
2160 608 2287 647 esse
2303 609 2415 647 non
2440 610 2622 663 posse,
2655 594 2752 648 sed
2774 594 2821 648 si
2844 594 3090 651 alterum
3125 597 3585 663 conﬁrmabitur,
3601 599 3682 656 αι.

2042 684 2231 736 terum
2252 681 2406 748 tolli;
2431 683 2479 737 si
2498 682 2842 754 elegerimus
2874 687 3295 755 praseientiam
3320 688 3675 759 futurorum,

2040 768 2163 824 tolli
2195 770 2509 825 voluntatis
2540 771 2869 839 arbitrium;
2904 774 2953 829 si
2997 773 3341 845 elegerimus
3373 777 3685 834 voluntatis

2039 858 2371 925 arbitrium,
2386 860 2509 914 tolli
2532 860 2959 930 praescientiam
2976 864 3325 919 futurorum.
3345 865 3685 938 Ipseitaque

2038 953 2102 1002 ut
2130 948 2215 1002 vir
2240 964 2484 1019 magnus
2514 953 2571 1003 et
2598 950 2821 1016 doctus,
2845 956 2900 1006 et
2921 952 3049 1006 vitae
3074 954 3340 1009 humanas
3367 954 3683 1024 plurimum

2038 1054 2106 1093 ac
2120 1038 2470 1108 peritissime
2484 1039 2886 1107 consulens,ex
2904 1042 2994 1096 his
3011 1042 3240 1097 duobus
3254 1044 3681 1115 elegitliberum

2036 1126 2352 1182 voluntatis
2368 1127 2668 1183 arbitrium
2689 1144 2701 1183 :
2721 1129 2877 1199 quod
2892 1134 2955 1185 ut
2970 1132 3435 1198 confirmaretur,
3457 1135 3687 1207 negavit

2039 1216 2462 1286 praescientiam
2492 1218 2850 1274 futurorum:
2883 1224 3059 1289 atque
3083 1221 3336 1289 ita,dum
3361 1223 3481 1278 vult
3499 1225 3686 1281 facere

2038 1304 2273 1373 liberos,
2306 1307 2444 1362 fecit
2473 1308 2805 1379 sacrilegos.
2855 1309 3183 1379 Religiosus
3216 1317 3411 1367 autem
3451 1314 3684 1370 animus

2038 1401 2356 1466 utrumque
2370 1396 2553 1467 eligit,
2570 1402 2702 1451 utru
2715 1414 2883 1468 mque
2902 1400 3232 1467 confitetur,
3247 1404 3304 1454 et
3328 1401 3437 1456 fide
3453 1404 3684 1472 pietatis

2038 1488 2351 1554 utrumque
2381 1486 2703 1543 confirmat.
2725 1486 3044 1555 Quomodo,
3087 1488 3323 1559 inquit?
3353 1489 3497 1545 Nam
3530 1492 3575 1545 si
3598 1496 3683 1547 est

2038 1574 2403 1644 praescientia
2426 1576 2778 1642 futurorum,
2812 1582 3127 1647 sequentur
3172 1576 3274 1633 illa
3302 1579 3518 1644 omnia,
3554 1597 3680 1650 quas

2036 1678 2293 1718 connexa
2323 1669 2476 1728 sunt,
2501 1666 2684 1721 donec
2713 1680 2778 1720 eo
2830 1666 3208 1733 perveniatur,
3242 1670 3307 1720 ut
3352 1666 3499 1721 nihil
3526 1667 3598 1722 sit
3620 1669 3679 1724 in

2036 1756 2237 1807 nostra
2265 1754 2580 1809 voluntate.
2616 1754 2790 1809 Porro
2826 1755 2872 1808 si
2903 1758 2992 1809 est
3021 1754 3242 1824 aliquid
3271 1755 3329 1811 in
3354 1763 3557 1811 nostra
3577 1773 3679 1812 vo-

2034 1840 2278 1913 luntate,
2312 1842 2531 1899 eisdem
2554 1846 2804 1900 recursis
2836 1845 3112 1916 gradibus
3144 1862 3209 1901 eo
3238 1849 3591 1918 pervenitur,
3616 1853 3680 1903 ut

2037 1946 2149 1987 non
2183 1932 2261 1986 sit
2292 1933 2647 2003 praescientia
2678 1934 3023 1989 futurorum.
3049 1935 3192 1990 Nam
3228 1952 3327 2008 per
3360 1936 3458 1991 illa
3479 1938 3678 1992 omnia

2033 2022 2118 2076 sic
2133 2024 2447 2077 recurritur
2469 2040 2481 2077 :
2499 2023 2557 2078 Si
2578 2032 2661 2079 est
2676 2024 2991 2079 voluntatis
3008 2024 3336 2091 arbitrium,
3354 2042 3467 2080 non
3482 2026 3676 2082 omnia

2030 2111 2147 2167 fato
2172 2113 2317 2167 fiunt
2342 2113 2422 2169 :si
2442 2129 2555 2169 non
2579 2115 2775 2169 omnia
2806 2116 2922 2170 fato
2946 2115 3118 2180 fiunt,
3153 2130 3269 2170 non
3299 2119 3389 2170 est
3408 2116 3674 2170 omnium

2031 2210 2223 2260 certus
2253 2206 2393 2260 Ol‘dO
2415 2221 2759 2261 causarum:
2785 2206 2834 2261 8i
2856 2210 3049 2261 certus
3062 2221 3370 2261 causarum
3400 2207 3538 2260 OPdO
3557 2221 3673 2261 ηοῑι

2029 2299 2137 2361 est,
2170 2310 2275 2351 nec
2307 2310 2497 2351 rerum
2528 2300 2721 2350 certus
2750 2300 2838 2349 est
2858 2296 2998 2349 ordo
3030 2294 3353 2364 praescienti
3376 2294 3512 2362 Deo,
3544 2310 3672 2364 quas

2031 2384 2151 2439 fieri
2187 2401 2301 2439 non
2334 2389 2598 2455 possunt,
2616 2382 2727 2438 nisi
2745 2383 3198 2452 pracedentibus
3212 2388 3267 2437 et
3281 2382 3671 2437 efﬁcientibus

2028 2473 2224 2528 causis
2251 2490 2264 2527 :
2289 2474 2338 2528 si
2362 2489 2552 2527 rerum
2579 2474 2717 2527 ordo
2740 2472 3067 2543 praescienti
3088 2477 3203 2526 Deo
3220 2476 3412 2525 certus
3432 2488 3543 2525 non
3559 2476 3666 2538 est,

2026 2578 2142 2617 non
2157 2563 2354 2618 omnia
2375 2562 2459 2618 sic
2479 2561 2734 2627 veniunt,
2751 2566 2815 2616 ut
2833 2578 2901 2616 ea
2913 2565 3152 2616 ventura
3166 2559 3479 2629 praiscivit:
3498 2576 3668 2630 porro

2026 2650 2075 2706 si
2106 2668 2221 2707 non
2252 2652 2451 2707 omnia
2468 2652 2550 2707 sic
2570 2651 2830 2717 veniunt,
2858 2650 3006 2705 utab
3025 2649 3121 2705 illo
3148 2657 3387 2704 ventura
3404 2650 3668 2720 praescita

2024 2747 2184 2809 sunt,
2216 2758 2331 2798 non
2372 2746 2478 2809 est,
2516 2741 2725 2813 inquit,
2768 2741 2826 2796 in
2859 2741 2971 2797 Deo
3004 2739 3366 2812 praescientia
3401 2740 3663 2795 omnium

2023 2831 2367 2887 futurorum.

2088 2921 2265 2977 3.Nos
2279 2922 2715 2978 adversusistos
2728 2922 3037 2994 sacrilegos
3051 2937 3228 2977 ausus
3243 2925 3417 2991 atque
3432 2919 3661 2990 impios.

2019 3018 2076 3067 et
2101 3014 2277 3068 Deum
2310 3013 2564 3068 dicimus
2584 3013 2782 3069 omnia
2803 3012 2950 3067 scire
2982 3016 3288 3081 antequam
3309 3011 3471 3076 fiant,
3495 3014 3550 3064 et
3572 3022 3683 3064 vo-l

2019 3099 2244 3157 luntate
2263 3118 2364 3157 nos
2387 3102 2594 3169 facere,
2613 3102 2899 3173 quidquid
2915 3118 2946 3155 a
2961 3100 3131 3155 nobis
3164 3099 3397 3154 nonnisi
3423 3098 3661 3154 volenti-

2020 3191 2125 3245 bus
2148 3191 2273 3245 fieri
2296 3192 2587 3247 sentimus
2609 3196 2665 3245 et
2698 3191 2985 3246 novimus.
3005 3190 3211 3245 Omnia
3228 3204 3362 3244 vero
3386 3188 3498 3242 fato
3538 3188 3658 3245 fieri

2018 3298 2130 3335 non
2165 3282 2562 3351 dicimus,imo
2585 3280 2742 3336 nulla
2764 3281 2886 3335 fieri
2913 3281 3027 3334 fato
3060 3278 3348 3334 dicimus:
3384 3278 3659 3348 quoniam

2016 3370 2111 3425 fati
2150 3388 2357 3427 nomen
2392 3373 2489 3426 ubi
2522 3372 2670 3427 solet
2708 3389 2741 3425 a
2791 3370 3163 3441 loquentibus
3201 3369 3359 3439 poni,
3394 3369 3449 3422 id
3484 3372 3568 3423 est
3596 3367 3658 3422 in

2015 3460 2425 3515 constitutione
2442 3461 2696 3515 siderum
2713 3476 2843 3513 cum
2860 3460 3107 3529 quisque
3124 3462 3553 3528 conceptusaut
3566 3474 3663 3512 na-

2014 3551 2111 3601 tus
2127 3552 2211 3601 est
2225 3549 2519 3618 (quoniam
2537 3565 2625 3601 res
2642 3548 2767 3617 ipsa
2783 3548 3030 3601 inaniter
3049 3546 3368 3613 asseritur),
3396 3545 3541 3599 nihil
3564 3562 3656 3599 va-

2014 3635 2129 3691 lere
2152 3641 2563 3691 monstramus.
2580 3636 2855 3690 Ordinem
2878 3641 3070 3689 autem
3102 3649 3430 3697 causarum,
3452 3632 3550 3686 ubi
3567 3649 3659 3686 vo-

2016 3725 2209 3779 luntas
2232 3725 2331 3779 Dei
2365 3724 2679 3793 plurimum
2696 3728 2907 3793 potest,
2933 3738 3121 3790 neque
3146 3736 3448 3790 negamus,
3466 3735 3652 3788 neque

1998 3815 2113 3870 'fati
2128 3815 2405 3869 vocabulo
2424 3811 2975 3882 nuncupamus,nisi
2994 3812 3214 3863 forteut
3235 3810 3410 3863 fatum
3430 3825 3462 3863 δ.
3482 3808 3654 3862 fando

2012 3905 2230 3959 dictum
2266 3902 2678 3971 intelligamus,
2700 3902 2756 3956 id
2780 3912 2870 3955 est.
2913 3899 3320 3970 loquendo(a):
3348 3914 3462 3952 non
3495 3898 3651 3952 enim

2013 3994 2268 4049 abnuere
2287 4008 2601 4064 possumus
2618 4008 2747 4047 esse
2768 3991 3048 4061 scriptum
3076 3989 3131 4042 in
3160 3987 3388 4042 Litteris
3411 3987 3652 4050 sanctis,

2010 4083 2187 4139 Semel
2219 4084 2430 4138 locutus
2468 4086 2545 4137 est
2594 4083 2753 4147 Deus,
2792 4080 2897 4135 duo
2937 4079 3053 4136 haec
3111 4078 3365 4138 audivit;
3398 4078 3655 4149 quoniam

2006 4178 2237 4246 potestas
2268 4172 2361 4227 Dei
2390 4176 2487 4237 est,
2509 4176 2559 4226 et
2590 4172 2968 4238 tibi,Domine,
3000 4166 3401 4233 misericordia,
3435 4167 3567 4238 quia
3591 4172 3655 4221 tu

2008 4264 2196 4319 reddes
2246 4264 2539 4333 unicuique
2587 4261 2884 4317 secundum
2929 4275 3091 4331 Opera
3150 4262 3268 4329 ejus
3317 4258 3487 4327 (Psal.
3540 4273 3651 4325 LXI,

2010 4355 2095 4421 12,
2157 4354 2267 4423 13).
2319 4352 2481 4415 Quod
2530 4353 2681 4406 enim
2737 4351 2958 4405 dictum
3032 4352 3141 4415 est,
3210 4346 3388 4403 Semel
3441 4347 3652 4402 loeutus

2008 4448 2104 4510 est,
2134 4442 2497 4512 intelligitur,
2525 4439 2929 4507 Immobiliter,
2954 4437 3064 4493 hoc
3093 4442 3182 4492 est
3206 4436 3654 4492 incommutabi-

2005 4534 2153 4599 liter,
2170 4539 2257 4589 est
2274 4534 2519 4599 locutus,
2535 4530 2856 4586 sicutnovit
2878 4525 3432 4584 incommutabiliter
3453 4526 3651 4581 omnia

2008 4643 2126 4697 quae
2156 4625 2343 4681 futura
2363 4630 2517 4688 sunt,
2541 4625 2600 4677 et
2629 4636 2740 4692 quo
2759 4620 2882 4681 ipse
2906 4618 3163 4673 facturus
3182 4622 3289 4672 est.
3311 4621 3429 4671 Hac
3452 4616 3650 4687 itaque

2006 4715 2226 4770 ratione
2257 4728 2553 4783 possemus
2584 4727 2617 4765 a
2638 4710 2812 4764 fando
2837 4709 3019 4762 fatum
3058 4706 3369 4777 appellare,
3394 4706 3505 4760 nisi
3539 4706 3647 4762 hoc

2007 4807 2350 4877 nomenjam
2367 4805 2425 4860 in
2442 4804 2552 4859 alia
2568 4820 2626 4857 re
2641 4800 2855 4857 soleret
2869 4797 3110 4867 intelligi
3123 4813 3255 4866 ,quo
3274 4797 3446 4850 corda
3460 4796 3647 4849 homi-

2006 4914 2144 4952 num
2170 4895 2447 4951 nolumus
2469 4890 2755 4945 inclinari.
2779 4888 2903 4943 Non
2928 4891 3017 4942 est
3038 4891 3227 4939 autem
3255 4898 3642 4951 consequens,

2006 4992 2088 5053 ut,
2122 4985 2171 5040 si
2203 4985 2317 5039 Deo
2347 4987 2542 5038 certus
2572 4984 2656 5033 est
2686 4977 2945 5032 omnium
2980 4975 3121 5031 ordo
3150 4986 3483 5034 causarum,
3515 4970 3643 5027 ideo

2006 5073 2153 5130 nihil
2173 5073 2318 5128 sitin
2338 5073 2543 5125 nostras
2557 5065 2871 5122 voluntatis
2889 5063 3227 5121 arbitrio.Et
3258 5064 3396 5135 ipsae
3428 5059 3644 5132 quippe

2005 5167 2209 5219 nostrae
2223 5161 2549 5218 voluntates
2562 5158 2620 5213 in
2634 5172 2941 5214 causarum
2956 5154 3159 5210 ordine
3175 5150 3436 5221 sunt,qui
3452 5155 3644 5204 certus
3680 5172 3713 5230 χ

2003 5258 2091 5310 est
2121 5253 2236 5308 Deo
2262 5245 2875 5323 ejusquepraascientia
2896 5244 3253 5311 continetur;
3282 5239 3556 5312 quoniam
3588 5244 3645 5293 et

2003 5342 2273 5399 humanas
2286 5342 2612 5397 voluntates
2626 5337 3014 5392 humanorum
3031 5348 3267 5406 operum
3282 5345 3468 5387 caussa
3482 5331 3641 5385 sunt.

2001 5431 2279 5503 Atqueita
2300 5430 2397 5500 qui
2415 5443 2616 5483 omnes
2634 5442 2823 5482 rerum
2848 5440 3052 5481 causas
3066 5419 3373 5493 prmscivit,
3390 5416 3641 5489 profecto

2064 5618 2137 5675 (α)
2158 5618 2201 5665 Α
2229 5616 2389 5665 fando
2412 5615 2519 5665 fere
2542 5627 2725 5663 omnes
2744 5614 3024 5675 scriptores
3040 5612 3244 5675 veteres
3266 5606 3529 5675 derivant,
3552 5609 3643 5675 sed

2002 5670 2167 5729 variis
2196 5680 2381 5729 modis.
2415 5698 2439 5723 cz
2483 5679 2629 5736 Quod
2674 5670 3007 5725 constituunt
3054 5674 3231 5736 Parcas
3294 5671 3471 5725 tando.
3506 5689 3531 5716 »
3565 5670 3642 5718 in-

2000 5745 2119 5806 quit
2146 5742 2327 5803 Varro,
2357 5743 2419 5791 de
2450 5734 2651 5803 Lingua
2683 5739 2885 5798 Latina,
2918 5736 3009 5785 lib.
3041 5735 3086 5797 6,
3119 5740 3141 5794 ς
3171 5734 3250 5784 52.
