4142 6186
428 414 540 477 illi

424 551 485 607 in
524 553 607 609 eis
639 553 832 610 causis
853 554 1027 610 etiam
1049 558 1277 610 nostras
1302 552 1626 608 voluntates
1656 552 1924 624 ignorare
1946 570 2061 609 non

425 643 785 714 potuit,quas
801 647 1127 699 nostrorum
1141 658 1382 713 operum
1398 658 1575 697 causa
1587 658 1747 698 sesse
1760 642 2060 714 praescivit.

496 732 546 786 4.
581 731 724 787 Nam
750 737 805 787 et
834 733 979 787 illud
1004 732 1159 802 quod
1196 732 1347 787 idem
1379 730 1576 787 Cicero
1601 734 1890 788 concedit'
1918 731 2063 788 nihil

428 811 550 866 ﬁeri
575 811 625 867 si
658 829 837 867 causa
866 811 1123 866 efﬁciens
1145 827 1258 866 non
1293 813 1569 881 praecedat
1610 814 1791 882 (Libro
1819 814 1883 869 de
1901 815 2063 869 Fato.

426 916 543 972 cap.
587 902 675 968 10,
707 906 756 955 et
772 900 962 969 seqq.),
988 899 1131 954 satis
1154 904 1242 954 est
1269 901 1340 955 ad
1363 916 1497 955 eum
1528 902 1589 955 in
1621 900 1729 957 hac
1751 902 2065 973 quaestione

425 989 915 1060 redarguendum.
942 988 1085 1053 Quid
1110 988 1267 1045 enim
1287 1006 1417 1045 eum
1448 991 1703 1061 adjuvat,
1720 994 1869 1062 quod
1902 992 2062 1062 dicit,

423 1077 568 1132 nihil
593 1076 825 1146 quidem
868 1076 992 1132 ﬁeri
1024 1078 1146 1133 sine
1174 1094 1369 1145 causa,
1395 1080 1495 1135 sed
1528 1097 1643 1135 non
1675 1097 1906 1136 omnem
1930 1098 2065 1136 cau-

423 1181 550 1220 sam
572 1180 697 1221 esse
712 1164 940 1221 fatalem
957 1186 971 1235 ;
990 1167 1125 1236 quia
1148 1171 1234 1222 est
1256 1184 1434 1224 causa
1452 1169 1706 1235 fortuita,
1726 1175 2065 1225 estnatura-

422 1253 518 1318 lis,
544 1261 630 1310 est
653 1253 977 1309 voluntaria
993 1256 1020 1309 ?
1040 1256 1260 1311 Sufﬁcit
1285 1256 1415 1328 quia
1438 1272 1610 1313 omne
1633 1260 1787 1329 quod
1822 1258 1900 1326 tit,
1923 1276 2067 1315 non-

422 1342 535 1397 nisi
558 1359 733 1398 causa
764 1345 1117 1411 praecedente
1149 1344 1271 1400 ﬁeri
1304 1346 1632 1402 conﬁtetur.
1655 1347 1772 1403 Nos
1794 1349 1948 1403 enim
1969 1365 2067 1404 eas

420 1448 649 1499 causae,
682 1448 808 1502 qua:
832 1432 1109 1489 dicuntur
1140 1434 1409 1501 fortuitis,
1447 1434 1599 1491 unde
1628 1436 1802 1492 etiam
1837 1438 2069 1494 fortuna

420 1537 632 1576 nomen
648 1522 891 1592 accepit,
918 1539 1031 1577 non
1049 1539 1173 1578 esse
1185 1524 1433 1580 dicimus
1452 1525 1662 1591 nullas,
1683 1527 1782 1581 sed
1799 1526 2065 1597 latentes;

420 1626 634 1680 easque
649 1610 961 1667 tribuimus
985 1611 1067 1667 vel
1097 1612 1198 1668 Dei
1217 1615 1355 1680 veri,
1375 1614 1460 1669 vel
1486 1616 1875 1685 quorumlibet
1904 1616 2071 1688 spiri-

419 1704 524 1756 tuu
536 1717 589 1754 m
606 1700 887 1756 voluntati
905 1718 919 1757 :
938 1702 1206 1773 ipsasque
1219 1704 1517 1760 naturales
1534 1722 1903 1778 nequaquam
1918 1708 1989 1762 ab
2003 1708 2069 1763 il-

421 1788 539 1844 lius
560 1790 857 1845 voluntate
881 1792 1263 1863 sejungimus,
1283 1794 1485 1864 quiest
1501 1800 1699 1851 auctor
1720 1797 1911 1852 omnis
1931 1813 2068 1852 con-

422 1877 692 1949 ditorque
725 1883 967 1936 naturae.
1016 1880 1143 1936 Jam
1195 1898 1323 1937 vero
1367 1898 1554 1938 caussa
1602 1883 1938 1941 voluntarias
1970 1889 2070 1941 aut

420 1967 522 2024 Dei
536 1973 694 2036 sunt,
713 1972 811 2023 aut
824 1969 1199 2039 Angelorum,
1216 1977 1317 2027 aut
1331 1972 1656 2042 hominum,
1673 1980 1774 2029 aut
1787 1991 2070 2046 quorum-

422 2072 533 2129 que
552 2056 916 2112 animalium:
936 2058 981 2113 si
999 2062 1192 2115 tamen
1210 2061 1572 2132 appellandae
1594 2063 2070 2121 suntvoluntates

422 2145 1381 2220 animalium”rationisexpertium
1409 2156 1598 2207 motus
1614 2152 1942 2223 illi,quibus
1964 2154 2069 2209 alii

425 2251 543 2305 qua
564 2234 785 2290 faciunt
815 2236 1138 2292 secundum
1174 2244 1441 2295 naturam
1465 2258 1799 2313 suam,cum
1824 2245 1963 2314 quid
1984 2245 2071 2300 vel

423 2324 1115 2396 appetunt3,velevitant.
1150 2328 1498 2400 Angelorum
1533 2340 1725 2387 autem
1748 2333 2074 2389 voluntates

425 2414 577 2476 dico,
606 2413 722 2469 sive
744 2414 1055 2480 bonorum,
1078 2432 1225 2488 quos
1248 2419 1498 2491 Angelos
1518 2420 1619 2478 Dei
1649 2421 1934 2491 dicimus;
1955 2422 2076 2480 sive

427 2503 739 2573 malorum,
768 2520 915 2574 quos
948 2507 1185 2578 angelos
1206 2508 1420 2564 diaboli
1455 2510 1542 2565 vel
1574 2512 1750 2568 etiam
1782 2512 2076 2570 daemones

430 2591 827 2664 appellamus:
849 2592 934 2648 sic
947 2598 1004 2649 et
1018 2594 1324 2652 hominum
1346 2598 1625 2656 bonorum
1642 2600 1861 2659 scilicet
1877 2607 1935 2658 et
1955 2619 2075 2658 ma-

430 2681 644 2738 lorum.
662 2684 741 2737 Ac
760 2699 863 2753 per
875 2682 985 2738 hoc
1002 2683 1317 2757 colligitur,
1334 2704 1448 2743 non
1462 2705 1589 2746 esse
1606 2708 1811 2748 causas
1822 2691 2080 2748 efﬁcieno

430 2774 521 2826 tes
542 2770 808 2825 omnium
825 2787 951 2842 quae
969 2771 1137 2839 ﬁunt,
1162 2774 1275 2829 nisi
1297 2775 1670 2847 valuntarias,
1685 2779 1840 2836 illius
1860 2786 2079 2838 natura:

410 2860 655 2916 ‘scilicet
695 2876 819 2930 quas
867 2862 1111 2931 spiritus
1149 2864 1273 2918 vitea
1314 2869 1415 2919 est.
1438 2868 1581 2922 Nam
1614 2874 1672 2924 et
1702 2887 1797 2926 aer
1837 2873 1946 2928 iste
1977 2891 2079 2930 seu

433 2952 665 3019 ventus,
690 2948 1183 3021 diciturspiritus:
1205 2955 1302 3009 sed
1320 2956 1595 3025 quoniam
1614 2975 1820 3030 corpus
1841 2966 1949 3030 est,
1965 2980 2080 3018 non

434 3044 523 3093 est
550 3036 790 3107 spiritus
811 3037 959 3093 vitae.
977 3039 1231 3110 Spiritus
1248 3058 1384 3115 ergo
1404 3045 1552 3113 vitae,
1571 3048 1669 3117 qui
1693 3049 1939 3105 viviﬁcat
1965 3067 2084 3106 om-

428 3128 546 3194 nia,
581 3130 918 3197 creatorque
948 3133 1035 3183 est
1080 3131 1269 3185 omnis
1302 3134 1561 3204 corporis
1601 3144 1656 3191 et
1689 3138 1879 3193 omnis
1909 3142 2082 3195 creati

430 3216 698 3288 spiritus,
714 3217 836 3287 ipse
854 3222 942 3273 est
958 3219 1127 3287 Deus,
1147 3221 1390 3293 spiritus
1408 3224 1610 3298 utique
1630 3245 1744 3284 non
1760 3233 2082 3287 creatus.ln

426 3307 563 3375 ejus
595 3304 897 3361 voluntate
919 3323 1149 3364 summa
1171 3316 1427 3381 potestas
1449 3320 1559 3384 est,
1585 3317 1736 3387 qum‘
1758 3326 2083 3377 creatorum

444 3393 757 3465 spirituum
788 3395 1115 3454 voluntates
1136 3400 1321 3457 bonas
1353 3402 1607 3473 adjuvat,
1641 3406 2085 3477 malasjudicat,

440 3498 645 3539 omnes
659 3483 911 3553 ordinat;
928 3489 983 3541 et
996 3487 1345 3558 quibusdam
1365 3492 1571 3548 tribuit
1584 3498 1947 3564 potestates‘,
1969 3501 2087 3569 qui-

438 3572 691 3629 husdam
716 3590 829 3628 non
849 3574 1073 3632 tribuit.
1103 3576 1263 3634 Sicut
1284 3580 1441 3636 enim
1464 3584 1727 3640 omnium
1750 3591 2087 3643 naturarum

434 3666 659 3719 creator
672 3666 780 3731 est,
801 3662 878 3718 ita
892 3666 1153 3721 omnium
1181 3672 1530 3738 potestatum
1550 3675 1736 3743 dator,
1752 3692 1864 3731 non
1884 3676 2087 3734 volun-

437 3751 818 3807 tatumMalea
840 3753 1057 3825 quippe
1071 3754 1396 3814 voluntates
1414 3760 1599 3817 abillo
1624 3779 1737 3819 non
1754 3769 1918 3833 sunt;
1936 3780 2087 3837 quo-

440 3840 599 3896 niam
615 3849 816 3896 contra
834 3847 1099 3899 naturam
1114 3851 1403 3917 sunt,qum
1416 3849 1486 3904 ab
1502 3850 1599 3907 illo
1614 3852 1977 3926 est.Corpora
1991 3857 2095 3928 igi-

436 3932 537 3985 tur
552 3932 739 4002 magis
753 3931 884 4000 subj
895 3938 1061 3988 acent
1074 3934 1764 4009 voluntatibus;que:dam
1784 3946 2087 4014 nostris,id

439 4019 802 4075 estomnium
827 4020 1214 4077 animantium
1244 4027 1877 4104 mortalium,etmagis
1900 4034 2089 4091 homi-

441 4122 586 4162 num
602 4122 772 4178 quam
791 4108 1144 4178 bestiarum;
1164 4114 1431 4181 quaedam
1448 4132 1581 4172 vero
1595 4120 1933 4190 angelorum
1954 4140 1967 4178 :
1985 4127 2085 4181 sed

442 4194 640 4248 omnia
655 4195 1015 4251 maximeDei
1031 4197 1311 4254 voluntati
1334 4202 1570 4259 subdita
1600 4214 1768 4276 sunt;
1793 4210 1885 4263 cui
1907 4212 2085 4269 etiam

438 4281 767 4337 voluntates
780 4297 981 4339 omnes
997 4285 1413 4355 subjiciuntur,
1431 4291 1563 4361 quia
1578 4309 1691 4349 non
1708 4295 1920 4353 habent
1935 4309 2086 4370 pote-

439 4373 651 4425 statem
677 4371 787 4427 nisi
813 4388 989 4443 quam
1020 4373 1117 4429 ille
1148 4378 1634 4439 concedit.Causa
1665 4385 1861 4456 itaque
1892 4404 2084 4448 rerum

439 4475 567 4531 quas
600 4460 752 4526 facit,
779 4476 883 4516 nec
906 4461 987 4528 fit,
1024 4463 1182 4520 Deus
1212 4470 1319 4521 est.
1343 4467 1480 4523 Aliae
1529 4488 1662 4527 vero
1700 4490 1889 4532 causa
1911 4482 1967 4533 et
1998 4480 2083 4535 ia-

436 4547 620 4641 ciunt,
661 4555 717 4604 et
758 4549 1119 4641 ﬁuntpsicut
1146 4559 1282 4610 sunt
1337 4574 1539 4614 omnes
1595 4563 1767 4618 creati
1816 4566 2083 4641 spiritus,

438 4637 691 4692 maxime
724 4638 1053 4696 rationales.
1088 4643 1425 4715 Corporales
1471 4657 1665 4706 autem
1709 4668 1918 4719 causae,
1959 4637 2081 4729 quas

436 4725 627 4797 magis
653 4727 1015 4800 ﬁunt,quam
1049 4731 1283 4797 faciunt,
1310 4751 1424 4790 non
1448 4746 1578 4793 sunt
1607 4740 1758 4797 inter
1787 4725 2085 4803 causasef-

435 4811 698 4905 ﬁcientes
711 4822 1190 4891 annumerandae;
1217 4823 1495 4895 quoniam
1518 4828 1625 4885 hoo
1648 4837 1913 4903 possunt,
1930 4838 2080 4905 quod

436 4903 888 4977 exipeisfaoinnt
902 4907 1208 4979 spirituum
1226 4912 1569 4971 voluntates.
1594 4918 1895 4982 Quomodo
1911 4903 2085 4996 igitur

436 4996 577 5052 ordo
591 5013 925 5068 causarum,
940 5002 1037 5069 qui
1061 5004 1381 5073 praescienti
1409 5011 1600 5065 certus
1621 5015 1710 5066 est
1729 5012 1858 5080 Deo,
1880 5014 1935 5068 id
1956 5016 2082 5071 efﬁ-

436 5087 535 5154 cit,
565 5086 789 5142 utnihil
823 5088 896 5142 sit
930 5089 989 5144 in
1011 5099 1209 5146 nostra
1238 5094 1553 5165 voluntate,
1578 5115 1705 5155 cum
1729 5100 1786 5155 in
1808 5102 2083 5175 ipsocau-

436 5192 633 5233 sarum
649 5176 849 5232 ordine
868 5193 1146 5249 magnum
1163 5180 1414 5239 habeant
1435 5184 1627 5243 locum
1646 5198 1852 5246 nostra:
1880 5193 2082 5250 volun-

435 5266 952 5323 tates?Contendat
972 5282 1108 5335 ergo
1131 5269 1325 5328 Cicero
1343 5289 1475 5331 cum
1508 5276 1614 5344 eis,
1646 5278 1747 5350 qui
1769 5280 1923 5339 hunc
1945 5297 2083 5339 cau-

500 5492 517 5552 i
552 5489 707 5537 Vind.
737 5490 853 5537 Am.
886 5489 990 5552 Er.,
1023 5496 1317 5544 contendit.

503 5551 524 5584 ³
554 5552 659 5614 _Hoc
686 5553 800 5601 loco
830 5551 984 5614 Mss,
1005 5557 1354 5605 animarum.

505 5614 526 5692 ξ
548 5612 840 5692 Spla‘editio
852 5612 979 5692 EGV.
993 5634 1141 5692 ζστι-ιη
1159 5621 1298 5692 quid
1312 5623 1440 5692 boni
1453 5625 1674 5692 malive
1693 5628 1777 5692 vel_
1796 5639 2082 5692 appetunt.

436 5751 464 5786 Θ
494 5673 638 5785 ItiﬁSsic
667 5676 818 5793 321:1.
852 5678 933 5726 Er.
964 5673 1017 5728 et
1045 5673 1222 5742 plures
1251 5683 1371 5732 Mss.
1403 5686 1469 5733 At
1498 5673 2084 5751 Lov.,'qat."is%iﬁi'aiii

504 5801 522 5833 5
559 5799 637 5847 Ita
669 5799 726 5847 tn
756 5800 874 5849 Mss.
907 5804 966 5851 In
992 5806 1148 5855 editis
1176 5820 1317 5864 vero,
1349 5811 1682 5870 potestatem.

1464 419 1568 477 DE
1611 417 1983 481 CIVITATE
2024 418 2173 493 DEI,
2222 416 2284 477 S.
2329 417 2767 480 AUGUSTINI

3709 419 3826 479 153

2172 568 2371 610 sarum
2392 553 2651 608 ordinem
2667 553 2867 609 dicunt
2888 567 3015 609 esse
3034 552 3290 621 fatalem,
3307 552 3393 609 vel
3410 553 3603 624 potius
3623 553 3817 624 ipsum

2174 649 2277 705 fati
2310 650 2546 706 nomine
2576 649 2868 721 appellant
2895 652 3089 719 (Libro
3121 650 3186 707 de
3214 653 3365 719 Fato,
3391 666 3545 722 capp.
3584 652 3669 717 ll,
3696 653 3820 721 12);

2174 739 2324 810 quod
2350 755 2456 794 nos
2473 738 2877 805 abhorremus,
2897 739 3183 810 praecipue
3202 741 3431 810 pr0pter
3449 738 3821 805 vocabulum,

2173 828 2332 898 quod
2355 845 2467 885 non
2490 829 2548 883 in
2574 844 2776 883 revera
2789 828 3543 901 consuevitintelligi.Quod
3567 845 3698 885 vero
3721 845 3827 884 ne-

2172 922 2269 987 gat
2299 919 2562 973 ordinem
2587 918 2851 974 omnium
2875 934 3182 974 causarum
3202 935 3327 975 esse
3348 918 3749 975 certissimum
3770 924 3831 975 et

2174 1007 2275 1064 Dei
2298 1009 2676 1080 prazscientiaa
2707 1010 3102 1078 notissimum,
3129 1010 3263 1081 plus
3283 1026 3415 1065 eum
3439 1026 3617 1081 quam
3640 1010 3823 1066 Stoici

2174 1100 2554 1154 detestamur.
2570 1102 2685 1154 Aut
2698 1098 2851 1154 enim
2871 1104 3050 1154 Deum
3065 1115 3192 1155 esse
3205 1105 3397 1170 negat,
3413 1100 3563 1171 quod
3580 1100 3818 1171 quidem

2174 1187 2415 1243 inducta
2436 1188 2676 1244 alterius
2700 1205 2948 1259 persona
2968 1188 3025 1243 in
3050 1189 3214 1243 libris
3243 1189 3313 1244 de
3335 1190 3583 1245 Deorum
3598 1189 3825 1247 Natura

2174 1277 2361 1332 facere
2376 1276 2615 1332 molitus
2630 1281 2720 1333 est
2734 1294 2747 1332 :
2763 1283 2864 1333 aut
2884 1278 2933 1333 si
2956 1292 3085 1333 esse
3098 1277 3409 1333 conﬁtetur
3421 1283 3628 1345 Deum,
3648 1295 3821 1350 quem

2176 1374 2343 1438 negat
2360 1367 2661 1438 praescium
2680 1367 3216 1434 futurorum,etiam
3235 1367 3318 1422 sic
3332 1356 3799 1423 dicitnihillaliud
3813 1411 3826 1437 ,

2176 1472 2352 1528 quam
2378 1458 2525 1528 quod
2558 1455 2655 1512 ille
2683 1456 2827 1511 dixit
2860 1455 3128 1527 insipiens
3168 1459 3229 1512 in
3256 1456 3416 1512 corde
3445 1472 3565 1525 suo,
3598 1458 3715 1513 Non
3746 1463 3827 1512 est

2174 1546 2498 1615 Deus(Psal.
2522 1563 2646 1617 xm,
2675 1546 2747 1614 1).
2773 1546 2880 1609 Qui
2920 1547 3077 1601 enim
3109 1562 3221 1602 non
3262 1551 3351 1601 est
3382 1548 3663 1627 praecipe
3695 1564 3824 1603 om-

2177 1636 2341 1690 nium
2363 1637 2709 1707 futurorum,
2727 1654 2842 1692 non
2870 1641 2957 1691 est
2980 1637 3174 1707 utique
3194 1641 3364 1693 Deus.
3386 1640 3749 1709 Quapropter
3770 1643 3827 1693 et

2175 1727 2508 1783 voluntates
2543 1732 2752 1783 nostrae
2773 1727 3535 1803 tantnmxalent,_quantum
3555 1728 3707 1783 Deus
3727 1734 3853 1795 eas

2176 1815 2362 1871 valere
2403 1815 2580 1872 voluit
2618 1821 2793 1887 atque
2815 1815 3137 1887 przescivit:
3170 1821 3227 1873 et
3255 1816 3383 1872 ideo
3416 1815 3703 1888 quidquid
3738 1834 3831 1872 va-

2177 1904 2316 1974 lent,
2349 1906 2673 1961 certissime
2704 1905 2927 1971 valent;
2953 1913 3006 1961 el
3043 1906 3198 1976 quod
3233 1906 3465 1961 factura:
3500 1910 3657 1971 sunt,
3691 1906 3831 1977 ipse

2178 1994 2415 2050 omnino
2450 1995 2685 2050 factura:
2708 2001 2879 2051 sunt:
2906 1995 3040 2066 quia
3073 1994 3349 2051 valituras
3376 1999 3546 2066 atque
3577 1996 3832 2051 facturas

2179 2082 2277 2139 ille
2308 2084 2616 2155 praescivit,
2655 2084 2826 2154 cujus
2878 2083 3239 2154 praescientia
3290 2085 3409 2140 falli
3454 2101 3569 2141 non
3613 2090 3823 2157 potest.

2181 2174 2596 2244 Quaproptersi
2619 2174 2759 2228 mihi
2776 2174 2874 2229 fati
2899 2190 3107 2230 nomen
3130 2173 3397 2230 alicuirei
3422 2174 3821 2230 adhibendum

2182 2264 2644 2336 placeret,magis
2657 2264 2905 2320 dicerem
2921 2265 3101 2320 fatum
3118 2281 3245 2320 esse
3258 2264 3826 2335 inﬁrmioris,poten-

2183 2353 2346 2408 tioris
2378 2355 2757 2422 voluntatem,
2775 2355 2877 2425 qui
2895 2370 3028 2409 eum
3051 2354 3223 2410 habet
3247 2356 3305 2409 in
3329 2358 3823 2427 potestate,quam

2186 2440 2285 2496 illo
2326 2456 2633 2496 causarum
2674 2441 2898 2511 ordine,
2940 2458 3115 2513 quem
3152 2458 3268 2498 non
3308 2442 3546 2511 usitato,
3582 2444 3683 2499 sed
3723 2461 3831 2500 suo

2189 2546 2350 2585 more
2379 2529 2552 2585 Stoici
2587 2530 2770 2585 fatum
2800 2531 3119 2603 appellant,
3137 2532 3449 2588 arbitrium
3489 2537 3705 2589 nostra;
3735 2548 3835 2589 vo-

2190 2619 2431 2675 luntatis
2464 2636 2534 2674 an
2545 2619 2701 2673 ferri.

2189 2743 2415 2800 CAPUT
2446 2745 2688 2799 X.—An
2721 2746 3091 2801 voluntatibus
3125 2746 3410 2804 hominum
3440 2747 3634 2819 aliqua
3663 2746 3838 2804 domi-

2724 2841 2888 2892 netur
2914 2837 3222 2893 necessitas.

2264 2944 2315 2997 1.
2342 2943 2499 2999 Unde
2518 2958 2623 2998 nec
2653 2942 2753 2999 illa
2776 2945 3096 3001 necessitas
3118 2944 3480 3001 formidanda
3510 2950 3620 3015 est,
3653 2962 3832 3017 quam

2194 3033 2562 3089 formidanda
2577 3033 2754 3089 Stoici
2776 3033 3182 3091 laboraverunt
3194 3049 3398 3090 causas
3421 3051 3615 3091 rerum
3631 3035 3708 3090 ita
3721 3036 3840 3092 dis-

2191 3122 2481 3194 tinguere,
2500 3129 2557 3175 ut
2571 3117 2858 3193 quaedam
2878 3123 3649 3192 subtraherentnecessitati,
3664 3141 3844 3195 quas-

2193 3213 2325 3267 dam
2342 3211 2679 3270 subderent:
2702 3216 2875 3284 atque
2890 3213 2948 3267 in
2966 3212 3056 3268 his
3070 3230 3215 3285 quas
3228 3228 3355 3269 esse
3369 3214 3479 3268 sub
3494 3215 3837 3271 necessitate

2196 3302 2527 3368 noluerunt,
2575 3310 2892 3374 posuerunt
2931 3302 3105 3357 etiam
3138 3310 3367 3357 nostras
3400 3301 3740 3369 voluntates,
3764 3320 3835 3359 ne

2196 3391 2464 3447 videlicet
2493 3409 2608 3449 non
2639 3398 2837 3449 essent
2860 3393 3073 3459 liberm,
3098 3391 3144 3446 si
3169 3392 3563 3447 subderentur
3592 3392 3838 3448 necessi-

2198 3480 2321 3535 tati.
2356 3480 2415 3536 Si
2437 3481 2592 3536 enim
2625 3482 2936 3538 necessitas
2968 3488 3165 3537 nostra
3193 3480 3293 3535 illa
3314 3480 3561 3536 dicenda
3582 3486 3686 3549 est,
3711 3497 3883 3552 quaa-

2201 3586 2317 3625 non
2338 3574 2426 3625 est
2448 3572 2503 3625 in
2524 3577 2723 3628 nostra
2741 3575 3045 3643 potestate,
3067 3572 3189 3638 sed,
3214 3569 3443 3625 etiamsi
3474 3570 3843 3639 nolimus,ef-

2200 3658 2321 3714 ﬁcit
2350 3662 2501 3730 quod
2526 3666 2739 3731 potest,
2772 3661 2924 3716 sicut
2945 3668 3030 3715 eet
3054 3659 3367 3715 necessitas
3391 3660 3596 3714 mortis
3620 3676 3633 3726 ;
3661 3658 3843 3714 mani-

2200 3747 2411 3803 festum
2427 3760 2508 3803 est
2528 3750 2851 3804 voluntates
2868 3753 3119 3814 nostras,
3135 3748 3346 3818 quibus
3369 3752 3521 3802 recte
3537 3747 3621 3802 vel
3649 3762 3847 3818 perpe-

2200 3858 2327 3898 ram
2343 3841 2576 3907 vivitur,
2598 3840 2709 3895 sub
2732 3838 2828 3895 tali
2851 3839 3191 3896 necessitate
3206 3855 3318 3893 non
3334 3852 3479 3893 esse.
3498 3837 3675 3893 Multa
3688 3836 3843 3893 enim

2202 3932 2465 3998 facimus,
2492 3946 2639 4002 quas,
2673 3929 2721 3984 si
2762 3928 3071 3996 nollemus,
3105 3944 3219 3982 non
3253 3926 3453 3999 utique
3497 3926 3843 3983 faceremus.

2200 4021 2321 4085 Quo
2336 4021 2608 4092 primitus
2627 4018 2876 4091 pertinet
2898 4018 3090 4090 ipsum
3106 4016 3279 4073 velle:
3304 4033 3462 4085 nam,
3480 4015 3527 4071 si
3549 4014 3843 4086 volumus,

2201 4117 2313 4179 est;
2344 4111 2393 4166 si
2413 4110 2704 4179 nolumus,
2723 4124 2836 4162 non
2860 4112 2975 4163 est:
2995 4124 3108 4161 non
3132 4106 3287 4161 enim
3312 4104 3511 4161 vellem
3524 4104 3675 4171 us,si
3700 4104 3838 4160 nol-

2198 4202 2408 4259 lemus.
2429 4202 2483 4256 Si
2506 4204 2698 4257 autem
2722 4199 2822 4254 illa
2843 4198 3256 4254 deﬁnituresse
3279 4196 3613 4265 necessitas,
3633 4211 3841 4251 secun-

2201 4292 2340 4347 dum
2372 4306 2547 4363 quam
2580 4289 2831 4345 dicimus
2861 4305 3098 4345 necesse
3119 4304 3246 4344 esse
3277 4291 3341 4343 ut
3375 4287 3455 4342 ita
3485 4287 3561 4342 sit
3592 4287 3842 4358 aliquid,

2200 4379 2288 4436 vel
2311 4383 2390 4436 ita
2407 4380 2534 4448 ﬁat;
2562 4378 2755 4433 nescio
2778 4396 2882 4434 cur
2903 4394 3026 4435 eam
3043 4378 3370 4447 timeamus,
3386 4392 3458 4432 ne
3480 4376 3648 4433 nobis
3671 4377 3847 4433 Iiber-

2199 4476 2373 4526 tatem
2398 4471 2615 4525 auferat
2638 4468 2972 4525 voluntatis.
2999 4468 3198 4535 Neque
3221 4467 3376 4523 enim
3400 4471 3456 4523 et
3476 4469 3653 4524 vitam
3672 4468 3772 4524 Dei
3792 4474 3850 4525 et

2199 4560 2618 4631 praescientiam
2643 4558 2743 4614 Dei
2768 4559 2878 4615 sub
2910 4558 3254 4614 necessitate
3286 4557 3582 4629 ponimus,
3606 4557 3652 4613 si
3684 4557 3844 4613 dica~

2203 4666 2338 4705 mus
2388 4665 2621 4705 necesse
2655 4664 2783 4704 esse
2832 4650 3007 4704 Deum
3048 4662 3280 4718 semper
3308 4647 3516 4714 vivere,
3551 4652 3605 4702 et
3636 4651 3851 4703 cuncta

2198 4739 2463 4809 praescire
2491 4757 2503 4795 :
2535 4739 2687 4795 sicut
2710 4755 2814 4793 nec
2836 4742 3095 4809 potestas
3124 4737 3248 4806 ejus
3280 4736 3581 4805 minuitur,
3609 4752 3742 4791 cum
3765 4737 3849 4791 di-

2198 4829 2352 4885 citur
2382 4828 2527 4884 mori
2552 4826 2789 4899 fallique
2822 4843 2936 4883 non
2971 4843 3161 4898 posse.
3181 4826 3274 4881 Sic
3300 4826 3456 4881 enim
3482 4825 3590 4881 hoc
3614 4843 3727 4881 non
3749 4843 3848 4897 po-

2196 4923 2329 4987 test,
2356 4930 2417 4974 ut
2446 4919 2660 4989 potius,
2684 4918 2731 4972 si
2766 4920 2981 4987 posset,
3014 4916 3257 4973 minoris
3277 4920 3429 4971 esset
3460 4916 3660 4987 utique
3681 4920 3843 4989 pote-

2196 5009 2380 5064 statis.
2406 5008 2577 5063 Recte
2600 5007 2813 5078 quippe
2845 5006 3216 5076 omnipotens
3247 5003 3481 5073 dicitur,
3514 5004 3615 5076 qui
3646 5009 3845 5061 tamen

2200 5098 2344 5153 mori
2378 5106 2431 5151 et
2464 5096 2585 5152 falli
2634 5114 2747 5152 non
2779 5099 2985 5167 potest.
3013 5094 3239 5150 Dicitur
3273 5095 3426 5151 enim
3472 5094 3879 5166 omnipotensl

2196 5186 2461 5243 faciendo
2478 5189 2628 5255 quod
2648 5185 2788 5251 vult,
2809 5201 2918 5238 non
2938 5183 3373 5254 patiendoquod
3393 5200 3505 5238 non
3521 5183 3641 5237 vult
3658 5200 3671 5239 :
3688 5185 3844 5255 quod
3880 5186 3881 5189 “

2198 5276 2249 5330 ei
2268 5275 2315 5329 si
2339 5273 2645 5339 accideret,
2670 5289 3043 5344 nequaquam
3076 5277 3231 5328 esset
3273 5273 3659 5343 omnipotens.
3684 5272 3852 5329 Unde

2198 5366 2498 5433 propterea
2536 5362 2799 5431 quaedam
2824 5378 2938 5417 non
2963 5366 3169 5433 potest,
3191 5361 3327 5432 quia
3341 5360 3711 5432 omnipotens
3743 5368 3850 5417 est.

2198 5453 2289 5508 Sic
2319 5452 2519 5521 etiam,
2548 5467 2680 5507 cum
2709 5451 2959 5508 dicimus
2993 5467 3226 5506 necesse
3261 5467 3381 5506 esse
3404 5456 3488 5516 ut,
3520 5467 3654 5507 cum
3686 5453 3855 5507 volu-

2204 5542 2554 5609 mus,libero
2577 5543 2822 5598 velimus
2846 5541 3120 5609 arbitrio;
3145 5546 3201 5597 et
3223 5557 3421 5596 verum
3450 5542 3851 5612 proculdubio

2205 5634 2478 5698 dicimus,
2496 5641 2678 5689 etnon
2702 5634 2826 5688 ideo
2844 5633 3300 5703 ipsumliberum
3327 5632 3633 5685 arbitrium
3658 5649 3855 5687 neces-

2205 5723 2361 5777 sitati
2386 5724 2756 5793 subjicimus,
2779 5740 2903 5793 qua
2919 5723 3123 5776 adimit
3149 5722 3496 5776 libertatem.
3515 5721 3857 5792 Suntigitur

2207 5816 2418 5867 nostrae
2442 5812 2786 5878 voluntates,
2808 5816 2864 5868 et
2894 5812 3032 5883 ipsae
3057 5812 3279 5867 faciunt
3300 5808 3581 5880 quidquid
3605 5810 3852 5867 volendo
