4128 6190
276 365 381 430 153

263 501 518 571 facimus,
544 504 694 573 quod
716 519 830 560 non
856 504 1039 574 ﬁeret,
1061 508 1110 564 si
1137 508 1448 567 nollemus.
1477 510 1768 583 Quidquid
1791 528 1894 568 au-

259 599 362 650 tem
382 591 628 648 aliorum
653 592 957 651 hominum
981 595 1272 655 voluntate
1297 598 1498 656 nolens
1522 602 1771 674 quisque
1794 618 1890 674 pa-

265 681 406 750 titur,
427 681 608 737 etiam
631 682 716 738 sic
737 683 998 740 voluntas
1017 685 1206 756 valet;
1231 691 1288 743 et
1309 689 1354 743 si
1381 705 1498 745 non
1519 689 1679 746 illius
1699 695 1896 746 tamen

257 770 499 828 hominis
524 774 812 840 voluntas,
833 775 930 830 sed
948 779 1204 846 potestas
1218 777 1316 832 Dei
1343 779 1380 834 ¹.
1397 779 1540 835 Nam
1559 780 1610 835 si
1629 779 1898 836 voluntas

258 864 465 917 tantum
500 865 680 928 esset,
705 879 810 918 nec
831 868 1027 934 posset
1048 867 1200 937 quod
1226 867 1414 934 vellet,
1440 869 1762 940 potentiore
1791 887 1900 926 vo—

257 949 468 1005 luntate
490 950 902 1022 impediretur:
931 968 1038 1008 nec
1051 954 1136 1010 sic
1158 962 1348 1011 tamen
1365 955 1646 1024 voluntas,
1669 957 1783 1014 nisi
1800 976 1891 1015 vo-

258 1037 446 1095 luntas
475 1043 629 1095 esset
655 1058 668 1108 ;
696 1055 802 1096 nec
834 1040 1096 1110 alterius,
1113 1043 1215 1100 sed
1236 1045 1362 1115 ejus
1384 1050 1559 1114 esset,
1584 1047 1684 1118 qui
1707 1047 1898 1118 vellet,

261 1127 361 1184 etsi
391 1145 505 1184 non
529 1132 727 1199 posset
747 1129 990 1200 implere
1013 1135 1167 1203 quod
1195 1133 1384 1191 vellet.
1413 1134 1577 1191 Unde
1607 1136 1900 1209 quidquid

259 1221 463 1290 prater
491 1234 654 1274 suam
692 1219 1048 1277 voluntatem
1087 1223 1307 1294 patitur
1345 1224 1539 1293 homo,
1583 1242 1696 1282 non
1730 1213 1902 1282 debet

259 1305 505 1362 tribuere
532 1306 808 1364 humanis
832 1309 916 1365 vel
935 1311 1214 1382 angelicis
1239 1312 1324 1369 vel
1343 1314 1689 1386 cujusquam
1721 1301 1900 1371 creati

257 1395 492 1466 spiritus
523 1395 949 1467 voluntatibus,
972 1400 1069 1455 sed
1093 1402 1221 1472 ejus
1246 1404 1462 1474 potius,
1487 1403 1590 1476 qui
1612 1405 1712 1459 dat
1736 1408 1897 1476 pote-

255 1486 456 1539 statem
478 1483 830 1542 volentibus.

318 1574 366 1627 2.
383 1571 506 1628 Non
531 1590 661 1645 ergo
683 1580 988 1647 propterea
1003 1578 1146 1634 nihil
1167 1579 1332 1636 estin
1357 1585 1550 1638 nostra
1573 1583 1893 1652 voluntate,

255 1660 379 1733 quia
399 1661 554 1718 Deus
577 1664 868 1734 prmscivit
888 1667 1026 1738 quid
1051 1668 1312 1725 futurum
1336 1675 1484 1727 esset
1507 1671 1567 1726 in
1584 1677 1780 1728 nostra
1794 1689 1898 1728 vo-

251 1749 499 1808 luntate:
539 1768 652 1810 non
686 1754 841 1810 enim
873 1756 970 1827 qui
1004 1757 1111 1813 hoc
1143 1760 1452 1830 praescivit,
1487 1759 1634 1816 nihil
1665 1763 1898 1833 praesci-

250 1839 342 1894 vit.
366 1839 541 1896 Porro
565 1842 613 1898 si
638 1841 753 1913 ille,
777 1844 878 1916 qui
902 1847 1187 1915 praescivit
1207 1848 1347 1920 quid
1373 1851 1637 1906 futurum
1655 1857 1812 1908 esset
1835 1852 1895 1908 in

249 1935 437 1984 nostra
461 1930 784 2003 voluntate,
815 1950 930 1989 non
957 1935 1158 2008 utique
1181 1935 1348 2003 nihil,
1374 1939 1474 1993 sed
1498 1939 1720 2010 aliquid
1747 1957 1896 2012 prrs-

249 2018 409 2075 scivit
429 2021 716 2091 ;proi'acto
728 2027 784 2080 et
796 2024 893 2082 illo
909 2025 1249 2096 praesciente
1266 2035 1351 2084 est
1373 2028 1596 2100 aliquid
1620 2029 1678 2084 in
1695 2039 1892 2087 nostra

249 2107 551 2166 voluntate.
575 2111 855 2177 Quocirca
874 2113 1034 2170 nullo
1057 2117 1230 2173 modo
1250 2117 1537 2190 cogimur,
1553 2123 1654 2175 aut
1672 2124 1897 2176 retenta

249 2199 607 2267 preseientia
634 2200 728 2256 Dei
759 2201 962 2259 tollere
983 2203 1297 2260 voluntatis
1316 2207 1644 2276 arbitrium,
1678 2212 1779 2264 aut
1812 2225 1899 2264 re-

248 2288 406 2342 tento
421 2286 735 2345 voluntatis
748 2291 987 2348 arbitrio
1001 2291 1182 2348 Deum
1197 2293 1375 2366 (quod
1393 2297 1556 2352 nefas
1572 2296 1899 2369 est)negare

245 2375 558 2446 praescium
593 2378 954 2436 futurorum:
987 2383 1088 2438 sed
1122 2387 1436 2456 utrumque
1471 2386 1897 2456 amplectimur.

245 2470 568 2537 utrumque
591 2466 836 2524 fideliter
854 2473 910 2524 et
938 2470 1215 2526 veraciter
1236 2473 1622 2544 confitemur;
1645 2475 1814 2542 illud,
1839 2483 1900 2530 ut

240 2553 398 2611 bene
430 2558 739 2614 credamus
764 2575 778 2626 ;
802 2558 932 2629 hoc,
966 2563 1032 2615 ut
1056 2559 1198 2617 bene
1219 2562 1502 2619 vivamus.
1529 2563 1678 2620 Male
1699 2569 1894 2621 autem

241 2641 480 2711 vivitur,
526 2645 573 2700 si
605 2645 676 2702 de
705 2645 819 2702 Deo
862 2663 975 2703 non
1017 2650 1162 2706 bene
1192 2652 1458 2708 creditur.
1494 2651 1654 2708 Unde
1680 2653 1833 2709 absit
1865 2671 1899 2710 a

217 2727 415 2808 [nobis
445 2733 575 2802 ejus
605 2750 815 2807 negare
843 2737 1288 2810 prmscientiam,
1323 2744 1384 2795 ut
1414 2740 1578 2796 liberi
1609 2757 1734 2797 esse
1755 2742 1897 2799 veli-

245 2837 375 2877 mus
388 2821 433 2889 ³,
451 2837 569 2892 quo
581 2822 674 2894 adj
684 2829 890 2881 uvante
905 2843 972 2882 su
984 2843 1116 2882 mus
1133 2825 1320 2897 liberi,
1339 2828 1426 2886 vel
1443 2830 1684 2887 erimus.
1702 2832 1897 2888 Proin-

247 2909 313 2966 de
325 2927 443 2966 non
461 2911 677 2968 frustra
697 2918 836 2970 sunt
855 2914 1034 2987 leges,
1065 2916 1523 2990 objurgationes,
1547 2921 1897 2978 exhortatio-

249 2999 577 3069 nes,laudes
593 3009 646 3058 et
659 3003 708 3057 vi
718 3009 772 3059 tu
780 3005 1274 3078 perationeszquia
1286 3012 1342 3063 et
1355 3007 1515 3080 ipsas
1531 3009 1756 3067 futuras
1770 3026 1897 3067 esse

250 3089 620 3160 prescivit,et
630 3091 821 3148 valent
835 3093 982 3164 pluri
995 3111 1090 3150 mu
1103 3112 1176 3162 m,
1193 3105 1478 3168 quantum
1494 3113 1592 3154 eas
1607 3100 1894 3156 valituras

251 3192 368 3234 esse
407 3179 734 3249 praescivit;
774 3187 832 3236 et
852 3199 1051 3254 preces
1075 3184 1270 3241 valent
1301 3187 1373 3242 ad
1396 3203 1465 3242 ea
1503 3187 1892 3259 impetranda,

252 3281 371 3337 quae
399 3283 464 3324 se
496 3269 872 3339 precantibus
903 3289 1320 3331 concessurum
1343 3293 1467 3332 esse
1491 3279 1810 3348 praescivit:
1839 3283 1898 3334 et

247 3355 398 3426 juste
429 3357 674 3429 praemia
702 3358 872 3415 bonis
898 3363 1080 3430 factis,
1100 3368 1156 3420 et
1178 3366 1428 3436 peccatis
1449 3367 1742 3438 supplicia
1762 3384 1899 3423 con-

254 3444 446 3502 stituta
478 3455 636 3503 sunt.
668 3447 864 3520 Neque
891 3451 1047 3507 enim
1088 3451 1215 3509 ideo
1247 3458 1447 3525 peccat
1475 3456 1651 3511 homo
1673 3455 1716 3520 3.
1758 3457 1898 3527 quia

257 3533 396 3591 Deus
419 3534 592 3591 illum
617 3547 990 3610 peccaturum
1003 3555 1130 3597 esse
1147 3543 1464 3614 praescivit:
1487 3543 1606 3599 imo
1627 3543 1756 3599 ideo
1780 3561 1895 3599 non

256 3621 556 3680 dubitatur
571 3627 759 3696 ipsum
777 3643 1031 3699 peccare,
1050 3647 1180 3686 cum
1199 3635 1418 3702 peccat,
1436 3632 1532 3703 qui
1542 3631 1704 3700 aille,
1723 3633 1895 3703 cujus

252 3715 614 3784 praescientia
646 3717 766 3773 falli
796 3735 908 3774 non
939 3726 1144 3791 potest,
1178 3737 1291 3776 non
1326 3721 1666 3787 fatum,non
1706 3722 1894 3778 fortu-

252 3818 539 3873 nam,non
562 3803 780 3877 aliquid
808 3807 985 3875 aliud,
1019 3810 1118 3864 sed
1148 3810 1338 3882 ipsum
1374 3817 1746 3881 peccaturum
1768 3827 1894 3868 esse

250 3895 553 3962 prascivit.
585 3895 693 3958 Qui
735 3896 784 3951 si
826 3895 990 3964 nolit,
1034 3899 1236 3969 utique
1281 3915 1394 3954 non
1437 3904 1669 3970 peccat:
1709 3901 1809 3956 sed
1842 3903 1891 3958 si

249 3995 479 4049 peccare
501 3983 773 4052 noluerit,
795 3985 972 4041 etiam
997 3986 1106 4042 hoc
1134 3985 1232 4043 ille
1265 3987 1572 4058 praescivit.

246 4096 469 4156 CAPUT
516 4101 620 4157 XI.
672 4133 740 4142 —
763 4103 836 4158 De
867 4103 1172 4159 universali
1193 4104 1548 4174 providentia
1577 4105 1697 4176 Dei,
1729 4109 1890 4178 cujus

635 4191 848 4262 legibus
894 4194 1083 4247 omnia
1125 4196 1494 4251 continentur.

310 4305 463 4363 Deus
488 4305 686 4379 itaque
725 4324 993 4364 summus
1032 4313 1088 4364 et
1110 4325 1278 4365 verus
1321 4309 1646 4368 cumVerbo
1687 4329 1793 4369 suo
1835 4318 1892 4370 et

249 4394 454 4466 Spiritu
484 4404 706 4463 sancto,
732 4414 857 4468 quas
890 4397 1000 4454 tria
1018 4413 1198 4454 unum
1224 4403 1384 4468 sunt,
1409 4400 1559 4456 Deus
1597 4418 1748 4458 unus
1771 4420 1892 4460 om-

246 4482 530 4555 nipotens,
550 4490 772 4543 creator
783 4492 840 4542 et
861 4487 1043 4543 factor
1062 4490 1252 4545 omnis
1284 4489 1486 4546 animae
1501 4495 1676 4562 atque
1696 4493 1889 4548 omnis

245 4575 497 4647 corporis
525 4592 538 4629 :
562 4576 734 4647 cujus
756 4579 894 4631 sunt
915 4576 1352 4649 participatione
1374 4578 1591 4645 felices,
1615 4579 1890 4650 quicum-

247 4676 350 4734 que
388 4668 534 4721 sunt
573 4665 830 4734 veritate,
876 4682 987 4722 non
1024 4667 1275 4723 vanitate
1315 4667 1549 4723 felices:
1597 4669 1697 4740 qui
1756 4669 1889 4725 fecit

246 4750 541 4813 hominem
567 4755 853 4813 rationale
869 4755 1082 4812 animal
1101 4771 1169 4812 ex
1189 4759 1386 4813 anima
1405 4762 1462 4813 et
1486 4773 1724 4830 corpore
1749 4776 1761 4827 ;
1785 4759 1884 4830 qui

248 4856 370 4900 eum
395 4848 735 4917 peccantem
780 4861 886 4901 nec
924 4845 1282 4917 impunitum
1305 4863 1429 4902 esse
1470 4847 1750 4916 permisit,
1783 4865 1888 4905 nec

249 4931 366 4990 sine
390 4934 801 4991 misericordia
821 4935 1128 5006 dereliquit
1163 4952 1175 5003 ;
1201 4935 1300 5007 qui
1328 4935 1499 4990 bonis
1521 4939 1576 4990 et
1601 4937 1770 4992 malis
1792 4954 1884 4994 es-

247 5022 485 5080 sentiam
527 5025 702 5080 etiam
753 5040 887 5080 cum
936 5023 1250 5096 lapidibus,
1302 5024 1480 5081 vitam
1543 5025 1883 5083 seminalem

247 5111 412 5169 etiam
447 5130 585 5170 cum
617 5113 940 5183 arboribus,
971 5114 1148 5168 vitam
1182 5113 1508 5170 sensualem
1543 5115 1718 5172 etiam
1751 5132 1883 5172 cum

247 5202 570 5270 pecoribus,
620 5203 798 5258 vitam
849 5201 1299 5258 intellectualem
1353 5221 1486 5260 cum
1521 5203 1661 5261 solis
1699 5207 1886 5276 Ange-

247 5285 312 5344 lis
329 5291 527 5347 dedit:
561 5310 594 5348 a
637 5309 753 5363 quo
787 5298 879 5347 est
915 5293 1104 5347 omnis
1132 5292 1357 5364 modus,
1399 5295 1589 5350 omnis
1637 5295 1887 5363 species,

250 5381 437 5436 omnis
461 5382 637 5446 ordo;
664 5399 696 5436 a
713 5398 825 5452 quo
839 5390 923 5438 est
945 5397 1237 5449 mensura,
1256 5399 1560 5451 numerus,
1578 5384 1835 5453 pondus;
1854 5402 1887 5440 a

302 5507 320 5539 ι
347 5504 497 5559 ῐιον..
532 5504 632 5553 Dei
660 5513 753 5553 est.
787 5505 974 5562 Verbo.
1010 5515 1103 5561 est,
1130 5509 1312 5556 carent
1337 5507 1462 5555 libri
1490 5506 1701 5557 caeteri.

301 5565 322 5630 ξ
351 5565 549 5630 ρωηθδ
575 5580 734 5630 prOpe
761 5569 905 5623 Mss..
936 5572 1000 5617 ul
1032 5570 1195 5617 libere
1225 5569 1480 5617 velimus.

305 5629 325 5660 ³
353 5629 542 5693 Plures
586 5631 780 5693 probae
816 5635 974 5682 notae
1020 5633 1162 5689 Msa,
1209 5632 1506 5686 Faurensis.
1538 5631 1884 5691 Corbeiensis,

245 5692 336 5756 s_t_c.
372 5691 564 5754 Neque
588 5691 741 5756 enim
773 5694 890 5742 ideo
927 5709 1038 5743 non
1061 5703 1248 5756 peccat
1287 5696 1460 5744 homo.
1506 5693 1883 5748 GervasianuS.

257 5751 353 5802 Nec
376 5751 564 5816 peccat
592 5755 765 5803 homo.

1644 376 1877 437 LIBER
1916 372 2270 445 QUINTUS

3534 372 3648 436 154

2005 527 2122 584 quo
2144 514 2233 568 est
2251 509 2528 582 quidquid
2550 509 2894 566 naturaliter
2914 518 3020 577 est,
3038 511 3457 584 cujuscumque
3479 527 3654 584 gene-

2006 602 2088 659 ris
2117 605 2226 669 est,
2258 601 2570 671 cujuslibet
2607 601 3009 657 aestimationis
3038 607 3163 671 est;
3198 620 3232 658 a
3261 619 3372 675 quo
3404 607 3543 659 sunt
3565 620 3651 661 se-

2002 693 2158 748 mina
2191 693 2535 761 formarum,
2568 692 2765 747 formas
2787 692 3102 761 seminum,
3137 697 3328 749 motus
3351 694 3644 750 seminum

2001 784 2177 851 atque
2203 781 2519 835 formarum
2547 796 2560 833 :
2594 781 2692 851 qui
2726 781 2885 837 dedit
2909 785 2966 836 et
2993 780 3154 836 carni
3185 781 3488 852 originem,
3524 782 3652 854 pul-

2002 869 2416 932 chritudinem,
2437 868 2855 938 valetudinem,
2877 871 3306 942 propagationis
3321 871 3650 927 fecundita-

2001 961 2543 1028 tem,membrorum
2559 959 3279 1030 dispositionem,saiutem
3296 964 3650 1018 concordiae:

2002 1051 2098 1120 qui
2128 1055 2185 1106 et
2214 1049 2420 1104 animae
2454 1049 2778 1105 irrationali
2810 1050 2968 1104 dedit
2994 1052 3360 1118 memoriam,
3386 1068 3652 1120 sensum,

2005 1141 2328 1212 appetitum
2355 1158 2368 1207 ;
2394 1139 2662 1195 rationali
2685 1139 3654 1212 auteminsupermentem,intelli-

2003 1230 2281 1301 gentiam,
2314 1229 2662 1284 voluntatem
2696 1245 2709 1283 :
2745 1229 2841 1299 qui
2869 1244 2983 1284 non
3006 1229 3197 1282 solum
3217 1229 3424 1285 caelum
3459 1235 3514 1287 et
3546 1240 3654 1288 ter-

2005 1335 2150 1385 ram,
2171 1335 2273 1374 nec
2292 1317 2478 1374 solum
2495 1318 2767 1388 angelum
2785 1322 2840 1373 et
2858 1317 3154 1374 hominem
3175 1341 3189 1384 ;
3211 1319 3309 1373 sed
3328 1336 3432 1374 nec
3454 1320 3647 1392 exigui

2005 1413 2063 1464 et
2089 1407 2546 1478 contemptibilis
2567 1407 2887 1464 animantis
2927 1409 3169 1473 viscera,
3205 1424 3309 1462 nec
3349 1409 3470 1463 avis
3501 1425 3650 1480 pen-

2004 1497 2206 1552 nulam
2232 1500 2274 1567 ί,
2307 1513 2412 1552 nec
2443 1496 2635 1553 herbae
2664 1497 2992 1563 ﬂosculum,
3024 1513 3132 1552 nec
3180 1496 3406 1552 arboris
3447 1497 3645 1552 folium

2003 1588 2132 1644 sine
2153 1603 2390 1642 suarum
2408 1587 2656 1658 partium
2675 1585 3101 1652 convenientia,
3123 1586 3444 1656 etquadam
3471 1586 3650 1641 veluti

2004 1692 2143 1748 pace
2163 1675 2506 1748 dereliquit:
2528 1675 2685 1732 nullo
2710 1676 2876 1732 modo
2899 1680 2986 1731 est
3007 1675 3329 1730 credendus
3352 1690 3530 1746 regna
3551 1674 3652 1730 ho-

2004 1766 2231 1822 minum
2264 1782 2585 1836 eorumque
2607 1765 3036 1821 dominationes
3058 1773 3112 1820 et
3131 1764 3440 1820 servitutes
3471 1781 3503 1819 a
3529 1780 3647 1820 sum

2002 1855 2372 1927 providentia
2401 1855 2626 1927 legibus
2654 1854 2873 1910 alienas
2903 1870 3025 1910 esse
3052 1854 3324 1910 voluisse.

2000 1972 2228 2031 CAPUT
2253 1973 2374 2029 XII.
2410 2004 2457 2014 -—
2479 1972 2684 2040 Quibus
2701 1971 2943 2028 moribus
2960 1973 3176 2044 antiqui
3191 1971 3422 2028 Romani
3437 1987 3650 2028 merue-

2074 2065 2187 2119 rint
2212 2071 2271 2120 ul
2303 2065 2440 2119 Deus
2468 2078 2646 2133 verus,
2678 2061 2926 2133 quamvis
2952 2077 3062 2117 non
3099 2077 3224 2117 eum
3261 2061 3521 2130 colerent,
3553 2077 3648 2117 ec-

2074 2169 2202 2210 rum
2229 2155 2454 2221 augeret
2480 2149 2800 2222 imperium.

2080 2257 2127 2309 l.
2162 2251 2412 2308 Proinde
2443 2249 2741 2305 videamus
2771 2264 2910 2319 quos
2932 2248 3324 2302 Romanorum
3351 2261 3564 2314 mores,
3598 2248 3653 2299 et

2006 2359 2180 2418 quam
2197 2341 2266 2398 ob
2283 2355 2522 2398 causam
2545 2339 2697 2394 Deus
2710 2353 2878 2392 verus
2893 2337 2962 2392 ad
2991 2338 3321 2407 augendum
3337 2333 3582 2406 imperio
3596 2351 3650 2388 m

2004 2434 2281 2504 adjuvare
2309 2430 2582 2500 dignatus
2605 2431 2713 2493 est,
2735 2427 2794 2481 in
2817 2428 2986 2496 cujus
3001 2429 3284 2496 potestate
3314 2427 3452 2478 sunt
3472 2422 3647 2479 etiam

2003 2539 2181 2596 regna
2211 2526 2459 2576 terrena.
2493 2518 2654 2585 Quod
2688 2520 2750 2572 ut
2777 2513 3105 2571 absolutius
3135 2513 3418 2570 disserere
3447 2529 3654 2584 posse-

2007 2629 2158 2678 mus,
2183 2612 2256 2667 ad
2287 2609 2396 2666 hoc
2414 2608 2796 2680 pertinentem
2819 2613 2869 2660 et
2892 2603 3246 2674 superiorem
3271 2601 3486 2658 librum
3511 2619 3648 2658 con-

2004 2701 2356 2772 scripsimus,
2381 2697 2536 2769 quod
2568 2696 2627 2752 in
2658 2695 2766 2752 hac
2796 2710 2855 2749 re
2883 2695 3136 2765 potestas
3169 2691 3326 2748 nulla
3357 2693 3434 2748 sit
3450 2708 3650 2748 eorum

2005 2792 2270 2858 deorum,
2296 2805 2444 2861 quos
2465 2787 2642 2843 etiam
2661 2785 2832 2841 rebus
2855 2781 3176 2855 nugatoriis
3189 2781 3464 2838 colendos
3487 2785 3649 2852 puta-

2006 2884 2164 2950 runt,
2187 2885 2243 2936 et
2266 2877 2565 2952 pressantis
2587 2873 2896 2931 voluminis
2919 2876 3108 2945 partes
3128 2870 3480 2943 superiores,
3505 2888 3653 2943 quas

2005 2969 2117 3026 huc
2149 2986 2340 3042 usque
2372 2968 2774 3041 perduximus,
2798 2965 2868 3018 de
2892 2963 2986 3019 fati
3020 2962 3340 3034 quaestione
3361 2962 3651 3018 tollenda:

2003 3076 2076 3116 ne
2107 3061 2443 3130 quisquam,
2476 3055 2568 3111 cui
2594 3055 2714 3126 jam
2736 3068 3083 3125 persuasum
3104 3060 3256 3107 esset
3279 3068 3393 3106 non
3415 3049 3648 3105 illorum

2005 3153 2246 3208 deorum
2279 3147 2440 3204 cultu
2465 3146 2791 3202 Romanum
2818 3142 3127 3214 imperium
3157 3145 3538 3212 propagatum
3563 3143 3651 3194 at-

2005 3257 2116 3314 que
2130 3234 2642 3308 servatum,nescio
2656 3233 2748 3290 cui
2764 3234 2880 3288 tato
2896 3232 3086 3304 potius
3100 3231 3154 3286 id
3170 3230 3650 3300 tribueret,quam

2008 3332 2103 3386 Dei
2135 3327 2354 3386 summi
2387 3325 2798 3397 potentissimis
2850 3322 3149 3377 voluntati.
3192 3319 3428 3376 Veteres
3476 3318 3654 3390 igitur

2004 3419 2296 3490 primique
2337 3414 2605 3483 Romani,
2640 3415 2927 3484 quantum
2972 3424 3174 3464 eorum
3207 3409 3373 3464 docet
3404 3411 3461 3462 et
3491 3424 3652 3463 com-

2007 3510 2243 3563 mendat
2272 3505 2540 3571 historia,
2592 3501 2863 3575 quamvis
2895 3504 2960 3554 ut
2998 3498 3122 3554 aliae
3154 3502 3378 3570 gentes,
3413 3501 3649 3567 excepta

2005 3611 2122 3650 una
2148 3594 2347 3666 populi
2371 3593 2764 3656 Hebraeorum,
2791 3589 2928 3643 deos
2956 3587 3136 3642 falsos
3159 3584 3430 3654 colerent,
3454 3593 3644 3640 etnon

2007 3686 2150 3740 Deos
2172 3683 2459 3750 victimas,
2475 3682 2574 3736 sed
2590 3677 2892 3734 daemoniis
2915 3675 2990 3728 im
3003 3674 3512 3738 molarent,tamen
3531 3673 3648 3726 lau-

2001 3775 2087 3832 dis
2116 3772 2295 3838 avidi,
2313 3772 2557 3841 pecunia
2581 3768 2837 3824 liberales
2858 3769 3040 3833 erant,
3073 3764 3310 3832 gloriam
3341 3764 3638 3834 ingentem,

2001 3863 2225 3921 divitias
2247 3861 2495 3917 honestas
2527 3855 2786 3913 volebant
2811 3853 3060 3925 (Sallust.
3095 3853 3152 3907 in
3187 3851 3375 3915 Catil,
3403 3866 3526 3921 cap.
3557 3850 3642 3918 7):

1999 3955 2150 4011 hanc
2184 3948 2592 4008 ardentissime
2622 3945 2965 4009 dilexerunt,
2998 3944 3228 4015 propter
3258 3939 3410 3995 hanc
3455 3939 3650 3995 vivere

2002 4047 2326 4103 voluerunt.
2345 4057 2445 4113 pro
2460 4035 2762 4094 bacemori
2780 4051 2892 4090 non
2909 4033 3324 4090 dubitaverunt
3339 4029 3383 4085 ³.
3400 4030 3649 4084 Crateras

1997 4134 2344 4208 cupiditates
2358 4130 2535 4200 hujus
2551 4129 2724 4185 unius
2738 4125 2960 4198 ingenti
2978 4120 3294 4194 cupiditate
3309 4126 3657 4208 presserunt

1998 4206 2188 4300 Ipsam
2214 4222 2468 4293 denique
2483 4221 2728 4290 patriam
2750 4231 2942 4278 suam,
2966 4211 3241 4285 quoniam
3257 4209 3473 4266 servire
3493 4206 3653 4300 vide-

1999 4297 2524 4386 biaturinglorium,
2551 4305 2840 4365 dominari
2865 4320 2996 4360 vero
3018 4306 3192 4372 atque
3217 4301 3502 4369 imperare
3524 4297 3649 4368 glo-

1996 4409 2239 4473 riosum,
2265 4403 2424 4475 prius
2441 4400 2600 4456 omni
2621 4397 2817 4454 studio
2835 4396 3097 4457 liberam,
3117 4389 3326 4447 deinde
3345 4388 3650 4444 dominam

1997 4511 2126 4552 esse
2138 4491 2581 4563 concupierunt.
2602 4487 2743 4541 Hinc
2759 4489 2848 4540 est
2864 4484 3015 4555 quod
3037 4479 3290 4552 regalem
3313 4475 3654 4532 dominatio-

2000 4600 2130 4639 nem
2167 4599 2277 4637 non
2301 4583 2570 4647 ferentes,
2596 4591 2789 4631 annua
2827 4571 3074 4644 imperia
3096 4571 3380 4638 binosque
3403 4565 3654 4638 impera-

1997 4677 2150 4730 tores
2183 4672 2290 4726 sihi
2340 4672 2619 4730 fecerunt,
2654 4671 2752 4736 qui
2798 4661 3068 4718 consules
3117 4657 3390 4730 appellati
3435 4659 3575 4710 sunt
3620 4669 3654 4707 a

1998 4757 2375 4826 consulendo,
2402 4775 2514 4812 non
2542 4769 2705 4826 reges
2731 4756 2829 4807 aut
2849 4750 3064 4805 domini
3101 4765 3129 4799 a
3165 4745 3454 4815 regnando
3473 4745 3652 4812 atque

1999 4847 2387 4904 dominando:
2415 4861 2546 4902 cum
2571 4850 2628 4899 et
2650 4857 2812 4912 reges
2828 4839 3029 4907 utique
3050 4852 3083 4888 a
3101 4829 3508 4905 regendodicti
3530 4845 3646 4883 me-

1996 4935 2111 4992 lius
2135 4937 2462 5000 videantur,
2496 4937 2559 4987 ut
2588 4943 2826 5002 regnum
2860 4943 2893 4981 a
2931 4922 3190 4994 regibus,
3224 4934 3390 4991 reges
3422 4921 3644 4984 autem,

1998 5029 2065 5080 ut
2084 5024 2307 5078 dictum
2324 5027 2433 5086 est,
2459 5037 2490 5075 a
2507 5020 2757 5091 regendo
2775 5034 2789 5084 ;
2804 5015 2900 5071 sed
2926 5014 3111 5068 fastus
3135 5008 3324 5081 regius
3346 5022 3460 5061 non
3475 5002 3655 5058 disci-

1999 5112 2160 5184 plina
2192 5116 2384 5183 putata
2414 5115 2504 5164 est
2542 5106 2820 5177 regentis,
2859 5103 2950 5158 vel
2983 5098 3380 5158 benevolentia
3429 5107 3645 5148 consu-

1997 5201 2192 5268 lentis,
2215 5201 2313 5256 sed
2336 5197 2608 5272 superbia
2623 5194 3004 5251 dominantis.
3031 5189 3281 5260 Expulso
3300 5186 3493 5256 itaque
3513 5195 3646 5252 rege

1999 5290 2342 5362 Tarquinio,
2384 5295 2441 5344 et
2488 5285 2828 5343 consulibus
2880 5279 3187 5343 institutis,
3240 5277 3504 5331 secutum
3555 5274 3644 5362 est

1999 5361 2151 5450 quod
2185 5380 2336 5433 idem
2377 5381 2576 5432 auctor
2606 5375 2664 5428 in
2693 5374 3089 5428 Romanorum
3118 5365 3392 5422 laudibus
3423 5361 3640 5450 posuit,

1999 5449 2149 5538 quod
2181 5467 2400 5529 civitas,
2425 5463 2756 5519 incredibile
2783 5465 3085 5519 memoratu
3109 5464 3205 5524 est,
3234 5452 3430 5521 adepta
3475 5449 3639 5506 liber-

1997 5563 2108 5614 tate
2137 5559 2400 5628 quantum
2433 5555 2581 5610 brevi
2593 5557 2841 5620 creverit,
2865 5556 3017 5606 tanta
3037 5546 3230 5618 cupido
3250 5544 3443 5616 gloria:
3465 5542 3640 5602 inces-

2061 5677 2078 5710 1
2109 5673 2279 5720 Nosrar
2309 5671 2452 5727 Mss.,
2488 5671 2814 5731 pinnulam.
2943 5668 3010 5718 M.

2055 5752 2076 5786 ²
2106 5751 2288 5802 Plures
2317 5751 2422 5800 Mss
2450 5787 2462 5810 ,
2490 5751 2706 5799 vincere
2736 5747 3054 5799 voluerunt.
3079 5773 3138 5783 —-
3166 5748 3225 5796 In
3243 5748 3319 5806 B.,
3339 5761 3440 5809 pro
3472 5747 3570 5795 hac
3590 5747 3643 5793 et
