4128 6190
427 384 541 446 155

424 525 572 576 serat
591 517 815 590 (Sallust
833 518 895 574 in
909 517 1073 576 Catil.
1092 517 1305 589 cap.7).
1326 516 1440 572 Ista
1460 530 1596 589 ergo
1618 515 1811 573 laudis
1824 516 2069 572 aviditas

428 613 486 665 et
509 608 720 680 cupido
744 608 940 680 glorias
965 608 1150 663 multa
1169 605 1269 662 illa
1286 607 1552 661 miranda
1576 606 1728 673 fecit,
1754 604 2070 661 laudabilia

426 696 644 753 scilicet
666 701 839 770 atque
854 696 1102 768 gloriosa
1123 695 1439 750 secundum
1457 694 1761 751 hominum
1781 694 2074 750 existima-

425 786 668 843 tionem.

493 877 546 928 2.
577 874 952 932 Laudatidem
981 872 1294 930 Sallustius
1311 873 1670 946 temporibus
1687 873 1806 930 suis
1829 889 2068 946 magnos

423 969 481 1020 et
507 963 810 1035 praeclaros
847 962 1021 1031 viros,
1054 966 1307 1019 Marcum
1343 967 1612 1019 Catonem
1646 967 1701 1019 et
1725 962 1926 1020 Caium
1949 964 2068 1020 Cas-

424 1067 636 1117 sarem,
669 1051 870 1106 dicens
903 1052 1061 1124 quod
1091 1053 1191 1108 diu
1223 1051 1322 1108 illa
1352 1052 1684 1122 respublica
1714 1068 1829 1107 non
1862 1051 2069 1108 habuit

425 1157 780 1212 quemquam
794 1142 1003 1198 virtute
1018 1158 1315 1213 magnum,
1341 1143 1441 1198 sed
1469 1158 1576 1198 sua
1596 1142 1872 1197 memoria
1887 1142 2067 1197 fuisse

423 1228 557 1285 illos
579 1231 724 1285 duos
745 1231 967 1302 ingenti
991 1232 1218 1299 virtute,
1234 1231 1474 1287 diversis
1493 1231 1777 1287 moribus.
1803 1233 1862 1286 In
1883 1231 2067 1287 laudi-

423 1318 535 1373 bus
557 1324 751 1374 autem
773 1319 1010 1375 Caesaris
1032 1321 1239 1392 posuit,
1266 1321 1419 1390 quod
1444 1320 1552 1376 sibi
1583 1336 1854 1391 magnum
1882 1320 2066 1391 impe-

423 1408 598 1476 rium,
618 1409 955 1477 exercitum,
971 1410 1187 1465 bellum
1204 1428 1410 1467 novum
1423 1412 1752 1482 exoptabat,
1768 1410 1862 1467 ubi
1879 1410 2064 1466 virtus

424 1496 738 1553 enitescere
770 1507 958 1568 posset
1006 1499 1185 1568 (Ibid.,
1234 1517 1389 1572 capp.
1439 1501 1530 1570 53,
1568 1501 1680 1571 54).
1737 1501 1821 1554 Ita
1853 1499 2064 1554 tiebat‘

426 1585 485 1639 in
516 1585 664 1640 votis
691 1587 943 1642 virorum
977 1589 1190 1644 virtute
1221 1605 1584 1661 magnorum,
1617 1592 1680 1643 ut
1709 1588 1986 1644 excitaret
2007 1589 2067 1644 in

429 1672 645 1729 bellum
680 1675 920 1730 miseras
960 1685 1178 1746 gentes,
1211 1681 1266 1732 et
1297 1676 1521 1748 ﬂagello
1565 1677 1805 1748 agitaret
1837 1676 2071 1732 Bellona

427 1762 777 1833 sanguineo,
803 1767 1029 1819 utesset
1043 1765 1140 1820 ubi
1157 1766 1345 1821 virtus
1363 1781 1560 1821 eorum
1577 1766 1936 1823 enitesceret.
1953 1765 2069 1821 Hoc

426 1849 527 1906 illa
560 1851 813 1922 profecto
847 1850 1036 1908 laudis
1075 1855 1323 1910 aviditas
1371 1859 1429 1910 et
1480 1854 1673 1925 gloriae
1721 1856 1933 1926 cupido
1987 1855 2070 1909 fa-

427 1939 636 1996 ciebat.
659 1943 868 1996 Amore
898 1941 1094 2012 itaque
1116 1943 1384 2012 primitus
1408 1943 1716 2011 libertatis,
1744 1947 1875 2015 post
1895 1944 2071 1999 etiam

428 2028 870 2097 dominationis,
901 2035 958 2085 et
989 2033 1304 2103 cupiditate
1337 2032 1527 2088 laudis
1559 2039 1614 2088 et
1644 2033 1858 2102 glorias,
1894 2033 2074 2088 multa

429 2133 646 2188 magna
677 2119 953 2174 fecerunt.
991 2121 1198 2175 Reddit
1236 2121 1320 2177 eis
1353 2122 1658 2194 utriusque
1699 2123 1777 2178 rei
1812 2124 2071 2179 testimo-

431 2209 594 2263 nium
619 2209 796 2264 etiam
821 2215 992 2282 poeta
1027 2211 1275 2283 insignis
1299 2212 1530 2267 illorum
1555 2229 1568 2266 :
1595 2213 1730 2268 inde
1745 2213 1958 2284 quippe
1973 2214 2071 2281 ait,

491 2297 698 2371 Mecnon
727 2300 1072 2371 Tarquinium
1102 2302 1327 2371 ejectum
1354 2301 1623 2371 Porsenna
1648 2303 1885 2371 iubebat,

489 2361 753 2427 A_ccipe_re,
778 2361 1091 2427 ingentique
1114 2361 1301 2412 urbem
1330 2364 1603 2414 obsidione
1631 2361 1903 2427 premebat
1929 2380 1948 2414 :

487 2423 747 2473 Eneadae
774 2424 831 2471 in
852 2425 1052 2473 ferrum
1081 2441 1174 2486 pro
1206 2427 1450 2475 libertate
1477 2423 1721 2477 ruebant.

785 2487 1023 2550 (Virgil.
1048 2489 1273 2536 Eneid.
1306 2488 1396 2536 lib.
1427 2489 1475 2544 8,
1508 2504 1645 2539 vers.
1677 2490 1786 2553 646,
1815 2490 1946 2553 648).

432 2564 596 2620 Tune
627 2565 824 2638 itaque
864 2583 1141 2639 magnum
1175 2568 1292 2624 illis
1319 2569 1425 2624 fuit
1469 2574 1571 2626 aut
1603 2572 1826 2627 fortiter
1865 2571 2070 2638 emori,

427 2657 530 2709 aut
561 2653 772 2711 liberos
817 2656 1024 2711 vivere.
1077 2657 1189 2712 Sed
1221 2674 1353 2712 eum
1390 2663 1540 2714 esset
1579 2660 1782 2729 adepta
1813 2658 2071 2730 libertas,

425 2745 588 2799 tanta
618 2743 827 2815 cupido
857 2744 1052 2816 gloriae
1072 2744 1410 2815 incesserat,
1446 2752 1506 2802 ut
1537 2764 1740 2819 parum
1764 2753 1918 2805 esset
1948 2748 2072 2804 sola

425 2830 686 2901 libertas,
729 2834 837 2888 nisi
890 2838 946 2889 et
993 2835 1303 2891 dominatio
1357 2841 1726 2907 quaereretur,
1777 2839 1917 2893 dum
1971 2855 2069 2909 pro

427 2936 637 2993 magno
669 2922 984 2980 haberetur
1014 2925 1192 2995 quod,
1215 2923 1373 2981 velut
1404 2925 1678 2998 loquente
1706 2929 1865 2995 Jove,
1917 2929 2068 2984 idem

425 3016 595 3083 poeta
615 3011 780 3081 dicit,

1293 3105 1429 3163 Quin
1457 3118 1645 3168 aSpera
1673 3107 1830 3164 Juno,

487 3165 797 3240 Quacumare
824 3179 968 3240 nunc
994 3169 1267 3240 terrasque
1298 3171 1443 3218 metu
1472 3165 2006 3240 cdelumqueiatigat,

485 3227 718 3292 Consilia
747 3229 803 3276 in
828 3229 1019 3278 melius
1044 3227 1253 3288 referét,
1289 3245 1596 3292 mecumque
1623 3227 1824 3282 fovebit

488 3290 754 3356 ljomanos
782 3305 959 3356 rerum
987 3293 1230 3356 dominos
1257 3290 1571 3356 gentemque
1599 3297 1852 3355 togatam.

493 3352 577 3416 Sic
606 3354 875 3414 placitum.
910 3355 1097 3403 Veniet
1129 3352 1315 3405 lustris
1341 3352 1844 3416 labentibus'aetas,

489 3415 633 3483 Cum
647 3417 838 3483 domus
866 3417 1383 3483 AssaracigPhthiam
1413 3419 1689 3482 clarasque
1716 3415 1965 3483 Mycenas

488 3476 715 3527 Servitio
733 3483 953 3542 premet,
985 3493 1046 3530 ac
1075 3481 1230 3529 victis
1259 3476 1621 3530 dominabitur
1647 3476 1817 3542 Argis.

890 3497 953 3538 et,
985 3497 1046 3530 ac
1075 3497 1230 3529 Vicus
1259 3497 1621 3530 nominabitur
1647 3497 1718 3530 Ar
1755 3497 1816 3531 IS.

890 3544 1135 3603 (dineid.
1171 3544 1260 3593 lib.
1299 3545 1344 3603 1,
1377 3545 1650 3604 vers.279,
1685 3497 1816 3608 285.)

426 3621 561 3685 Quae
583 3621 821 3692 quidem
844 3622 1138 3693 Virgilius,
1159 3625 1349 3679 Jovem
1375 3627 1659 3681 inducens
1683 3632 1959 3698 tanquam
1983 3627 2068 3681 fu-

424 3714 556 3766 tura
584 3711 1013 3781 praedicentem,
1049 3713 1172 3785 ipse
1195 3713 1320 3783 jam
1357 3715 1506 3770 facta
1539 3713 1842 3780 recolebat,
1868 3731 2068 3771 cerne-

425 3799 640 3872 batqne
671 3802 1018 3871 praesentia:
1062 3819 1260 3858 verum
1295 3807 1596 3875 propterea
1624 3821 2071 3860 commemorare

424 3887 525 3943 illa
541 3889 715 3955 volui,
738 3896 799 3945 ut
819 3892 1185 3947 ostenderem
1211 3893 1667 3948 dominationem
1700 3901 1822 3964 post
1845 3894 2071 3949 liberta-

427 3986 539 4034 tem
565 3978 646 4033 sic
673 3978 946 4034 habuisse
971 3980 1277 4048 Romanos,
1305 3987 1370 4036 ut
1396 3981 1453 4035 in
1477 3997 1673 4036 eorum
1705 3983 1932 4053 magnis
1959 3981 2073 4038 lau-

429 4068 603 4122 dibus
635 4073 962 4136 poneretur.
1018 4069 1163 4125 Hinc
1195 4075 1283 4124 est
1312 4074 1368 4124 et
1397 4071 1539 4124 illud
1573 4071 1838 4140 ejusdem
1871 4079 2068 4142 poetas,

427 4155 598 4224 quod,
633 4171 767 4209 cum
799 4157 1041 4212 aliarum
1073 4157 1338 4228 gentium
1369 4159 1594 4214 artibus
1625 4176 1722 4214 eas
1752 4161 1910 4230 ipsas
1943 4177 2071 4230 pro-

426 4245 582 4314 prias
599 4243 925 4299 Romanoru
939 4262 990 4300 m
1009 4251 1160 4300 artes
1183 4247 1463 4316 regnandi
1485 4255 1656 4318 atque
1671 4247 1994 4318 imperandi
2015 4255 2072 4306 et

425 4333 732 4402 subigendi
757 4350 822 4387 ac
853 4333 1180 4388 debellandi
1213 4335 1455 4405 populos
1476 4341 1871 4407 anteponeret,
1896 4339 1997 4406 ait,

489 4421 762 4485 Excudent
789 4422 880 4469 alii
913 4423 1172 4485 spirantia
1200 4424 1415 4474 mollius
1445 4438 1569 4474 aera
1599 4439 1611 4474 :

490 4484 656 4532 Credo
685 4484 956 4546 equidem.
978 4487 1132 4534 vivos
1159 4487 1354 4536 ducent
1388 4489 1451 4537 de
1479 4502 1741 4538 marmore
1769 4491 1953 4541 vultus
1983 4505 1994 4541 :

485 4546 724 4620 grabunt
753 4562 939 4620 causas
968 4549 1159 4620 melius
1191 4563 1202 4607 ;
1235 4551 1459 4620 coelique
1486 4554 1694 4600 meatus

489 4610 796 4658 Describent
824 4611 990 4666 radio,
1022 4615 1075 4661 et
1105 4610 1388 4672 surgentia
1406 4615 1426 4646 ‘1
1450 4615 1625 4663 sidera
1652 4615 1844 4665 dicent.

489 4673 564 4746 "1:11
594 4685 772 4746 regere
799 4674 1020 4746 imperio
1049 4677 1288 4746 populos,
1320 4677 1570 4746 Romane,
1602 4683 1883 4728 memento.

491 4735 598 4803 {lae
627 4735 722 4783 tibi
749 4735 1092 4803 eruntartes,
1118 4735 1347 4803 pacique
1379 4741 1397 4773 3
1433 4735 1702 4803 impenere
1732 4757 1948 4802 morem,

487 4797 705 4848 Parcere
735 4801 999 4866 subjectis.
1035 4803 1087 4866 et
1110 4797 1379 4866 debellare
1408 4797 1678 4866 superbos.

897 4863 1139 4926 (xEneid.
1175 4865 1268 4913 lib.
1299 4864 1348 4920 6.
1381 4863 1520 4916 vers.
1553 4867 1664 4923 847,
1695 4866 1826 4930 853.)

497 4945 550 5000 3.
587 4945 694 4999 llas
726 4948 881 5001 artes
904 4946 988 5000 illi
1016 4951 1170 5002 tauto
1194 4947 1436 5019 peritius
1467 4951 1831 5017 exercebant,
1856 4955 2076 5022 quanto

428 5034 624 5090 minus
655 5051 716 5090 se
747 5035 1140 5106 voluptatibus
1162 5038 1396 5105 dabant,
1431 5048 1484 5095 et
1509 5041 1863 5096 enervationi
1895 5042 2076 5097 animi

425 5128 483 5181 et
511 5123 767 5196 corporis
789 5123 847 5179 in
879 5126 1360 5196 eoncupiscendis
1379 5132 1436 5184 et
1457 5131 1737 5200 augendis
1760 5131 1997 5199 divitiis,
2023 5137 2079 5188 et

428 5254 576 5318 mori
609 5267 731 5318 non
743 5250 1168 5318 dubitaverunt.
1203 5251 1286 5304 Sic
1327 5255 1487 5304 etiam
1527 5254 1652 5303 Cdd.
1683 5254 1800 5303 2051
1836 5259 1889 5304 et
1916 5255 2040 5304 2053
2067 5272 2079 5318 ;

431 5319 490 5367 at
516 5317 610 5365 Ms.
643 5314 785 5370 2052,
810 5324 1037 5377 propter
1067 5315 1210 5363 hanc
1261 5325 1310 5364 et
1347 5317 1494 5365 mori
1521 5331 1635 5366 non
1665 5314 2078 5368 dubitaverunt;

433 5381 522 5428 Cd.
555 5378 696 5436 2050,
721 5376 952 5440 propter
981 5376 1124 5425 hanc
1149 5379 1331 5442 vivere
1360 5380 1677 5442 voluerunt,
1698 5390 1925 5442 propter
1939 5383 2082 5431 hanc

437 5443 655 5490 vincere
684 5441 1002 5495 voluerunt,
1033 5449 1258 5500 propter
1291 5441 1436 5490 hanc
1481 5441 1672 5492 emori
1702 5441 1815 5492 non
1855 5445 2081 5494 dubita-

436 5513 657 5552 verunt.
695 5505 992 5554 Lectionem
1022 5503 1113 5551 Ms.
1145 5503 1238 5552 766
1267 5506 1434 5554 secuti
1462 5519 1662 5555 sumus.
1699 5507 1765 5555 Μ.

496 5605 512 5637 ί
547 5601 686 5674 Edjti
713 5604 928 5665 ﬁdebat.
961 5604 1304 5664 Castigantur
1351 5606 1666 5657 auctoritate
1699 5610 1938 5658 veterum
1966 5621 2082 5658 ma-

433 5666 846 5725 nuscriptorum.

497 5726 519 5760 ²
547 5727 642 5775 Ms.
674 5725 783 5780 766,
815 5729 1124 5791 fulgentia.
1155 5731 1222 5780 M.

503 5792 521 5824 ³
545 5791 691 5844 Lov.,
707 5791 990 5853 pacisque.
1004 5793 1142 5842 Editi
1166 5794 1260 5842 alii
1275 5807 1397 5845 cum
1413 5797 1807 5859 manuscriptis,
1826 5795 2080 5858 pacique.

1465 383 1567 442 DE
1613 381 1977 444 CIVITATE
2020 381 2174 456 DEI,
2221 380 2285 440 S.
2332 379 2764 442 AUGUSTINI

3703 373 3820 436 156

2178 531 2278 588 per
2305 513 2436 570 illas
2480 514 2738 570 moribus
2775 511 3240 584 corrumpendis,
3273 510 3553 583 rapiendo
3583 511 3815 568 miseris

2177 604 2418 674 civibus,
2454 603 2748 676 largiendo
2782 603 3024 660 scenicis
3048 601 3337 673 turpibus.
3363 600 3526 656 Unde
3549 603 3649 672 qui
3671 601 3818 656 tales

2167 695 2294 765 jam
2345 709 2570 748 morum
2601 692 2761 749 labes
2782 691 2800 726 ί
2834 691 3185 764 superabant
3216 695 3391 762 atque
3422 690 3817 757 abundabant,

2175 785 2411 856 quando
2441 782 2854 838 scribebatista
2881 782 3212 843 Sallustius,
3237 780 3601 850 canebatque
3621 780 3816 852 Virgi-

2173 871 2308 938 lius,
2325 887 2438 926 non
2457 871 2573 926 illis
2593 871 2818 926 artibus
2830 870 2900 924 ad
2918 869 3167 925 honores
3184 875 3235 923 et
3250 868 3519 939 gloriam,
3542 868 3639 924 sed
3673 868 3821 924 dolis

2173 967 2344 1030 atque
2377 959 2620 1016 fallaciis
2652 959 3004 1016 ambiebant.
3030 958 3195 1014 Unde
3212 958 3362 1013 idem
3387 957 3527 1012 dicit
3550 973 3563 1011 :
3586 956 3687 1012 Sed
3705 958 3820 1028 pri-

2171 1067 2259 1106 mo
2277 1052 2454 1118 magis
2465 1048 2692 1104 ambitio
2703 1065 2867 1120 quam
2883 1048 3130 1103 avaritia
3143 1049 3362 1102 animos
3375 1045 3822 1102 hominumexer—

2172 1141 2347 1208 cebat,
2372 1141 2510 1211 quod
2542 1144 2723 1195 tamen
2742 1139 2944 1195 vitium
2963 1137 3188 1209 propius
3207 1136 3498 1192 virtutem’
3517 1141 3654 1191 erat.
3680 1139 3820 1192 Nam

2172 1230 2735 1305 gloriam,honorcm,
2758 1230 3050 1298 imperium
3064 1227 3294 1282 bonuset
3307 1228 3539 1293 ignavus
3552 1224 3823 1295 wquesibi

2173 1323 2438 1389 exoptant
2460 1337 2478 1372 :
2500 1319 2593 1374 sed
2623 1317 2738 1383 ille,
2771 1317 2981 1386 inquit,
3009 1331 3135 1371 vera
3165 1313 3254 1369 via
3274 1313 3479 1369 nititur
3494 1329 3513 1372 .·
3535 1313 3665 1368 huic
3694 1311 3826 1383 quia

2176 1409 2326 1464 bona
2339 1414 2485 1464 artes
2496 1405 2855 1470 desunt,dolis
2871 1409 3030 1476 atque
3043 1404 3286 1474 fallaciis
3297 1401 3824 1471 contendit(Saltust.

2176 1499 2233 1553 in
2257 1498 2443 1565 Catit.,
2468 1514 2514 1553 c.
2544 1498 2653 1570 11).
2673 1497 2766 1551 Hae
2786 1494 3041 1551 suntillss
3059 1496 3222 1550 bona?
3243 1497 3416 1560 artes,
3433 1507 3533 1561 per
3549 1492 3823 1546 virtutem

2173 1589 2410 1658 scilicet,
2449 1605 2564 1643 non
2596 1603 2700 1658 per
2728 1585 2992 1641 fallacem
3026 1583 3402 1639 ambitionem
3437 1581 3510 1637 ad
3542 1581 3820 1637 honorem

2176 1685 2233 1736 et
2254 1679 2498 1752 gloriam
2515 1682 2571 1734 et
2592 1678 2900 1748 imperium
2926 1673 3256 1747 pervenire;
3281 1690 3404 1743 quas
3425 1677 3623 1728 tamen
3637 1671 3826 1728 bonus

2175 1775 2232 1826 et
2249 1771 2487 1841 ignavus
2506 1784 2663 1839 asque
2686 1767 2797 1822 sibi
2819 1769 3124 1837 exoptant:
3150 1764 3251 1820 sed
3275 1763 3393 1830 ille,
3425 1762 3480 1817 id
3504 1766 3592 1817 est
3606 1762 3822 1831 bonus,

2175 1875 2308 1915 vera
2336 1859 2426 1913 via
2455 1858 2679 1913 nititur.
2712 1856 2820 1910 Via
2845 1857 3031 1910 virtus
3046 1858 3154 1923 est,
3179 1869 3296 1925 qua
3318 1852 3528 1908 nititur
3548 1855 3826 1922 tanquam

2175 1949 2241 2003 ad
2275 1947 2662 2020 possessionis
2697 1945 2890 2010 ﬁnem,
2925 1944 2981 1998 id
3019 1947 3108 1998 est
3129 1943 3196 1996 ad
3221 1940 3488 2011 gloriam,
3520 1939 3823 2007 honorem,

2177 2037 2508 2109 imperium.
2543 2039 2661 2090 Hoc
2698 2034 2942 2089 insitum
2982 2031 3259 2087 habuisse
3291 2029 3605 2094 Romanos,
3650 2028 3826 2083 etiam

2179 2127 2417 2182 deorum
2442 2125 2592 2195 apud
2617 2123 2755 2178 illos
2777 2121 3226 2186 mdesindicant,
3250 2134 3393 2190 quas
3415 2115 3826 2187 conjunctissi-

2177 2233 2300 2273 mas
2331 2215 2779 2281 constituerunt,
2815 2211 3061 2266 Virtutis
3092 2215 3148 2266 et
3177 2209 3428 2264 Honoris
3450 2207 3544 2278 (α),
3581 2223 3679 2278 pro
3709 2205 3825 2260 diis

2178 2310 2462 2365 habentes
2501 2323 2626 2378 quas
2676 2306 2891 2360 dantur
2936 2319 2971 2357 a
2999 2301 3134 2357 Deo.
3170 2299 3334 2355 Unde
3363 2297 3604 2368 intelligi
3637 2301 3818 2366 potest

2179 2415 2350 2472 quem
2387 2398 2563 2452 finem
2592 2393 2863 2449 volebant
2892 2407 3021 2447 esse
3051 2390 3306 2456 virtutis,
3338 2391 3395 2443 et
3425 2403 3540 2459 quo
3569 2401 3694 2441 eam
3728 2399 3817 2440 re-

2180 2488 2460 2554 ferebant,
2485 2485 2583 2556 qui
2613 2482 2747 2538 boni
2780 2492 2957 2550 erant,
2990 2480 3062 2535 ad
3086 2478 3366 2534 honorem
3401 2474 3656 2532 scilicet:
3685 2489 3815 2528 nam

2177 2575 2314 2632 mali
2347 2590 2450 2629 nec
2474 2573 2766 2629 habebant
2795 2586 2942 2636 eam,
2975 2565 3242 2638 quamvis
3277 2566 3553 2620 honorem
3607 2562 3821 2618 habere

2174 2669 2472 2737 cuperent,
2497 2677 2668 2734 quem
2702 2659 2869 2716 malis
2901 2657 3127 2712 artibus
3162 2655 3525 2711 conabantur
3552 2650 3820 2723 adipisci,

2175 2755 2232 2810 id
2265 2762 2350 2810 est
2379 2751 2531 2808 dolis
2562 2755 2733 2820 atque
2773 2747 3040 2804 fallaciis.

2247 2845 2298 2897 4.
2326 2841 2529 2898 Melius
2551 2839 2825 2894 laudatus
2846 2842 2934 2891 est
2962 2835 3124 2890 Cato.
3150 2833 3229 2888 De
3251 2831 3348 2886 illo
3369 2830 3586 2902 quippe
3600 2829 3826 2897 ait,Quo

2173 2936 2359 2990 minus
2387 2930 2601 3004 petebat
2622 2930 2876 3000 gloriam,
2901 2943 2961 2983 eo
2981 2927 3146 2980 illum
3179 2921 3356 2993 magis
3389 2920 3715 2994 sequebatur
3747 2919 3826 2989 tb)

2175 3023 2357 3096 (Ibid.,
2391 3037 2510 3092 cap.
2542 3019 2656 3092 54).
2681 3015 3163 3087 Quandoquidem
3195 3011 3375 3082 gloria
3403 3013 3512 3076 est,
3545 3007 3716 3079 cujus
3739 3006 3827 3062 illi

2174 3111 2492 3183 cupiditate
2530 3108 2876 3180 ﬂagrabant,
2901 3103 3194 3176 judicium
3229 3099 3535 3156 hominum
3569 3097 3717 3152 bene
3752 3097 3824 3152 de

2176 3204 2509 3260 hominibus
2539 3199 2928 3270 Opinantium.
2980 3196 3048 3250 Et
3083 3194 3213 3249 ideo
3259 3192 3465 3248 melior
3495 3194 3584 3245 est
3610 3190 3820 3258 virtus,

2176 3311 2302 3366 quas
2356 3293 2616 3347 humano
2663 3286 3333 3344 testimonio'contenta
3373 3297 3488 3336 non
3543 3284 3651 3346 est,
3707 3277 3820 3332 nisi

2174 3381 2541 3438 conscientiae
2573 3395 2710 3434 suae.
2744 3377 2904 3433 Unde
2943 3375 3084 3429 dicit
3113 3371 3443 3443 Apostolus,
3478 3369 3617 3424 Nam
3643 3368 3824 3438 gloria

2175 3475 2364 3528 nostra
2386 3471 2498 3525 hac
2511 3471 2609 3538 est,
2624 3468 2999 3521 testimonium
3021 3463 3369 3518 conscientia:
3388 3463 3583 3515 nostris
3602 3457 3678 3530 (ll
3696 3457 3820 3513 Cor.

2177 3580 2214 3628 ι,
2250 3562 2359 3629 12).
2401 3561 2471 3614 Et
2496 3558 2608 3614 alio
2640 3556 2786 3623 loco,
2835 3555 2976 3625 Opus
3006 3562 3189 3608 autem
3234 3566 3393 3605 suum
3425 3548 3613 3619 probet
3652 3560 3822 3602 unus-

2173 3654 2416 3723 quisque,
2451 3658 2501 3704 et
2520 3657 2649 3704 tunc
2677 3647 2739 3700 in
2773 3645 3057 3715 semetipso
3083 3647 3298 3697 tantum
3319 3640 3552 3710 gloriam
3583 3636 3820 3702 habebit,

2170 3751 2348 3798 etnon
2380 3742 2438 3796 in
2458 3740 2627 3794 altero
2651 3736 2846 3809 (Galat.
2872 3753 2952 3800 v1,
2983 3733 3060 3806 4).
3093 3731 3348 3787 Gloriam
3381 3744 3516 3800 ergo
3548 3736 3601 3782 et
3645 3727 3826 3781 hono-

2175 3849 2293 3888 rem
2315 3836 2371 3885 et
2394 3829 2726 3900 imperium,
2751 3843 2875 3898 qua:
2901 3824 3011 3880 sibi
3035 3821 3409 3891 exoptabant,
3434 3825 3491 3873 et
3514 3834 3629 3889 quo
3653 3815 3823 3871 bonis

2174 3920 2395 3976 artibus
2428 3917 2725 3990 pervenire
2757 3914 3092 3969 nitebantur
3122 3910 3281 3975 boni,
3310 3925 3426 3964 non
3459 3908 3629 3962 debet
3651 3904 3822 3975 sequi

2175 4009 2377 4076 virtus,
2410 4008 2507 4063 sed
2540 4007 2664 4078 ipsa
2696 4005 2986 4059 virtutem.
3020 4004 3217 4072 Neque
3244 3999 3392 4055 enim
3433 4001 3522 4053 est
3547 4011 3674 4050 vera
3703 3993 3824 4048 vir-

2172 4104 2286 4164 tus,
2321 4098 2433 4152 nisi
2465 4113 2590 4167 quae
2620 4095 2691 4150 ad
2723 4111 2856 4149 eum
2899 4093 3068 4148 finem
3099 4088 3306 4154 tendit,
3355 4086 3453 4142 ubi
3487 4089 3574 4141 est
3604 4084 3819 4139 bonum

2175 4187 2454 4250 hominis,
2487 4201 2604 4256 quo
2638 4183 2849 4238 melius
2879 4198 2990 4238 non
3013 4184 3120 4236 est.
3148 4178 3312 4234 Unde
3333 4181 3388 4231 et
3413 4177 3661 4231 honores
3677 4187 3825 4242 quos

2175 4275 2377 4349 petivit
2406 4275 2564 4342 Cato,
2599 4281 2789 4346 petere
2839 4287 2955 4327 non
3007 4268 3227 4335 debuit,
3259 4267 3358 4322 sed
3391 4281 3491 4322 eos
3522 4262 3726 4320 civitas
3749 4261 3824 4316 ob

2175 4368 2303 4439 ejus
2333 4364 2606 4420 virtutem
2638 4379 2752 4418 non
2780 4360 2999 4433 petenti
3028 4361 3166 4415 dare
3196 4357 3287 4428 (c).

2243 4456 2298 4510 5.
2329 4455 2437 4510 Sed
2471 4469 2603 4509 cum
2629 4452 2731 4508 illa
2761 4449 3042 4506 memoria
3065 4449 3179 4502 duo
3207 4443 3448 4501 Romani
3480 4445 3678 4498 essent
3705 4440 3823 4495 vir-

2177 4549 2301 4601 tute
2333 4544 2552 4615 magni,
2585 4543 2775 4598 Caesar
2795 4545 2852 4595 et
2873 4541 3031 4605 Cato,
3066 4537 3234 4606 longe
3266 4535 3448 4589 virtus
3475 4532 3708 4588 Catonis
3733 4547 3828 4586 vc-

2178 4635 2334 4690 ritati
2359 4633 2583 4688 videtur
2596 4629 2975 4702 propinquior
2990 4626 3191 4692 fuisse,
3209 4641 3239 4690 q
3252 4640 3384 4678 uam
3411 4620 3829 4677 Caesaris.Pro-

2244 4735 2260 4768 1
2293 4729 2540 4779 Nonnulli
2568 4727 2836 4781 Mss.,labe
2859 4740 2870 4774 :
2903 4723 3245 4773 librariorum
3273 4717 3497 4770 solemni
3519 4718 3651 4767 vitio
3671 4718 3833 4781 omis-

2180 4794 2436 4844 salittera
2465 4780 2716 4846 extrema,
2748 4789 2875 4851 quia
2905 4789 3087 4851 eadem
3138 4787 3216 4834 est
3272 4783 3445 4851 prima.
3484 4780 3833 4851 subaquentis

2182 4857 2438 4914 vocabuli,
2489 4855 2542 4902 in
2571 4867 2677 4914 quo
2708 4844 2902 4901 clarius
2923 4850 3146 4914 sonabat
3187 4844 3568 4914 pronuntiante
3613 4844 3830 4914 lectore.

2182 4920 2347 4969 Paulo
2382 4907 2506 4967 ante
2534 4907 2816 4978 legendum
2853 4913 3103 4978 forsitan,
3142 4907 3276 4978 quia
3324 4907 3459 4978 tales
3491 4909 3640 4978 ;__aut_
3666 4907 3829 4958 certe.

2185 4982 2327 5030 labes
2356 4969 2685 5027 morum‘hic
2712 4977 2814 5040 ipsi
2843 4969 3449 5040 appellantur-homines
3463 4969 3644 5040 vitiosi
3669 4981 3834 5040 Equo-

2183 5047 2338 5094 modo
2355 5057 2386 5091 a
2402 5043 2588 5091 Plauto
2606 5041 2665 5089 in
2677 5032 3012 5096 Persa,act.3.
3029 5050 3169 5086 scen.
3188 5034 3432 5093 3,vers.4,
3455 5032 3648 5096 dicitur
3669 5032 3832 5096 homo

2183 5091 2235 5152 ἶ
2238 5091 2384 5156 labes
2412 5105 2553 5167 pOpli
2587 5120 2599 5162 ;
2631 5122 2656 5146 »
2693 5104 2746 5150 et
2779 5115 2810 5150 a
2839 5091 3107 5167 Cicerone,
3138 5091 3298 5167 ‘Or'at.
3329 5110 3424 5158 pro
3458 5095 3613 5167 εφη.-
3634 5106 3746 5167 cap.
3777 5091 3832 5152 8,

2185 5187 2207 5216 ε
2227 5155 2402 5218 Habeo
2413 5155 2573 5228 ‘quod
2590 5155 2983 5228 opponamilabi
3003 5162 3081 5228 illi
3097 5155 3350 5228 ’et_coe_no.'
3378 5177 3402 5201 »
3417 5183 3479 5192 -
3497 5156 3669 5228 Nostri
3682 5155 3806 5228 Mss.
3819 5192 3833 5213 ,

2187 5231 2320 5281 labe.
2347 5231 2431 5279 Sic
2463 5229 2591 5290 legit

2184 5280 2351 5351 dique
2381 5280 2664 5351 talesvjam
2696 5280 2919 5351 morum
2951 5287 3096 5336 tabes
3109 5280 3450 5351 superabant
3463 5280 3835 5351 atque_abun-

2185 5343 2406 5414 dabant,
2439 5343 2661 5418 quando
2691 5350 2957 5400 scribebat
2997 5351 3102 5399 ista
3136 5343 3470 5403 Sallustius,
3501 5343 3839 5405 canebatque

2193 5419 2494 5469 Virailius.
2527 5418 2593 5465 M.

2248 5435 2715 5541 E3,l%lltiztltf,sp:bpius
2745 5476 2966 5541 virtuti.
2999 5476 3067 5541 At
3109 5473 3266 5541 Msa,
3280 5470 3519 5541 propius
3548 5468 3842 5518 virtutem.

2187 5545 2355 5614 EtAsie
2381 5533 2709 5614 in;antiqui_s
2740 5538 3130 5614 exemplaribus
3160 5533 3419 5585 Sallustii.

2253 5608 2273 5641 3
2309 5608 2401 5656 Ms.
2437 5603 2811 5664 766,,fudicio.
2845 5603 2912 5651 Μ.

2247 5670 2320 5733 (α)
2352 5670 2490 5725 Liv.,
2643 5667 2737 5733 27,
2764 5679 2877 5728 cap.
2908 5663 2972 5712 25

2245 5720 2315 5793 (b)
2343 5720 2507 5794 Apud,
2524 5720 2854 5794 Sallustium,
2877 5724 3331 5794 eomagisjllam
3356 5720 3768 5784 assequebatur.

2245 5787 2310 5858 (ο)
2341 5787 2458 5844 Vid.
2487 5793 2753 5844 Plutarch.
2783 5791 2843 5840 in
2870 5790 3066 5840 Catone
3093 5787 3317 5838 minore.

2675 5217 2802 5282 ore],
2853 5227 3106 5273 Element.
3139 5223 3339 5279 Critia,
3383 5233 3500 5283 pag.
3549 5217 3835 5283 289;_Un-
3925 5247 3927 5250 ‹
