4142 6186
325 388 442 448 157

319 523 462 580 inde
479 521 678 595 qualis
699 527 849 578 esset
865 519 964 576 illo
996 523 1253 593 tempore
1273 521 1492 590 civitas,
1518 529 1571 577 et
1585 527 1756 580 antea
1774 524 1966 596 qualis

325 612 552 678 fuisset,
583 612 881 668 videamus
908 609 969 666 in
1001 609 1127 682 ipsa
1148 611 1439 667 sententia
1468 612 1736 670 Catonis:
1769 615 1964 686 Nolite,

1721 387 1954 448 LIBER
1995 381 2341 457 QUINTUS

3606 385 3723 444 158

2075 536 2164 578 res
2195 519 2451 593 privatas.
2486 516 2649 574 Unde
2673 518 2961 589 corruptis
2993 519 3255 576 moribus
3285 520 3492 576 vitium
3525 536 3556 575 e
3587 535 3724 577 con-

2074 610 2252 666 trario
2312 606 2525 680 posuit,
2571 605 2802 678 publice
2857 612 3191 679 egestatem,
3255 608 3526 681 privatim
3575 625 3721 681 opu-

329 705 388 760 in
396 701 772 774 quit,existim
780 717 901 770 are,
915 703 1152 774 majores
1163 711 1375 758 nostros
1391 703 1562 759 armis
1579 705 1973 776 rempublicam
2071 699 2166 758 len
2174 703 2338 760 tiam.

325 809 398 850 ea:
424 808 599 864 parva
617 807 882 861 magnam
900 793 1112 862 fecisse.
1134 791 1196 848 Si
1218 792 1297 848 ita
1325 796 1478 859 esset,
1511 794 1684 849 multo
1710 794 1969 865 pulcher-

318 884 528 939 rimam
557 895 680 936 eam
726 895 824 936 nos
867 878 1206 936 haberemus.
1242 881 1451 953 Quippe
1491 884 1768 938 sociorum
1806 891 1969 955 atque

317 971 548 1040 civium,
574 975 839 1043 preterea
867 987 1162 1026 armorum
1202 979 1253 1028 et
1308 986 1571 1043 equorum
1609 972 1786 1042 major
1811 975 1968 1044 copia

317 1063 483 1118 nobis
514 1078 680 1134 quam
710 1061 826 1117 illis
854 1065 949 1116 est.
977 1061 1077 1117 Sed
1107 1061 1224 1117 alia
1238 1063 1392 1132 [uere
1429 1078 1546 1133 quae
1593 1061 1720 1118 illos
1740 1079 1967 1132 magnos

322 1154 605 1221 fecerunt,
637 1166 755 1222 qua
784 1151 936 1206 nobis
964 1151 1120 1207 nulla
1150 1158 1310 1216 sunt;
1337 1152 1488 1207 domi
1515 1152 1817 1222 industria,
1829 1152 1967 1222 [oris

313 1242 530 1308 iustum
559 1241 887 1311 imperium,
919 1240 1138 1294 animus
1159 1243 1216 1294 in
1247 1241 1572 1298 consulendo
1599 1243 1758 1310 liber,
1791 1257 1968 1312 neque

317 1329 519 1385 delicto
549 1343 722 1400 neque
750 1328 980 1383 libidini
991 1329 1282 1385 obnoxius.
1314 1335 1421 1386 Pro
1451 1331 1534 1385 his
1563 1345 1660 1385 nos
1701 1331 1964 1385 habemus

320 1419 606 1473 luxuriam
620 1421 783 1490 atque
802 1419 1347 1491 avaritiam,publice
1367 1423 1678 1490 egestatem,
1700 1422 1963 1492 privatim

311 1508 659 1580 opulentiam
689 1526 707 1562 :
739 1507 1031 1564 laudamus
1061 1508 1303 1578 divitias,
1343 1509 1626 1580 sequimur
1654 1511 1960 1568 inertiam:

311 1598 457 1653 inter
478 1597 640 1653 bonos
653 1602 707 1652 el
736 1599 908 1653 malos
938 1597 1240 1654 discrimen
1261 1600 1483 1655 nullum
1500 1601 1723 1662 ;omnia
1739 1600 1960 1656 virtutis

307 1686 544 1759 praemia
571 1687 806 1744 ambitio
831 1688 1284 1760 possidet.Neque
1315 1692 1519 1745 mirum
1541 1708 1559 1744 :
1577 1690 1674 1746 ubi
1700 1706 1958 1762 vossepa-

307 1778 483 1830 ratim
497 1776 608 1831 sibi
623 1775 851 1848 quisque
863 1779 1158 1833 consilium
1177 1782 1393 1850 capitis,
1410 1780 1510 1836 ubi
1535 1779 1682 1837 domi
1701 1781 1954 1852 volupta-

312 1864 488 1933 tibus,
506 1865 598 1920 hic
619 1869 863 1935 pecuniae
891 1872 989 1922 aut
1003 1871 1200 1938 gratia
1221 1869 1462 1937 servitis,
1480 1885 1539 1926 eo
1559 1872 1620 1941 ﬁt
1642 1880 1699 1927 ut
1721 1873 1956 1942 impetus

312 1952 416 2022 ﬁat
431 1955 494 2009 in
514 1970 744 2011 vacuam
762 1958 1155 2028 rempublicam
1170 1959 1498 2030 (Sallust.in
1518 1961 1760 2026 Catilin.,
1775 1978 1820 2016 ο.
1836 1961 1952 2032 52).

380 2043 433 2096 6.
470 2044 576 2110 Qui
622 2045 786 2100 audit
829 2045 951 2102 hac
1001 2047 1239 2104 Catonis
1287 2050 1462 2105 verba
1506 2049 1620 2106 sive
1671 2049 1950 2118 Sallustii,

303 2134 473 2202 putat
502 2133 699 2202 quales
730 2133 1047 2190 laudantur
1077 2136 1322 2193 Romani
1352 2143 1595 2207 veteres,
1623 2155 1824 2194 omnes
1853 2155 1952 2195 eos

304 2217 454 2274 tales
476 2223 612 2275 tunc
644 2221 848 2289 fuisse,
880 2222 967 2278 vel
1011 2223 1225 2295 plures.
1257 2226 1384 2281 Non
1414 2227 1498 2282 ita
1527 2231 1650 2282 est:
1693 2227 1951 2297 alioquin

297 2322 440 2362 vera
473 2325 586 2364 non
613 2316 810 2366 essent
840 2312 1110 2383 quaeipsc
1141 2314 1279 2368 item
1297 2315 1523 2382 scribit,
1548 2332 1616 2369 ea
1633 2332 1758 2385 quae
1801 2331 1954 2369 com-

306 2399 630 2454 memoravi
662 2400 721 2453 in
756 2401 1014 2456 secundo
1047 2400 1195 2457 libro
1240 2402 1420 2472 hujus
1451 2403 1642 2474 operis
1665 2403 1816 2474 (Cap.
1845 2403 1953 2471 18),

295 2484 404 2538 ubi
439 2485 605 2555 dicit,
639 2485 887 2555 injurias
920 2486 1288 2558 validiorum,
1321 2493 1376 2543 et
1407 2490 1479 2543 ob
1513 2505 1612 2544 eas
1645 2489 1954 2544 discessio-

295 2587 442 2627 nem
472 2573 660 2642 plebis
689 2590 721 2628 a
755 2573 1037 2644 patribus,
1071 2574 1332 2646 aliasque
1377 2577 1765 2633 dissensiones
1796 2578 1952 2633 domi

295 2659 494 2715 fuisse
513 2661 628 2727 jam
659 2661 792 2716 inde
810 2679 844 2718 a
864 2662 1171 2735 principio,
1204 2681 1393 2736 neque
1423 2667 1678 2739 amplius
1712 2683 1875 2738 aequo
1897 2671 1952 2724 et

295 2748 574 2803 modesto
598 2749 736 2819 jure
762 2755 982 2822 actum,
1011 2768 1187 2824 quam
1212 2754 1474 2826 expulsis
1492 2755 1749 2827 regibus,
1772 2771 1948 2826 quam

295 2836 404 2891 diu
440 2841 631 2893 metus
668 2855 701 2892 a
733 2839 1052 2911 Tarquinio
1096 2841 1222 2909 fuit,
1260 2843 1441 2899 donec
1498 2843 1716 2900 bellum
1754 2859 1946 2916 grave,

294 2927 456 2998 quod
481 2932 712 2999 propter
741 2929 936 3001 ipsum
959 2946 1094 2988 cum
1119 2933 1350 2988 Etruria
1369 2938 1711 3006 susceptum
1733 2935 1946 3004 fuerat,

295 3015 604 3073 ﬁniretur:
638 3022 840 3089 postea
869 3035 1002 3076 vero
1053 3021 1244 3077 servili
1277 3023 1521 3095 imperio
1562 3027 1756 3096 patres
1784 3041 1946 3081 exer-

293 3104 491 3161 cuisse
506 3105 917 3180 plebem,regio
933 3125 1092 3165 more
1111 3110 1612 3184 verberasse,agro
1626 3113 1943 3185 pepulisse,

294 3197 377 3261 et,
406 3194 628 3251 caeteris
655 3196 1011 3267 expertibus,
1036 3197 1188 3256 solos
1210 3200 1468 3273 egissein
1493 3202 1734 3272 imperio
1760 3220 1773 3269 ;
1799 3219 1946 3274 qua-

294 3299 432 3340 rum
466 3283 904 3356 discordiarum,
959 3289 1093 3344 dum
1137 3288 1221 3344 illi
1262 3291 1549 3347 dominari
1597 3292 1826 3362 vellent,
1859 3293 1945 3349 illi

292 3374 516 3430 servire
546 3374 788 3444 nollent,
804 3376 978 3432 finem
1001 3377 1178 3434 fuisse
1196 3377 1410 3434 bellum
1436 3381 1718 3437 Punicum
1740 3397 1946 3438 secun-

290 3463 438 3518 dum
457 3466 473 3498 ¹
496 3481 508 3517 :
531 3463 670 3535 quia
687 3481 891 3522 rursus
912 3467 1103 3538 gravis
1122 3472 1315 3524 metus
1331 3469 1506 3540 cmpit
1529 3485 1753 3541 urgere,
1773 3479 1946 3542 atque

296 3550 515 3609 abillis
537 3554 1096 3625 perturbationibus,
1125 3557 1238 3612 alia
1264 3558 1482 3626 majore
1512 3574 1648 3614 cura
1677 3559 1946 3616 cohibere

292 3641 525 3698 animos
554 3641 862 3714 inquietos,
897 3649 955 3702 et
1001 3647 1071 3702 ad
1105 3647 1470 3702 concordiam
1502 3663 1770 3704 revocare
1800 3650 1945 3704 civi—

287 3730 433 3787 lem.
456 3731 564 3788 Sed
599 3748 698 3804 per
729 3735 1011 3804 quosdam
1053 3751 1293 3806 paucos,
1327 3737 1426 3806 qui
1484 3753 1589 3808 pro
1635 3754 1738 3792 suo
1770 3740 1942 3795 modo

289 3820 435 3876 boni
467 3829 650 3889 erant,
703 3838 912 3893 magna
956 3825 1545 3893 administrabantur,
1604 3833 1794 3898 atque,
1829 3826 1943 3884 illis

289 3908 556 3964 toleratis
583 3926 648 3965 ac
677 3912 1017 3983 temperatis
1066 3913 1258 3984 malis,
1297 3931 1614 3986 paucorum
1655 3916 1941 3972 bonorum

293 3998 658 4068 providentia
684 4015 776 4055 res
806 4000 904 4055 illa
927 4002 1247 4071 crescebat,
1269 4003 1424 4060 sicut
1452 4004 1607 4060 idem
1628 4004 1942 4062 historicus

294 4084 464 4153 dicit,
497 4087 682 4143 multa
711 4088 823 4144 sibi
852 4088 1067 4160 legenti
1103 4096 1160 4146 et
1190 4091 1472 4162 audienti,
1521 4109 1648 4165 quae
1691 4095 1941 4165 populus

288 4173 591 4230 Romanus
624 4176 780 4232 domi
818 4177 1178 4250 militiaque,
1209 4182 1355 4236 mari
1406 4190 1578 4253 atque
1618 4186 1771 4237 terra
1801 4200 1944 4255 pras-

294 4262 458 4319 clara
515 4264 770 4322 facinora
828 4267 1050 4336 fecerit,
1089 4269 1331 4325 libuisse
1385 4287 1448 4327 se
1479 4273 1774 4329 attendere
1812 4290 1942 4344 quae

285 4367 384 4408 res
400 4354 652 4408 maxime
673 4359 830 4410 tanta
845 4357 1076 4428 negotia
1091 4359 1492 4429 sustinuisset;
1509 4361 1780 4430 quoniam
1803 4363 1944 4418 scie-

285 4442 391 4496 bat
407 4457 802 4512 saepenumero
824 4461 1002 4516 parva
1015 4463 1190 4502 manu
1208 4449 1586 4522 cumjmagnis
1615 4450 1940 4522 legionibus

287 4529 553 4586 hostium
585 4533 955 4590 contendisse
996 4535 1310 4604 Romanos,
1349 4545 1697 4609 cognoverat
1746 4542 1940 4612 parvis

281 4618 475 4692 copiis
505 4619 658 4676 bella
687 4625 848 4692 gesta
883 4640 1018 4680 cum
1063 4626 1354 4696 opulentis
1405 4628 1676 4699 regibus;
1721 4631 1942 4701 sibique

286 4707 480 4765 multa
492 4710 735 4781 agitanti
750 4717 1015 4769 constare
1035 4714 1201 4784 dixit,
1218 4733 1535 4788 paucorum
1550 4719 1762 4774 civium
1779 4734 1943 4791 egre-

281 4797 445 4870 giam
472 4799 751 4857 virtutem
781 4807 989 4859 cuncta
1031 4807 1371 4876 patravisse,
1395 4823 1578 4878 eoque
1617 4808 1836 4865 factum
1877 4813 1942 4867 ut

285 4885 524 4943 divitias
537 4892 1312 4961 paupertas,multitudinem
1329 4896 1938 4968 paucitas‘superaret.

283 4973 392 5031 Sed
418 4985 704 5050 postquam
735 4979 872 5036 luxu
894 4990 1059 5054 atque
1090 4982 1324 5051 desidia,
1353 4985 1570 5056 inquit,
1591 4987 1784 5042 civitas
1812 5003 1940 5044 eor-

282 5073 455 5137 rupta
473 5071 575 5137 est,
607 5084 804 5126 rursus
828 5073 1140 5144 respublica
1163 5073 1551 5144 magnitudine
1570 5077 1660 5133 sui
1688 5076 1939 5148 impera-

278 5157 466 5211 torum
478 5160 640 5228 atque
651 5158 1080 5228 magistratuum
1098 5165 1866 5224 vitiasuslentabal.Paucoru
1878 5185 1934 5224 m

284 5242 471 5316 igitur
501 5246 684 5302 virtus
705 5249 773 5303 ad
797 5249 1064 5320 gloriam,
1098 5253 1398 5320 honorem,
1431 5255 1766 5327 imperium,
1802 5273 1935 5314 vera

282 5332 405 5402 via,
439 5332 498 5388 id
531 5339 619 5390 est
648 5336 862 5394 virtute
906 5339 1056 5412 ipsa,
1088 5342 1420 5412 nitentium,
1454 5345 1627 5400 etiam
1657 5361 1689 5399 a
1721 5345 1934 5401 Catone

280 5421 529 5477 laudata
550 5427 656 5479 est.
674 5423 820 5483 IIinc
841 5436 961 5485 erat
982 5430 1134 5485 domi
1156 5430 1462 5500 industria,
1479 5447 1655 5504 quam
1679 5448 1933 5489 comme-

281 5510 539 5568 moravit
568 5513 728 5584 Cato,
751 5520 814 5572 ut
845 5517 1113 5576 marium
1154 5523 1309 5577 esset
1337 5521 1703 5592 opulentum,
1725 5525 1930 5582 tenues

347 5713 362 5745 ι
399 5708 521 5784 Mss.
573 5711 685 5772 766,
722 5714 875 5784 2059,
917 5716 1042 5767 2052
1087 5721 1138 5770 et
1178 5717 1320 5775 2053,
1371 5722 1542 5783 ﬁnem
1580 5721 1758 5781 fuisse
1790 5721 1929 5771 bello

287 5778 500 5833 punico
526 5778 786 5830 secundo.
825 5779 894 5828 M.

2069 816 2299 874 CAPUT
2328 818 2474 874 XIII.
2501 847 2568 858 -—
2586 819 2659 874 De
2688 830 2876 872 amore
2906 812 3116 878 laudis,
3141 815 3238 884 qui
3259 829 3384 868 cum
3401 815 3471 869 sit
3493 816 3719 885 vitium,

2138 908 2205 963 ob
2238 909 2334 963 hoc
2362 907 2539 963 virtus
2569 913 2818 978 putatur,
2844 905 2974 974 quia
2997 918 3095 974 per
3117 904 3300 974 ipsum
3331 902 3467 958 vitia
3499 905 3715 970 maiora

2139 996 2477 1052 cohibentur.

2141 1106 2524 1171 Quamobrem
2558 1121 2690 1160 cum
2711 1104 2811 1160 diu
2835 1103 3082 1158 fuissent
3106 1116 3285 1171 regna
3316 1099 3568 1156 Orientis
3589 1101 3722 1157 illu-

2068 1196 2206 1251 stria
2237 1197 2336 1266 (a),
2369 1195 2552 1251 voluit
2577 1200 2724 1250 Deus
2741 1199 2797 1250 et
2825 1190 3185 1248 occidentale
3208 1191 3354 1258 ﬁeri,
3379 1192 3530 1260 quod
3566 1195 3719 1246 tem-

2067 1301 2204 1356 pore
2221 1291 2375 1340 esset
2389 1283 2699 1355 posterius,
2716 1283 2817 1338 sed
2837 1280 3066 1353 imperii
3090 1279 3400 1334 latitudine
3421 1283 3477 1333 et
3497 1281 3720 1350 magni-

2065 1374 2268 1429 tudine
2283 1373 2590 1429 illustrius.
2607 1375 2787 1444 quue
2804 1371 3025 1427 talibus
3043 1368 3412 1439 potissimum
3429 1369 3720 1423 concessit

2068 1461 2404 1518 hominibus
2425 1463 2496 1517 ad
2529 1461 2818 1516 domanda
2836 1460 3038 1532 gravia
3060 1456 3212 1511 mala
3244 1456 3561 1510 multarum
3588 1473 3719 1526 gen-

2063 1551 2204 1606 tium
2217 1552 2340 1621 ,qui
2356 1568 2532 1607 causa
2545 1551 2799 1618 honoris,
2820 1547 3008 1604 laudis
3022 1544 3283 1617 etglorie:
3300 1547 3722 1599 consuluerunt

2062 1641 2280 1711 patriae,
2306 1641 2364 1695 in
2397 1656 2513 1712 qua
2535 1640 2719 1710 ipsam
2745 1637 2988 1710 gloriam
3013 1634 3411 1705 requirebant,
3435 1633 3712 1688 salutem-

2059 1745 2172 1800 que
2187 1731 2317 1801 ejus
2332 1730 2644 1785 salutisuae
2669 1742 3000 1800 praeponere
3016 1741 3130 1780 non
3150 1723 3584 1788 dubitaverunt,
3608 1738 3710 1793 pro

2058 1817 2169 1875 isto
2203 1836 2318 1876 uno
2349 1820 2585 1886 vitio,id
2616 1825 2706 1874 est
2735 1833 2932 1873 amore
2964 1815 3178 1880 laudis,
3199 1812 3459 1884 pecunias
3478 1811 3716 1883 cupidi-

2059 1912 2222 1964 tatem
2253 1914 2311 1964 et
2341 1910 2529 1964 multa
2558 1908 2671 1963 alia
2693 1906 2828 1962 vitia
2851 1904 3326 1976 comprimentes.
3349 1900 3542 1972 [Xlll.]
3565 1901 3712 1957 Nam

2059 2000 2253 2053 sanius
2287 1998 2575 2070 videt,qui
2601 2001 2656 2052 et
2687 2011 2942 2052 amorem
2979 1992 3173 2048 laudis
3213 1991 3419 2046 vitium
3451 2005 3581 2045 esse
3610 2007 3716 2046 co-

2057 2087 2313 2156 gnoscit:
2351 2087 2505 2156 quod
2535 2102 2641 2141 nec
2668 2093 2894 2157 poetam
2923 2081 3074 2153 fugit
3105 2079 3430 2148 Horatium,
3463 2079 3563 2148 qui
3597 2079 3710 2134 ait:

2118 2202 2312 2250 Laudis
2335 2214 2513 2250 amore
2543 2204 2732 2254 tumes.
2765 2200 2892 2248 sunt
2926 2199 3073 2246 certa
3094 2193 3306 2257 piacula
3333 2207 3469 2255 quae
3505 2194 3557 2240 te

2121 2265 2218 2312 Ter
2246 2277 2378 2325 pure
2411 2265 2545 2312 lecto
2575 2265 2824 2325 poterunt
2851 2256 3318 2325 recreare’libello.

2293 2315 2679 2386 Epistolarum
2713 2324 2807 2372 lib.
2843 2321 2888 2378 1,
2921 2323 3080 2383 epist.
3116 2319 3159 2380 1,
3193 2332 3334 2367 vers.
3365 2315 3444 2373 36,
3474 2315 3553 2363 37.

2057 2432 2334 2500 Idemque
2363 2429 2424 2485 in
2453 2429 2708 2486 carmine
2739 2427 2938 2498 lyrico,
2959 2427 3030 2480 ad
3055 2422 3482 2494 reprimendam
3518 2418 3704 2475 domi-

2058 2521 2239 2576 nandi
2272 2518 2572 2574 libidinem
2604 2519 2686 2572 ita
2716 2514 2926 2571 cecinit
2960 2530 2973 2568 :

2117 2634 2299 2683 Latius
2326 2646 2512 2693 regnes
2539 2632 2758 2681 avidum
2785 2629 3048 2678 domando
3079 2628 3101 2662 2

2118 2690 2583 2759 ερὶτὶιυωξᾳυαω
2617 2696 2664 2744 si
2691 2694 2911 2756 Libyam
2945 2690 3163 2759 [emotis

2117 2751 2351 2809 Gadibus
2382 2751 2592 2822 iungas,
2621 2760 2674 2806 et
2700 2751 2924 2822 uterque
2952 2755 3146 2802 Poenus
3174 2751 3241 2812 (ὁ)

2397 2821 2608 2869 Serviat
2633 2820 2730 2869 uni

2395 2883 2668 2946 (Carmin.
2703 2881 2795 2930 lib.
2826 2878 2874 2936 2,
2906 2893 3079 2928 carm.
3110 2877 3161 2935 2,
3192 2891 3330 2927 vers.
3365 2874 3412 2936 9,
3445 2873 3544 2939 12.)

2121 2995 2540 3048 Verumtamen
2565 2990 2662 3061 qui
2691 2987 2963 3045 libidines
2984 2986 3297 3058 turpiores,
3314 2983 3426 3040 (ide
3456 2982 3696 3056 pietatis

2049 3082 2360 3154 impetrato
2383 3079 2599 3152 Spiritu
2624 3082 2848 3145 sancto,
2871 3085 2922 3132 et
2944 3091 3142 3131 amore
3161 3072 3550 3146 intelligibilis
3569 3069 3699 3144 pul-

2049 3171 2400 3228 chritudinis
2421 3185 2537 3226 non
2569 3169 2881 3235 refrenant,
2906 3164 3112 3222 melius
3136 3163 3342 3219 saltem
3375 3161 3696 3233 cupiditate

2052 3263 2320 3318 humanas
2333 3259 2522 3316 laudis
2537 3263 2594 3314 et
2612 3257 2830 3328 glorise,
2849 3272 2964 3311 non
2987 3253 3222 3325 quidem
3235 3254 3356 3322 jam
3372 3253 3576 3319 sancti,
3594 3251 3696 3306 sed

2051 3353 2246 3406 minus
2278 3355 2481 3420 turpes
2514 3347 2870 3403 sunt.Etiam
2899 3343 3123 3399 Tullius
3154 3342 3290 3397 hinc
3322 3339 3698 3396 dissimulare

2052 3456 2168 3496 non
2199 3437 2504 3511 potuit2,in
2525 3435 2745 3492 eisdem
2771 3433 2938 3490 libris
2954 3449 3103 3504 quos
3123 3432 3195 3487 de
3217 3430 3536 3502 Republica
3548 3428 3692 3485 scri-

2051 3529 2188 3602 psit,
2221 3528 2319 3582 ubi
2353 3527 2612 3597 loquitur
2639 3525 2710 3579 de
2742 3523 3100 3580 instituendo
3133 3521 3389 3591 principe
3419 3520 3697 3586 vivitatis,

2051 3633 2223 3691 quem
2254 3615 2397 3672 dicit
2427 3615 2702 3671 alendum
2734 3628 2862 3668 esse
2903 3612 3124 3681 gloria;
3171 3615 3228 3665 et
3276 3612 3699 3677 consequenter

2049 3709 2471 3763 commemorat
2487 3705 2736 3774 majores
2752 3717 2892 3757 suos
2909 3700 3091 3754 multa
3105 3698 3252 3753 mira
3273 3701 3450 3766 atque
3462 3694 3699 3765 praecla-

2049 3813 2113 3854 ra
2133 3795 2330 3868 glorias
2344 3794 2661 3864 cupiditate
2674 3791 2901 3846 fecisse.
2923 3789 3063 3843 Huic
3078 3803 3214 3858 ergo
3227 3786 3364 3841 vitio
3380 3800 3494 3838 non
3512 3781 3700 3839 solum

2048 3903 2164 3944 non
2179 3884 2756 3953 resistebant,verum
2772 3880 2944 3937 etiam
2965 3879 3021 3934 id
3039 3877 3411 3934 excitandum
3430 3878 3487 3929 et
3500 3889 3700 3928 accen-

2049 3976 2302 4034 dendum
2328 3990 2453 4030 esse
2483 3972 2814 4038 censebant,
2840 3972 3109 4042 putantes
3137 3967 3243 4022 boc
3267 3961 3409 4020 utile
3438 3978 3562 4018 esse
3585 3961 3697 4018 rei—

2050 4065 2314 4138 publicae.
2349 4064 2690 4134 Quanquam
2723 4076 2827 4116 nec
2859 4061 2917 4114 in
2939 4057 3085 4128 ipsis
3116 4050 3498 4128 philosophias
3530 4050 3696 4106 libris

2048 4155 2274 4212 Tullius
2288 4155 2360 4209 ab
2378 4152 2488 4209 hac
2501 4156 2662 4224 peste
2679 4146 3034 4215 dissimulet,
3056 4147 3154 4202 ubi
3172 4160 3300 4200 eam
3321 4142 3450 4197 luce
3477 4140 3696 4196 clarius

2046 4244 2373 4302 confitetur.
2392 4243 2534 4297 Cum
2559 4241 2717 4297 enim
2748 4240 2816 4294 de
2847 4236 3061 4292 studiis
3092 4233 3306 4290 talibus
3337 4232 3695 4302 loqueretur,

2048 4351 2176 4407 quas
2207 4334 2411 4403 utique
2441 4329 2714 4387 sectanda
2736 4337 2873 4384 sunt
2893 4327 3006 4381 line
3035 4325 3152 4380 veri
3183 4321 3472 4390 boni,non
3505 4323 3699 4375 vento-

2048 4425 2218 4480 sitate
2231 4420 2424 4477 laudis
2439 4421 2728 4488 humanae,
2748 4419 2894 4472 hanc
2908 4415 3107 4470 intulit
3125 4411 3507 4468 universalem
3522 4424 3692 4481 gene-

2048 4513 2346 4581 ralemque
2366 4509 2747 4564 sententiam:
2774 4507 2949 4562 Honos
2982 4504 3085 4559 alit
3108 4507 3255 4558 artes
3276 4513 3565 4569 omnesque
3599 4514 3690 4553 ac-

2047 4601 2362 4658 cenduntur
2390 4599 2463 4655 ad
2491 4597 2679 4654 studia
2705 4596 2904 4666 gloria,
2937 4595 3221 4664 iacentque
3249 4605 3312 4647 ea
3335 4605 3552 4660 semper
3571 4603 3691 4658 qum

2047 4690 2197 4763 apud
2241 4703 2476 4760 quosque
2519 4687 2908 4758 improbantur
2957 4683 3188 4754 (Tuscul.
3249 4681 3446 4747 Quaest.
3505 4678 3604 4733 lib.
3641 4680 3690 4744 l,

2047 4796 2172 4851 cap.
2201 4780 2280 4852 2).

2048 4915 2274 4972 CAPUT
2303 4913 2454 4970 XIV.
2490 4943 2554 4954 --
2587 4912 2657 4967 De
2684 4907 2975 4966 resecando
2996 4919 3180 4962 amore
3211 4903 3390 4959 laudis
3410 4900 3689 4966 humanae,

2188 5004 2454 5077 quoniam
2473 5003 2751 5072 justorum
2781 4999 2960 5068 gloria
3000 4997 3180 5051 omnis
3220 4995 3279 5049 in
3318 4991 3422 5048 Deo
3451 4991 3541 5045 sit.

2117 5114 2262 5170 Huic
2293 5111 2474 5185 igitur
2502 5108 2802 5182 cupiditati
2829 5106 3038 5164 melius
3063 5104 3351 5161 resistitur
3369 5101 3496 5157 sine
3520 5096 3691 5153 dubi-

2043 5203 2283 5272 tatione,
2312 5217 2490 5275 quam
2522 5199 2764 5256 ceditur.
2792 5199 2976 5254 Tanto
3008 5196 3164 5253 enim
3195 5193 3445 5265 quisque
3466 5192 3551 5244 est
3571 5186 3688 5242 Deo

2044 5293 2311 5359 similior,
2345 5295 2562 5364 quanto
2594 5297 2678 5346 est
2718 5289 2788 5344 ab
2838 5287 2947 5344 hac
2986 5283 3364 5344 immunditia
3396 5277 3686 5336 mundior.

2108 5469 2124 5503 ι
2157 5465 2301 5525 Mss,
2330 5463 2441 5521 766,
2475 5463 2706 5512 Latium
2735 5473 2934 5524 regnes
2963 5459 3189 5525 avidum
3210 5451 3587 5525 nominando.
3619 5453 3686 5503 M.

2104 5527 2127 5562 9
2156 5515 2310 5576 Vind'.
2359 5515 2474 5575 Am.
2513 5527 2645 5576 Er.:
2690 5515 2875 5574 Etiam
2922 5523 3151 5574 Tullius
3201 5519 3322 5569 inde
3361 5515 3528 5564 silere
3574 5533 3689 5567 non

2033 5590 2236 5654 potuit.
2260 5591 2383 5654 Non,
2400 5590 2556 5639 male.

2105 5654 2176 5716 (α)
2205 5653 2546 5714 Assyriorum
2575 5651 2790 5711 scilicet,
2814 5651 3108 5716 Medorum,
3147 5645 3442 5706 Persarum,
3473 5645 3593 5701 etc.,
3624 5648 3689 5695 de

2037 5713 2233 5780 quibu
2263 5713 2438 5777 supra,
2468 5716 2571 5780 lib.
2591 5716 2780 5780 μαψ.
2814 5713 2860 5760 7.

2106 5780 2171 5843 (ὁ)
2195 5771 2434 5844 Libycus
2454 5780 2506 5830 et
2538 5771 2848 5834 Gaditanus,
2880 5774 3168 5838 interprete
3200 5771 3458 5835 Porphyr.
