4128 6190
444 362 559 423 189

435 494 570 562 Quae
585 493 645 549 in
667 493 777 550 hac
787 493 908 550 vita
927 493 1035 551 etsi
1053 509 1168 551 non
1185 491 1450 548 funditus
1466 489 1793 546 eradicatur
1806 503 1874 543 ex
1886 485 2080 552 corde,

440 584 578 656 quia
625 583 800 640 etiam
859 584 1006 640 bene
1054 581 1416 656 proﬁcientes
1455 581 1684 637 animos
1720 583 1938 635 tentare
1967 594 2082 633 non

441 677 660 742 cessat;
689 674 890 730 saltem
910 673 1197 742 cupiditas
1219 671 1413 744 glorias
1444 673 1749 742 superetur
1771 667 2082 724 dilectione

435 761 714 832 justitiee'
743 778 757 817 :
790 762 921 817 utsi
955 761 1164 817 alicubi
1184 761 1404 831 jaceat,
1439 775 1568 831 quas
1616 758 1768 828 apud
1820 771 2083 828 quosque

440 849 866 922 improbantur,
883 850 930 904 si
954 851 1126 918 bona,
1144 849 1193 905 si
1216 853 1372 904 recta
1393 852 1552 916 sunt,
1577 847 1752 904 etiam
1773 847 1898 918 ipse
1923 861 2084 901 amor

445 940 709 995 humana:
739 937 928 993 laudis
957 939 1279 1008 erubescat,
1312 942 1369 994 et
1397 935 1765 992 cedatamori
1797 934 2079 990 veritatis.

442 1028 581 1084 Tam
597 1027 750 1082 enim
767 1031 855 1083 est
873 1027 978 1083 hoc
990 1028 1194 1084 vitium
1209 1027 1512 1082 inimicum
1536 1027 1642 1097 pias
1659 1023 1813 1090 fidei,
1834 1023 1882 1079 si
1898 1024 2084 1094 major

439 1115 499 1170 in
532 1115 701 1170 corde
750 1115 826 1171 sit
873 1116 1164 1187 cupiditas
1204 1116 1394 1186 glorise
1450 1130 1627 1187 quam
1659 1113 1758 1169 Dei
1791 1114 1970 1169 timor
1993 1113 2079 1167 vel

439 1209 702 1274 amor,ut
724 1204 1004 1260 Dominus
1035 1205 1270 1274 diceret,
1300 1203 1575 1274 Quomodo
1592 1202 1816 1275 potestis
1844 1202 2079 1262 credere.

436 1293 678 1362 gloriam
697 1293 764 1348 ab
797 1295 1033 1350 invicem
1053 1302 1444 1366 exspectantes,
1462 1298 1512 1349 et
1531 1295 1768 1366 gloriam
1779 1308 1897 1364 qua:
1913 1309 1945 1347 a
1971 1291 2084 1348 solo

435 1385 545 1439 Deo
575 1391 777 1440 estnon
807 1395 1106 1454 quarenles
1127 1386 1304 1456 (Joan.
1339 1402 1390 1454 v,
1415 1383 1544 1454 ΗΠ
1574 1387 1719 1440 Item
1751 1383 1821 1438 de
1844 1381 2085 1454 quibus-

436 1473 596 1541 dam,
630 1473 726 1542 qui
758 1473 818 1527 in
849 1489 983 1529 eum
1011 1475 1393 1542 crediderant,
1425 1477 1482 1529 et
1507 1473 1858 1529 verebantur
1889 1471 2082 1543 palam

437 1561 719 1629 confiteri,
753 1561 830 1617 ait
861 1563 1221 1632 Evangelista
1247 1579 1259 1618 :
1286 1563 1606 1619 Dilexerunt
1636 1561 1877 1634 gloriam
1907 1561 2082 1616 homi-

437 1665 571 1705 num
600 1652 776 1721 magis
806 1668 971 1722 quam
990 1653 1086 1708 Dei
1116 1652 1218 1724 (Id.
1251 1668 1351 1720 xn,
1384 1652 1493 1723 44).
1528 1651 1690 1716 Quod
1721 1650 1906 1705 sancti
1929 1655 2082 1720 Apo-

438 1739 570 1796 stoli
607 1757 719 1794 non
745 1740 1035 1796 fecerunt:
1071 1743 1169 1813 qui
1192 1741 1401 1798 cumin
1422 1740 1512 1798 his
1532 1739 1673 1796 locis
1700 1739 2084 1810 praedicarent

440 1828 656 1885 Christi
671 1831 1010 1898 nomen,ubi
1026 1848 1137 1887 non
1154 1829 1341 1887 solum
1357 1829 1763 1902 improbabatu
1775 1828 1978 1898 r(sicut
1991 1827 2086 1884 ille

446 1918 549 1987 ait,
571 1920 863 1990 Jacentque
881 1935 944 1975 ea
963 1935 1193 1992 semper,
1217 1936 1335 1991 quae
1351 1919 1497 1987 apud
1519 1934 1753 1990 quosque
1769 1919 2086 1988 improban-

437 2006 578 2079 tur),
603 2023 797 2062 verum
832 2009 1004 2064 etiam
1026 2025 1270 2064 summae
1289 2008 1691 2065 detestationis
1722 2006 2081 2075 habebatur;

441 2100 700 2152 tenentes
721 2097 874 2167 quod
907 2098 1423 2154 audierantabono
1455 2097 1731 2170 Magistro
1763 2097 2086 2167 eodemque

443 2187 667 2243 medico
682 2186 993 2244 mentium.
1016 2188 1078 2243 Si
1097 2190 1220 2260 quis
1239 2205 1326 2244 me
1354 2187 1633 2258 negaverit
1649 2203 1832 2243 coram
1855 2185 2088 2242 homini-

440 2276 557 2344 bus,
577 2276 786 2343 negabo
807 2292 931 2331 eum
961 2293 1143 2332 coram
1175 2279 1339 2333 Patre
1365 2292 1504 2344 meo,
1530 2279 1627 2347 qui
1651 2277 1712 2331 in
1732 2274 1881 2330 caelis
1907 2279 2004 2341 est,
2037 2280 2088 2332 et

442 2379 625 2418 coram
649 2363 918 2433 'Angelis
948 2363 1044 2419 Dei
1073 2364 1298 2433 (Matth.
1326 2382 1383 2428 x,
1415 2365 1517 2430 33;
1552 2364 1684 2419 Luc.
1702 2379 1798 2430 xu,
1819 2363 1907 2431 9);
1939 2361 2089 2419 inter

441 2450 748 2507 maledicta
763 2455 819 2506 et
833 2468 905 2522 op
915 2451 1165 2522 probria,
1182 2453 1332 2508 inter
1342 2451 1719 2523 gravissimas
1739 2451 2086 2520 persecutio-

437 2539 939 2610 nescrudelesque
961 2555 1160 2611 poenas
1177 2557 1290 2597 non
1310 2540 1718 2596 suntdeterriti
1752 2557 1785 2595 a
1810 2539 2083 2611 praedica-

441 2629 602 2685 tione
631 2628 839 2684 salutis
873 2629 1136 2684 humana
1167 2633 1327 2685 tanto
1361 2629 1588 2685 fremitu
1611 2629 1948 2686 offensionis
1970 2627 2088 2684 hu-

437 2733 643 2773 mana.
677 2717 746 2772 Et
777 2717 927 2789 quod
956 2733 1053 2774 eos
1083 2717 1282 2774 divina
1313 2719 1582 2774 facientes
1615 2723 1792 2790 atque
1823 2719 2082 2773 dicentes

445 2806 1347 2877 divinequeviventes,debellatis
1361 2809 1793 2879 quodammodo
1806 2807 2082 2863 cordibus

437 2893 620 2962 duris,
635 2899 806 2966 atque
820 2894 1154 2951 introducta
1167 2913 1306 2968 pace
1322 2896 1588 2967 justitia),
1605 2894 2088 2967 ingensinEccle-

442 2984 528 3040 sia
557 2983 772 3039 Christi
798 2982 978 3053 gloria
999 2989 1306 3040 consecuta
1328 2989 1448 3052 est;
1481 2983 1679 3040 nonin
1702 2999 1769 3040 ea
1793 2987 2077 3054 tanquam

439 3072 500 3128 in
529 3089 647 3128 sum
693 3072 934 3128 virtutis
990 3073 1105 3128 tiae
1144 3073 1526 3144 quieverunt:
1559 3072 1661 3128 sed
1693 3087 1822 3127 eam
1850 3087 2082 3142 quoque

433 3160 624 3233 ipsam
657 3161 727 3216 ad
762 3162 860 3216 Dei
892 3161 1137 3234 gloriam
1160 3162 1496 3228 referentes,
1527 3161 1698 3231 cujus
1729 3161 1917 3232 gratia
1937 3159 2083 3215 tales

434 3255 620 3320 erant,
655 3250 764 3305 isto
795 3267 1029 3321 quoque
1058 3250 1257 3305 fomite
1287 3267 1404 3319 eos,
1427 3250 1641 3322 quibus
1675 3249 2079 3317 consulebant,

427 3341 498 3395 ad
531 3356 786 3396 amorem
816 3339 1000 3405 illius,
1021 3357 1053 3394 a
1080 3357 1194 3412 quo
1226 3344 1284 3394 et
1313 3339 1426 3411 ipsi
1458 3339 1602 3394 tales
1626 3339 1852 3405 tierent,
1882 3355 2082 3395 accen-

428 3429 665 3484 debant.
691 3429 952 3498 Namque
984 3445 1055 3484 ne
1073 3434 1307 3500 pr0pter
1335 3428 1650 3484 humanam
1673 3427 1919 3499 gloriam
1945 3427 2080 3483 boni

433 3522 653 3584 essent,
674 3517 1060 3573 docuerateos
1080 3517 1358 3589 Magister
1376 3517 1633 3584 illorum,
1651 3517 1874 3572 dicens:
1891 3515 2083 3573 Cavete

430 3613 612 3681 facere
617 3606 893 3676 justitiam
908 3616 1144 3663 vestram
1158 3623 1342 3662 coram
1355 3607 1752 3674 hominibus,ut
1768 3606 2084 3662 videamini

437 3701 504 3754 ab
537 3699 652 3759 eis;
673 3698 920 3768 alioquin
945 3698 1243 3753 mercedem
1272 3715 1384 3754 non
1409 3699 1674 3755 habebitis
1695 3699 1838 3770 apud
1861 3701 2081 3754 Patrem

427 3795 687 3856 vestrum,
718 3786 815 3858 qui
845 3790 903 3842 in
928 3788 1078 3844 cwlis
1107 3792 1183 3843 est
1204 3788 1413 3858 (Matth.
1437 3805 1513 3855 vr,
1535 3790 1606 3857 1).
1627 3789 1738 3844 Sed
1769 3805 1973 3844 rursus
2008 3804 2080 3842 ne

430 3874 541 3931 hoc
559 3890 826 3946 perverse
847 3874 1236 3946 intelligentes
1251 3875 1585 3931 hominibus
1613 3875 1836 3946 placere
1857 3879 2080 3930 metue-

432 3963 918 4032 rent,minusque
950 3965 1293 4033 prodessent
1321 3963 1549 4019 latendo
1569 3966 1721 4034 quod
1748 3963 1881 4018 boni
1913 3967 2075 4032 sunt,

429 4053 843 4110 demonstrans
859 4067 973 4120 quo
997 4051 1111 4105 fine
1132 4051 1492 4107 innotescere
1507 4053 1798 4119 deberent,
1817 4053 2078 4122 Luceant,

429 4139 642 4210 inquit,
672 4154 836 4208 opera
859 4142 1037 4194 vestra
1058 4155 1244 4194 coram
1264 4140 1602 4207 hominibus,
1619 4149 1679 4196 ut
1701 4139 1919 4196 videant
1942 4142 2081 4197 bona

431 4229 582 4298 facta
602 4230 804 4293 vestra,
823 4235 872 4281 et
899 4227 1211 4296 gloriﬁcent
1226 4229 1446 4283 Patrem
1462 4233 1718 4296 uestrum,
1737 4230 1838 4299 qui
1858 4228 1916 4284 in
1929 4231 2080 4288 caelis

431 4319 510 4373 est
539 4315 640 4385 (Id.
661 4330 717 4384 v,
753 4315 862 4386 16).
890 4315 1014 4371 Νοη
1048 4331 1204 4386 ergo,
1237 4324 1296 4370 ut
1323 4315 1626 4373 videamini
1667 4319 1736 4373 ab
1775 4319 1873 4384 eis,
1907 4318 1959 4373 id
1992 4324 2082 4376 est

434 4405 542 4460 hac
576 4404 896 4460 intentione
928 4409 991 4460 ut
1020 4421 1118 4460 eos
1149 4407 1220 4460 ad
1251 4421 1351 4462 vos
1399 4405 1656 4463 converti
1703 4406 1913 4476 velitis,
1945 4409 2081 4479 quia

429 4510 546 4550 non
579 4509 681 4565 per
707 4509 808 4550 vos
840 4493 1063 4564 aliquid
1096 4494 1237 4550 estis
1266 4511 1278 4549 :
1312 4495 1413 4551 sed
1444 4498 1504 4550 ut
1533 4495 1840 4566 gloriﬁcent
1861 4499 2082 4554 Patrem

427 4588 698 4648 vestrum,
717 4585 812 4654 qui
831 4585 891 4638 in
909 4585 1060 4638 caelis
1075 4592 1174 4649 est,
1193 4585 1263 4638 ad
1284 4600 1457 4655 quem
1481 4586 1737 4641 conversi
1761 4585 1904 4642 ﬁant
1921 4588 2078 4659 quod

430 4671 750 4729 estis3.Hos
784 4673 966 4728 secuti
1013 4676 1150 4729 sunt
1201 4679 1508 4746 martyres,
1541 4676 1642 4746 qui
1691 4676 1992 4743 Scaevolas,
2022 4681 2079 4733 et

431 4761 681 4832 Curtios,
705 4765 762 4816 et
790 4760 1013 4830 Decios,
1047 4777 1161 4818 non
1197 4761 1308 4817 sibi
1368 4763 1670 4819 inferendo
1709 4780 1931 4836 pinnas,
1975 4766 2074 4821 sed

430 4849 627 4908 illatas
656 4851 910 4920 ferendo,
934 4855 991 4907 et
1011 4851 1224 4908 virtute
1235 4867 1387 4921 vera,
1406 4853 1681 4924 quoniam
1694 4870 1826 4910 vera
1848 4854 2077 4926 pietate,

428 4947 484 4998 et
514 4939 934 4997 innumerabili
967 4941 1339 4998 multitudine
1378 4951 1743 5014 superarunt.
1777 4943 1888 5000 Sed
1939 4961 2074 5002 cum

432 5029 800 5087 illiessentin
833 5031 1065 5086 civitate
1095 5033 1580 5103 terrena,quibus
1610 5033 1940 5105 propositus
1955 5040 2078 5092 erat

430 5119 696 5176 omnium
729 5134 827 5188 pro
861 5117 960 5174 illa
990 5119 1316 5175 officiorum
1351 5121 1896 5188 finis,incolumitae
1927 5126 2073 5194 ejus,

427 5215 484 5268 et
513 5224 755 5282 regnum
789 5223 904 5264 non
937 5209 996 5263 in
1026 5209 1192 5278 calo,
1225 5211 1327 5265 sed
1377 5211 1437 5266 in
1478 5219 1666 5282 terra;
1701 5229 1816 5268 non
1868 5213 1928 5268 in
1959 5214 2076 5270 vita

432 5304 659 5355 mternas
675 5318 690 5367 ;
705 5297 806 5354 sed
821 5297 878 5352 in
893 5297 1230 5354 decessione
1247 5300 1622 5356 morientium
1636 5305 1693 5356 et
1711 5303 2076 5360 successione

435 5387 894 5444 moriturorum:
929 5385 1063 5458 quid
1105 5387 1267 5442 aliud
1308 5393 1574 5444 amarent
1603 5406 1779 5463 quam
1803 5390 2073 5463 gloriam,

469 5516 509 5586 ,ί
556 5509 806 5562 Nonnulli
827 5512 1190 5576 manuscripti,
1211 5522 1508 5576 superetur
1519 5515 1871 5567 delectatione
1893 5517 2074 5578 justi-

436 5582 717 5701 “?lﬁqetri
746 5639 1110 5701 manuscripti,
1141 5640 1228 5688 oel
1258 5654 1462 5690 coram.
1493 5641 1562 5691 Μ.

497 5696 691 5766 {nam
725 5700 896 5766 :nHoo.
938 5696 1154 5752 At‘Mss.
1193 5704 1395 5762 :Hos;
1437 5703 1493 5752 id
1539 5704 1638 5765 est,
1688 5704 1981 5766 Apoetolos.
2012 5705 2078 5758 de

434 5758 630 5823 quibus
657 5760 833 5810 antea.

1496 357 1598 418 DE
1641 352 2012 416 CIVITATE
2053 350 2207 420 DEI,
2255 348 2314 410 S.
2362 350 2784 415 AUGUSTINI

3730 356 3846 418 160

2191 499 2311 555 qua
2331 483 2599 542 volebant
2628 486 2802 544 etiam
2831 490 2959 560 post
2989 495 3231 546 mortem
3262 491 3534 562 tanquam
3565 490 3758 548 vivere
3779 491 3838 548 in

2195 589 2290 630 ore
2312 573 2677 633 laudantium
2698 578 2727 632 ?

2187 717 2424 776 CAPUT
2455 720 2571 776 XV.
2609 754 2678 763 —
2711 724 2786 779 De
2837 725 3083 780 mercede
3134 727 3446 798 temporali,
3481 745 3647 799 quam
3679 728 3814 784 Deus

2435 811 2677 868 reddidit
2725 813 2879 870 bonis
2911 814 3152 871 moribus
3193 817 3585 873 Romanorum.

2262 928 2481 995 Quibus
2495 947 2629 1003 ergo
2653 948 2766 988 non
2781 938 2905 988 erat
2923 933 3077 989 Deus
3101 934 3347 991 daturus
3363 935 3542 992 vitam
3564 943 3835 994 aeternam

2189 1032 2320 1072 cum
2352 1018 2562 1075 sanctis
2597 1021 2831 1093 Angelis
2863 1020 2986 1078 suis
3018 1025 3073 1078 in
3106 1023 3338 1080 civitate
3371 1041 3478 1080 sua
3499 1025 3740 1092 caelesti,
3762 1027 3835 1082 ad

2188 1106 2360 1176 cujus
2381 1107 2712 1164 societatem
2730 1111 2914 1181 pietas
2927 1127 3059 1166 vera
3077 1111 3362 1182 perducit,
3386 1129 3514 1185 quae
3540 1130 3658 1169 non
3673 1115 3834 1170 exhi-

2189 1193 2283 1249 bet
2303 1196 2637 1254 servitutem
2668 1199 2984 1271 religionis,
3017 1216 3192 1270 quam
3222 1197 3474 1276 λατρείαν
3509 1203 3692 1260 Graeci
3726 1221 3833 1261 vo-

2187 1288 2343 1352 cant,
2375 1286 2483 1341 nisi
2512 1287 2608 1342 uni
2637 1305 2768 1345 vero
2790 1288 2934 1345 Deo:
2970 1290 3015 1344 si
3043 1306 3232 1362 neque
3260 1291 3411 1347 hanc
3434 1293 3517 1348 eis
3540 1296 3830 1350 terrenam

2186 1373 2418 1446 gloriam
2448 1377 2923 1435 excellentissimi
2945 1380 3172 1451 imperii
3190 1383 3548 1449 concederet,
3567 1400 3683 1439 non
3706 1385 3838 1439 red-

2189 1463 2387 1520 deretu
2399 1482 2424 1519 r
2440 1481 2658 1522 merces
2672 1468 2840 1524 bonis
2855 1469 3080 1524 artibus
3095 1486 3313 1536 eorum,
3333 1470 3388 1525 id
3407 1479 3490 1526 est
3505 1471 3836 1543 virtutibus,

2187 1554 2404 1625 quibus
2433 1554 2506 1610 ad
2538 1561 2761 1612 tantam
2787 1557 3034 1630 gloriam
3057 1561 3354 1630 pervenire
3377 1561 3734 1618 nitebantur.
3755 1563 3836 1620 De

2188 1641 2406 1697 talibus
2437 1645 2616 1712 enim,
2651 1646 2749 1716 qui
2786 1651 3017 1717 propter
3054 1647 3157 1703 hoc
3211 1648 3350 1704 boni
3395 1649 3618 1721 aliquid
3652 1651 3836 1707 facere

2187 1730 2473 1796 videntur,
2509 1740 2568 1786 ut
2599 1732 2998 1804 gloriﬁcentur
3022 1734 3093 1790 ab
3134 1735 3498 1808 hominibus,
3516 1738 3693 1794 etiam
3729 1744 3834 1795 Do-

2190 1819 2380 1875 minus
2409 1821 2505 1887 ait,
2541 1821 2706 1876 Amen
2753 1821 2872 1877 dico
2913 1823 3078 1891 vobis,
3119 1830 3478 1896 perceperunt
3529 1827 3835 1884 mercedem

2188 1926 2346 1965 suam
2366 1910 2573 1981 (Matth.
2595 1928 2670 1977 vr,
2691 1912 2767 1983 2).
2787 1912 2880 1967 Sic
2910 1917 2968 1967 et
2984 1912 3078 1968 isti
3099 1914 3351 1984 privatas
3385 1931 3478 1970 res
3499 1933 3635 1971 suas
3654 1933 3755 1988 pro
3777 1934 3834 1974 re

2190 2000 2514 2066 communi,
2537 2000 2646 2056 hoc
2668 2006 2756 2056 est
2779 2001 3098 2072 republica,
3117 2007 3174 2058 et
3191 2021 3292 2074 pro
3315 2005 3442 2075 ejus
3475 2006 3674 2061 aerario
3694 2022 3830 2062 con-

2190 2090 2575 2160 tempserunt,
2604 2088 2863 2146 avaritiae
2893 2091 3251 2160 restiterunt,
3280 2093 3704 2150 consuluerunt
3735 2111 3834 2166 pa-

2193 2179 2311 2234 triae
2343 2178 2580 2234 consilio
2603 2178 2784 2234 libero
2812 2195 2825 2245 ;
2861 2196 3052 2251 neque
3083 2180 3294 2238 delicto
3329 2183 3655 2238 secundum
3687 2201 3831 2241 suas

2191 2267 2365 2338 leges,
2400 2283 2585 2339 neque
2615 2267 2844 2323 libidini
2878 2268 3147 2325 obnoxii:
3181 2269 3276 2326 his
3302 2271 3576 2327 omnibus
3605 2272 3830 2328 artibus

2191 2361 2468 2428 tanquam
2494 2373 2619 2414 vera
2648 2358 2739 2414 via
2771 2359 2878 2414 nisi
2909 2365 3049 2415 sunt
3079 2361 3151 2415 ad
3187 2360 3460 2427 honores,
3495 2362 3825 2434 imperium,

2191 2446 2470 2518 gloriam:
2506 2446 2768 2508 honorati
2802 2453 2940 2502 sunt
2979 2447 3038 2503 in
3072 2449 3348 2504 omnibus
3378 2451 3496 2506 fere
3525 2451 3827 2521 gentibus;

2190 2535 2419 2606 imperii
2452 2537 2541 2591 sui
2572 2536 3155 2608 legesimposuerunt
3177 2537 3374 2594 multis
3404 2539 3675 2611 gentibus
3699 2558 3713 2607 ;
3734 2539 3834 2594 ho-

2191 2624 2620 2696 diequelitteris
2642 2631 2696 2681 et
2719 2625 2962 2682 historia
2982 2626 3217 2698 gloriosi
3241 2636 3374 2683 sunt
3390 2644 3537 2700 pene
3565 2628 3623 2683 id
3645 2627 3834 2684 omni-

2190 2714 2301 2770 bus
2332 2714 2625 2786 gentibus.
2666 2715 2790 2769 Non
2823 2719 2911 2771 est
2941 2717 3093 2786 quod
3124 2717 3195 2772 de
3231 2717 3444 2772 summi
3495 2722 3553 2772 et
3583 2717 3700 2774 veri
3732 2709 3837 2774 Dei

2183 2802 2417 2874 justitia
2445 2808 2907 2872 conquerantur:
2931 2806 3290 2874 perceperunt
3314 2804 3620 2859 mercedem
3645 2821 3826 2860 suam.

2189 2945 2418 3002 CAPUT
2447 2945 2594 3003 XVI.
2630 2977 2694 2986 —
2728 2947 2800 3002 De
2820 2947 3060 3003 mercede
3078 2950 3385 3003 sanctorum
3399 2949 3606 3003 civium
3633 2947 3838 3004 civita-

2258 3034 2330 3091 tis
2358 3040 2595 3104 wternae,
2628 3035 2821 3107 quibus
2853 3037 3018 3092 utilia
3047 3040 3180 3091 sunt
3211 3038 3590 3093 Romanorum
3638 3053 3832 3093 exem-

2255 3125 2352 3197 pla
2381 3124 2671 3181 virtutum.

2259 3249 2476 3306 Merces
2498 3256 2691 3306 autem
2711 3255 3046 3308 sanctorum
3077 3251 3246 3324 longe
3276 3251 3390 3306 alia
3427 3255 3514 3308 est
3542 3252 3718 3308 etiam
3742 3252 3838 3307 hic

2187 3341 2499 3410 opprobria
2529 3341 2946 3396 sustinentium
2962 3358 3063 3412 pro
3077 3340 3321 3397 civitate'
3347 3341 3468 3410 Dei,
3487 3357 3612 3412 quas
3629 3341 3836 3397 mundi

2187 3428 2368 3499 hujus
2399 3428 2776 3485 dilectoribus
2793 3431 2990 3487 odiosa
3007 3436 3117 3486 est.
3133 3431 3238 3486 Illa
3253 3431 3456 3487 civitas
3481 3447 3601 3486 sem
3612 3432 3834 3502 piterna

2186 3523 2272 3574 est
2305 3535 2317 3572 :
2353 3518 2432 3572 ibi
2464 3519 2660 3574 nullus
2692 3519 2895 3587 oritur,
2921 3519 3062 3592 quia
3091 3518 3285 3576 nullus
3317 3519 3602 3574 moritur:
3637 3519 3715 3574 ibi
3742 3523 3834 3574 est

2188 3615 2386 3663 veraet
2407 3607 2577 3678 plena
2599 3607 2997 3672 t'elicitas,non
3017 3609 3142 3676 dea,
3167 3609 3268 3663 sed
3301 3609 3519 3663 donum
3557 3608 3837 3664 Dei:inde

2188 3696 2319 3752 ﬁdei
2347 3697 3226 3768 pignusaccepimus,quamdiu
3252 3697 3686 3770 peregrinantes
3707 3699 3838 3767 ejus

2189 3783 2612 3856 pulchritudini
2646 3785 3012 3854 suspiramus
3038 3802 3050 3839 :
3084 3785 3162 3839 ibi
3189 3801 3303 3841 non
3334 3785 3518 3840 oritur
3547 3785 3631 3840 sol
3661 3802 3838 3855 super

2189 3872 2368 3929 bonos
2399 3878 2457 3927 et
2497 3871 2682 3929 malos
2721 3873 2891 3944 (Matt.
2915 3891 2968 3942 v,
3001 3874 3112 3944 45),
3145 3874 3243 3929 sed
3277 3874 3361 3930 sol
3401 3874 3644 3944 justitia;
3680 3873 3839 3931 solos

2187 3963 2436 4033 protegit
2464 3961 2679 4016 bonos:
2705 3962 2782 4016 ibi
2813 3978 2925 4017 non
2945 3963 3056 4017 erit
3079 3978 3289 4034 magna
3320 3962 3625 4028 industria,
3653 3963 3842 4019 ditare

2186 4052 2453 4106 terarium
2487 4051 2788 4122 publicum
2815 4051 3058 4124 privatis
3081 4053 3253 4108 rebus
3279 4052 3678 4124 angustis,ubi
3705 4052 3841 4108 the-

2187 4156 2397 4195 saurus
2426 4141 2754 4196 communis
2808 4145 2896 4196 est
2923 4141 3202 4197 veritatis.
3233 4141 3476 4196 Proinde
3509 4157 3619 4196 non
3655 4140 3842 4196 solum

2188 4227 2393 4284 uttalis
2411 4245 2630 4286 merces
2646 4230 2862 4286 talibus
2892 4229 3232 4306 hominibus
3254 4231 3610 4293 redderetur,
3627 4234 3839 4285 Roma-

2188 4333 2331 4372 num
2374 4318 2684 4390 imperium
2739 4321 2809 4375 ad
2856 4319 3169 4375 humanam
3228 4318 3472 4391 gloriam
3527 4317 3840 4374 dilatatum

2187 4411 2306 4474 est;
2338 4423 2537 4464 verum
2567 4409 2744 4464 etiam
2796 4413 2859 4463 ut
2896 4409 3050 4464 cives
3097 4413 3324 4464 aeterna:
3374 4408 3532 4463 illius
3562 4407 3839 4474 civitatis,

2186 4497 2465 4568 quamdiu
2501 4498 2595 4553 hic
2627 4498 3074 4569 peregrinantur
3098 4499 3167 4570 (Il
3201 4499 3322 4554 Cor.
3366 4515 3419 4564 v,
3451 4497 3552 4569 6.),
3585 4497 3839 4568 diligen~

2184 4590 2272 4641 ter
2299 4592 2356 4642 et
2398 4587 2591 4644 sobrie
2647 4586 2749 4643 illa
2790 4588 3124 4644 intueantur
3169 4587 3452 4659 exempla,
3501 4597 3556 4643 et
3604 4586 3842 4646 videant

2184 4681 2402 4747 quanta
2432 4677 2663 4734 dilectio
2701 4678 2979 4734 debeatur
3042 4694 3304 4750 supernae
3353 4676 3547 4748 patria
3600 4679 3843 4749 propter

2183 4765 2362 4821 vitam
2395 4772 2691 4832 (sternam,
2721 4768 2770 4823 si
2811 4772 3044 4824 tantum
3075 4785 3106 4822 a
3155 4767 3280 4823 suis
3337 4767 3562 4822 civibus
3608 4773 3845 4822 terrena

2183 4855 2398 4912 dilecta
2428 4863 2518 4914 est
2550 4864 2789 4930 propter
2818 4858 3126 4914 hominum
3159 4857 3427 4929 gloriam.

2183 5002 2418 5060 CAPUT
2449 5001 2612 5060 XVII.
2645 5033 2715 5044 -—
2745 5002 2858 5071 Quo
2885 5005 3074 5073 fructu
3104 5004 3339 5059 Romam
3370 5002 3514 5059 bella
3541 5003 3844 5076 gesserint,

2396 5097 2447 5146 et
2478 5100 2749 5161 quantum
2766 5092 2852 5147 his
2881 5108 3010 5162 quos
3031 5094 3229 5162 vicere,
3253 5091 3602 5149 contulerint.

2255 5209 2304 5262 1.
2336 5207 2630 5273 Quantum
2659 5207 2815 5263 enim
2847 5211 3095 5281 pertinet
3121 5210 3190 5266 ad
3223 5209 3374 5266 hanc
3413 5208 3586 5265 vitam
3620 5215 3845 5265 morta-

2183 5296 2351 5366 lium,
2378 5313 2505 5370 quae
2520 5297 2719 5368 paucis
2742 5297 2946 5354 diebus
2970 5298 3186 5355 dicitur
3212 5303 3268 5354 et
3296 5298 3518 5365 ﬁnitur,
3541 5296 3849 5370 quidinte-

2183 5391 2303 5443 rest
2315 5387 2426 5442 sub
2441 5388 2532 5458 cuj
2544 5387 2865 5458 usimperio
2883 5389 3033 5444 vivat
3049 5388 3218 5445 homo
3233 5387 3622 5455 moriturus,si
3635 5386 3720 5442 illi
3735 5389 3851 5460 qui

2182 5476 2259 5531 im
2271 5477 2566 5544 perant,ad
2584 5477 2767 5548 impia
2784 5477 3052 5551 etiniqua
3070 5495 3181 5533 non
3196 5476 3435 5548 cogant?
3451 5480 3563 5532 Aut
3579 5492 3712 5531 vero
3729 5476 3804 5531 ali
3819 5509 3848 5518 -

2183 5564 2322 5633 quid
2349 5565 3236 5636 nocueruntRomanigeutibus,
3259 5567 3476 5636 quibus
3503 5565 3847 5638 subjugatis

2253 5772 2271 5805 ί
2303 5768 2425 5819 Mes.
2461 5781 2652 5830 magno
2681 5782 2960 5832 consensu,
2982 5785 3089 5833 pro
3119 5770 3367 5822 veritate.
