4142 6186
315 323 445 384 161

314 458 727 528 imposuerunt
751 453 906 525 leges
938 469 1091 523 suas,
1126 453 1234 511 nisi
1268 453 1406 528 quia
1433 455 1492 511 id
1528 454 1743 511 factum
1765 457 1850 510 est
1879 453 1970 510 in-

314 545 478 618 genti
509 549 699 616 strage
729 543 1011 600 bellorum
1033 543 1061 598 ‘I
1092 545 1252 611 Quod
1299 545 1348 601 si
1391 543 1756 601 concorditer
1785 543 1970 609 fieret,

315 635 585 707 idipsum
609 633 772 690 ﬁeret
794 632 1029 689 meliore
1051 651 1361 690 successu:
1387 634 1487 690 sed
1510 632 1670 688 nulla
1687 637 1836 688 esset
1852 630 1976 705 glo-

319 725 414 780 ria
439 723 949 795 triumphantium.
969 723 1166 796 Neque
1181 725 1337 780 enim
1357 729 1412 779 et
1436 722 1682 779 Romani
1699 738 1810 778 non
1829 721 1976 777 vive-

316 815 466 870 bant
479 813 584 869 sub
610 812 993 885 legibussuis,
1018 829 1164 885 quas
1187 814 1414 871 caeteris
1437 811 1834 884 imponebant.
1862 811 1974 866 Hoc

317 904 372 960 si
406 903 571 959 ﬂeret
601 903 728 959 sine
759 901 940 958 Marte
971 907 1026 958 et
1067 903 1363 972 Bellona‘,
1395 909 1460 959 ut
1491 917 1595 956 nec
1629 900 1864 956 victoria
1886 899 1972 956 lo-

317 1009 452 1049 cum
478 994 734 1062 haberet,
759 994 991 1049 nemine
1007 993 1271 1051 vincente
1293 996 1387 1051 ubi
1405 1013 1575 1052 nemo
1591 997 1970 1070 pugnaverat,

321 1101 519 1142 nonne
533 1085 812 1140 Romanis
826 1085 1115 1141 etcseteris
1133 1086 1400 1157 gentibus
1429 1105 1545 1144 una
1563 1093 1717 1145 esset
1739 1087 1970 1143 eadem-

318 1192 439 1248 que
460 1174 711 1232 conditio
731 1174 758 1229 ‘I
776 1174 1100 1246 praesertim
1125 1176 1174 1231 si
1197 1192 1332 1230 mox
1363 1176 1546 1247 fieret,
1581 1177 1739 1248 quod
1776 1183 1973 1248 postea

315 1264 652 1336 gratissime
672 1267 849 1334 atque
872 1262 1298 1320 humanissime
1323 1265 1538 1320 factum
1563 1270 1672 1333 est,
1693 1269 1971 1320 utomnes

317 1353 396 1409 ad
433 1352 753 1408 Romanum
787 1351 1099 1423 imperium
1125 1353 1482 1424 pertinentes
1513 1354 1850 1412 societatem
1885 1369 1973 1407 ac-

315 1442 581 1514 ciperent
612 1441 862 1497 civitatis
891 1446 949 1497 et
971 1441 1390 1497 Romanicives
1414 1447 1642 1512 essent;
1675 1459 1739 1498 ac
1771 1443 1850 1498 sic
1880 1458 1970 1498 es-

316 1537 412 1588 set
433 1532 874 1604 omnium,quod
897 1537 1023 1588 erat
1041 1538 1175 1588 ante
1189 1549 1535 1604 paucorum:
1555 1533 1968 1604 tantum,quod

317 1622 486 1694 plebs
518 1621 638 1690 illa,
664 1639 792 1694 quas
821 1639 959 1678 suos
987 1639 1156 1694 agros
1190 1638 1305 1679 non
1336 1622 1592 1693 haberet,
1636 1623 1705 1679 de
1738 1622 1968 1693 publico

315 1713 570 1768 viveret:
605 1715 704 1784 qui
730 1717 934 1784 pastus
965 1715 1092 1783 ejus
1117 1730 1218 1785 per
1250 1714 1432 1770 bonos
1459 1714 1967 1769 administratores

315 1801 653 1874 reipublioe
667 1803 891 1874 gratius
913 1820 946 1858 a
967 1803 1355 1860 concordibus
1380 1808 1767 1876 praestaretur,
1793 1818 1968 1873 quam

312 1891 490 1946 victis
511 1895 972 1963 extorqueretur.

390 1982 445 2035 2.
462 1980 534 2052 (a)
548 1979 690 2036 Nam
710 1981 848 2053 quid
863 1981 1094 2037 intersit
1107 1981 1176 2037 ad
1195 1980 1654 2039 incolumitatem
1669 1981 1968 2053 bonosque

316 2084 536 2137 mores,
563 2069 724 2140 ipsas
746 2068 938 2127 'certe
969 2070 1275 2127 hominum
1315 2071 1656 2142 dignitates,
1689 2070 1843 2142 quod
1867 2068 1968 2125 alii

315 2158 606 2228 vicerunt,
639 2157 738 2214 alii
769 2159 904 2216 victi
936 2164 1095 2229 sunt,
1123 2161 1360 2216 omnino
1390 2176 1508 2216 non
1540 2160 1724 2227 video,
1767 2163 1969 2230 praeter

315 2245 490 2302 illum
521 2245 722 2319 gloriae
753 2247 1025 2304 humanas
1047 2248 1464 2304 inanissimum
1487 2248 1729 2311 fastum,
1762 2248 1818 2299 in
1853 2262 1968 2316 quo

314 2341 706 2408 perceperunt
727 2337 1051 2392 mercedem
1073 2353 1261 2406 suam,
1285 2337 1389 2409 qui
1408 2338 1535 2407 ejus
1557 2335 1778 2407 ingenti
1810 2334 1972 2405 cupio

313 2423 457 2479 dine
482 2429 775 2492 arserunt,
799 2429 856 2481 et
876 2426 1140 2480 ardentia
1162 2424 1312 2480 bella
1331 2432 1655 2494 gesserunt.
1677 2423 1972 2496 Numquid

311 2513 481 2568 enim
508 2513 748 2568 illorum
767 2513 888 2584 agri
911 2512 1132 2568 tributa
1151 2529 1263 2569 non
1287 2512 1566 2568 solvunt?
1593 2513 1873 2582 numquid
1895 2512 1976 2566 eis

307 2601 461 2656 licet
477 2602 719 2672 discere,
742 2604 895 2672 quod
915 2603 1044 2658 aliis
1060 2619 1174 2658 non
1197 2601 1364 2658 licet?
1379 2602 1656 2674 numquid
1680 2618 1792 2657 non
1809 2600 1974 2656 multi

309 2694 627 2746 senatores
658 2695 796 2746 sunt
825 2691 883 2746 in
925 2691 1053 2748 aliis
1081 2693 1276 2756 terris,
1326 2690 1425 2762 qui
1460 2691 1701 2746 Romam
1731 2707 1802 2746 ne
1833 2690 1974 2748 facie

314 2779 561 2851 quidem
591 2785 808 2836 norunt
829 2780 902 2853 (ὸ)
925 2781 952 2836 ?
979 2780 1138 2836 Tolle
1158 2781 1527 2851 jactantiam,
1555 2789 1607 2834 et
1639 2797 1844 2836 omnes
1875 2781 1972 2836 ho-

316 2869 506 2925 mines
528 2870 670 2942 quid
703 2875 841 2926 sunt
872 2871 984 2926 nisi
1018 2871 1334 2927 homines?
1365 2871 1523 2937 Quod
1546 2870 1595 2925 si
1625 2870 1970 2940 perversitas

317 2960 517 3016 seculi
533 2960 884 3028 admitteret,
907 2961 1388 3018 uthonorationes
1409 2962 1830 3031 essentquique
1853 2977 1971 3018 me-

316 3048 527 3115 liores;
553 3065 658 3104 nec
681 3048 764 3105 sic
781 3065 881 3121 pro
899 3065 1108 3122 magno
1123 3049 1319 3105 haberi
1343 3049 1544 3106 debuit
1566 3049 1752 3105 honor
1768 3049 1970 3106 huma-

320 3153 454 3205 nus,
478 3138 619 3209 quia
657 3137 875 3194 nullius
901 3143 986 3194 est
1024 3139 1296 3210 ponderis
1336 3138 1552 3194 fumus.
1588 3138 1701 3194 Sed
1733 3145 1970 3196 utamur

317 3229 498 3286 etiam
528 3228 586 3284 in
610 3229 702 3285 his
724 3230 896 3286 rebus
920 3229 1190 3287 beneficio
1215 3230 1448 3286 Domini
1472 3231 1567 3286 Dei
1593 3232 1771 3289 nostri
1799 3251 1811 3289 :
1837 3250 1970 3289 con-

321 3318 649 3373 sideremus
681 3323 901 3390 quanta
931 3321 1410 3391 contempserint,
1443 3336 1570 3391 quae
1601 3321 1967 3392 pertulerint,

316 3422 471 3478 quas
492 3407 840 3477 cupiditates
864 3406 1203 3480 subegerint
1228 3424 1328 3479 pro
1355 3407 1614 3463 humana
1642 3408 1844 3480 gloria,
1869 3409 1969 3481 qui

316 3513 450 3554 eam
480 3501 755 3568 tanquam
786 3498 1112 3552 mercedem
1145 3497 1346 3551 talium
1379 3497 1661 3553 virtutum
1712 3499 1971 3567 accipere

315 3591 661 3643 meruerunt
683 3603 696 3641 :
719 3591 776 3642 et
796 3585 981 3642 valeat
1004 3586 1168 3642 nobis
1197 3586 1374 3641 etiam
1405 3585 1512 3642 hoc
1535 3586 1610 3641 ad
1635 3587 1972 3658 opprimen-

313 3676 455 3732 dam
487 3674 863 3747 superbiam;
916 3678 978 3730 ut
1009 3689 1142 3729 cum
1175 3673 1277 3730 illa
1307 3673 1533 3742 civitas,
1566 3675 1624 3729 in
1659 3691 1768 3744 qua
1800 3674 1968 3730 nobis

314 3778 562 3835 regnare
584 3761 942 3834 promissum
967 3766 1076 3831 est,
1100 3765 1333 3818 tantum
1354 3762 1426 3817 ab
1449 3761 1557 3818 hac
1572 3762 1764 3830 distet,
1787 3778 1969 3833 quan~

315 3858 446 3910 tum
475 3854 651 3909 distat
690 3851 898 3908 coelum
931 3870 966 3909 a
1007 3857 1182 3920 terra,
1216 3870 1248 3908 a
1279 3851 1582 3926 temporali
1626 3851 1824 3909 laetitia
1856 3853 1968 3910 vita

309 3952 546 4011 eterna,
578 3943 649 3999 ab
674 3943 947 3999 inanibus
972 3941 1254 3999 laudibus
1284 3943 1471 4000 solida
1499 3942 1704 4014 gloria,
1738 3960 1770 3998 a
1791 3943 1966 4000 socie-

309 4037 432 4089 tate
452 4031 786 4088 mortalium
804 4031 1051 4088 societas
1072 4032 1450 4104 Angelorum,
1467 4050 1500 4088 a
1521 4031 1744 4087 lumine
1756 4031 1896 4088 solis
1909 4035 1966 4087 et

308 4121 470 4178 luna:
499 4121 698 4178 lumen
720 4121 846 4192 ejus
869 4120 968 4193 qui
993 4120 1126 4177 fecit
1151 4119 1333 4177 solem
1357 4127 1414 4176 et
1436 4121 1658 4189 lunam,
1684 4119 1830 4175 nihil
1853 4120 1964 4177 sibi

313 4226 593 4282 magnum
617 4209 820 4266 fecisse
841 4211 1149 4266 videantur
1171 4213 1342 4266 tanta
1365 4210 1564 4282 patrias
1592 4208 1766 4280 cives,
1791 4210 1837 4265 si
1863 4227 1964 4281 pro

312 4298 414 4354 illa
437 4299 814 4370 adipiscenda
830 4298 1069 4356 fecerint
1089 4299 1226 4355 boni
1244 4300 1439 4372 Operis
1453 4300 1696 4370 aliquid,
1715 4299 1797 4356 vel
1815 4302 1965 4357 mala

314 4389 509 4460 aliqua
542 4388 972 4458 sustinuerint;
1006 4407 1140 4446 cum
1172 4389 1256 4445 illi
1298 4407 1400 4462 pro
1434 4389 1540 4445 hac
1571 4394 1802 4446 terrena
1840 4391 1963 4460 jam

312 4479 527 4551 adepta
543 4483 704 4534 tanta
728 4479 987 4548 fecerint,
1007 4483 1166 4534 tanta
1190 4479 1450 4552 perpessi
1472 4480 1607 4534 sint.
1633 4477 1962 4536 Praesertim

311 4568 456 4642 quia
480 4568 746 4624 remissio
765 4573 1129 4640 peccatorum
1142 4609 1156 4635 ,
1179 4586 1302 4640 quae
1317 4569 1468 4625 cives
1481 4569 1553 4624 ad
1567 4573 1836 4624 eternam
1853 4568 1965 4624 col-

307 4658 446 4731 ligit
468 4659 736 4732 patriam,
761 4658 938 4714 habet
959 4659 1202 4728 aliquid,
1222 4659 1315 4715 cui
1337 4675 1440 4731 per
1463 4659 1731 4714 umbram
1755 4673 1966 4729 quam-

309 4751 443 4806 dam
468 4750 660 4806 simile
693 4749 799 4804 fuit
820 4750 1045 4822 asylum
1073 4749 1213 4804 illud
1240 4750 1606 4815 Romuleum,
1631 4765 1746 4821 quo
1779 4748 1967 4804 multi-

310 4839 604 4906 tudinem,
647 4857 761 4912 qua
791 4839 892 4895 illa
931 4841 1137 4895 civitas
1169 4841 1535 4908 conderetur,
1569 4838 1966 4911 quorumlibet

311 4930 662 4987 delictorum
693 4931 1066 5002 congregavit
1097 4929 1440 5002 impunitas.

377 5076 394 5109 ί
433 5073 520 5123 Sic
562 5073 744 5125 verius
777 5074 902 5123 Lov.
951 5076 1005 5122 et
1052 5074 1174 5124 Mss.
1217 5076 1286 5125 At
1327 5074 1481 5123 Vind.
1527 5074 1645 5124 Am.
1676 5073 1760 5124 Er.
1796 5087 1808 5124 :
1848 5075 1964 5125 Hoc

307 5137 595 5201 sufﬁceret
643 5137 981 5200 reipublicae,
1029 5136 1144 5186 nisi
1187 5138 1326 5201 quia
1374 5138 1552 5189 Marti
1601 5146 1651 5188 et
1713 5137 1963 5187 Bellonae

308 5199 657 5260 displicebat.
909 5219 912 5222 ~

375 5262 399 5295 ²
418 5262 575 5317 Editi.
606 5271 656 5312 et
684 5263 849 5322 ipsas.
867 5263 1302 5325 Expungendum,
1333 5271 1402 5322 et,
1433 5265 1575 5325 quod
1603 5264 1758 5313 abest
1786 5275 1818 5312 a
1845 5276 1964 5313 ma-

308 5325 638 5389 nuscriptis;
675 5327 737 5374 ut
765 5338 950 5375 sensus
979 5326 1066 5381 sit.
1112 5327 1279 5377 bonos
1320 5340 1492 5376 mores
1539 5341 1653 5377 esse
1689 5328 1832 5389 ipsas
1862 5327 1962 5376 ho-

309 5387 523 5436 minam
554 5387 857 5449 dignitates.

379 5453 455 5512 (a)
482 5451 578 5500 Hic
604 5451 792 5513 incipit
821 5453 981 5512 caput
1012 5450 1067 5498 l7
1095 5451 1152 5499 in
1187 5451 1308 5501 Mss.

373 5513 699 5623 (bihDonatis
714 5513 932 5562 civitate
952 5513 1136 5561 multis
1150 5514 1413 5575 gentibus.
1447 5515 1607 5564 etiam
1636 5515 1692 5562 in
1723 5517 1966 5564 senatum

373 5589 380 5623 :
407 5575 426 5623 i
472 5576 516 5623 's
545 5577 724 5623 plures
753 5579 878 5623 sunt
907 5576 1176 5623 adscripti.
1211 5577 1532 5623 fueruntque
1559 5579 1845 5623 senatores.
1882 5581 1966 5623 ta-

309 5588 380 5624 ex
407 5575 516 5625 illis
545 5577 724 5638 plures
753 5579 878 5625 sunt
907 5576 1176 5638 adscripti,
1211 5577 1532 5638 fueruntque
1559 5579 1845 5631 senatores.
1882 5581 1969 5626 ta-

310 5639 471 5712 metsi
522 5639 744 5688 Romam
793 5652 1068 5712 nunquam
1102 5639 1392 5712 venissent.
1441 5643 1501 5688 ut
1551 5641 1692 5690 cives
1735 5639 1844 5700 alii,
1875 5639 1968 5702 qui

309 5701 539 5751 Romam
574 5715 850 5768 nunquam
882 5701 1150 5752 viderunt.
1183 5703 1297 5752 Lun.
1335 5701 1501 5751 Vives.

1723 318 1952 380 LIBER
1998 317 2342 388 QUINTUS

3615 320 3728 381 162

2081 454 2311 511 CAPUT
2343 452 2546 511 XVIII.
2570 483 2635 495 —
2659 453 2832 522 Quam
2853 452 3020 508 alieni
3038 469 3070 509 a
3087 452 3353 521 iactantia
3371 468 3485 510 esse
3499 453 3730 511 debeant

2157 543 2477 608 Chrictiani,
2500 545 2552 598 si
2570 543 2791 613 aliquid
2819 540 3052 613 fecerint
3074 558 3171 613 pro
3203 544 3492 600 dilectione
3521 549 3729 600 aeterna

2150 636 2376 704 patriae,
2398 649 2520 688 cum
2539 636 2694 687 tanta
2711 633 2938 686 Romam"
2953 634 3217 700 gesserint
3237 649 3334 704 pro
3353 634 3597 688 humana
3617 633 3732 704 glo-

2155 723 2251 777 ria
2283 725 2335 778 et
2363 721 2590 778 civitate
2610 731 2847 778 terrena.

2155 832 2202 883 1.
2237 827 2386 892 Quid
2417 844 2554 900 ergo
2580 844 2858 900 magnum
2881 832 2970 884 est
2993 844 3094 900 pro
3122 827 3220 884 illa
3248 834 3461 886 aeterna
3483 830 3732 887 omlesti-

2079 936 2192 990 que
2225 919 2430 990 patria,
2463 926 2675 976 cuncta
2697 919 2890 974 saeculi
2922 919 3100 992 hujus
3123 921 3439 992 quamlibet
3459 923 3731 992 jucunda

2089 1009 2490 1066 blandimenta
2511 1018 2901 1077 contemnere,
2927 1011 2973 1064 si
2995 1027 3096 1082 pro
3118 1012 3222 1066 hac
3241 1013 3540 1083 temporali
3562 1023 3731 1084 atque

2085 1102 2316 1154 terrena
2349 1098 2497 1155 filios
2521 1099 2734 1154 Brutus
2763 1099 2948 1170 potuit
2969 1105 3025 1154 et
3046 1100 3307 1155 occidere
3331 1100 3430 1172 (a),
3461 1103 3609 1172 quod
3634 1099 3732 1156 illa

2089 1187 2276 1242 facere
2294 1187 2584 1243 neminem
2609 1187 2809 1259 cogit?
2835 1187 2945 1242 Sed
2968 1191 3119 1242 certe
3145 1187 3444 1243 ditticilius
3467 1192 3556 1244 est
3584 1188 3734 1244 filios

2085 1276 2440 1344 interimere,
2455 1293 2623 1347 quam
2640 1276 2797 1348 quod
2815 1276 3038 1347 proista
3063 1277 3388 1332 iaciendum
3405 1283 3512 1346 est,
3529 1293 3592 1332 ea
3604 1294 3732 1349 qua

2084 1364 2219 1420 filiis
2250 1367 2658 1439 congreganda
2696 1367 3044 1423 videbantur
3073 1372 3248 1439 atque
3288 1369 3594 1437 servanda,
3642 1366 3732 1424 vel

2079 1455 2292 1511 donare
2326 1457 2704 1527 pauperibus,
2735 1457 2843 1521 vel,
2889 1457 2936 1511 si
2970 1456 3177 1512 existat
3215 1457 3458 1511 tentatio
3501 1473 3627 1528 qua:
3673 1457 3731 1512 id

2083 1559 2184 1615 pro
2217 1544 2328 1599 fide
2351 1545 2769 1616 atquejustitia
2782 1544 2906 1600 fieri
2931 1545 3258 1617 compellat,
3281 1546 3562 1602 amittere.
3597 1545 3737 1602 Feli-

2078 1631 2217 1690 lices
2250 1635 2406 1691 enim
2454 1635 2539 1690 vel
2593 1652 2696 1692 nos
2747 1635 2898 1691 filios
2950 1642 3179 1693 nostros
3228 1653 3341 1692 non
3374 1637 3582 1692 divitia:
3618 1642 3731 1695 ter-

2076 1739 2225 1780 rena;
2255 1724 2499 1794 faciunt,
2525 1731 2627 1781 aut
2659 1725 2825 1782 nobis
2856 1725 3182 1782 viventibus
3216 1727 3564 1797 amittendae,
3606 1733 3730 1798 aut,

2076 1814 2246 1869 nobis
2270 1814 2540 1881 mortuis,
2556 1833 2589 1870 a
2611 1815 2826 1886 quibus
2861 1815 3176 1883 nescimus,
3192 1815 3277 1872 vel
3303 1816 3445 1873 forte
3467 1834 3500 1871 a
3522 1818 3732 1886 quibus

2078 1902 2377 1972 nolumus,
2403 1905 2797 1974 possidendas:
2819 1905 2919 1960 sed
2952 1906 3103 1960 Deus
3124 1905 3317 1961 felices
3343 1907 3496 1974 facit,
3521 1907 3619 1978 qui
3643 1910 3733 1964 est

2081 1993 2363 2048 mentium
2387 2010 2518 2049 vera
2544 1995 2862 2064 opulentia.
2890 1996 3067 2051 Bruto
3083 2001 3302 2059 autem,
3327 1998 3462 2068 quia
3485 1997 3732 2054 filiosoc-

2076 2081 2232 2149 cidit,
2267 2082 2624 2140 infelicitatis
2650 2083 2914 2156 perhibet
2938 2086 3346 2142 testimonium
3372 2087 3546 2143 etiam
3571 2095 3733 2158 poeta

2079 2170 2368 2226 laudator.
2400 2173 2496 2227 Ait
2527 2174 2718 2229 enim:

2203 2287 2469 2348 Natosque
2501 2291 2649 2349 pater
2686 2302 2830 2337 nova
2857 2290 3000 2339 bella
3028 2294 3303 2340 moventes

2142 2348 2224 2412 Ad
2245 2362 2460 2412 pmnam
2494 2348 2717 2411 pulchra
2744 2364 2836 2412 pro
2869 2353 3112 2402 libertate
3141 2355 3370 2409 vocabit.

2143 2411 2355 2472 Infelix,
2385 2413 2674 2474 utcumque
2701 2413 2874 2462 ferent
2900 2428 2964 2464 ea
2992 2417 3134 2464 facta
3161 2417 3391 2466 minores

2081 2519 2190 2574 Sed
2213 2535 2384 2575 versu
2416 2519 2678 2592 sequenti
2709 2520 3040 2578 consolatus
3069 2532 3156 2579 est
3185 2523 3473 2581 infelicem

2148 2650 2330 2702 Vincit
2357 2665 2508 2702 amor
2534 2653 2738 2715 patriae
2765 2653 3093 2766 laudumque
3121 2656 3381 2707 immensa
3407 2658 3618 2721 cupido.

2575 2716 2821 2766 (xEneid.
2859 2717 2952 2766 lib.
3025 2755 3039 2766 .
3072 2734 3211 2766 vere.
3239 2719 3349 2766 820.
3382 2720 3520 2766 823.)

2575 2716 2821 2776 (Λςηεία.
2859 2717 2952 2766 lib.
2987 2716 3039 2778 ὅ,
3072 2734 3211 2768 vers.
3239 2719 3350 2783 820,
3382 2716 3520 2783 823:)

2083 2835 2212 2892 Haec
2232 2840 2367 2891 sunt
2387 2835 2502 2893 duo
2522 2836 2642 2906 illa,
2668 2837 2908 2895 libertas
2930 2841 3285 2912 etcupiditss
3309 2841 3502 2898 laudis
3515 2843 3730 2901 huma-

2080 2942 2188 2992 naa,
2215 2942 2340 2997 quas
2368 2927 2435 2980 ad
2466 2927 2616 2982 facta
2637 2929 2971 3000 compulere
2994 2930 3012 2964 ί
3037 2931 3301 2988 miranda
3323 2932 3638 2989 Romanos.
3665 2933 3727 2990 Si

2077 3029 2212 3086 ergo
2229 3031 2330 3086 pro
2343 3013 2610 3072 libertate
2627 3018 3039 3074 moriturorum
3056 3024 3110 3074 et
3124 3022 3443 3092 cupiditate
3458 3022 3728 3094 laudum,

2079 3119 2204 3174 quas
2240 3120 2273 3158 a
2305 3105 2646 3160 mortalibus
2667 3112 3038 3177 expetuntur,
3065 3108 3249 3164 occidi
3269 3110 3372 3164 filii
3399 3129 3430 3166 a
3456 3117 3618 3184 patre
3637 3129 3734 3182 po-

2078 3199 2355 3262 tuerunt;
2391 3195 2528 3268 quid
2576 3213 2853 3268 magnum
2894 3204 2998 3268 est,
3034 3201 3082 3254 si
3116 3217 3216 3270 pro
3264 3219 3395 3257 vera
3443 3202 3733 3274 libertate,

2079 3299 2205 3354 quas
2230 3301 2335 3340 nos
2368 3287 2438 3340 ab
2470 3285 2791 3357 iniquitatis
2814 3293 2870 3342 et
2889 3289 3095 3345 mortis
3117 3295 3172 3345 et
3196 3291 3408 3348 diaboli
3438 3294 3738 3350 dominatu

2085 3372 2301 3429 liberos
2321 3375 2476 3446 facit,
2493 3393 2594 3431 nec
2610 3378 2921 3447 cupiditate
2941 3378 3015 3435 hu
3030 3397 3325 3436 manarum
3346 3381 3613 3448 laudum,
3634 3385 3736 3440 sed

2082 3461 2361 3518 charitate
2395 3463 2827 3520 liberandorum
2853 3466 3178 3536 hominum,
3206 3488 3319 3526 non
3354 3488 3386 3526 a
3411 3473 3732 3543 Tarquinio

2081 3565 2234 3620 rege,
2272 3551 2368 3606 sed
2408 3570 2440 3606 a
2471 3555 2834 3608 daemonibus
2855 3559 2910 3609 et
2935 3557 3266 3612 daemonum
3294 3559 3573 3630 principe,
3610 3577 3725 3615 non

2080 3637 2184 3692 filii
2209 3639 2572 3710 occiduntur,
2595 3644 2695 3698 sed
2715 3643 2924 3698 Christi
2941 3660 3226 3715 pauperes
3249 3647 3400 3701 inter
3418 3645 3568 3702 filios
3584 3663 3736 3702 com-

2081 3731 2361 3800 putantur
2381 3729 2409 3784 ?

2150 3815 2204 3870 2.
2240 3817 2292 3871 Si
2329 3817 2479 3873 alius
2509 3820 2685 3875 etiam
2723 3819 3020 3876 Romanus
3053 3823 3348 3896 princeps,
3392 3824 3738 3894 cognomine

2075 3905 2424 3978 Torquatus,
2484 3907 2692 3977 tilium,
2741 3926 2856 3965 non
2891 3911 3028 3982 quia
3077 3916 3276 3967 contra
3335 3912 3600 3984 patriam,
3635 3914 3737 3970 sed

2075 3993 2249 4050 etiam
2268 4013 2368 4068 pro
2391 3998 2597 4068 patria,
2619 4004 2816 4054 tamen
2832 3999 2971 4072 quia
2991 4003 3190 4056 contra
3213 4000 3527 4073 imperium
3544 4018 3740 4068 suum,

2073 4085 2131 4140 id
2161 4091 2250 4142 est
2279 4092 2479 4143 contra
2507 4091 2660 4161 quod
2691 4089 3082 4163 imperaverat
3116 4100 3276 4162 pater
3297 4092 3633 4164 imperator,
3667 4093 3741 4148 ab

2076 4173 2242 4232 hoste
2274 4185 2622 4248 provocatus
2654 4180 2906 4251 juvenili
2939 4182 3147 4236 ardore
3198 4186 3570 4252 pugnaverat,
3607 4183 3740 4239 licet

2075 4263 2326 4334 vicisset,
2360 4268 2565 4324 occidit
2595 4285 2608 4335 ;
2639 4287 2711 4325 ne
2742 4270 2874 4342 plus
2907 4271 3040 4326 mali
3070 4275 3226 4327 esset
3259 4271 3315 4326 in
3348 4271 3743 4344 exemploim-

2076 4354 2216 4425 perii
2242 4359 2582 4428 contempti,
2608 4377 2785 4432 quam
2809 4360 3014 4417 boniin
3040 4360 3227 4433 gloria
3253 4361 3432 4417 hostis
3451 4363 3734 4434 occisi(b):

2078 4444 2282 4514 utquid
2308 4447 2623 4516 sejactent,
2651 4450 2750 4519 qui
2779 4466 2879 4519 pro
2905 4449 3256 4505 immortalis
3289 4450 3738 4522 patriaalegibus

2077 4532 2294 4603 omnia,
2318 4551 2444 4606 quas
2469 4537 2648 4591 multo
2670 4537 2864 4592 minus
2891 4554 3063 4610 quam
3092 4538 3559 4611 filiidiliguntur,
3585 4540 3737 4595 bona

2079 4629 2307 4685 terrena
2322 4626 2737 4684 contemnunt?
2756 4629 2812 4682 Si
2832 4629 3339 4685 FuriusCamillus
3354 4630 3534 4686 etiam
3552 4632 3743 4701 ingra-

2077 4723 2194 4774 tam
2211 4717 2518 4790 patriam,a
2531 4717 2696 4788 cujus
2711 4717 3031 4772 cervicibus
3046 4719 3398 4774 acerrimoru
3411 4737 3460 4774 m
3479 4720 3736 4777 hostium

2082 4807 2618 4878 Veientiumjugem
2637 4804 3398 4878 depulerat,damnatusque
3413 4807 3484 4862 ab
3497 4807 3726 4864 aemulis

2079 4899 2284 4967 fuerat,
2319 4913 2351 4950 a
2383 4894 2564 4950 Gallis
2596 4895 2802 4950 iterum
2835 4893 3122 4963 liberavit,
3155 4896 3292 4966 quia
3325 4911 3438 4950 non
3474 4895 3726 4950 habebat

2077 4987 2360 5060 potiorem
2403 4984 2502 5039 ubi
2535 4989 2729 5054 posset
2771 4984 2964 5039 vivere
3009 4982 3298 5055 gloriosus
3321 4983 3342 5018 ²
3367 4984 3464 5055 (c):
3498 4999 3597 5038 cur
3628 4997 3732 5039 ex-

2079 5075 2319 5132 tollatur
2347 5072 2502 5128 velut
2531 5073 2751 5144 grande
2773 5072 2989 5142 aliquid
3019 5075 3236 5142 fecerit,
3259 5075 3357 5147 qui
3377 5075 3522 5129 forte
3554 5071 3612 5126 in
3639 5071 3742 5130 Ec-

2081 5163 2255 5221 clesia
2277 5163 2348 5220 ab
2363 5161 2621 5218 inimicis
2643 5162 2975 5218 carnalibus
2995 5164 3405 5235 gravissimam
3421 5162 3742 5218 exhonora-

2080 5253 2473 5327 tionispassus
2489 5252 2907 5323 injuriam,non
2925 5269 2985 5308 se
3004 5253 3074 5308 ad
3091 5253 3218 5324 ejus
3231 5253 3425 5309 hostes
3440 5250 3740 5308 haereticos

2145 5453 2160 5486 1
2196 5449 2670 5512 Gallicaniomnes
2696 5449 2840 5510 Mss.,
2871 5449 3158 5512 compulit.

2143 5513 2164 5546 ι
2200 5511 2324 5560 Sola
2351 5511 2516 5560 editio
2546 5513 2693 5567 Lov.,
2721 5511 3046 5572 gloriosius.

2144 5574 2224 5638 (ᾳ)
2255 5574 2443 5638 Narrat
2477 5574 2676 5632 Livius,
2707 5576 2797 5624 lib.
2827 5575 2876 5630 2,
2907 5588 3021 5638 cap.
3052 5575 3100 5623 5.

2144 5634 2214 5697 (ὁ)
2249 5637 2440 5700 Confer
2470 5651 2633 5700 supra
2661 5639 2728 5686 ad
2757 5639 2848 5687 lib.
2884 5638 2930 5697 1,
2962 5634 3073 5699 cap.
3105 5634 3183 5683 23.

2147 5703 2217 5765 (ο)
2247 5699 2374 5749 Vide
2405 5697 2582 5764 supra,
2609 5702 2699 5750 lib.
2733 5702 2780 5757 2,
2812 5715 2926 5762 cap.
2963 5697 3063 5756 17';
3094 5702 3146 5747 et
3166 5698 3260 5746 lib.
3292 5699 3338 5760 4,
3371 5712 3485 5762 cap.
3520 5697 3570 5748 7.
