4158 6192
393 280 509 341 163

392 410 707 481 transtulit,
749 416 847 467 aut
886 410 1144 482 aliquam
1191 411 1394 465 contra
1423 408 1586 464 illam
1619 408 1744 480 ipse
1776 403 2040 462 haeresim

390 501 672 567 condidit,
701 501 797 557 sed
818 517 945 557 eam
980 499 1173 570 potius
1195 501 1482 571 quantum
1509 497 1696 553 valuit
1717 497 1788 552 ab
1811 493 2040 550 haereti-

390 607 590 646 corum
612 588 1104 661 perniciosissima
1127 587 1435 659 pravitate'
1461 586 1711 641 defendit
1739 602 1753 653 ;
1777 599 1908 639 cum
1929 581 2043 637 alia

387 695 505 735 non
529 680 623 746 sit,
650 696 765 735 non
798 679 895 734 ubi
927 678 1150 733 vivatur
1172 676 1229 730 in
1255 675 1557 730 hominum
1585 675 1786 746 gloria,
1812 673 1913 729 sed
1943 670 2038 728 ubi

381 768 498 824 vita
520 768 856 840 acquiratur
872 764 1121 821 eterna?
1137 765 1197 821 Si
1216 765 1631 836 Mueius(a),'ut
1650 779 1780 818 cum
1799 763 2042 818 Porsen-

383 875 459 915 na
490 874 620 930 rege
668 873 778 928 pax
811 856 990 922 fieret,
1033 855 1128 924 qui
1179 855 1523 926 gravissimo
1563 852 1710 909 bello
1744 852 2038 908 Romanos

385 946 706 1018 premebat,
741 944 840 1014 qui
886 944 1240 998 Porsennam
1273 943 1467 1015 ipsum
1500 942 1760 998 occidere
1792 957 1904 996 non
1937 954 2038 1010 po-

386 1036 520 1102 tuit,
543 1038 599 1090 et
620 1051 721 1105 pro
743 1050 809 1089 eo
831 1031 1077 1088 alterum
1098 1034 1373 1103 deceptus
1396 1031 1629 1099 occidit,
1652 1031 1711 1086 in
1739 1031 2034 1085 ardentem

385 1139 545 1179 aram
564 1126 696 1178 ante
711 1121 909 1178 oculos
925 1121 1049 1192 ejus
1069 1121 1357 1176 dexteram
1379 1121 1649 1182 extendit,
1675 1119 1871 1175 dicens
1885 1117 2037 1173 mul-

385 1217 475 1269 tos
504 1213 671 1280 tales,
695 1211 925 1283 qualem
949 1209 1116 1266 illum
1134 1210 1375 1276 videret,
1395 1211 1451 1265 in
1476 1212 1604 1281 ejus
1635 1209 1870 1264 exilium
1895 1222 2033 1264 con-

381 1303 620 1374 jurasse
650 1322 665 1369 ;
715 1302 885 1370 cujus
915 1300 1010 1355 ille
1044 1300 1444 1356 fortitudinem
1473 1304 1532 1355 et
1569 1299 2032 1369 conjurationem

381 1392 586 1448 talium
611 1391 1076 1462 perhorrescens,
1102 1389 1230 1445 sine
1260 1387 1381 1444 ulla
1404 1388 1683 1444 dilatione
1703 1388 1724 1421 ²
1743 1402 1806 1442 se
1839 1385 2032 1442 abillo

381 1481 536 1538 bello
551 1482 700 1537 facta
715 1496 854 1552 pace
868 1478 1255 1548 compescuit:
1274 1478 1409 1549 quis
1427 1493 1606 1548 regno
1626 1475 1903 1531 caelorum
1924 1477 2031 1530 im-

386 1573 698 1642 putaturus
727 1571 815 1623 est
844 1567 1050 1623 merita
1076 1583 1204 1632 sua,
1239 1565 1287 1621 si
1311 1582 1412 1638 pro
1435 1564 1534 1620 illo
1567 1581 1683 1620 non
1703 1580 1879 1620 unam
1905 1580 2032 1619 ma-

381 1675 546 1725 num,
581 1673 771 1729 neque
800 1656 909 1713 hoc
940 1656 1050 1712 sibi
1087 1654 1239 1711 ultro
1263 1655 1502 1722 faciens,
1526 1655 1625 1710 sed
1649 1657 2032 1725 persequente

381 1749 578 1819 aliquo
602 1747 850 1819 patiens,
867 1750 1054 1801 totum
1073 1745 1328 1801 ﬂammis
1351 1741 2034 1816 corpusimpenderit?Si

379 1837 612 1893 Curtius
642 1841 902 1892 armatus
925 1852 1072 1905 equo
1115 1834 1340 1891 concito
1374 1835 1433 1889 in
1465 1833 1774 1905 abruptum
1805 1832 2031 1887 hiatum

381 1932 548 1983 terrae
571 1942 633 1982 se
663 1924 1014 1997 praecipitem
1047 1924 1225 1988 dedit,
1251 1924 1487 1980 deorum
1512 1938 1752 1979 suorum
1780 1921 2032 1978 oraculis

379 2014 659 2083 serviens,
683 2012 1270 2085 quoniamjusserant
1291 2017 1355 2067 ut
1378 2011 1514 2067 illuc
1541 2012 1621 2080 id,
1649 2011 1802 2080 quod
1828 2008 2034 2064 Roma-

384 2103 736 2160 nibaberent
749 2102 1032 2174 optimum
1046 2101 1522 2168 ,mitleretur,nec
1537 2100 1695 2155 aliud
1709 2097 2035 2170 intelligere

385 2197 907 2265 potuerunt,quam
920 2191 1059 2246 viris
1072 2191 1370 2262 armisque
1385 2206 1446 2245 se
1458 2188 1922 2256 excellere,unde
1947 2187 2034 2242 vi-

387 2281 986 2350 delicetOportebatut
1005 2279 1249 2334 deorum
1271 2278 1525 2349 jussisin
1543 2277 1710 2334 illum
1735 2276 2032 2332 interitum

379 2372 466 2427 vir
483 2370 940 2444 praecipitaretur
964 2373 1226 2424 armatus
1249 2369 1354 2439 (b):
1383 2368 1524 2440 quid
1553 2384 1614 2423 se
1636 2383 1911 2440 magnum
1935 2382 2038 2439 pro

383 2462 601 2515 aeterna
627 2455 812 2527 patria
841 2455 1047 2510 fecisse
1079 2453 1345 2510 dicturus
1378 2454 1594 2526 est,qui
1619 2453 1873 2526 aliquem
1897 2453 2035 2508 fidei

386 2564 506 2603 sua:
535 2560 742 2616 passus
763 2543 1094 2610 inimicum,
1114 2560 1228 2598 non
1262 2559 1324 2598 se
1345 2545 1495 2599 ultro
1516 2543 1572 2598 in
1599 2545 1772 2598 talem
1789 2547 2036 2598 mortem

387 2638 650 2705 mittens,
675 2637 775 2692 sed
799 2636 871 2690 ab
895 2634 994 2690 illo
1017 2635 1235 2690 missus
1247 2633 1487 2702 obierit;
1515 2633 1987 2706 quandoquidem
2006 2649 2040 2688 a

385 2727 633 2782 Domino
656 2740 759 2781 suo
783 2724 1104 2794 eodemque
1118 2739 1249 2793 rege
1264 2723 1458 2792 patrias
1481 2740 1596 2778 suae
1610 2723 1820 2778 certius
1833 2738 2038 2778 oracu-

392 2815 516 2870 lum
549 2814 791 2886 accepit,
841 2811 1026 2867 Nolite
1053 2813 1249 2868 timere
1279 2827 1368 2865 eos
1416 2813 1511 2882 qui
1539 2827 1734 2881 corpus
1761 2810 2036 2877 occidunt,

392 2909 640 2962 animam
671 2911 852 2960 autem
891 2920 1006 2958 non
1033 2907 1256 2973 possunt
1289 2901 1529 2958 occidere
1560 2903 1766 2972 (Matth.
1806 2919 1862 2968 x,
1894 2902 1984 2972 28)
2013 2901 2040 2956 ?

391 2997 451 3052 Si
481 3012 545 3051 se
575 2993 922 3050 occidendos
946 2992 1116 3047 certis
1149 2991 1338 3046 verbis
1368 2992 1792 3062 quodammodo
1833 3006 2036 3046 conse-

389 3089 618 3142 crantes
643 3083 796 3140 Decii
823 3083 1198 3150 devoverunt,
1224 3086 1287 3136 ut
1306 3080 1424 3136 illis
1447 3082 1790 3137 cadentibus
1812 3085 1868 3136 et
1890 3081 2034 3136 iram

386 3175 626 3229 deorum
645 3171 924 3242 sanguine
939 3188 1044 3226 suo
1065 3171 1432 3242 placantibus
1455 3171 1752 3226 Romanus
1767 3170 2036 3226 liberare-

383 3269 482 3318 tur
497 3262 785 3318 exercitus
802 3262 904 3330 (c);
925 3259 1084 3315 nullo
1103 3260 1274 3315 modo
1291 3259 1662 3330 superbient3
1683 3259 1862 3316 sancti
1884 3275 2035 3314 mar-

383 3362 534 3424 tyres
565 3359 840 3421 tanquam
873 3350 1116 3420 dignum
1142 3350 1361 3420 aliquid
1385 3366 1488 3422 pro
1512 3349 1668 3404 illius
1690 3349 1882 3421 patrias
1905 3365 2034 3418 par-

382 3438 754 3512 ticipatione4
778 3437 1037 3505 fecerint,
1072 3437 1172 3493 ubi
1195 3446 1401 3494 aeterna
1422 3443 1512 3494 est
1538 3443 1597 3493 et
1612 3455 1743 3494 vera
1766 3437 2033 3504 felicitas,

380 3530 429 3586 si
453 3545 636 3600 usque
657 3527 728 3583 ad
744 3526 835 3582 sui
855 3525 1158 3597 sanguinis
1173 3527 1539 3595 effusionem,
1561 3543 1673 3584 non
1693 3526 1881 3583 solum
1896 3544 2036 3584 suos

377 3619 586 3673 fratres
609 3631 712 3688 pro
732 3613 947 3685 quibus
971 3614 1323 3670 fundebatur
1339 3616 1433 3687 (ά),
1458 3632 1658 3671 verum
1682 3620 1738 3671 et
1759 3616 2037 3686 ipsosini—

380 3706 580 3772 micos,
599 3722 631 3761 a
653 3705 870 3777 quibus
893 3704 1260 3771 fundebatur,
1287 3706 1440 3761 sicut
1461 3705 1544 3760 eis
1561 3709 1907 3776 praeceptum
1923 3710 2032 3773 est,

376 3796 706 3867 diligentes,
720 3793 1025 3852 charitatis
1042 3793 1152 3850 fide
1167 3799 1224 3850 et
1240 3795 1373 3851 fidei
1389 3795 1671 3852 charitate
1691 3795 2030 3851 certarunt?

381 3885 440 3940 Si
473 3885 704 3940 Marcus
735 3883 1015 3940 Pulvillus
1037 3884 1315 3940 dedicans
1348 3886 1530 3940 aedem
1553 3884 1735 3950 Jovis,
1759 3884 2032 3969 Junonis,

381 3976 666 4040 Minerva,
688 3972 832 4028 falso
863 3973 1061 4028 sibiab
1084 3973 1299 4028 invidis
1316 3979 1501 4029 morte
1535 3974 1637 4028 filii
1661 3975 1946 4040 nuntiata,
1970 3979 2035 4029 ut

375 4064 474 4118 illo
498 4063 702 4117 nuntio
727 4061 1091 4130 perturbatus
1113 4061 1474 4127 abscederet,
1500 4066 1670 4132 atque
1694 4063 1773 4116 ita
1803 4063 2029 4119 dedica-

373 4150 552 4206 tionis
586 4148 828 4218 gloriam
855 4146 1076 4217 collega
1105 4148 1235 4217 ejus
1268 4155 1746 4218 consequeretur,
1780 4152 1860 4205 ita
1891 4166 2030 4205 con-

376 4237 636 4307 tempsit,
663 4233 1063 4292 uteumetiam
1087 4235 1290 4306 projici
1307 4235 1906 4308 insepultumjuberet
1926 4239 2026 4311 (e);

374 4335 427 4381 et
450 4325 529 4380 sic
551 4323 611 4379 in
630 4324 758 4394 ejus
786 4321 962 4378 corde
993 4321 1256 4378 orbitatis
1287 4323 1545 4379 dolorem
1575 4325 1770 4396 gloriae
1801 4327 2029 4398 cupidi-

373 4420 465 4471 tas
482 4413 687 4469 vicerat
704 4428 716 4465 :
733 4411 873 4482 quid
896 4425 1175 4481 magnum
1194 4427 1252 4468 se
1267 4429 1368 4484 pro
1384 4414 1676 4484 Evangelii
1693 4416 1878 4471 sancti
1895 4433 2031 4488 pra-

375 4499 680 4558 dicatione,
705 4512 822 4568 qua
853 4495 1001 4551 cives
1032 4513 1295 4569 supernae
1326 4498 1528 4570 patriae
1569 4500 1640 4556 de
1679 4499 1925 4558 diversis
1954 4503 2028 4560 li-

373 4592 652 4646 herantur
662 4591 719 4642 et
729 4585 1086 4658 colliguntur
1098 4587 1627 4656 erroribus,fecisse
1640 4591 1901 4650 dicturus
1913 4599 2023 4666 est,

441 4757 709 4869 iteAlﬁquot
727 4757 872 4820 Mss,
913 4756 1177 4808 vanitate.
1207 4787 1269 4797 —
1296 4760 1420 4810 Mss.
1458 4757 1552 4810 766
1584 4762 1638 4812 et
1664 4760 1807 4826 2053,
1836 4768 2028 4826 pravi-

381 4831 508 4873 tate.
539 4831 608 4869 Μ.

440 4886 462 4920 2
491 4885 549 4932 In
583 4883 725 4936 Mss..
755 4882 1120 4936 dubitatione.

444 4949 465 5015 ξ’»
494 4948 652 5015 ξᾶὶῐὶ,
674 4946 1018 5015 εμρενόἰαῃε.
1049 4949 1117 4996 At
1143 4947 1512 5015 manuscripti,
1544 4949 1880 5015 superbiant.

439 5009 462 5044 δ
492 5008 1062 5073 Gervasianuscodex,
1089 5008 1451 5073 perceptioni.

439 5075 516 5135 (α)
548 5072 752 5135 Mucius
783 5071 877 5131 qui
907 5071 1126 5135 Scevola
1153 5071 1326 5123 dictus
1355 5088 1387 5123 a
1419 5075 1566 5126 clade
1595 5079 2023 5132 dextraemanus.

375 5133 511 5194 Liv.,
541 5135 640 5182 lib.
677 5133 724 5190 2,
757 5146 867 5194 cap.
904 5134 978 5192 12,
1013 5134 1087 5188 13,
1114 5138 1169 5184 et
1195 5137 1463 5187 Plutarch.
1494 5140 1550 5187 in
1582 5141 1868 5191 Publicola.

382 5263 413 5311 5
439 5198 507 5261 (b)
537 5197 776 5309 gurtius.
807 5195 937 5246 Vide
965 5197 1195 5256 Livium,
1221 5200 1258 5248 1.
1305 5199 1354 5263 7,
1386 5215 1430 5252 c.
1466 5200 1513 5249 6.
1546 5202 1719 5254 Valer.
1751 5205 1963 5254 Maxim.
1986 5207 2023 5256 l.

420 5299 432 5311 .
464 5275 506 5311 c.
575 5298 584 5307 .

464 5275 506 5311 Ο.
537 5275 584 5309 ο.

420 5299 512 5384 ’(Εά
537 5299 654 5372 Liv.
683 5320 776 5371 lib.
807 5320 837 5370 8
866 5325 919 5373 et
950 5321 1025 5371 10.

440 5387 514 5447 (ἀ)
543 5385 642 5434 Pro
669 5385 876 5456 Quibus
903 5385 1276 5456 fundebatur;
1307 5400 1414 5436 non
1426 5389 1655 5456 quidem
1686 5392 1766 5456 _ad
1795 5392 2028 5456 redemp-

379 5448 688 5517 tion_em_,_u_t
740 5448 892 5517 fusus
919 5450 1000 5517 est
1028 5449 1223 5517 Christi
1250 5448 1488 5517 sanguis,
1515 5453 1609 5517 sed
1637 5453 1705 5517 ad
1727 5448 2027 5517 exemplum

376 5509 722 5580 fortitqdinis.
748 5511 825 5558 De
843 5511 1196 5580 ‘fﬂorritudin;
1223 5509 1496 5574 ﬁdelium,
1510 5515 1685 5576 inquit
1713 5518 1828 5577 Leo,
1871 5509 2024 5580 epist.

379 5571 516 5642 alias
545 5570 622 5642 8:3.
655 5586 798 5642 nunc
840 5573 919 5633 97,
951 5573 1202 5636 exempla
1223 5570 1371 5642 ’πα-ια
1400 5570 1884 5642 εαὴελῖαιίσηῑὶἁε,
1903 5570 2029 5631 ’τῑοη

377 5635 524 5706 dena
541 5633 827 5706 Iustitiae.
870 5699 883 5706 _
1087 5633 1188 5706 ____
1236 5699 1246 5706 .
1298 5638 1508 5706 Lsosaan
1536 5633 1777 5706 Coougsos,

438 5695 626 5809 ggﬁiic
659 5695 972 5750 Plutarchus
1005 5713 1016 5750 :
1040 5701 1107 5750 ad
1137 5699 1320 5750 Livius
1346 5701 1575 5750 cadaver
1605 5703 1781 5753 efferri
1808 5705 2028 5768 iussisse

379 5771 583 5814 βοηυιι.

1428 276 1534 336 DE
1577 269 1942 337 CIVITATE
1986 268 2142 349 DEI,
2191 271 2252 331 S.
2300 273 2731 336 AUGUSTINI

3684 273 3804 336 164

2154 402 2244 457 cui
2269 404 2548 461 Dominus
2571 407 2641 461 de
2665 403 2965 478 sepultura
2986 403 3164 476 patris
3187 403 3279 460 sui
3301 402 3552 462 sollicito
3580 405 3683 474 ait,
3709 406 3812 464 Se-

2151 509 2318 563 quere
2345 510 2449 561 me,
2495 503 2544 550 et
2574 497 2694 550 sine
2741 499 2980 550 mortuos
3009 493 3242 565 sepelire
3271 498 3517 550 mortuo:
3547 511 3674 552 suos
3695 495 3812 556 (Id.

2149 600 2268 652 vm,
2300 585 2432 654 22)?
2453 587 2508 642 Si
2541 586 2617 642 M.
2646 587 2927 658 Regulus,
2954 602 3022 641 ne
3045 586 3480 642 crudelissimos
3501 587 3820 657 hostesju-

2149 676 2332 730 rando
2365 677 2608 745 falleret,
2645 679 2716 733 ad
2749 694 2846 733 eos
2890 677 2962 732 ab
2994 676 3119 748 ipsa
3169 676 3352 732 Roma
3389 694 3655 734 reversus
3697 686 3812 747 est,

2147 763 2450 833 quoniam,
2476 765 2626 821 sicut
2657 765 2927 821 Romanis
2959 779 3090 820 eum
3126 769 3322 821 tenere
3351 763 3682 822 volentibus
3718 783 3812 823 re-

2145 854 2451 923 spondisse
2476 854 2676 922 fertur,
2704 860 3076 927 posteaquam
3109 853 3265 910 Afris
3286 854 3592 924 servierat,
3617 855 3813 928 digni-

2144 945 2323 997 tatem
2349 942 2466 997 illic
2489 943 2720 1000 honesti
2743 944 2885 1001 civis
2908 943 3120 999 habere
3148 959 3263 999 non
3291 949 3521 1015 posset;
3556 961 3806 1016 cumque

2144 1029 2658 1103 Carthaginenses,
2689 1033 2964 1105 quoniam
2989 1036 3192 1088 contra
3213 1049 3310 1088 eos
3334 1033 3393 1087 in
3425 1033 3683 1090 Romano
3716 1050 3812 1092 εθ-

2142 1123 2280 1174 natu
2306 1124 2524 1192 egerat,
2558 1123 2922 1194 gravissimis
2959 1122 3268 1194 suppliciis
3300 1128 3656 1179 necaverunt
3687 1123 3810 1197 (a):

2139 1207 2239 1278 qui
2263 1207 2557 1266 cruciatus
2582 1226 2696 1266 non
2721 1218 2857 1266 sunt
2879 1226 2978 1281 pro
3007 1209 3118 1265 ﬁde
3140 1209 3299 1266 illius
3325 1211 3525 1282 patrias
3547 1215 3812 1268 contem-

2139 1295 2337 1363 nendi,
2357 1298 2427 1352 ad
2447 1300 2617 1370 cujus
2632 1299 3061 1355 beatitudinem
3076 1298 3220 1355 fides
3239 1299 3368 1372 ipsa
3382 1300 3686 1370 perducit?
3705 1305 3811 1357 aut

2141 1385 2282 1457 quid
2305 1387 2664 1445 retribuetur
2684 1389 2930 1445 Domino
2954 1405 3057 1461 pro
3081 1391 3355 1446 omnibus
3376 1407 3504 1463 quae
3532 1391 3808 1448 retribuit

2136 1475 2305 1544 (Psal.
2337 1494 2462 1544 cxv,
2500 1479 2606 1550 i2),
2633 1477 2682 1534 si
2716 1495 2814 1548 pro
2850 1479 2962 1535 fide
2993 1495 3124 1550 quas
3155 1478 3236 1536 illi
3256 1480 3657 1536 debeturtalia
3680 1481 3807 1537 fue-

2138 1567 2213 1622 rit
2231 1568 2406 1625 homo
2432 1585 2664 1640 passus,
2693 1567 2892 1640 qualia
2911 1584 3013 1638 pro
3039 1568 3148 1623 ﬁde
3173 1585 3346 1639 quam
3367 1569 3802 1641 perniciosissi-

2139 1657 2252 1714 mis
2275 1657 2536 1714 inimicis
2561 1657 2807 1712 debebat
2823 1673 3037 1728 passus
3064 1661 3153 1712 est
3176 1657 3470 1729 Regulus?
3491 1657 3798 1722 Quomodo

2137 1750 2331 1803 autem
2354 1747 2369 1781 ί
2394 1762 2452 1802 se
2472 1744 2705 1801 audebit
2728 1745 2999 1801 extollere
3022 1747 3093 1801 de
3115 1745 3804 1820 voluntaria‘paupertate

2136 1835 2517 1906 cbristianus,
2551 1839 2616 1890 ut
2638 1834 2696 1888 in
2727 1834 2900 1905 hujus
2921 1835 3049 1890 vitae
3075 1835 3546 1907 peregrinatione
3566 1837 3804 1909 expedi-

2136 1924 2246 1981 tior
2276 1924 2539 1982 ambulet
2563 1924 2738 1990 viam,
2760 1940 2883 1994 quas
2903 1924 3163 1996 perducit
3187 1926 3258 1980 ad
3286 1925 3559 1998 patriam,
3581 1926 3681 1982 ubi
3701 1942 3806 1983 ve-

2137 2032 2212 2070 rsa
2243 2014 2454 2070 divitiis
2478 2014 2601 2084 ipse
2623 2013 2779 2069 Deus
2800 2017 2905 2082 est,
2924 2029 3060 2070 cum
3086 2015 3284 2069 audiat
3305 2016 3391 2070 vel
3418 2014 3571 2087 legat
3593 2015 3652 2070 L.
3680 2018 3801 2071 Va-

2145 2102 2380 2172 lerium,
2417 2103 2513 2174 qui
2547 2102 2605 2157 in
2646 2117 2750 2157 suo
2783 2103 3093 2158 defunctus
3125 2107 3209 2158 est
3240 2102 3573 2172 consulatu,
3607 2118 3801 2176 usque

2139 2190 2283 2246 adeo
2316 2190 2498 2246 fuisse
2530 2204 2865 2263 pauperem,
2899 2198 2960 2245 ut
2982 2191 3248 2247 nummis
3270 2208 3302 2245 a
3323 2192 3537 2264 popqu
3566 2190 3788 2247 collatis

2141 2281 2268 2350 ejus
2298 2279 2600 2352 sepultura
2633 2284 2936 2334 curaretur
2958 2279 3033 2350 (b)
3053 2279 3080 2334 ?
3103 2279 3304 2336 audiat
3325 2280 3410 2336 vel
3444 2281 3594 2353 legat
3615 2281 3802 2347 Quin-

2140 2368 2288 2424 tium
2312 2369 2742 2436 Cincinnatum,
2771 2385 2897 2424 cum
2933 2373 3184 2440 quatuor
3210 2371 3418 2442 jugera
3450 2371 3805 2450 possideret,

2144 2462 2200 2513 et
2221 2473 2288 2513 ea
2310 2460 2435 2516 suis
2455 2459 2723 2514 manibus
2747 2459 2978 2526 coleret,
2999 2459 3070 2515 ab
3083 2464 3272 2516 aratro
3285 2475 3410 2516 esse
3424 2459 3804 2526 abductum’,

2144 2551 2207 2602 ut
2262 2549 2506 2605 dictator
2529 2549 2707 2615 ﬁeret,
2740 2549 2925 2619 major
2956 2547 3159 2619 utique
3183 2549 3401 2606 honore
3432 2565 3612 2622 quam
3658 2565 3802 2605 con-

2145 2638 2257 2706 sul;
2277 2639 2560 2710 victisque
2576 2639 2842 2695 hostibus
2855 2639 3148 2711 ingentem
3167 2639 3411 2711 gloriam
3428 2645 3807 2697 consecutum

2146 2729 2204 2784 id
2235 2730 2440 2785 eadem
2478 2732 2815 2800 paupertate
2840 2727 3129 2784 mansisse
3153 2727 3223 2800 (c)
3245 2728 3272 2782 ?
3300 2732 3414 2785 Aut
3435 2730 3582 2801 quid
3605 2747 3667 2786 se
3685 2748 3807 2788 ma-

2145 2833 2321 2888 gnum
2345 2817 2548 2871 fecisse
2578 2815 2936 2886 praedicabit,
2962 2817 3119 2887 quod
3148 2816 3305 2873 nullo
3329 2819 3566 2886 praemio
3599 2823 3814 2894 mundi

2143 2906 2320 2977 hujus
2357 2905 2525 2961 fuerit
2555 2905 2625 2960 ab
2658 2909 2884 2960 aeterna
2911 2905 3074 2960 illius
3099 2905 3288 2975 patrita
3313 2906 3586 2963 societate
3628 2911 3814 2966 sedu-

2141 3002 2289 3063 ctus,
2309 3009 2443 3051 cum
2459 2993 2780 3049 Fabricium
2803 2994 3069 3050 didicerit
3093 2995 3268 3050 tantis
3291 2996 3632 3053 muneribus
3653 3001 3802 3071 Pyr-

2141 3084 2254 3152 rhi,
2286 3084 2440 3155 regis
2464 3083 2856 3155 Epirotarum,
2883 3085 3172 3154 promissa
3190 3084 3366 3140 etiam
3399 3090 3609 3157 quarta
3643 3092 3804 3159 parte

2142 3174 2326 3244 regni,
2362 3190 2395 3228 a
2435 3173 2699 3228 Romana
2728 3173 2956 3228 civitate
2999 3190 3113 3229 non
3148 3174 3408 3244 potuisse
3441 3175 3656 3245 divelli,
3689 3178 3804 3234 ibi-

2143 3279 2256 3332 que
2288 3261 2346 3315 in
2380 3278 2486 3316 sua
2522 3264 2860 3332 paupertate
2883 3261 3176 3332 privatum
3214 3279 3451 3318 manere
3477 3263 3802 3322 maluisse?

2142 3349 2288 3405 Nam
2307 3350 2450 3404 illud
2477 3350 2627 3420 quod
2652 3349 3094 3420 rempublicam,
3120 3350 3175 3405 id
3193 3355 3281 3405 est
3295 3367 3414 3406 rem
3434 3353 3652 3424 populi,
3670 3371 3797 3410 rem

2142 3441 2365 3513 patriae,
2400 3455 2517 3495 rem
2547 3455 2943 3504 communem,
2977 3455 3108 3494 cum
3133 3440 3416 3496 haberent
3437 3442 3803 3512 opulentissi-

2137 3545 2277 3586 mam
2294 3527 3072 3600 atqueditissimam,sicipsi
3107 3527 3164 3582 in
3199 3529 3322 3584 suis
3358 3529 3632 3587 domibus
3663 3548 3802 3604 pau-

2143 3637 2307 3692 peres
2329 3623 2514 3688 erant,
2549 3623 2612 3674 ut
2641 3618 2879 3688 quidam
2912 3633 3140 3686 eorum,
3188 3619 3290 3689 qui
3319 3620 3445 3690 jam
3479 3621 3568 3677 bis
3602 3623 3803 3678 consul

2145 3710 2372 3774 fuisset,
2393 3725 2459 3763 ex
2477 3707 2572 3763 illo
2586 3710 2790 3762 senatu
2819 3723 3141 3778 pauperum
3159 3707 3466 3764 hominum
3489 3711 3805 3780 pelleretur

2143 3799 2434 3853 notatione
2458 3795 2740 3861 censoria,
2768 3797 2924 3866 quod
2947 3797 3142 3852 decem
3169 3798 3362 3868 pondo
3389 3799 3610 3870 argenti
3628 3800 3686 3855 in
3707 3816 3803 3856 va-

2141 3887 2224 3941 sis
2254 3886 2467 3941 habere
2497 3889 2829 3955 compertus
2847 3887 2935 3939 est
2958 3884 3067 3957 (d);
3092 3886 3208 3941 ita3
3231 3886 3407 3943 iidem
3433 3889 3540 3959 ipsi
3569 3905 3803 3960 paupe-

2141 3991 2233 4030 res
2247 3978 2684 4044 erant,quorum
2702 3973 3013 4044 triumphis
3027 3975 3329 4046 publicum
3347 3976 3640 4033 ditabatur
3657 3994 3804 4034 aera-

2140 4063 2336 4118 rium:
2381 4078 2571 4117 nonne
2609 4077 2815 4118 omnes
2845 4063 3180 4131 Christiani,
3230 4065 3333 4136 qui
3385 4065 3796 4123 excellentiore

2139 4151 2436 4224 proposito
2451 4150 2679 4205 divitias
2691 4169 2826 4207 suas
2842 4168 3184 4208 communes
3204 4154 3442 4221 faciunt,
3467 4156 3795 4211 secundum

2137 4243 2193 4298 id
2216 4243 2368 4314 quod
2389 4243 2671 4312 scriptum
2697 4243 2857 4299 estin
2883 4245 3124 4302 Actibus
3149 4247 3658 4317 Apostolorum,ut
3677 4248 3801 4303 dis-

2140 4332 2429 4387 tribuatur
2460 4331 2799 4403 unicuique,
2843 4333 2994 4390 sicut
3023 4334 3234 4407 cuique
3265 4353 3411 4408 opus
3451 4341 3572 4404 est;
3605 4340 3661 4392 et
3692 4351 3802 4393 ne-

2137 4437 2230 4477 mo
2251 4420 2406 4476 dicat
2425 4420 2646 4493 aliquid
2667 4422 2995 4494 proprium,
3022 4423 3123 4478 sed
3142 4423 3261 4480 sint
3290 4424 3408 4480 illis
3422 4426 3621 4481 omnia
3641 4441 3806 4482 com-

2135 4512 2338 4568 munia
2366 4512 2516 4586 (Act.
2570 4531 2630 4581 ιι,
2664 4515 2734 4568 45
2768 4524 2854 4571 :el
2884 4532 2962 4582 ιν,
2994 4517 3122 4587 32);
3154 4515 3497 4588 intelligunt
3540 4535 3600 4574 se
3632 4516 3799 4575 nulla

2133 4602 2206 4659 ob
2247 4602 2353 4659 hoc
2383 4602 2652 4659 ventilari
2685 4612 2949 4676 oportere
2970 4605 3283 4676 jactantia,
3317 4607 3371 4662 id
3404 4607 3670 4664 faciendo
3692 4623 3802 4680 pro

2134 4691 2449 4747 obtinenda
2480 4693 2756 4749 societate
2785 4693 3167 4765 Angelorum,
3203 4711 3337 4750 cum
3374 4712 3518 4766 pene
3549 4696 3663 4752 tale
3694 4695 3806 4752 ali-

2131 4781 2268 4853 quid
2282 4780 2363 4836 illi
2384 4780 2624 4838 fecerint
2640 4799 2744 4854 pro
2756 4783 3150 4839 conservanda
3162 4783 3344 4855 gloria
3363 4785 3797 4842 Romanorum?

2200 4902 2214 4934 ί
2248 4897 2382 4954 Vox.
2413 4905 2621 4953 autem,
2652 4899 2802 4949 abest
2830 4911 2864 4948 a
2891 4900 3091 4949 nostris
3125 4900 3413 4951 codicibus.
3446 4902 3513 4951 Μ.

2200 4959 2221 4993 ²
2252 4961 2311 5008 In
2344 4961 2418 5020 B.,
2451 4962 2774 5010 adductum.
2804 4962 2871 5010 M.

2199 5024 2218 5056 ³
2251 5024 2396 5079 Lov.,
2428 5023 2479 5071 .ςὶ
2510 5025 2607 5072 ita.
2645 5024 2823 5080 Abest.
2853 5024 2904 5072 si
2934 5037 2966 5072 a
2994 5025 3216 5075 caeteris
3245 5026 3417 5075 libris.

2192 5087 2269 5144 (α)
2298 5084 2489 5148 Supra,
2523 5086 2667 5143 lib.i,
2699 5100 2811 5148 cap.
2845 5087 2920 5145 15,
2951 5087 3030 5136 24.

2198 5147 2269 5210 (b)
2296 5147 2542 5212 Erratum
2590 5151 2670 5196 est
2716 5147 2779 5196 in
2820 5151 3162 5212 praenomine
3219 5151 3381 5201 simul
3418 5153 3473 5199 et
3516 5150 3572 5198 in
3617 5150 3801 5201 obitus

2135 5223 2278 5258 anno
2310 5225 2322 5262 :
2355 5211 2631 5259 dicebatur
2672 5211 2837 5265 enim,
2869 5225 2977 5261 non
3007 5213 3198 5263 Lucius
3227 5215 3320 5262 sed
3366 5213 3605 5268 Publius,
3639 5213 3801 5263 Vale-

2132 5274 2245 5338 rius
2274 5272 2548 5321 Publicola
2572 5276 2675 5338 _;_et
2709 5288 2816 5338 non
2867 5274 2949 5338 in,
2977 5289 3072 5325 suo
3102 5279 3295 5338 quarto
3333 5277 3616 5325 consulatu
3645 5277 3800 5335 obiit,

2135 5335 2224 5384 sed
2259 5349 2399 5383 anno
2430 5335 2815 5398 post,Verginio
2846 5339 2897 5385 et
2927 5335 3453 5394 Cassioconsulibus,
3473 5341 3626 5387 sexto
3656 5352 3804 5388 anno

2133 5399 2538 5508 ﬁgstsexpulsos
2567 5412 2732 5460 reges,
2763 5400 2960 5456 Livius,
3013 5401 3106 5452 lib.
3137 5401 3186 5456 2.
3222 5415 3334 5464 cap.
3385 5401 3463 5462 16,
3499 5401 3792 5464 Dionysius

2155 5475 2226 5508 ιι),
2264 5475 2310 5507 ἱ).

2134 5586 2163 5632 4
2197 5522 2494 5632 (ἓλῖῐλὶγὶιιε,
2529 5524 2620 5572 lib.
2651 5524 2700 5580 3,
2737 5539 2849 5588 cap.
2882 5524 2979 5584 26;
3011 5525 3439 5580 ValenMaxim,
3463 5526 3556 5573 lib.
3590 5526 3640 5580 4,
3676 5538 3801 5589 cap.

2167 5593 2308 5644 ,s'z.

2194 5647 2273 5708 (di
2298 5647 2604 5714 Cornelium
2639 5650 2914 5714 Ruffinum
2959 5651 3211 5714 intelligit
3237 5652 3301 5701 de
3329 5664 3436 5714 quo
3466 5651 3642 5714 Yaler.
3689 5650 3802 5701 Ma-

2133 5709 2390 5823 iriibmﬁib.
2429 5710 2480 5771 2,
2515 5725 2625 5774 cap.
2654 5713 2730 5765 9:
2779 5714 2838 5762 Α.
2889 5713 3019 5770 Gel.,
3067 5709 3162 5764 lib:
3217 5715 3266 5778 4,
3314 5709 3429 5778 cap.
3461 5713 3492 5761 8
3527 5728 3541 5774 ;
3587 5713 3798 5780 Livius,

2157 5785 2226 5822 ιο.
2266 5785 2341 5824 14.
