4128 6184
238 248 350 310 165
437 204 450 212 ’

301 385 352 437 3.
386 383 513 438 Hac
544 389 601 438 et
632 383 770 452 alia,
792 381 843 437 si
864 397 978 452 qua
1004 379 1869 452 hujuscemodireperiunturin

228 471 434 528 litteris
447 488 675 538 eorum,
695 471 926 542 quando
949 470 1029 525 sic
1043 470 1656 542 innotescerent,quan
1667 471 1737 525 do
1752 474 1873 524 tan-

231 565 288 616 ta
329 561 484 617 fama
519 561 989 632 pradicarentur,
1030 559 1138 615 nisi
1191 561 1516 616 Romanum
1568 558 1878 628 imperium

230 650 400 722 longe
423 651 653 722 lateque
674 654 1023 722 porrectum,
1040 649 1363 721 magnilicis
1387 649 1763 704 successibus
1785 662 1880 702 au-

231 739 506 810 geretur?
529 739 775 794 Proinde
797 737 1059 810 perillud
1075 738 1383 808 imperium
1407 742 1524 792 tam
1542 737 1720 792 latum
1736 741 1880 790 tam-

227 828 1086 900 quediuturnum,virorumque
1100 833 1399 883 tantorum
1414 827 1727 882 virtutibus
1744 841 1883 897 pra-

225 917 446 975 clarum
468 924 643 990 atque
663 919 1008 991 gloriosum,
1033 922 1090 972 et
1121 916 1352 972 illorum
1392 917 1704 972 intentioni
1726 929 1879 970 mer-

234 1024 329 1065 ces
366 1026 535 1082 quam
563 1009 893 1081 quarehant
914 1013 1004 1064 est
1041 1007 1280 1074 reddita,
1306 1011 1362 1063 et
1397 1007 1566 1062 nobis
1591 1005 1883 1076 proposita

233 1099 572 1156 necessaria
591 1098 1060 1154 commonitionis
1085 1095 1385 1168 exempla:
1414 1100 1476 1151 ut
1515 1096 1563 1151 si
1611 1095 1880 1159 virtutes,

233 1205 482 1261 quarum
505 1188 629 1243 ista
654 1191 976 1258 utcumque
998 1185 1386 1256 suntsimiles,
1406 1184 1661 1256 quasisti
1685 1200 1782 1254 pro
1807 1184 1884 1240 ci-

232 1277 434 1334 vitatis
455 1283 690 1333 terrena
715 1275 896 1348 gloria
918 1279 1255 1344 tenuerunt,
1273 1291 1373 1344 pro
1393 1275 1489 1330 Dei
1511 1271 1884 1345 gloriossima

227 1367 459 1422 civitate
482 1381 593 1421 non
627 1365 1009 1433 tenuerimus,
1063 1365 1282 1436 pudore
1324 1379 1693 1435 pungamur;
1729 1361 1777 1416 si
1802 1365 1883 1417 te-

231 1457 558 1524 nuerimus,
575 1454 852 1526 superbia
873 1471 986 1510 non
1009 1452 1715 1523 extollamurz-quoniam,
1733 1451 1885 1505 sicut

231 1545 376 1600 dicit
403 1543 743 1617 Apostolus,
767 1544 1010 1612 indignae
1025 1547 1155 1598 sunt
1175 1544 1454 1614 passiones
1484 1540 1655 1610 hujus
1688 1549 1886 1609 tempo-

228 1635 306 1690 ris
325 1635 396 1691 ad
415 1638 667 1702 futuram
688 1633 923 1705 gloriam
947 1647 1074 1704 quae
1090 1631 1428 1688 revelabitur
1449 1633 1508 1685 in
1528 1630 1682 1686 nobis
1704 1630 1881 1698 (Rom.

229 1741 353 1791 vni,
390 1725 502 1794 18).
539 1723 627 1779 Ad
658 1723 977 1778 humanam
1021 1739 1154 1778 vero
1185 1721 1425 1791 gloriam
1460 1718 1884 1791 prasentisque

226 1813 511 1886 temporis
533 1814 678 1870 satis
693 1813 868 1885 digna
884 1812 1001 1869 vita
1022 1810 1416 1866 astimabatur
1434 1808 1695 1864 illorum.
1721 1807 1883 1862 Unde

226 1903 402 1959 etiam
417 1903 450 1959 J
458 1902 630 1966 udai,
655 1902 754 1974 qui
774 1902 1074 1959 Christum
1095 1901 1450 1966 occiderunt,
1477 1898 1767 1954 revelante
1782 1897 1884 1952 Te-

231 1997 524 2049 stamento
555 1991 732 2059 Novo,
765 1993 915 2062 quod
939 1991 999 2046 in
1021 1990 1224 2046 Vetere
1251 1989 1508 2044 velatum
1534 1988 1662 2054 fuit,
1687 1994 1748 2042 ut
1766 2002 1884 2042 nou

228 2099 328 2155 pro
366 2081 616 2138 terrenis
649 2084 705 2137 et
735 2079 1155 2151 temporalibus
1177 2076 1501 2145 beneficiis,
1537 2093 1664 2148 qua
1689 2075 1887 2130 divina

236 2173 609 2244 providentia
640 2171 916 2243 permixte
947 2171 1119 2226 bonis
1152 2168 1440 2240 malisque
1475 2166 1761 2231 concedit,
1783 2165 1885 2221 sed

231 2279 336 2332 pro
352 2267 574 2318 aterna
595 2261 714 2316 vita
735 2260 1190 2331 muneribusque
1208 2257 1503 2329 perpetuis
1520 2255 1776 2326 etipsius
1789 2271 1888 2310 su-

227 2367 430 2422 perna
454 2350 707 2406 civitatis
723 2349 996 2404 societate
1019 2349 1239 2403 colatur
1274 2349 1426 2402 Deus
1450 2363 1604 2402 unus
1624 2349 1682 2400 et
1700 2360 1889 2413 verus,

226 2439 570 2495 rectissime
595 2437 839 2493 istorum
859 2436 1056 2508 gloria
1080 2436 1274 2491 donati
1297 2440 1465 2504 sunt;
1483 2443 1541 2490 ut
1564 2433 1620 2488 hi
1637 2433 1732 2504 qui
1756 2449 1892 2503 qua-

224 2527 650 2596 libuscumque
666 2526 970 2580 virtutibus
986 2529 1268 2580 terrenam
1283 2523 1522 2595 gloriam
1538 2522 1894 2595 quaesierunt

221 2620 277 2670 et
307 2615 782 2682 acquisiverunt,
801 2614 1104 2669 vincerent
1124 2629 1222 2669 eos
1245 2613 1344 2684 qui
1367 2612 1595 2682 magnis
1616 2610 1770 2666 vitiis
1790 2611 1890 2665 da-

222 2707 418 2759 torem
457 2718 602 2757 vera
642 2702 834 2773 gloria
885 2707 943 2758 et
981 2701 1226 2757 civitatis
1284 2709 1508 2758 aterna
1547 2701 1890 2757 occiderunt

227 2799 405 2866 atque
430 2799 806 2865 respuerunt.

229 2901 468 2958 CAPUT
481 2900 632 2958 XIX.
647 2932 717 2942 —-
741 2901 853 2969 Quo
872 2903 1085 2957 intersa
1101 2900 1357 2974 diﬂerant
1373 2899 1647 2972 cupiditas
1667 2898 1883 2970 gloria.

661 2998 716 3046 et
743 2989 1013 3060 cupiditas
1041 2990 1455 3047 dominationis.

301 3080 554 3135 Interest
571 3095 711 3134 sane
733 3079 880 3134 inter
901 3079 1278 3150 cupiditatem
1305 3079 1574 3134 humana
1596 3077 1889 3151 gloria,et

238 3170 621 3241 cupiditatem
643 3168 1083 3223 dominationis.
1107 3168 1250 3224 Nam
1285 3168 1685 3240 licetproclive
1717 3167 1890 3236 sit,ut

237 3259 331 3329 qui
366 3258 632 3312 humana
653 3256 839 3328 gloria
857 3257 1101 3313 nimium
1127 3256 1461 3318 delectatur.
1487 3258 1660 3314 etiam
1698 3255 1887 3312 domi-

238 3347 358 3403 nari
384 3347 658 3402 ardenter
681 3347 945 3402 ail'ectet:
973 3352 1168 3402 tamen
1191 3347 1291 3418 qui
1311 3363 1508 3403 veram
1531 3348 1669 3402 licet
1691 3347 1891 3400 buma-

236 3455 446 3494 narum
474 3437 716 3492 laudum
739 3437 983 3509 gloriam
1017 3438 1460 3508 concupiscunt,
1489 3439 1631 3492 dant
1651 3451 1888 3507 cperam

237 3529 376 3584 bene
392 3527 799 3598 judicantibus
813 3543 926 3582 non
942 3526 1432 3598 displicere.Suut
1453 3527 1609 3582 enim
1633 3543 1681 3580 m
1694 3525 1812 3580 ulta
1832 3525 1887 3578 in

240 3617 500 3672 moribus
522 3618 696 3684 bona,
713 3616 783 3671 de
806 3616 1015 3687 quibus
1033 3615 1203 3671 multi
1219 3617 1363 3671 bene
1380 3614 1663 3685 iudicant,
1685 3628 1890 3683 quam-

238 3709 315 3762 vis
332 3724 401 3763 ea
439 3704 610 3762 multi
654 3722 767 3762 non
791 3706 1076 3762 habeant:
1105 3722 1204 3778 per
1225 3707 1324 3762 ea‘
1351 3704 1501 3760 bona
1539 3719 1766 3759 morum
1804 3701 1890 3756 ni-

241 3801 437 3853 tuntur
458 3797 530 3851 ad
556 3795 796 3866 gloriam
817 3799 875 3851 et
896 3795 1205 3866 imperium
1219 3793 1302 3850 vel
1319 3794 1797 3862 dominationem,
1822 3793 1890 3848 de

246 3886 462 3958 quibus
485 3884 568 3940 ait
607 3883 1054 3966 Sellustius,8ed
1083 3884 1181 3940 ille
1211 3900 1339 3939 vera
1362 3885 1449 3939 via
1480 3883 1695 3938 nititur.
1717 3880 1887 3948 Quis-

246 3975 367 4045 quis
389 3979 594 4031 autem
613 3975 740 4029 sine
759 3972 1073 4044 cupiditate
1094 3971 1306 4044 gloria,
1333 3989 1449 4044 qua
1470 3977 1697 4027 veretur
1720 3970 1892 4026 homo

247 4063 381 4120 bene
398 4064 822 4136 ejudicanlibus
858 4063 1186 4135 displicere,
1213 4063 1501 4120 dominari
1522 4068 1694 4136 atque
1717 4064 1892 4134 impe-

246 4169 362 4210 rare
384 4154 703 4220 desiderat,
725 4153 902 4209 etiam
928 4170 1031 4224 per
1051 4153 1418 4225 apertissima
1453 4154 1672 4209 scelera
1691 4152 1894 4222 quarit

249 4243 591 4315 plerumque
609 4243 868 4298 obtinere
884 4244 1033 4314 quod
1057 4241 1265 4314 diligit.
1281 4243 1530 4299 Proinde
1551 4243 1643 4314 qui
1658 4242 1892 4314 gloriam

251 4330 631 4404 concupiscit,
655 4339 749 4386 aut
768 4348 896 4386 vera
909 4332 997 4386 via
1013 4331 1234 4398 nititur,
1252 4337 1354 4386 aut
1375 4336 1525 4388 certe
1549 4332 1695 4388 dolis
1718 4337 1895 4403 atque

248 4419 482 4477 fallaciis
496 4419 1021 4490 contendit,volens
1036 4421 1223 4476 bonus
1237 4421 1412 4477 videri
1428 4421 1762 4492 esse’,qu0d
1782 4437 1892 4476 non

247 4511 650 4583 est(5allust.in
665 4509 921 4578 Catil.)Et
937 4510 1064 4566 ideo
1077 4510 1318 4566 virtutes
1332 4510 1565 4565 habenti
1585 4526 1794 4581 magna
1808 4510 1896 4564 vir

245 4602 328 4655 tus
351 4609 436 4656 est
454 4599 1083 4670 contemneregloriam
1106 4615 1119 4666 ;
1145 4600 1283 4670 quia
1297 4603 1668 4670 contemptus
1691 4598 1894 4668 ejusin

247 4694 561 4762 conspectu
585 4688 684 4744 Dei
701 4688 1028 4758 est,judicio
1052 4692 1246 4744 autem
1269 4705 1382 4742 non
1406 4687 1892 4758 aperiturhuma-

249 4793 336 4833 no.
361 4778 664 4850 Quidquid
699 4778 852 4834 enim
885 4777 1082 4832 fecerit
1103 4777 1174 4832 ad
1200 4779 1398 4832 oculos
1428 4776 1753 4841 hominum,
1779 4792 1893 4848 quo

250 4866 433 4936 gloria
457 4866 1204 4940 contemptorappareat,ad
1222 4866 1488 4935 majorem
1514 4864 1894 4935 laudem,hoc

251 4960 332 5011 est
349 4958 420 5012 ad
449 4958 733 5028 majorem
765 4955 1031 5027 gloriam,
1058 4955 1240 5010 facere
1270 4955 1320 5010 si
1352 4955 1644 5022 credatur,
1668 4971 1780 5012 non
1803 4959 1895 5013 est

253 5047 394 5102 unde
415 5064 474 5103 se
496 5045 929 5118 suspicantium
955 5045 1227 5101 sensibus
1243 5045 1573 5113 aliteresse,
1590 5061 1766 5116 quam
1792 5063 1890 5102 su-

251 5137 557 5206 spicantur,
602 5135 887 5191 ostendat.
914 5135 1023 5190 Sed
1055 5137 1155 5206 qui
1182 5135 1742 5205 contemnitjudicia
1765 5135 1890 5192 lau-

251 5223 1032 5292 dautium,eontemnitetiam
1049 5225 1364 5294 suspicanti
1378 5242 1460 5279 um
1475 5226 1886 5282 temeritatem:

251 5327 484 5381 quorum
509 5318 729 5382 tamen,
750 5314 799 5370 si
827 5329 956 5369 vere
978 5313 1165 5369 bonus
1187 5318 1294 5380 est,
1317 5331 1429 5370 non
1454 5316 1774 5369 contemnit
1796 5332 1889 5370 sa-

251 5401 416 5461 lutem
443 5424 458 5474 ;
478 5406 757 5478 quoniam
783 5409 954 5461 tanta
971 5403 1214 5474 justitia
1231 5409 1318 5459 est
1339 5405 1440 5475 qui
1466 5406 1536 5460 de
1558 5404 1764 5476 spiritu
1793 5406 1887 5461 Dei

306 5523 320 5558 ²
349 5521 507 5582 Editi,
538 5530 587 5571 et
613 5535 712 5581 per
740 5535 821 5577 ea,
851 5521 1031 5580 Abest,
1067 5529 1134 5580 ct,
1169 5532 1203 5569 a
1229 5519 1626 5582 manuscriptis.

308 5583 328 5616 ²
354 5585 511 5646 Editi,
550 5584 729 5634 videri
762 5585 908 5648 quod
937 5600 1048 5635 non
1070 5591 1146 5632 est
1175 5595 1194 5645 ,‘
1221 5583 1435 5645 omisso,
1467 5598 1597 5637 esse,
1629 5585 1772 5647 quod
1799 5586 1891 5635 ha-

257 5643 371 5697 bent
399 5643 765 5714 manuscripti.

1633 243 1874 307 LIBER
1917 243 2258 317 QUINTUS

3516 255 3630 317 166

1980 380 2223 436 virtutes
2251 380 2447 450 habet,
2473 381 2900 452 utetiamipsos
2920 383 3124 454 diligat
3144 383 3442 454 inimicos;
3461 392 3518 443 et
3552 389 3634 444 ita

1987 468 2213 540 diligat,
2239 475 2299 525 ut
2323 487 2461 526 suos
2484 487 2683 526 osores
2706 473 2723 506 ³
2749 470 2832 526 vel
2875 472 3225 529 detractores
3247 475 3386 530 velit
3407 491 3635 532 correc-

1989 561 2078 612 tos
2104 559 2315 614 habere
2339 570 2636 615 consortes
2665 577 2677 614 :
2702 561 2898 615 nonin
2931 565 3159 618 terrena
3181 563 3386 635 patria,
3411 566 3512 621 sed
3543 582 3637 621 su-

1989 664 2192 719 perna:
2214 651 2270 704 in
2290 651 2691 706 laudatoribus
2711 656 2902 706 autem
2918 652 3038 707 suis
3057 655 3324 723 quamvis
3340 656 3638 726 parvipen-

1989 736 2087 792 dat
2111 741 2266 808 quod
2290 755 2422 794 eum
2451 741 2712 806 laudant,
2739 757 2855 796 non
2881 751 3071 796 tamen
3101 743 3632 815 parvipenditquod

1989 832 2222 894 amant;
2256 845 2360 884 nec
2383 845 2480 884 eos
2521 830 2643 884 vult
2679 831 2880 886 fallere
2921 831 3244 898 laudantes,
3274 849 3345 888 ne
3383 833 3638 906 decipiat

1990 915 2324 986 diligentes:
2347 918 2587 988 ideoque
2611 919 3091 988 instatardenter,
3110 926 3172 976 ut
3187 923 3376 992 potius
3392 922 3486 978 ille
3509 924 3637 979 lau-

1991 1003 2180 1070 detur,
2205 1022 2238 1060 a
2265 1023 2373 1076 quo
2407 1007 2584 1062 habet
2607 1007 2780 1063 homo
2805 1009 3086 1080 quidquid
3110 1010 3169 1065 in
3193 1027 3256 1066 eo
3277 1012 3410 1080 jure
3433 1011 3634 1068 lauda-

1989 1097 2104 1148 tur.
2129 1095 2236 1160 Qui
2261 1102 2455 1151 autem
2481 1101 2846 1168 contemptor
2865 1096 3080 1169 gloria,
3106 1100 3527 1156 dominationis
3549 1107 3639 1156 est

1991 1183 2218 1251 avidus,
2257 1185 2476 1240 bestias
2500 1193 2738 1256 superat
2763 1187 2883 1241 sive
2922 1187 3287 1242 crudelitatis
3309 1189 3486 1256 vitiis,
3518 1190 3637 1245 sive

1990 1271 2252 1327 luxuria.
2288 1271 2456 1328 Tales
2479 1274 2718 1344 quidam
2744 1273 2990 1330 Romani
3014 1275 3243 1330 fuerunt
3275 1292 3287 1328 :
3315 1292 3429 1332 non
3451 1277 3635 1346 enim,

1990 1377 2126 1416 cura
2147 1361 2596 1418 existimationis
2621 1363 2861 1433 amissa,
2885 1365 3299 1420 dominationis
3320 1366 3636 1436 cupiditate

1991 1459 2322 1507 caruerunt.
2349 1451 2562 1507 Multos
2594 1451 2739 1508 tales
2770 1453 2964 1522 fuisse,
2991 1454 3179 1524 prodit
3221 1453 3499 1509 historia:
3531 1455 3632 1510 sed

1994 1537 2169 1609 hujus
2184 1539 2306 1594 vitii
2321 1542 2720 1596 summitatem
2737 1552 2788 1597 et
2803 1543 2966 1613 quasi
2991 1559 3182 1598 arcem
3206 1543 3519 1614 quamdam
3531 1542 3637 1598 Ne-

1991 1645 2054 1684 ro
2081 1629 2274 1685 Casar
2296 1631 2520 1701 primus
2541 1631 2829 1701 obtinuit;
2855 1634 3021 1704 cujus
3044 1633 3149 1688 fuit
3177 1638 3336 1688 tanta
3355 1632 3636 1702 luxuries,

1990 1723 2056 1774 ut
2096 1719 2240 1774 nihil
2280 1720 2350 1774 ab
2382 1737 2447 1776 eo
2485 1727 2788 1791 putaretur
2816 1723 2984 1779 virile
3025 1725 3404 1780 metuendum
3434 1741 3447 1791 ;
3473 1727 3638 1780 tanta
3725 1787 3730 1792 δ

1991 1807 2331 1876 crudelitas,
2356 1814 2418 1864 ut
2441 1809 2584 1865 nihil
2611 1811 2782 1868 molle
2806 1811 3014 1868 habere
3050 1815 3398 1881 crederetur,
3425 1814 3473 1870 si
3497 1829 3636 1870 nes-

1989 1896 2418 1953 ciretur.Etiam
2442 1898 2659 1954 talibus
2682 1905 2877 1957 tamen
2895 1903 3233 1959 dominandi
3249 1913 3499 1976 potestas
3519 1919 3638 1960 non

1991 1985 2162 2041 datur
2183 1986 2298 2041 nisi
2345 1987 2562 2046 summi
2586 1988 2685 2045 Dei
2728 1993 3109 2062 providentia,
3131 1995 3364 2060 quando
3405 2009 3495 2049 res
3523 1993 3640 2049 hu-

1995 2089 2196 2128 manas
2214 2073 2438 2144 judicat
2458 2075 2676 2133 talibus
2697 2080 2952 2136 dominis
2964 2082 3188 2152 dignas.
3206 2085 3416 2152 Aperta
3437 2082 3507 2137 de
3526 2081 3638 2139 hac

1992 2179 2053 2218 re
2075 2179 2182 2218 vox
2221 2164 2416 2220 divina
2450 2172 2560 2233 est,
2599 2167 2873 2239 loquente
2912 2169 3013 2225 Dei
3035 2172 3362 2241 sapientia:
3400 2173 3510 2225 Per
3545 2186 3634 2226 me

1992 2266 2141 2321 reges
2172 2257 2424 2323 regnant,
2445 2259 2499 2308 et
2519 2259 2748 2325 tyranni
2772 2273 2871 2328 per
2900 2274 2988 2314 me
3011 2262 3196 2314 tenent
3217 2265 3422 2315 terram
3440 2261 3627 2329 (Prov.

1993 2357 2112 2410 VIII,
2134 2341 2248 2412 15).
2273 2343 2383 2398 Sed
2415 2360 2486 2398 ne
2525 2346 2754 2415 tyranni
2779 2363 2893 2402 non
2917 2348 3152 2418 pessimi
3175 2353 3347 2418 atque
3385 2347 3635 2419 improbi

1996 2446 2179 2502 reges,
2201 2433 2298 2486 sed
2321 2439 2515 2488 vetere
2558 2434 2794 2491 nomine
2833 2438 3006 2492 fortes
3046 2436 3180 2492 dicti
3207 2437 3634 2502 existimentur,

1995 2519 2150 2572 unde
2171 2519 2252 2572 ait
2274 2518 2570 2588 Virgilius,

2053 2622 2182 2674 Pars
2209 2625 2341 2674 mihi
2367 2628 2511 2690 pacis
2539 2628 2930 2693 eritLdextram
2960 2630 3194 2693 tetigisse
3223 2632 3476 2693 tyranni:

2595 2691 2829 2744 JEneid.
2861 2694 2959 2742 lib.
2987 2693 3036 2751 7,
3067 2691 3212 2744 pars.
3247 2691 3386 2757 266.)

1993 2787 2365 2858 apertissime
2385 2789 2497 2846 alio
2519 2791 2643 2848 loco
2665 2793 2734 2848 de
2757 2793 2870 2849 Deo
2893 2793 3108 2850 dictum
3141 2799 3246 2851 est.
3272 2795 3376 2862 Qui
3400 2810 3636 2864 regnare

1989 2877 2128 2948 facit
2148 2879 2421 2935 hominem
2449 2881 2787 2953 hypocritam
2815 2889 3042 2956 propter
3083 2887 3502 2958 perversitatem
3538 2901 3637 2958 po-

1990 2967 2112 3038 puli
2133 2967 2254 3039 (Job
2276 2985 2465 3037 xxxiv,
2491 2973 2604 3042 3U).
2627 2973 3036 3042 Quamobrem,
3061 2975 3347 3045 quamvis,
3373 2983 3428 3030 ut
3448 2974 3634 3045 potui,

1991 3058 2130 3112 satis
2153 3061 2508 3127 exposuerim
2541 3078 2657 3131 qua
2678 3078 2856 3117 causa
2889 3065 3038 3120 Deus
3063 3081 3216 3120 unus
3243 3079 3416 3119 verus
3437 3071 3490 3119 et
3510 3065 3638 3134 jus-

1993 3147 2088 3199 tus
2114 3144 2400 3200 Romanos
2427 3148 2747 3203 secundum
2772 3153 3086 3219 quamdam
3128 3152 3374 3206 formam
3399 3155 3636 3206 terrena

1994 3232 2243 3289 civitatis
2264 3234 2415 3292 bono
2428 3236 2715 3306 adjuverit
2736 3238 2808 3292 ad
2831 3239 3214 3310 tantiimperii
3231 3239 3475 3312 gloriam
3499 3256 3638 3296 con-

1993 3325 2348 3392 sequendam
2376 3341 2388 3378 :
2417 3329 2605 3396 potest
2635 3331 2826 3382 tamen
2853 3332 2911 3382 et
2959 3328 3071 3383 alia
3109 3346 3284 3384 causa
3306 3345 3423 3385 esse
3446 3329 3638 3386 laten-

1995 3411 2104 3465 tior
2119 3417 2354 3482 propter
2373 3414 2600 3469 diversa
2618 3416 2825 3470 merita
2845 3416 3348 3487 generishumani,
3381 3419 3492 3475 Deo
3523 3435 3641 3475 ma-

1994 3499 2082 3569 gis
2106 3508 2242 3555 nota
2264 3518 2432 3569 quam
2452 3502 2618 3557 nobis
2642 3519 2656 3569 ;
2681 3503 2819 3558 dum
2846 3505 2986 3560 illud
3008 3511 3234 3561 constet
3256 3505 3407 3561 inter
3436 3524 3641 3563 omnes

1995 3589 2270 3643 veraciter
2289 3590 2438 3659 pios,
2463 3593 2756 3646 neminem
2781 3592 2907 3646 sine
2928 3610 3062 3648 vera
3078 3595 3311 3664 pietate,
3336 3594 3393 3647 id
3416 3599 3504 3648 est
3523 3594 3640 3649 veri

1997 3677 2098 3732 Dei
2121 3693 2254 3732 vero
2277 3676 2458 3744 cultu,
2481 3696 2676 3734 veram
2701 3696 2867 3750 posse
2886 3680 3098 3736 habere
3121 3681 3511 3752 virtutem(a);
3537 3697 3642 3738 nec

1997 3782 2125 3822 eam
2148 3782 2344 3822 veram
2369 3782 2514 3835 esse,
2540 3769 2772 3837 quando
2804 3767 3001 3838 gloria
3021 3769 3198 3824 servit
3220 3769 3508 3824 humana.
3534 3771 3642 3827 Eos

1996 3861 2188 3911 tamen
2214 3855 2313 3926 qui
2333 3855 2483 3910 cives
2507 3871 2620 3911 non
2643 3856 2758 3911 sint
2779 3856 3029 3912 civitatis
3047 3861 3291 3925 aeterna,
3318 3873 3446 3928 qua
3466 3858 3528 3914 in
3549 3875 3643 3916 sa-

1999 3946 2110 4000 cris
2133 3945 2366 4001 Litteris
2390 3945 2606 4000 nostris
2631 3945 2846 4001 dicitur
2862 3946 3064 4002 civitas
3094 3945 3194 4002 Dei
3216 3947 3384 4018 (Psal.
3417 3964 3546 4016 XLV,
3569 3951 3601 4003 ὅ
3627 3965 3641 4017 ;

1997 4044 2050 4094 et
2089 4052 2260 4102 xcvu,
2283 4036 2379 4090 3st
2399 4037 2454 4104 9,
2504 4036 2648 4108 δια),
2683 4036 2942 4092 utiliores
2973 4053 3102 4092 esse
3141 4044 3378 4092 terrena
3402 4036 3643 4106 civitati,

2000 4129 2236 4198 quando
2285 4126 2496 4182 habent
2534 4127 2809 4182 virtutem
2844 4125 2935 4181 vel
2975 4127 3186 4198 ipsam,
3218 4142 3396 4198 quam
3440 4125 3492 4182 si
3539 4143 3644 4184 nec

1999 4217 2208 4288 ipsam.
2254 4217 2341 4272 llli
2375 4221 2568 4272 autem
2611 4218 2708 4288 qui
2747 4233 2878 4272 vera
2916 4217 3128 4287 pietate
3150 4216 3370 4288 praditi
3394 4217 3539 4274 bene
3561 4217 3646 4273 vi-

2000 4313 2166 4371 vunt,
2206 4309 2251 4362 si
2298 4307 2516 4362 habent
2563 4305 2870 4362 scientiam
2921 4306 3151 4376 regendi
3192 4305 3457 4379 populos,
3497 4305 3644 4362 nihil

2000 4400 2089 4452 est
2119 4396 2342 4451 felicius
2373 4396 2550 4452 rebus
2588 4395 2882 4463 humanis,
2912 4411 3092 4466 quam
3116 4397 3165 4451 si
3187 4394 3301 4452 Deo
3337 4396 3647 4452 miserante

2003 4484 2255 4540 habeant
2286 4489 2652 4555 potestatem.
2675 4483 2842 4539 Tales
2875 4489 3070 4540 autem
3113 4483 3377 4540 homines
3400 4484 3646 4540 virtutes

2000 4591 2137 4631 suas
2159 4581 2657 4646 quantaecumque
2675 4573 2734 4628 in
2749 4573 2857 4630 hac
2870 4574 2986 4630 vita
3009 4579 3255 4646 possunt
3276 4575 3506 4644 habere,
3531 4589 3646 4630 non

1998 4663 2267 4720 tribuunt
2288 4662 2399 4718 nisi
2437 4664 2628 4732 gratia
2670 4661 2790 4732 Dei,
2819 4663 2973 4734 quod
3013 4679 3109 4718 eas
3131 4663 3476 4731 volentibus,
3520 4679 3647 4720 cre-

1997 4752 2296 4820 dentibus,
2321 4752 2652 4824 petentibus
2683 4752 2908 4809 dederit
2930 4769 2943 4819 ;
2965 4751 3256 4822 simulque
3286 4750 3647 4821 intelligunt,

2000 4847 2284 4915 quantum
2307 4841 2415 4896 sibi
2452 4843 2598 4896 desit
2623 4842 2695 4896 ad
2730 4841 3136 4910 perfectionem
3155 4839 3418 4910 justitia,
3452 4838 3646 4908 qualis

1997 4938 2088 4990 est
2107 4933 2166 4989 in
2183 4932 2414 4988 illorum
2431 4935 2767 4986 sanctorum
2781 4928 3133 5000 Angelorum
3164 4929 3438 4985 societate
3453 4925 3569 4996 ,cui
3583 4942 3646 4982 se

1998 5028 2268 5082 nituntur
2285 5033 2501 5096 aptare.
2519 5023 2742 5088 Quantu
2755 5023 3158 5079 mlibelautem
3178 5021 3443 5077 laudetur
3467 5021 3646 5088 atque

1998 5114 2337 5187 pradicetur
2360 5112 2561 5182 virtus,
2579 5127 2710 5183 qua
2733 5109 2857 5166 sine
2878 5127 3009 5166 vera
3033 5110 3241 5182 pietate
3263 5103 3647 5165 servithomi-

2000 5221 2139 5260 num
2179 5205 2394 5276 gloria,
2420 5217 2786 5272 nequaquam
2826 5206 3163 5257 sanctorum
3204 5199 3429 5270 exiguis
3459 5193 3643 5252 initiis

1996 5294 2389 5366 comparanda
2419 5297 2527 5357 est,
2569 5307 2815 5362 quorum
2857 5307 2988 5364 spes
3030 5290 3214 5363 posita
3243 5293 3331 5345 est
3367 5287 3426 5343 in
3458 5285 3646 5358 gratia

1997 5388 2054 5440 et
2082 5383 2482 5439 misericordia
2503 5381 2621 5436 veri
2644 5380 2768 5438 Dei.

2061 5519 2077 5553 ί
2112 5515 2196 5565 Sic
2223 5515 2378 5563 Vind.
2409 5515 2526 5562 Am.
2557 5513 2640 5562 Er.
2673 5517 2726 5564 et
2753 5513 2990 5578 plerique
3018 5513 3140 5564 Mss.
3171 5513 3243 5562 At
3272 5509 3424 5573 Lov.,
3457 5516 3520 5560 ut
3547 5525 3650 5562 su-

1995 5594 2279 5629 surrones.

2062 5644 2134 5709 (α)
2164 5642 2291 5692 Vide
2319 5641 2477 5700 intra,
2513 5639 2590 5688 lib
2641 5638 2718 5700 19,
2745 5654 2858 5704 cap.
2894 5639 2973 5689 25.
