4128 6184
474 295 592 357 167

464 458 694 517 CAPUT
716 456 844 514 XX.
867 486 936 498 —-
958 456 1085 511 Tam
1108 455 1349 523 turpiter
1371 454 1578 508 servire
1597 452 1831 506 virtutes
1851 450 2114 508 humanae

790 547 1005 619 gloria,
1039 561 1207 617 quam
1239 542 1482 613 corporis
1510 541 1802 613 voluptati.

540 663 738 722 Solent
760 660 1110 734 philosophi,
1143 658 1239 728 qui
1273 657 1448 713 finem
1477 656 1612 712 boni
1636 655 1879 712 humani
1904 657 1961 711 in
1984 655 2112 728 ipsa

470 755 683 811 virtute
699 749 1157 815 constituunt,ad
1172 747 1556 816 ingerendum
1573 748 1854 817 pudorem
1870 746 2116 818 quibus-

473 844 606 899 dam
642 839 1028 915 philosOphis,
1054 837 1152 908 qui
1193 837 1431 892 virtutes
1457 837 1688 907 quidem
1724 837 1994 906 probant,
2019 836 2119 892 sed

475 949 572 988 eas
595 929 906 1001 voluptatis
921 925 1239 998 corporalis
1263 926 1377 980 ﬁne
1401 926 1742 995 metiuntur,
1757 930 1814 980 et
1834 926 1996 981 illam
2018 941 2124 996 per

469 1037 532 1076 se
557 1021 744 1089 ipsam
767 1021 974 1088 putant
992 1015 1393 1088 appetendam,
1411 1014 1524 1070 ista
1545 1019 1782 1086 propter
1799 1015 2009 1085 ipsam,
2032 1019 2119 1071 ta-

467 1109 665 1165 bulam
687 1108 1004 1180 quamdam
1028 1106 1221 1162 verbis
1241 1105 1496 1177 pingere,
1519 1106 1596 1161 ibi
1620 1104 1884 1177 voluptas
1904 1104 1961 1158 in
1979 1103 2122 1160 sella

467 1198 646 1272 regali
670 1197 840 1270 quasi
863 1195 1108 1251 delicata
1131 1195 1395 1267 quaedam
1415 1195 1616 1266 regina
1636 1194 1933 1262 considat;
1956 1193 2122 1264 eique

465 1288 709 1344 virtutes
725 1286 945 1342 famulte
959 1284 1738 1355 subjiciantur,observantes
1751 1283 1878 1353 ejus
1903 1287 2119 1351 nutum,

470 1382 532 1433 ut
562 1377 777 1433 iaciant
816 1376 970 1445 quod
1012 1373 1109 1429 ille
1148 1373 1648 1444 imperavitzquaa
1690 1372 2123 1444 prudentieju-

469 1467 620 1535 beat,
637 1465 1014 1536 utvigilantsr
1032 1462 1600 1533 inquirat,quomodo
1615 1461 1884 1532 voluptas
1900 1465 2120 1530 regnet,

465 1562 523 1612 et
545 1556 705 1610 salva
726 1555 802 1610 sit
821 1573 835 1618 ;
854 1554 1096 1624 justitias
1119 1552 1336 1624 iubeat,
1364 1555 1426 1605 ut
1449 1555 1680 1622 praestet
1694 1549 1970 1607 beneﬁcia
1988 1565 2116 1621 qua

467 1649 653 1716 potest
677 1644 747 1698 ad
771 1642 1187 1712 comparandas
1208 1640 1502 1696 amicitias
1533 1639 1934 1710 corporalibus
1963 1654 2116 1694 com-

469 1733 657 1790 modis
677 1732 1072 1799 necessarias;
1097 1730 1242 1786 nulli
1263 1731 1438 1786 faciat
1467 1729 1766 1800 injuriam,
1789 1744 1860 1784 ne
1882 1727 2120 1784 offensis

465 1824 690 1896 legibus
702 1821 967 1892 voluptas
983 1820 1168 1875 vivere
1181 1835 1388 1875 secura
1402 1834 1514 1874 non
1541 1817 1759 1888 possit;
1787 1816 2114 1873 fortitudini

461 1915 779 1985 jubeat,ut,
794 1911 841 1967 si
860 1911 1021 1967 dolor
1042 1908 1269 1982 corpori
1286 1908 1578 1976 acciderit,
1599 1908 1698 1978 qui
1723 1923 1836 1962 non
1857 1906 2117 1978 compel-

473 2003 555 2058 lat
587 2003 644 2058 in
668 2005 936 2066 mortem,
961 2002 1153 2055 teneat
1185 1997 1482 2053 dominam
1507 2011 1700 2062 suam,
1721 1995 1778 2049 id
1807 2000 1896 2050 est
1919 1994 2120 2068 volup-

473 2095 670 2154 tatem,
698 2087 916 2145 fortiter
938 2087 997 2142 in
1028 2086 1208 2142 animi
1241 2084 1605 2154 cogitatione,
1631 2088 1691 2138 ut
1713 2099 1816 2154 per
1845 2084 2122 2154 pristina-

472 2195 602 2233 rum
627 2177 970 2234 deliciarum
984 2192 1223 2232 suarum
1247 2173 1698 2230 recordationem
1724 2172 1956 2244 mitiget
1973 2189 2122 2244 pra-

467 2265 650 2322 sentis
662 2264 873 2321 doloris
887 2265 1116 2320 aculeos
1133 2289 1148 2332 ;
1165 2262 1556 2333 temperantiae
1570 2261 1867 2332 jubeat,ut
1886 2266 2114 2317 tantum

462 2354 656 2426 capiat
672 2352 1109 2420 alimentorum,
1133 2357 1207 2418 et,
1232 2353 1281 2407 si
1306 2367 1420 2423 qua
1435 2349 1749 2418 delectant,
1775 2365 1845 2404 ne
1873 2365 1974 2422 per
2007 2349 2113 2404 im-

467 2443 918 2500 moderationem
936 2443 1173 2497 noxium
1188 2440 1407 2512 aliquid
1422 2439 1818 2495 valetudinem
1835 2441 2121 2506 turbet,et

463 2532 748 2604 voluptas,
783 2548 962 2604 quam
993 2531 1168 2587 etiam
1200 2532 1259 2586 in
1287 2531 1546 2601 corporis
1565 2531 1819 2587 sanitate
1851 2528 2119 2600 Epicurei

470 2623 786 2679 maximam
819 2629 1060 2694 ponunt,
1101 2621 1351 2692 graviter
1382 2619 1730 2676 offendatur.
1764 2621 1850 2674 Ita
1879 2618 2118 2673 virtutes

470 2728 599 2768 cum
633 2715 754 2767 tota
784 2727 900 2766 suae
920 2709 1412 2781 gloriazdignitate
1433 2709 1758 2780 ‘tanquam
1790 2707 2116 2778 imperiosae

470 2801 699 2857 cuidam
725 2803 780 2856 et
809 2799 1132 2855 inhonestae
1160 2797 1515 2854 mulierculas
1538 2797 1787 2852 servient
1807 2795 2112 2868 voluptati.

464 2890 618 2946 Nihil
651 2889 760 2944 hac
793 2888 1020 2962 pictura
1052 2887 1254 2942 dicunt
1282 2903 1412 2942 esse
1443 2885 1896 2958 ignominiosius
1929 2891 1986 2941 et
2015 2886 2117 2940 de-

465 2979 730 3047 formius,
752 2983 809 3033 et
839 2977 990 3050 quod
1024 2975 1221 3031 minus
1255 2976 1401 3031 ferre
1433 2977 1716 3030 bonorum
1750 2974 1931 3046 possit
1957 2990 2119 3045 aspe-

461 3074 589 3125 ctus
624 3084 638 3124 ι
672 3073 729 3124 et
759 3083 956 3124 verum
989 3066 1214 3122 dicunt.
1249 3064 1360 3120 Sed
1394 3081 1509 3120 non
1540 3063 1810 3120 existimo
1845 3062 1990 3119 satis
2021 3063 2116 3118 de-

461 3158 569 3214 biti
600 3157 824 3214 decoris
871 3171 1000 3212 esse
1043 3155 1356 3226 picturam,
1391 3154 1440 3210 si
1470 3154 1642 3209 etiam
1675 3152 1807 3208 talis
1838 3153 2110 3224 fingatur,

467 3249 566 3306 ubi
591 3249 830 3304 virtutes
854 3248 1122 3302 humana:
1141 3244 1335 3317 gloriae
1357 3246 1630 3301 servient.
1655 3244 1977 3300 Licetenim
2007 3243 2116 3300 ista

465 3339 652 3412 gloria
682 3336 927 3395 delicata
958 3336 1168 3392 mulier
1195 3352 1309 3390 non
1341 3336 1436 3404 sit,
1459 3334 1661 3390 inflata
1689 3337 1886 3390 tamen
1917 3337 2026 3401 est,
2059 3338 2114 3388 et

467 3428 716 3484 multum
729 3426 1029 3481 inanitatis
1042 3425 1235 3481 habet.
1253 3423 1416 3480 Unde
1437 3440 1550 3480 non
1565 3423 1616 3479 ei
1630 3423 1802 3494 digne
1819 3422 1995 3478 servit
2016 3439 2112 3478 so-

465 3518 658 3574 liditas
681 3517 944 3588 quaedam
969 3515 1332 3584 firmitasque
1352 3514 1659 3578 virtutum,
1675 3522 1734 3567 ut
1757 3512 1900 3567 nihil
1925 3511 2116 3583 provi-

463 3608 598 3664 deat
629 3601 1874 3680 prudentia,nihildistribuatjustitia,nihil
1905 3600 2114 3658 toleret

463 3697 765 3762 fortitudo,
783 3694 927 3750 nihil
946 3692 1329 3766 temperantia
1343 3693 1803 3762 moderetur,nisi
1821 3691 1976 3748 unde
1989 3691 2116 3762 pla-

471 3791 670 3842 ceatur
699 3783 1034 3840 hominibus
1064 3787 1120 3838 et
1150 3786 1396 3838 ventosae
1441 3781 1636 3854 gloriae
1661 3781 1964 3838 serviatur.
2000 3780 2115 3839 Nec

467 3875 551 3930 illi
582 3891 645 3931 se
674 3874 744 3929 ab
777 3874 884 3929 ista
915 3871 1171 3928 foeditate
1201 3871 1584 3938 defenderint,
1619 3871 1737 3942 qui,
1762 3886 1895 3928 cum
1927 3869 2117 3926 aliena

469 3967 754 4036 spernant
770 3961 987 4032 judicia
1007 3960 1165 4016 velut
1187 3960 1384 4033 gloriae
1401 3964 1856 4032 contemptores,
1880 3959 1989 4014 sibi
2023 3976 2112 4015 sa-

465 4053 689 4122 pientes
719 4050 989 4104 videntur
1011 4054 1068 4103 et
1089 4049 1200 4105 sibi
1225 4048 1473 4121 placent.
1503 4048 1647 4103 Nam
1675 4065 1871 4103 eorum
1904 4047 2109 4116 virtus,

472 4142 519 4197 si
533 4146 726 4196 tamen
761 4137 1123 4207 ullaest,alio
1149 4139 1316 4195 modo
1335 4138 1586 4210 quodam
1619 4137 1888 4193 humanis
1908 4137 2114 4191 subdi-

471 4233 566 4284 tur
586 4227 743 4283 laudi
768 4244 780 4282 :
801 4244 986 4298 neque
1007 4227 1161 4284 enim
1185 4229 1308 4300 ipse
1331 4227 1429 4298 qui
1453 4226 1559 4281 sibi
1580 4226 1787 4298 placet,
1803 4226 1976 4282 homo
2001 4242 2112 4282 non

475 4322 582 4374 est.
611 4317 716 4382 Qui
750 4322 939 4374 autem
973 4333 1101 4372 vera
1135 4319 1345 4388 pietate
1375 4317 1433 4371 in
1466 4316 1669 4386 Deum,
1702 4331 1872 4385 quem
1904 4314 2112 4387 diligit,

474 4407 658 4464 credit
685 4412 741 4463 et
770 4415 986 4480 sperat,
1017 4407 1150 4480 plus
1181 4405 1435 4461 intendit
1459 4405 1516 4460 in
1549 4420 1636 4472 ea,
1666 4405 1725 4459 in
1757 4404 1973 4475 quibus
2004 4404 2112 4460 sibi

475 4497 764 4570 displicet,
798 4514 970 4570 quam
1002 4497 1062 4553 in
1089 4512 1179 4563 ea,
1211 4495 1258 4551 si
1290 4511 1409 4566 qua
1439 4494 1499 4549 in
1530 4493 1628 4550 illo
1659 4498 1816 4561 sunt,
1851 4510 1966 4565 qua
1997 4510 2112 4550 non

471 4595 588 4644 tam
622 4587 731 4656 ipsi
766 4603 941 4658 quam
978 4582 1202 4640 veritati
1235 4583 1466 4654 placent
1496 4599 1509 4637 :
1545 4597 1729 4652 neque
1774 4582 1831 4636 id
1882 4582 2113 4652 tribuit,

473 4677 628 4732 unde
654 4677 775 4748 jam
797 4681 984 4746 potest
1005 4673 1251 4742 placere,
1277 4672 1386 4728 nisi
1411 4672 1539 4743 ejus
1569 4669 1999 4737 misericordia),
2023 4671 2115 4727 cui

473 4767 678 4824 metuit
703 4765 1042 4838 displicere;
1079 4764 1150 4818 de
1174 4762 1267 4818 his
1307 4763 1525 4818 sanatis
1554 4761 1775 4834 gratias
1808 4777 2010 4833 agens,
2043 4762 2114 4818 de

468 4856 586 4912 illis
617 4853 896 4911 sanandis
927 4868 1125 4924 preces
1154 4851 1427 4908 fundens.

469 4971 701 5030 CAPUT
730 4969 880 5027 XXI.
911 5001 980 5011 —
1011 4971 1315 5026 Romanum
1363 4985 1590 5042 regnum
1618 4984 1652 5024 a
1683 4969 1784 5025 Deo
1835 4982 1957 5025 vero
2001 4982 2115 5024 esse

540 5061 888 5132 dispositum,
911 5075 944 5114 a
969 5074 1072 5131 quo
1097 5062 1173 5115 est
1195 5058 1373 5115 omnis
1401 5061 1654 5131 potestas,
1683 5063 1736 5115 et
1755 5058 1912 5130 cujus
1931 5058 2114 5129 provi-

539 5151 733 5207 dentia
753 5155 1016 5219 reguntur
1045 5150 1325 5205 universa.

541 5271 676 5333 Quae
691 5281 824 5324 cum
839 5264 921 5321 ita
941 5263 1077 5333 sint,
1100 5280 1212 5322 non
1229 5265 1564 5320 tribuamus
1587 5262 1747 5318 danti
1767 5261 1930 5334 regni
1947 5267 2118 5334 atque

472 5356 700 5430 imperii
721 5359 1085 5428 potestatem,
1100 5354 1343 5410 nisiDeo
1372 5370 1526 5420 vero,
1542 5353 1638 5424 qui
1659 5353 1756 5408 dat
1786 5352 2116 5410 felicitatem

472 5444 532 5500 in
564 5463 738 5516 regno
771 5445 1047 5502 caelorum
1073 5443 1215 5500 solis
1238 5444 1348 5514 piis
1374 5460 1387 5498 :
1409 5459 1650 5515 regnum
1671 5459 1803 5498 vero
1826 5447 2119 5499 terrenum

471 5537 528 5589 et
559 5535 670 5604 piis
692 5543 744 5589 et
767 5535 986 5607 impiis,
1012 5535 1162 5590 sicut
1181 5533 1231 5590 ei
1255 5531 1463 5604 placet,
1481 5533 1573 5588 cui
1599 5532 1744 5588 nihil
1764 5533 1980 5604 injuste
2002 5530 2118 5603 pla-

472 5629 581 5680 cet.
603 5625 872 5685 Quamvis
892 5627 1048 5681 enim
1067 5625 1287 5698 aliquid
1312 5624 1651 5693 dixerimus,
1671 5625 1823 5694 quod
1853 5629 2114 5695 apertum

538 5787 553 5818 ί
588 5781 806 5852 Aliquot
862 5784 1729 5852 prro_ba_3_not_teAMss_.._cunl_tgta
1771 5798 1904 5831 suae
1932 5783 2122 5844 gloria

473 5844 796 5906 dignitatis.
826 5867 888 5906 _—-
916 5844 999 5906 Sic
1023 5847 1113 5893 Ms.
1160 5847 1268 5896 766.
1320 5850 1385 5896 At
1415 5848 1508 5896 Ms.
1536 5844 1679 5900 2058,
1711 5860 1836 5894 cum
1869 5854 1979 5894 tota
2014 5861 2120 5895 sua

468 5903 658 5973 gloria
687 5903 1004 5967 dignitatis.
1035 5907 1100 5955 M.

1575 291 1674 353 DE
1717 289 2082 352 CIVITATE
2127 289 2277 364 DEI,
2326 294 2391 352 S.
2437 291 2864 357 AUGUSTINI

3747 294 3852 356 {68

2225 451 2391 507 nobis
2419 467 2545 508 esse
2567 452 2780 523 voluit;
2806 459 2999 509 tamen
3023 452 3278 509 multum
3296 456 3385 509 est
3405 452 3476 508 ad
3496 455 3695 522 nos,et
3714 451 3873 509 valde

2225 547 2464 614 superat
2487 543 2632 600 vires
2653 548 2906 613 nostras,
2922 543 3225 600 hominum
3248 543 3477 600 occulta
3494 542 3865 612 discutere,et

2224 632 2442 704 liquido
2462 633 2724 688 examine
2742 632 2949 688 merita
2965 631 3287 702 dijudicare
3305 648 3641 703 regnorum.
3658 631 3756 687 Ille
3772 631 3869 702 igi-

2231 727 2328 778 tur
2359 738 2513 777 unus
2545 737 2712 777 verus
2745 721 3039 792 Deus,qui
3060 737 3164 776 nec
3187 721 3431 792 judicio,
3466 736 3572 776 nec
3588 720 3865 791 adjutorio

2231 813 2445 868 deserit
2475 829 2657 881 genus
2684 812 3029 878 humanum,
3046 812 3278 884 quando
3300 811 3501 877 voluit,
3517 817 3572 868 et
3589 816 3867 884 quantum

2228 900 2429 968 voluit,
2462 900 2742 956 Romanis
2769 915 3013 972 regnum
3047 899 3206 956 dedit
3238 917 3251 955 :
3285 900 3386 973 qui
3414 901 3572 956 dedit
3600 899 3865 969 Assyriis,

2229 988 2314 1045 vel
2330 989 2503 1044 etiam
2522 988 2733 1055 Persis,
2750 1006 2782 1044 a
2806 990 3018 1061 quibus
3035 990 3191 1045 solos
3213 990 3362 1046 duos
3377 991 3515 1045 deos
3547 989 3682 1056 coli,
3699 1005 3871 1044 unum

2231 1077 2472 1142 bonum,
2506 1076 2753 1133 alterum
2787 1077 3004 1133 malum
3039 1077 3334 1134 continent
3366 1078 3567 1133 litteras
3591 1077 3868 1133 istorum:

2231 1170 2531 1223 uttaceam
2554 1168 2624 1222 de
2644 1167 2852 1238 populo
2877 1167 3136 1234 Hebraeo,
3159 1168 3230 1223 de
3249 1185 3364 1239 quo
3380 1167 3507 1238 jam
3529 1167 3668 1234 dixi,
3693 1182 3870 1240 quan-

2229 1260 2354 1312 tum
2376 1256 2517 1312 satis
2549 1256 2732 1311 visum
2748 1260 2856 1326 est,
2879 1255 2980 1327 qui
3000 1264 3204 1328 praeter
3225 1273 3408 1312 unum
3430 1257 3612 1313 Deum
3637 1271 3750 1312 non
3773 1271 3866 1311 co-

2231 1347 2339 1403 luit
2367 1353 2425 1402 et
2446 1348 2679 1419 quando
2699 1348 2979 1420 regnavit.
2999 1347 3104 1414 Qui
3127 1364 3262 1420 ergo
3278 1347 3466 1404 Persis
3483 1346 3868 1416 deditsegetes

2230 1439 2354 1491 sine
2386 1435 2542 1491 cultu
2572 1435 2692 1492 deae
2713 1437 2973 1509 Segetias,
2998 1436 3098 1507 qui
3121 1436 3232 1492 alia
3261 1437 3414 1493 dona
3434 1441 3721 1493 terrarum
3747 1436 3868 1492 sine

2233 1526 2393 1581 cultu
2426 1529 2516 1580 tot
2540 1526 2793 1594 deorum,
2821 1542 2969 1596 quos
2990 1525 3087 1581 isti
3122 1526 3295 1582 rebus
3319 1526 3564 1598 singulis
3587 1524 3868 1598 singulos,

2232 1615 2320 1669 vel
2349 1615 2524 1669 etiam
2556 1614 2730 1669 rebus
2754 1614 3003 1686 singulis
3024 1615 3220 1687 plures
3243 1619 3724 1688 praposuerunt;
3753 1615 3874 1686 ipse

2231 1705 2406 1760 etiam
2440 1722 2685 1777 regnum
2711 1706 2872 1760 dedit
2903 1706 3028 1761 sine
3059 1707 3219 1761 cultu
3260 1723 3483 1774 eorum,
3508 1722 3606 1778 per
3629 1720 3874 1777 quorum

2232 1793 2452 1849 cultum
2477 1795 2649 1852 seisti
2670 1811 2946 1866 regnasse
2959 1796 3354 1851 crediderunt.
3380 1795 3474 1851 Sic
3494 1795 3668 1851 etiam
3693 1792 3876 1850 homi-

2231 1882 2441 1951 nibus;
2476 1884 2573 1954 qui
2608 1883 2803 1950 Mario,
2833 1883 2959 1954 ipse
3006 1883 3141 1940 Caio
3169 1883 3420 1952 Caesari;
3455 1885 3556 1954 qui
3589 1886 3868 1955 Augusto,

2231 1975 2352 2044 ipse
2366 1978 2423 2028 et
2447 1973 2745 2044 Neroni(a)
2775 1973 2907 2045 ;qui
2933 1973 3326 2045 Vsspasianis,
3345 1975 3431 2030 vel
3456 1975 3603 2045 patri
3625 1974 3712 2030 vel
3729 1973 3867 2042 filio,

2231 2059 2596 2116 suavissimis
2625 2061 3236 2133 imperatoribus,ipse
3259 2065 3314 2118 et
3327 2061 3651 2118 Domitiano
3668 2062 3873 2118 crude-

2230 2146 2458 2203 lissimo
2494 2165 2507 2202 :
2540 2152 2597 2204 et
2645 2164 2716 2204 ne
2765 2165 2867 2220 per
2914 2149 3174 2222 singulos
3225 2151 3307 2206 ire
3355 2166 3586 2208 necesse
3634 2150 3731 2217 sit,
3764 2151 3868 2221 qui

2229 2237 2611 2293 Constantino
2631 2237 2970 2304 christiano,
2987 2239 3110 2309 ipse
3132 2244 3406 2311 apostate
3426 2238 3650 2296 Juliano
3668 2256 3680 2293 :
3697 2240 3870 2311 cujus

2229 2326 2516 2398 egregiam
2532 2326 2786 2382 indolem
2801 2327 3000 2398 decepi
3015 2345 3212 2384 amore
3232 2329 3570 2384 dominandi
3594 2328 3873 2400 sacrilega

2229 2421 2285 2471 et
2301 2416 2641 2472 detestanda
2657 2415 2985 2482 curiositas,
3003 2417 3170 2487 cujus
3190 2418 3353 2473 vanis
3373 2418 3602 2474 deditus
3620 2417 3870 2474 oraculis

2227 2515 2366 2575 erat,
2383 2507 2615 2576 quando
2636 2507 2818 2562 fretus
2832 2506 3146 2562 securitate
3165 2509 3434 2575 victoriae,
3450 2525 3641 2572 naves,
3658 2508 3869 2579 quibus

2227 2595 2412 2650 victus
2444 2595 2801 2651 necessarius
2826 2597 3184 2667 portabatur,
3218 2597 3504 2664 incendit;
3536 2597 3745 2652 deinde
3767 2596 3866 2651 fer-

2223 2684 2356 2739 vide
2370 2684 2593 2740 instans
2610 2684 2942 2740 immodicis
2974 2685 3234 2754 ausibus,
3253 2692 3306 2742 et
3325 2702 3456 2742 mox
3469 2684 3674 2741 merito
3695 2693 3872 2741 teme-

2225 2773 2412 2828 ritatis
2445 2773 2690 2839 occisus,
2734 2773 2793 2828 in
2833 2772 2973 2830 locis
3004 2774 3314 2830 hostilibus
3344 2790 3589 2847 egenum
3637 2773 3875 2846 reliquit

2223 2861 2974 2930 exercitum,utaliterinde
2989 2882 3100 2920 non
3128 2861 3639 2936 possetevadi,nisi
3669 2868 3878 2920 contra

2223 2953 2364 3007 illud
2399 2953 2724 3024 auspicium
2757 2954 2849 3008 dei
2881 2954 3157 3020 Termini,
3183 2955 3251 3009 de
3271 2970 3384 3026 quo
3408 2952 3874 3024 superiorelibro

2224 3040 2480 3096 diximus
2511 3041 2666 3112 (Cap.
2689 3042 3047 3111 29),Romani
3072 3043 3290 3114 imperii
3311 3042 3542 3099 termini
3562 3057 3874 3098 moveren-

2223 3134 2337 3185 tur.
2373 3129 2557 3185 Cessit
2577 3130 2732 3186 enim
2755 3131 3064 3188 Terminus
3088 3133 3231 3188 deus
3257 3130 3608 3200 necessitati,
3630 3131 3723 3202 qui
3749 3147 3866 3186 non

2221 3225 2478 3275 cesserat
2505 3219 2650 3276 Jovi.
2672 3219 2798 3275 Haec
2817 3222 2986 3290 plane
3018 3221 3170 3277 Deus
3194 3238 3344 3276 unus
3359 3225 3415 3277 et
3435 3237 3605 3276 verus
3632 3220 3780 3290 regit
3807 3223 3868 3276 et

2221 3309 2878 3382 gubernatutplacet:et
2903 3312 2953 3367 si
2985 3311 3226 3368 occultis
3241 3310 3455 3378 causis,
3472 3310 3757 3382 numquid
3775 3309 3864 3366 in-

2218 3396 2386 3466 justis
2401 3396 2428 3451 ?

2219 3485 2456 3542 CAPUT
2489 3486 2660 3544 XXII.
2695 3519 2763 3530 --
2786 3490 3045 3560 Tempora
3074 3491 3367 3562 exitusque
3388 3489 3657 3546 bellorum
3685 3504 3753 3545 ea:
3774 3489 3878 3544 Dei

2796 3578 3035 3650 pendere
3063 3578 3290 3648 iudicio.

2264 3677 2360 3733 Sic
2391 3675 2564 3732 etiam
2583 3677 2846 3743 tempora
2871 3670 2996 3742 ipso
3019 3670 3331 3737 bellorum,
3359 3671 3506 3726 sicut
3530 3670 3589 3726 in
3617 3670 3740 3740 ejus
3771 3686 3872 3725 ar-

2223 3765 2394 3822 bitrio
2425 3759 3038 3833 estjustoquejudicic
3061 3763 3116 3814 et
3153 3759 3576 3828 misericordia,
3600 3756 3685 3814 vel
3727 3763 3870 3814 atte-

2221 3873 2368 3925 rere,
2399 3854 2486 3910 vel
2519 3850 2807 3909 consolari
2837 3865 3020 3921 genus
3052 3849 3400 3922 humanum,
3423 3858 3485 3905 ut
3514 3850 3626 3904 alia
3663 3847 3863 3920 citius,

2220 3947 2566 4003 aliatardius
2580 3941 3100 3999 ﬁniantur.Bellum
3112 3941 3426 3998 Piratarum
3441 3938 3752 4010 aPompeio
3766 3941 3876 4013 (ὑ),

2220 4035 2434 4092 bellum
2458 4033 2744 4090 Punicum
2770 4032 3004 4087 tertium
3025 4049 3058 4086 a
3089 4029 3700 4103 Scipioneincredibili
3717 4028 3879 4085 cele-

2220 4125 2388 4180 ritate
2410 4130 2465 4178 et
2495 4120 2770 4194 temporis
2800 4120 3077 4176 brevitate
3097 4119 3169 4192 (c)
3193 4121 3452 4176 confecta
3471 4123 3629 4175 sunt.
3654 4117 3886 4174 Bellum

2220 4229 2451 4286 quoque
2501 4212 2877 4284 fugitivorum
2911 4211 3326 4283 gladiatorum,
3358 4210 3626 4282 quamvis
3666 4208 3881 4265 multis

2223 4300 2503 4355 Romanis
2527 4298 2775 4353 ducibus
2797 4297 3094 4354 etduobus
3114 4298 3456 4354 consulibus
3478 4295 3881 4365 victis,1talia-

2221 4404 2334 4460 que
2361 4385 2719 4444 horribiliter
2742 4386 2990 4443 contrita
3021 4391 3195 4459 atque
3215 4391 3460 4455 vastata,
3486 4386 3656 4443 tertio
3677 4391 3882 4442 tamen

2223 4495 2374 4536 anno
2408 4481 2535 4550 post
2566 4477 2746 4533 multa
2769 4485 3120 4550 consumpta
3149 4481 3561 4550 consumptum
3585 4482 3673 4533 est
3701 4475 3743 4530 ¹.
3778 4473 3878 4531 Pi-

2223 4575 2438 4630 centes,
2472 4566 2644 4622 Marsi
2667 4571 2723 4621 et
2752 4565 2995 4636 Peligni,
3019 4569 3218 4638 gentes
3241 4583 3355 4621 non
3379 4571 3605 4632 exterae,
3628 4566 3727 4622 sed
3754 4566 3877 4621 lta-

2219 4656 2363 4725 licas,
2392 4661 2524 4730 post
2555 4655 2894 4711 diuturnam
2918 4664 2970 4710 et
3000 4655 3436 4713 devotissimam
3456 4655 3566 4712 sub
3601 4655 3877 4712 Romano

2212 4749 2358 4820 jugo
2378 4745 2739 4817 servitutem,
2756 4747 2812 4800 in
2831 4745 3155 4802 libertatem
3179 4752 3354 4817 caput
3375 4745 3597 4819 erigere
3618 4751 3883 4803 tentave-

2222 4843 2384 4903 runt,
2411 4838 2532 4908 jam
2548 4835 2749 4892 multis
2763 4835 3100 4892 nationibus
3118 4835 3379 4891 Romano
3394 4835 3635 4907 imperio
3654 4836 3879 4907 subju-

2220 4927 2387 5000 gatis,
2416 4927 2722 4997 deletaque
2753 4923 3099 4996 Carthagine
3115 4924 3194 4996 (ά)
3225 4925 3317 4980 :in
3339 4942 3453 4996 quo
3486 4925 3635 4982 bello
3666 4925 3880 4982 Italico

2219 5017 2498 5074 Romanis
2520 5016 2836 5088 sepissime
2855 5015 3038 5084 victis,
3058 5013 3154 5070 ubi
3178 5019 3236 5070 et
3255 5015 3371 5070 duo
3393 5014 3661 5072 consules
3685 5014 3883 5088 perie-

2219 5109 2376 5174 runt,
2409 5111 2466 5161 et
2494 5104 2592 5160 alii
2623 5103 2963 5160 nobilissimi
2984 5107 3310 5160 senatores:
3342 5119 3457 5160 non
3481 5104 3758 5160 diuturno
3776 5109 3881 5160 ta-

2285 5221 2302 5257 ι
2333 5219 2419 5270 Sic
2451 5219 2604 5268 Vind.
2638 5219 2753 5268 Am.
2781 5221 2834 5269 et
2860 5219 2983 5269 Mss.
3012 5219 3082 5268 At
3120 5217 3205 5268 Er.
3250 5219 3304 5268 et
3338 5218 3486 5277 Lov.,
3519 5233 3885 5268 consumma-

2221 5292 2362 5407 ωε)
2376 5291 2546 5394 asinos
2575 5345 2865 5406 coniungit,
2884 5345 3112 5394 alterum
3130 5345 3344 5407 bonum,
3378 5344 3606 5394 alterum
3626 5344 3836 5393 malum
3867 5354 3887 5394 :

2221 5406 2448 5459 crudelis
2503 5408 2718 5468 Marius,
2775 5408 3218 5458 clementissimus
3260 5406 3314 5457 C.
3371 5408 3596 5467 Caesar;
3637 5408 3890 5471 optimus

2221 5471 2466 5535 princeps
2494 5473 2782 5532 Augustus,
2813 5471 3070 5535 pessimus
3100 5472 3248 5521 Nero.

2288 5533 2353 5596 (ὁ)
2378 5533 2787 5595 Quadragesimo
2806 5533 2890 5582 die
2917 5537 3199 5596 postquam
3219 5534 3516 5585 Brundusio
3537 5533 3700 5583 solvit
3713 5533 3889 5582 Pom-

2222 5597 2389 5670 peius,
2426 5597 2770 5646 terminatum
2788 5598 2884 5645 est.
2917 5597 3119 5652 Florus.
3142 5599 3178 5647 l.
3201 5598 3263 5659 3;
3292 5597 3471 5646 Cicero
3499 5611 3594 5660 pro
3622 5597 3736 5657 lege
3765 5596 3890 5646 Ma-

2222 5659 2318 5707 nili
2359 5697 2369 5707 .

2287 5672 2352 5784 (ig
2377 5721 2539 5770 Intra
2567 5721 2828 5783 quintum
2862 5737 3080 5770 annum
3113 5737 3284 5785 quam
3324 5731 3442 5770 erat
3468 5729 3721 5781 coeptum,
3748 5734 3894 5785 cop-

2220 5781 2819 5832 sunimatunfomnino
2839 5788 2932 5845 est,
2963 5785 3040 5832 ait
3065 5781 3245 5835 Livius
3272 5787 3310 5837 l.
3333 5785 3412 5833 19.
3434 5784 3503 5833 At
3531 5785 3713 5834 Florus
3747 5782 3784 5834 l.
3803 5781 3845 5831 2
3873 5797 3891 5843 ;

2228 5846 2613 5900 Quadriennio
2628 5854 2919 5906 patratum
2951 5847 3150 5896 scribit.

2290 5909 2362 5972 (ά)
2393 5908 2541 5958 Cont.
2573 5908 2800 5969 Livium,
2831 5909 2960 5958 libb.
2990 5908 3068 5964 72,
3098 5908 3180 5965 V6.
3216 5913 3270 5960 et
3300 5911 3377 5961 95,
3411 5908 3491 5958 96.
