4128 6184
255 292 354 353 169

253 441 367 482 men
397 428 660 494 tempore
689 423 936 477 tractum
970 423 1059 476 est
1095 419 1200 474 hoc
1234 418 1455 475 malum
1487 433 1499 472 :
1536 434 1671 473 nam
1703 417 1874 488 quin-

252 512 332 562 tus
375 505 426 560 ei
486 519 676 560 annus
729 503 903 556 finem
937 500 1114 556 dedit.
1150 500 1260 555 Sed
1317 499 1535 554 bellum
1593 499 1875 552 Punicum

253 586 562 642 secundum
596 598 729 638 cum
765 581 1036 636 maximis
1067 579 1434 635 detrimentis
1466 583 1522 632 et
1552 577 1885 633 calamitate

254 665 568 738 reipublica:
599 680 695 735 per
731 677 912 716 annos
963 661 1162 715 decem
1193 666 1250 714 et
1279 669 1404 714 octo
1455 659 1530 730 (a)
1593 658 1883 712 Romanas

252 748 386 800 vires
406 743 754 808 extenuavit,
788 747 843 795 et
872 755 1014 811 pene
1045 738 1410 809 consumpsit
1445 754 1458 792 :
1493 738 1721 792 duobus
1748 752 1887 807 prae-

255 828 338 882 liis
370 828 439 897 (b)
473 826 652 880 ferme
684 821 1057 892 septuaginta
1091 821 1484 875 Romanorum
1521 817 1703 872 millia
1739 815 1889 872 ceci-

257 909 474 963 derunt.
511 904 731 960 Bellum
751 902 1039 957 Punicum
1067 901 1324 972 primum
1346 916 1450 970 per
1466 899 1670 967 viginti
1694 902 1750 952 et
1770 904 1889 952 tres

255 1005 424 1043 annos
474 989 772 1058 peractum
828 983 896 1053 te)
958 985 1045 1036 est
1088 997 1100 1034 :
1153 981 1372 1035 bellum
1430 979 1886 1034 Mithridaticum

257 1067 630 1140 quadraginta
656 1062 827 1119 annis
859 1062 958 1133 (εἰ).
1012 1064 1092 1116 Αθ
1130 1077 1201 1115 ne
1231 1060 1536 1131 quisquam
1571 1059 1888 1140 arbitretur

255 1138 576 1204 rudimenta
605 1147 1000 1200 Romanorum
1032 1142 1212 1196 fuisse
1245 1142 1479 1195 fortiora
1511 1140 1583 1195 ad
1615 1138 1768 1193 bella
1816 1139 1894 1192 ei-

258 1233 367 1288 tius
399 1227 742 1301 peragenda,
785 1224 1187 1294 superioribus
1219 1222 1600 1293 temporibus,
1639 1220 1890 1274 multum

254 1316 310 1371 in
343 1314 495 1370 omni
524 1312 733 1366 virtute
764 1308 1035 1374 laudatis,
1061 1306 1282 1362 bellum
1314 1304 1697 1361 Samniticum
1727 1304 1895 1358 annis

254 1401 493 1454 tractum
525 1397 613 1448 est
644 1393 822 1447 ferme
859 1387 1287 1459 quinquaginta
1318 1387 1390 1457 (e)
1427 1403 1440 1442 :
1477 1386 1531 1439 in
1578 1399 1689 1454 quo
1743 1383 1894 1437 bello

253 1480 329 1535 ita
369 1472 619 1530 Romani
661 1471 794 1525 victi
826 1473 982 1534 sunt,
1016 1473 1080 1522 ut
1111 1467 1219 1521 sub
1245 1468 1457 1536 jugum
1490 1464 1660 1520 etiam
1697 1463 1890 1516 mitte-

254 1561 469 1610 rentur.
504 1552 614 1608 Sed
659 1551 792 1622 quia
835 1565 950 1603 non
996 1545 1321 1617 diligebant
1367 1543 1610 1614 gloriam
1665 1547 1898 1622 prepter

247 1635 556 1706 justitiam,
587 1621 1002 1700 scdjustitiam
1029 1632 1258 1696 propter
1278 1624 1520 1695 gloriam
1544 1621 1900 1706 diligere_vi-

251 1701 558 1780 debentur,
577 1725 776 1783 pacem
795 1711 1006 1765 factam
1027 1707 1330 1777 fmdusque
1354 1709 1633 1774 ruperunt
1652 1701 1740 1774 (Γ).
1769 1703 1898 1757 Haec

257 1797 378 1852 ideo
409 1808 824 1858 commemoro,
848 1789 1121 1861 quoniam
1158 1786 1323 1842 multi
1358 1785 1778 1855 praeteritarum
1810 1800 1896 1837 re-

250 1893 372 1931 rum
401 1874 614 1946 ignari,
639 1872 870 1943 quidam
895 1870 1068 1924 etiam
1095 1865 1563 1922 dissimulatores
1587 1863 1900 1918 suasscien-

249 1956 359 2020 tiae,
388 1942 825 2024 sitemporibus
855 1949 1194 2003 christianis
1213 1946 1445 2017 aliquod
1481 1944 1699 1999 bellum
1725 1942 1898 2014 paulo

248 2037 471 2091 diutius
520 2034 670 2089 trahi
702 2031 925 2095 vident,
962 2028 1116 2083 illico
1170 2028 1227 2081 in
1263 2032 1522 2081 nostram
1558 2025 1900 2095 religionem

247 2114 685 2187 protervissime
717 2110 1013 2176 insiliunt,
1047 2109 1464 2172 exclamantes,
1498 2105 1675 2176 quod,
1702 2105 1747 2159 si
1775 2105 1903 2175 ipsa

246 2186 361 2252 non
389 2200 564 2262 esset,
594 2200 649 2248 et
665 2198 852 2248 vetere
871 2192 984 2244 ritu
1012 2188 1259 2243 numina
1283 2186 1629 2252 colerentur,
1647 2186 1771 2256 jam
1797 2186 1903 2239 Ro-

244 2296 420 2335 mana
451 2278 552 2332 illa
579 2277 822 2341 virtute,
863 2289 990 2344 quae
1022 2272 1327 2341 adiuvante
1359 2269 1543 2323 Marte
1583 2276 1633 2323 et
1665 2266 1904 2320 Bellona

238 2365 417 2416 tanta
450 2357 716 2413 celeriter
765 2353 914 2408 bella
945 2350 1213 2418 confecit,
1245 2350 1304 2404 id
1336 2364 1566 2420 quoque
1604 2346 1904 2402 celerrime

241 2441 550 2496 ﬁniretur.
585 2434 862 2490 Recolant
892 2433 1069 2504 igitur
1121 2430 1221 2501 qui
1251 2429 1519 2500 legerunt
1566 2444 1742 2498 quam
1776 2428 1905 2480 diu-

234 2527 436 2577 turna
469 2515 638 2582 bella,
674 2531 845 2586 quam
899 2513 1070 2567 variis
1103 2510 1321 2566 eventis
1344 2510 1385 2573 1,
1420 2526 1592 2580 quam
1626 2507 1906 2563 luctuosis

237 2597 526 2658 cladibus
559 2615 590 2651 a
615 2595 905 2651 veteribus
925 2593 1044 2648 sint
1065 2595 1228 2662 gesta
1260 2590 1556 2654 Romanis,
1590 2587 1742 2644 sicut
1761 2588 1906 2643 solet

239 2682 412 2741 orbis
432 2686 720 2735 terrarum
740 2675 893 2730 velut
911 2672 1472 2745 procellosissimum
1494 2670 1733 2741 pelagus
1751 2669 1906 2724 varia

243 2764 461 2819 talium
481 2759 769 2815 malorum
788 2759 1131 2824 tempestate
1148 2753 1350 2822 jactari
1371 2768 1384 2805 :
1405 2755 1480 2816 et,
1496 2752 1653 2822 quod
1678 2749 1904 2818 nolunt,

246 2843 568 2916 aliquando
595 2841 904 2899 fateantur,
928 2852 1033 2892 nec
1056 2834 1277 2889 insanis
1298 2834 1577 2888 adversus
1602 2833 1779 2888 Deum
1804 2831 1908 2886 lin-

246 2914 385 2997 guis
422 2940 486 2978 se
517 2920 878 2987 interimant,
911 2921 970 2971 et
1008 2914 1303 2985 decipiant
1334 2915 1655 2984 imperitos.

251 2993 500 3062 CAPUT
530 3001 731 3057 xxm.
765 3029 833 3039 -
864 3005 940 3053 De
972 2998 1110 3053 bello
1140 2997 1202 3050 in
1259 3010 1362 3067 quo
1419 2993 1790 3064 Rhadagaisus
1812 3008 1913 3048 rex

319 3084 651 3149 Gothorum,
684 3080 994 3136 dwmonum
1024 3077 1222 3144 cultor,
1253 3091 1361 3130 uno
1392 3075 1480 3130 die
1500 3091 1624 3130 cum
1657 3073 1910 3146 ingenti-

322 3169 427 3222 bus
451 3165 625 3234 copiis
655 3164 772 3217 suis
817 3161 990 3216 victus
1021 3166 1118 3214 est.

327 3243 505 3311 Quod
536 3249 732 3298 tamen
768 3246 967 3295 nostra
999 3237 1281 3293 memoria
1310 3236 1714 3292 recentissimo
1764 3238 1910 3290 tem-

253 3345 400 3400 pore
432 3329 590 3382 Deus
643 3322 984 3378 mirabiliter
1015 3325 1071 3376 et
1106 3319 1554 3375 misericorditer
1599 3317 1755 3384 fecit,
1798 3333 1912 3371 non

255 3425 393 3465 cum
416 3407 735 3480 gratiarum
763 3404 988 3458 actione
1003 3405 1460 3456 commemorant
1477 3420 1490 3467 ;
1509 3400 1605 3454 sed
1629 3403 1914 3468 quantum

251 3491 313 3544 in
346 3475 506 3560 ipsis
530 3492 639 3553 est,
665 3483 955 3551 omnium,
980 3483 1029 3538 si
1049 3481 1172 3537 ﬁeri
1207 3486 1411 3552 potest,
1443 3479 1751 3535 hominum
1775 3475 1918 3531 obli-

251 3557 432 3625 vione
468 3567 716 3638 sepelire
740 3567 1063 3619 conantur:
1099 3563 1252 3633 quod
1288 3578 1320 3613 a
1352 3561 1517 3613 nobis
1539 3559 1586 3612 si
1608 3557 1915 3622 tacebitur,

252 3634 552 3705 similiter
574 3647 794 3702 erimus
819 3643 1047 3715 ingrati.
1082 3641 1224 3696 Cum
1259 3638 1662 3706 Rhadagaisus
1695 3652 1791 3715 re;
1812 3634 1921 3715 Go-

253 3730 507 3785 thorum
552 3726 787 3798 agmine
845 3713 1070 3794 ingenti
1102 3725 1160 3776 et
1199 3719 1444 3798 immani
1471 3718 1597 3798 jam
1630 3717 1690 3770 in
1748 3713 1919 3769 Urbis

255 3809 489 3865 vicinia
518 3796 895 3869 constitutus,
931 3801 1209 3858 Romanis
1226 3797 1546 3855 cervicibus
1565 3796 1920 3862 immineret,

259 3907 384 3946 uno
419 3889 520 3945 die
578 3892 740 3942 tanta
785 3883 1076 3941 celeritate
1117 3882 1201 3936 sic
1251 3879 1432 3933 victus
1464 3883 1571 3938 est,
1613 3884 1673 3931 ut
1707 3891 1776 3931 ne
1811 3892 1922 3932 uno

263 3971 542 4042 quidem,
575 3985 690 4023 non
729 3966 917 4021 dicam
949 3962 1254 4025 exstincto,
1290 3960 1388 4015 sed
1420 3959 1440 3994 ³
1472 3959 1776 4013 vulnerato
1806 3961 1923 4013 Ro-

263 4037 614 4114 manorum,
645 4046 826 4102 multo
883 4043 1137 4112 amplius
1170 4056 1342 4112 quam
1397 4044 1630 4094 centum
1673 4037 1923 4092 millium

262 4135 742 4204 prosterneretur
763 4130 892 4199 ejus
917 4125 1226 4192 exercitus,
1253 4127 1426 4194 atque
1446 4123 1570 4192 ipse
1590 4137 1721 4176 cum
1747 4120 1883 4176 ﬁliis
1906 4121 1927 4155 ³

335 4337 348 4370 ι
387 4333 486 4382 Sic
511 4330 635 4378 Mss.
660 4342 674 4384 ;
711 4328 767 4376 at
793 4325 941 4379 editi,
971 4317 1271 4370 eventibus.

330 4398 354 4431 3
383 4380 482 4444 Er.
513 4397 567 4441 et
594 4380 742 4443 Lov..
777 4389 867 4436 sed
904 4401 1012 4433 nec.
1056 4385 1220 4432 Abest
1251 4380 1526 4444 particula,
1559 4394 1674 4434 nec,
1706 4380 1773 4428 ab
1811 4381 1931 4430 aliis

262 4443 453 4510 libris.
489 4481 548 4492 —
577 4454 739 4502 Abest
766 4452 926 4500 etiam
962 4462 995 4496 θ.
1023 4446 1359 4510 nostrisMss.
1387 4443 1458 4510 _M.

329 4505 481 4570 ἷ-ἑχ
512 4515 766 4566 Romanis
796 4516 849 4562 et
871 4509 1158 4560 Gallicanis
1185 4508 1326 4562 Mss,
1350 4505 1530 4570 plures
1550 4505 1746 4566 probae
1775 4507 1935 4555 notae

265 4568 642 4636 non'habent,
677 4592 803 4625 cum
834 4575 1005 4636 filiis.
1032 4599 1098 4636 ςέ-
1126 4571 1226 4636 N_ec
1255 4568 1439 4636 nostri.
1474 4568 1540 4615 M.

330 4629 793 4706 ?;)_Suifragatt_1r
822 4629 1002 4706 Livius
1155 4632 1323 4706 30,ne‘t
1352 4629 1661 4706 Florus‘l.‘2
1693 4646 1704 4705 ξ
1755 4631 1938 4706 at‘Pp:

266 4693 466 4774 lybius
495 4708 532 4774 l.
564 4705 612 4774 3_,
638 4693 696 4753 Et
729 4701 962 4774 Orosius,
989 4699 1040 4774 1.⁹
1074 4698 1122 4755 4,
1171 4709 1213 4745 c.
1246 4693 1325 4753 20,
1373 4696 1564 4742 notant
1612 4693 1775 4754 hujus
1814 4693 1940 4741 belli

270 4761 457 4822 a'nnos
489 4771 700 4818 tantum
730 4761 1117 4826 septemdecim.

335 4817 418 4895 i—bi
430 4817 643 4895 'Alterq
665 4817 863 4895 praelio
892 4826 959 4895 ad
985 4822 1388 4895 Thysimepup
1416 4819 1610 4874 lacum,
1642 4819 1709 4866 ad
1736 4817 1944 4866 Cannas

271 4883 590 4948 commisso.
622 4883 806 4941 Livius
833 4890 868 4937 l.
901 4887 961 4935 22
991 4903 1004 4944 ;
1039 4886 1220 4948 Florus
1251 4884 1287 4930 l.
1325 4883 1370 4948 2.

343 4943 748 5019 (Ziaugustino
777 4951 1040 5002 consentit
1068 4947 1296 5019 Orosius.
1329 4947 1397 4993 At
1429 4943 1743 5019 liolybiusOl.
1781 4943 1825 5016 1..
1839 4955 1949 5019 iper

271 5005 487 5086 viginti
503 5005 570 5068 ⁷ὁὶ
601 5019 832 5086 quatuor
859 5027 1028 5086 annos
1057 5011 1326 5072 peractum
1348 5007 1536 5086 seljbii't;
1567 5021 1578 5064 ἓ
1610 5005 1738 5067 (lum
1767 5005 1950 5086 νξάθξξῖ

271 5068 578 5136 ecf-annos
605 5068 717 5143 ipse
745 5079 811 5127 ab
839 5068 1112 5143 occasione
1140 5071 1388 5121 movendi
1417 5069 1541 5118 belli
1571 5070 1834 5126 numerat,
1859 5068 1952 5115 alii

273 5163 415 5198 vero
450 5147 519 5195 ab
548 5141 666 5205 eius
693 5141 1040 5205 susceptione.

339 5212 428 5272 (ἄ)
460 5199 677 5274 florus,
710 5199 891 5274 lib..3ﬁ.
919 5214 1029 5274 cap.
1062 5199 1108 5247 5.
1232 5273 1272 5274 νγ
1344 5259 1651 5274 “Lugd-
1688 5255 1910 5274 μὴ-μέ

334 5259 426 5333 δεῇ
458 5269 750 5331 EutrOpius
776 5268 829 5315 et
856 5259 1072 5333 Cresius
1106 5273 1276 5333 annos
1305 5259 1660 5333 quadraginta
1688 5269 1880 5333 novem
1896 5259 1954 5302 in

268 5320 564 5386 hoc—lber
595 5320 899 5379 numerant.
943 5326 1129 5374 Florus
1176 5320 1601 5386 quinquaginta;
1648 5320 1956 5386 neciplures

271 5383 439 5451 sunt.
482 5397 528 5444 si
557 5395 622 5443 ad
645 5392 866 5440 Fabium
886 5389 1166 5449 Gurgetem
1189 5383 1687 5451 consulemhfinitur.
1712 5383 1957 5451 Attamen

273 5443 578 5524 Ippi‘anus
604 5455 877 5524 octoginta
909 5443 1201 5524 computat.
1235 5448 1441 5524 ipsique
1458 5445 1722 5492 Samnites
1748 5445 1803 5491 in
1827 5443 1960 5524 Liv‘ii

271 5506 494 5572 libr—:23
529 5506 804 5569 dicuntvse
836 5529 927 5578 per
954 5506 1166 5563 centum
1212 5506 1374 5572 prepe
1422 5520 1592 5556 annos
1619 5520 1738 5556 cum
1768 5506 1960 5567 populo

275 5588 546 5638 Romano
573 5581 773 5632 bellum
801 5578 1039 5640 gessisse.

355 5651 430 5711 (f)
475 5647 604 5696 Vide
631 5639 862 5697 Livium,
894 5640 968 5688 lib
996 5639 1044 5687 9.

632 5735 903 5795 PATROL.
950 5727 1101 5788 XLI.

1619 281 1851 343 LIBER
1895 279 2281 354 QUINTUS;

3523 295 3639 356 170

1989 433 2124 510 mox
2149 424 2356 510 captus
2387 438 2555 492 poena
2586 421 2778 510 debita
2808 428 3114 510 necaretur
3152 426 3251 500 (a).
3289 431 3430 486 Nam
3463 431 3513 486 si
3545 430 3644 488 ille

1993 501 2112 553 tam
2147 500 2364 571 impius
2396 519 2528 556 cum
2588 504 2762 558 tantis
2804 509 2860 560 et
2892 512 3004 561 tam
3057 508 3257 579 impiis
3291 512 3471 581 copiis
3529 513 3648 568 Ro-

1995 595 2144 664 mam
2207 581 2407 664 fuisset
2448 582 2773 654 ingressus,
2834 587 2927 640 cui
2985 589 3395 658 pepercisset?
3426 593 3646 664 quibus

1994 659 2274 742 honorem
2301 661 2438 716 locis
2460 668 2775 735 martyrum
2796 666 3099 723 detulisset
3132 671 3160 722 ?
3184 670 3239 724 in
3262 689 3378 742 qua
3400 659 3650 742 persona

1996 740 2675 824 Deum‘timeret‘icujus
2707 762 2818 800 non
2853 749 3199 813 sanguinem
3240 740 3458 818 fusum,
3481 754 3648 824 cujus

1996 820 2342 904 pudicitiam
2380 822 2546 904 vellet
2569 824 2854 904 intactam
2881 827 2908 880 ‘I
2937 828 3092 891 Quas
3144 835 3338 886 autem
3389 833 3486 887 isti
3545 820 3647 904 pro

1997 902 2110 955 diis
2142 900 2265 955 suis
2289 917 2456 956 voces
2488 901 2788 970 haberent,
2813 911 3028 974 quanta
3059 909 3436 965 insultatione
3459 900 3651 981 jac—ta-

1998 985 2148 1047 rent,
2183 983 2332 1050 quod
2369 981 2466 1036 ille
2512 981 2638 1036 ideo
2690 982 2945 1052 vicisset,
2979 985 3109 1042 ideo
3144 995 3305 1044 tanta
3340 991 3648 1060 potuisset,

1999 1063 2135 1130 quia
2167 1061 2526 1132 quotidianis
2552 1063 2854 1119 sacriﬁciis
2875 1065 3144 1134 placabat
3176 1075 3352 1140 atque
3373 1071 3654 1128 invitabat

2002 1142 2158 1231 deos,
2193 1143 2354 1231 quod
2383 1142 2677 1231 Romanos
2719 1144 2902 1199 facere
2936 1145 3264 1203 christiana
3296 1150 3498 1220 religio
3531 1168 3649 1207 non

2000 1222 2224 1276 sinebat
2253 1223 2281 1274 ?
2309 1222 2451 1277 Nam
2490 1224 3062 1297 propinquantejam
3097 1227 3198 1282 illo
3231 1229 3323 1284 his
3355 1229 3516 1297 locis,
3551 1232 3652 1287 ubi

2005 1306 2152 1355 nutu
2186 1317 2432 1356 summae
2484 1304 2809 1373 majestatis
2857 1322 3171 1376 oppressus
3215 1314 3321 1376 est,
3356 1326 3484 1364 cum
3517 1311 3656 1380 ejus

2005 1382 2160 1472 fama
2194 1382 2410 1472 ubique
2433 1383 2837 1472 crebresceret,
2868 1386 3032 1442 nobis
3064 1389 3217 1458 apud
3244 1388 3655 1460 Carthaginem

2006 1463 2333 1529 dicebatur,
2370 1465 2473 1519 hoc
2506 1467 2758 1533 credere,
2797 1483 3092 1538 spargere,
3127 1470 3344 1539 jactare
3376 1470 3656 1540 Paganos,

2007 1545 2157 1613 quod
2188 1543 2286 1598 ille
2310 1545 2420 1598 diis
2444 1545 2650 1601 amicis
2681 1549 3120 1618 protegentibus
3139 1554 3193 1604 et
3211 1550 3654 1620 opitulantibus,

2007 1625 2222 1696 quibus
2265 1625 2570 1681 immolare
2603 1629 2859 1698 quotidie
2884 1631 3198 1697 ferebatur,
3230 1633 3381 1689 vinci
3417 1634 3656 1689 omnino

2007 1723 2122 1761 non
2157 1711 2355 1776 posset
2378 1707 2449 1762 ab
2472 1708 2572 1774 eis,
2608 1709 2704 1778 qui
2742 1708 2876 1764 talia
2899 1711 3012 1767 diis
3043 1712 3322 1770 Romanis
3355 1731 3520 1769 sacra
3542 1730 3657 1770 non

2012 1787 2283 1854 facerent,
2309 1804 2412 1842 nec
2442 1788 2563 1843 ﬁeri
2592 1807 2623 1843 a
2655 1806 2946 1860 quoquam
2981 1793 3406 1863 permitterent.
3445 1795 3510 1849 Et
3535 1811 3648 1849 non

2008 1873 2190 1938 agunt
2222 1869 2412 1922 miseri
2447 1869 2665 1938 gratias
2724 1877 2899 1927 tanta:
2933 1873 3342 1929 misericordize
3378 1875 3498 1943 Dei,
3532 1874 3657 1946 qui,

2008 1964 2141 2038 cum
2203 1948 2861 2038 statuisset-irruptione
2912 1953 3210 2010 barbarica
3237 1955 3494 2025 graviora
3544 1956 3660 2027 pati

2009 2031 2259 2098 dignos1
2295 2045 2486 2085 mores
2524 2031 2824 2087 hominum
2853 2034 3157 2104 castigare,
3202 2035 3664 2106 indignationem

2009 2125 2179 2163 suam
2229 2113 2386 2163 tanta
2446 2112 2902 2168 mansuetudine
2959 2118 3328 2186 temperavit,
3384 2121 3444 2170 ut
3493 2113 3661 2169 illum

2009 2189 2196 2259 primo
2239 2189 2450 2244 faceret
2483 2191 2826 2249 mirabiliter
2846 2193 3018 2261 vinci,
3055 2211 3126 2250 ne
3165 2196 3235 2250 ad
3285 2195 3654 2249 inﬁrmorum

2010 2268 2238 2325 animos
2259 2272 2598 2325 avertendos
2622 2271 2805 2342 gloria
2838 2274 3071 2329 daretur
3104 2275 3489 2342 daemonibus,
3523 2275 3653 2344 qui-

2010 2350 2118 2404 bus
2175 2367 2309 2405 eum
2365 2351 2697 2422 supplicare
2739 2355 3081 2422 constabat;
3139 2356 3347 2410 deinde
3378 2355 3401 2388 2
3458 2356 3528 2410 ab
3562 2355 3652 2410 his

2010 2431 2280 2485 Barbarie
2311 2433 2494 2486 Roma
2532 2438 2850 2502 caperetur,
2884 2434 2981 2504 qui
3022 2444 3215 2490 contra
3246 2451 3479 2490 omnem
3513 2451 3651 2491 con-

2011 2511 2378 2567 suetudinem
2413 2511 2696 2567 bellorum
2721 2519 2855 2569 ante
2880 2523 3174 2586 gestorum
3193 2515 3263 2570 ad
3297 2514 3421 2570 loca
3453 2518 3654 2570 sancta

2011 2594 2415 2664 confugientes
2465 2593 2791 2648 christiana
2838 2596 3131 2666 religionis
3175 2597 3490 2652 reverentia
3524 2601 3654 2652 tue-

2012 2678 2234 2741 rentur,
2293 2673 2560 2744 ipsisquc
2618 2676 2983 2732 daemonibus
3013 2683 3185 2748 atque
3215 2678 3532 2748 impiorum
3565 2695 3654 2733 sa-

2013 2752 2363 2807 criﬁciorum
2418 2753 2645 2820 ritibus,
2679 2755 2750 2809 de
2800 2757 3012 2827 quibus
3056 2758 3151 2812 ille
3185 2761 3654 2828 praesumpserat,

2015 2833 2098 2888 sic
2129 2834 2576 2891 adversarentur
2598 2853 2700 2908 pro
2724 2837 2744 2871 ³
2765 2840 3002 2893 nomine
3025 2839 3364 2906 christiano,
3397 2847 3462 2895 ut
3487 2840 3659 2911 longe

2017 2915 2271 2969 atrocius
2301 2915 2521 2971 bellum
2555 2934 2690 2972 cum
2713 2919 2796 2974 eis
2829 2935 3006 2990 quam
3030 2937 3162 2976 cum
3195 2920 3534 2977 hominibus
3566 2936 3660 2992 ge-

2018 3012 2143 3051 rere
2167 2996 2503 3054 viderentur
2535 3015 2548 3054 :
2582 3001 2661 3054 ita
2679 3017 2848 3057 verus
2879 3003 3164 3058 Dominus
3193 3004 3662 3074 gubernatorque

2018 3093 2213 3132 rerum
2248 3081 2302 3133 et
2333 3078 2626 3134 Romanos
2657 3096 2787 3136 cum
2823 3081 3213 3138 misericordia
3245 3082 3577 3154 ﬂagellavit,
3609 3084 3666 3137 et

2016 3162 2134 3211 tam
2169 3158 2588 3215 incredibiliter
2607 3161 2774 3217 victis
2797 3162 3286 3234 supplicatoribus
3305 3166 3665 3233 daemonum,

2017 3255 2120 3293 nec
2161 3241 2337 3296 saluti
2370 3257 2563 3296 rerum
2597 3243 2966 3312 praesentium
3024 3245 3355 3300 necessaria
3383 3261 3511 3301 esse
3573 3260 3667 3299 sa-

2019 3317 2236 3374 crificia
2267 3320 2366 3375 illa
2399 3324 2746 3378 monstravit
2781 3340 2794 3389 ;
2829 3327 2890 3378 ut
2919 3325 2988 3379 ab
3046 3324 3158 3391 his,
3193 3325 3292 3394 qui
3335 3342 3448 3380 non
3483 3325 3670 3395 pervi-

2019 3399 2232 3454 Caciter
2262 3403 2642 3466 contendunt,
2680 3405 2780 3458 sed
2835 3406 3152 3473 prudenter
3200 3405 3529 3473 attendunt,
3562 3420 3663 3459 nec

2022 3491 2256 3552 propter
2298 3487 2614 3552 prmsentes
2639 3484 3012 3539 necessitates
3037 3483 3235 3551 religio
3267 3499 3400 3537 vera
3429 3483 3666 3536 desera-

2024 3569 2137 3625 tur,
2161 3566 2215 3616 et
2249 3563 2436 3631 magis
2468 3571 2688 3616 mlernae
2717 3564 2846 3616 vitae
2869 3562 3209 3617 ﬁdelissima
3240 3560 3670 3631 exspectatione

2024 3646 2309 3698 teneatur.

2026 3720 2260 3779 CAPUT
2299 3721 2502 3776 XXIV.
2539 3753 2605 3764 —-—
2647 3723 2780 3791 Quae
2817 3723 2889 3777 ait
2944 3721 3378 3777 Christianorum
3418 3719 3662 3789 impera-

2369 3806 2571 3871 torum,
2616 3813 2666 3859 ει
2697 3819 2861 3875 quam
2897 3818 3026 3858 vera
3057 3801 3316 3870 felicitas.

2101 3887 2295 3953 Neque
2316 3882 2470 3938 enim
2499 3901 2600 3940 nos
2621 3885 2972 3940 christianos
2989 3881 3277 3955 quosdam
3297 3879 3678 3952 imperatores

2029 3965 2156 4020 ideo
2192 3963 2385 4018 felices
2427 3963 2698 4035 dicimus,
2733 3965 2873 4036 quia
2901 3963 2988 4019 vel
3028 3963 3254 4017 diutius
3286 3960 3680 4031 imperarunt,

2028 4044 2114 4101 vel
2145 4045 2500 4115 imperantes
2533 4045 2682 4102 ﬁlios
2708 4049 2891 4103 morte
2918 4045 3144 4118 placida
3175 4042 3554 4114 reliquerunt,
3591 4041 3679 4094 vel

2031 4128 2229 4182 hostes
2259 4124 2592 4195 reipublicae
2632 4128 3006 4196 domuerant,
3066 4124 3151 4180 vel
3211 4124 3480 4178 inimicos
3535 4121 3688 4178 cives

2033 4210 2313 4263 adversus
2396 4225 2454 4264 se
2533 4207 2902 4278 insurgentes
2969 4211 3028 4263 et
3095 4221 3295 4261 cavere
3361 4209 3418 4259 et
3481 4203 3688 4275 oppri-

2035 4305 2193 4344 mere
2247 4292 2578 4364 potuerunt.
2632 4288 2760 4342 Haec
2807 4292 2863 4341 et
2911 4287 3021 4341 alia
3070 4289 3195 4340 vitae
3247 4285 3419 4354 hujus
3469 4299 3688 4338 aerum-

2035 4391 2189 4429 nosas
2240 4363 2326 4430 vel
2379 4387 2643 4439 munera,
2675 4370 2762 4424 vel
2811 4369 3042 4432 solatia,
3067 4366 3303 4437 quidam
3352 4364 3531 4419 etiam
3565 4363 3692 4418 cul-

2038 4460 2192 4508 tores
2257 4455 2588 4509 dzemonum
2639 4449 2899 4520 accipere
2967 4449 3333 4512 meruerunt,
3419 4444 3518 4515 qui
3578 4461 3694 4500 non

2042 4535 2330 4602 pertinent
2381 4535 2451 4588 ad
2513 4547 2756 4600 regnum
2810 4530 2932 4598 Dei,
2962 4544 3076 4600 quo
3141 4526 3424 4597 pertinent
3453 4523 3598 4580 isti:
3641 4539 3698 4586 et

2041 4614 2150 4669 hoc
2196 4614 2382 4684 ipsius
2417 4610 2819 4668 misericordia
2861 4611 3074 4665 factum
3106 4612 3210 4675 est,
3244 4624 3314 4662 ne
3345 4606 3416 4661 ab
3447 4604 3548 4659 illo
3579 4604 3696 4660 ista

2045 4696 2143 4765 qui
2197 4695 2256 4749 in
2316 4710 2446 4750 eum
2499 4691 2823 4759 crederent,
2866 4693 3022 4744 velut
3067 4703 3295 4742 samma
3345 4687 3490 4740 bona
3541 4684 3698 4738 desi-

2047 4763 2334 4831 derarent.
2388 4774 2496 4830 Sed
2549 4771 2744 4827 felices
2791 4786 2888 4825 eos
2939 4768 3210 4833 dicimus,
3269 4767 3317 4820 si
3367 4767 3526 4834 juste
3578 4763 3704 4818 im—

2049 4865 2268 4925 perant.
2305 4856 2352 4908 si
2387 4854 2537 4908 inter
2571 4853 2804 4920 linguas
2835 4847 3170 4902 sublimiter
3198 4844 3605 4925 honorantium
3647 4846 3707 4897 et

2051 4919 2328 5005 obsequia
2361 4931 2534 4986 nimis
2561 4919 2855 4983 humiliter
2877 4925 3258 4980 salutantium
3283 4939 3397 4978 non
3421 4919 3711 4976 extollun-

2123 5065 2133 5096 ¹
2188 5060 2272 5108 Sic
2314 5053 2830 5123 pluresMss‘.h_Alii
2883 5053 3121 5123 quidam,
3170 5051 3433 5113 graviora
3480 5046 3706 5108 dignos;

2056 5125 2273 5177 omisso.
2314 5115 2461 5183 .pati.
2496 5121 2563 5168 At
2592 5117 2738 5172 editi,
2769 5117 3034 5183 graviore
3060 5115 3272 5177 dignos.

2365 5184 2564 5233 deinde
2593 5170 2736 5230 cum.
2769 5170 2935 5228 Kbest
2969 5170 3179 5236 cumJa
3213 5170 3606 5241 manuscriptis.

2124 5251 2145 5282 ³
2177 5233 2331 5298 thiasi
2369 5247 2630 5297 omittunt
2663 5259 2784 5306 pro.
2836 5269 2897 5280 -—
2928 5233 3194 5291 Omittunt
3220 5239 3380 5287 etiam
3408 5233 3576 5283 nostri
3599 5246 3717 5282 om-

2060 5325 2171 5361 nes.
2205 5313 2270 5359 M.

2125 5359 2197 5432 (θα)
2232 5374 2358 5420 Plus
2386 5384 2547 5432 quam
2579 5371 2807 5420 ducenta
2835 5368 3009 5432 millia,
3032 5366 3324 5432 Gothorum
3354 5360 3519 5432 fuisse
3541 5359 3721 5432 ferunt

2065 5421 2266 5484 Paulus
2287 5421 2545 5488 Aﬂmilius,
2579 5433 2712 5480 libro
2748 5433 2770 5479 1
2821 5431 3064 5479 Historiae
3094 5429 3447 5488 Francorum;
3485 5421 3718 5488 Orosius,

2065 5501 2158 5547 lib.
2187 5497 2236 5551 7.
2269 5510 2381 5557 cap.
2415 5495 2493 5550 37,
2525 5486 2578 5544 et
2614 5496 2724 5544 alii.
2758 5494 2910 5557 Haase
2935 5487 3255 5557 Bhadagaisi
3285 5486 3460 5557 clades
3474 5487 3586 5557 sub
3616 5487 3723 5535 Ho-

2069 5549 2232 5610 norio
2251 5549 2489 5619 contigit,
2521 5572 2663 5607 anno
2693 5556 2888 5604 Christi
2915 5554 3023 5603 406.
3055 5549 3183 5600 Vide
3207 5549 3491 5612 Augustini
3518 5549 3722 5600 Sermo-

2077 5637 2198 5674 nem
2231 5621 2340 5681 105,
2370 5634 2484 5682 cap.
2517 5620 2592 5669 10.

3197 5705 3394 5786 (δίει.)
