4128 6184
426 332 536 392 ill

421 474 538 536 tur,
570 465 670 522 sed
693 477 755 519 se
777 458 1046 516 homines
1076 467 1200 511 esse
1230 446 1661 536 meminerunt;
1690 441 1737 496 ei
1761 457 1929 536 suam
1962 457 2065 510 po.

419 525 691 606 testatem
713 544 785 599 ad
826 541 928 597 Dei
959 539 1181 594 cultum
1215 530 1467 587 maxime
1525 525 1894 580 dilatandum
1929 541 2061 579 ma-

413 628 620 702 jestati
676 625 805 696 ejus
852 619 1150 702 famulam.
1189 611 1452 702 faciunt,
1585 606 1769 702 D‘eum
1831 606 2062 702 timen‘t,

423 679 966 776 diliguntfcolunt;
1000 697 1050 751 si
1098 693 1227 764 plus
1257 691 1457 776 amant
1491 687 1636 776 illud.
1666 701 1932 776 regnum,
1966 679 2065 738 ubi

422 767 778 844 nonutim'ent
810 783 1020 835 habere
1043 775 1339 830 consortes
1369 768 1454 836 ;si
1489 767 1714 822 tardius
1745 767 2064 829 vindicant,

424 868 592 925 facile
614 865 920 935 ignoscunt
944 878 957 926 ;
983 858 1026 912 si
1049 854 1312 910 eamdem
1335 849 1653 904 vindictam
1689 864 1790 918 pro
1812 845 2063 902 necessi-

424 954 540 1003 tate
573 929 831 1015 regendae
855 938 1204 1006 tuenda’que
1230 929 1587 1015 reipublicae,
1622 944 1872 1015 non‘pro
1903 931 2065 1015 satu-

424 1008 1095 1082 randis‘inimicitiarum
1126 1014 1273 1072 odiis
1319 1014 1590 1066 exserunt
1620 1012 1632 1043 ¹
1673 1025 1686 1074 ;
1716 1009 1762 1062 si
1803 1008 2065 1062 eamdem

424 1107 654 1161 veniam
705 1120 818 1158 non
877 1101 946 1156 ad
1001 1096 1410 1168 impunitatem
1462 1089 1814 1160 iniquitatis,
1865 1087 1963 1141 sed
1995 1085 2068 1140 ad

424 1204 582 1256 spem
625 1181 1002 1242 correctionis
1051 1176 1358 1246 indulgent
1389 1191 1402 1239 ;
1435 1172 1506 1240 si,
1549 1171 1944 1256 quod_aspere
1972 1182 2065 1220 co-

423 1247 642 1340 g-untur
660 1265 1007 1338 plerumque
1039 1261 1366 1322 decernere,
1391 1250 1799 1340 misericordiae
1832 1247 2068 1337 lenitate

425 1327 481 1403 ἕι
513 1327 928 1404 beneficiorum
965 1340 1232 1412 largitate
1269 1338 1654 1406 compensant
1689 1349 1702 1398 ;
1745 1329 1794 1384 si
1838 1327 2069 1412 luxuria

425 1434 588 1486 tanto
611 1428 693 1484 eis
711 1431 799 1482 est
820 1409 1180 1494 castigatior,
1197 1422 1414 1490 quanto
1436 1422 1630 1486 posset
1651 1428 1780 1468 esse
1795 1409 2066 1494 liberior,

425 1512 475 1566 si
517 1508 747 1565 malunt
793 1489 1223 1576 cupiditatibus
1247 1497 1459 1569 pravis,
1488 1489 2070 1576 quamquibuslibet

425 1591 696 1663 gentibus
727 1573 1012 1656 imperare
1045 1599 1058 1636 ε
1101 1589 1153 1636 et
1185 1581 1232 1634 si
1265 1580 1385 1632 haec
1437 1576 1633 1631 omnia
1675 1573 1921 1662 faciunt,
1954 1586 2069 1623 non

424 1651 659 1742 propter
671 1651 932 1722 ardorem
951 1663 1144 1719 inanis
1156 1659 1352 1742 gloriae
1367 1657 1462 1712 sed
1485 1651 2069 1742 prOptercharitatem

423 1731 713 1807 felicitatis
747 1752 970 1801 teternas
1001 1759 1013 1798 :
1051 1743 1100 1797 si
1133 1731 1232 1812 pro
1257 1740 1381 1795 suis
1412 1737 1685 1808 peccatis,
1718 1731 2072 1788 humilitatis

425 1838 481 1888 et
512 1827 904 1886 miserationis
927 1836 980 1880 et
1001 1821 1283 1879 orationis
1305 1817 1654 1875 sacrificium
1682 1815 1797 1870 Deo
1812 1830 1918 1868 suo
1943 1829 2071 1868 vero

425 1911 725 1970 immolare
750 1926 864 1964 non
889 1906 1212 1978 negligant.
1241 1901 1410 1956 Tales
1441 1899 1791 1954 christianos
1822 1895 2074 1966 impera-

429 2000 585 2050 tores
635 1991 890 2046 dicimus
947 2002 1076 2041 esse
1108 1983 1303 2038 felices
1335 1979 1566 2035 interim
1608 1993 1729 2046 spe,
1779 1980 1982 2047 postea
2015 1990 2074 2029 re

428 2075 562 2145 ipsa
609 2073 859 2136 futuros,
906 2082 1041 2122 cum
1100 2065 1178 2129 id,
1210 2061 1366 2133 quod
1421 2063 1849 2130 exspectamus,
1901 2056 2074 2109 adve-

429 2154 597 2210 nerit.

427 2261 661 2319 CAPUT
699 2257 864 2314 XXV.
899 2286 962 2296 —
998 2257 1072 2309 De
1097 2248 1581 2325 prosperitatibus,
1614 2261 1754 2318 quas
1804 2243 2071 2325 constan-

604 2342 722 2398 tino
751 2323 1421 2409 imperatoriichristiano
1454 2328 1591 2382 Deus
1636 2323 1891 2381 contulit.

497 2442 644 2497 Nam
674 2439 862 2493 bonus
885 2439 1055 2497 Deus,
1077 2446 1150 2486 ne
1183 2429 1468 2495 homines,
1493 2425 1593 2497 qui
1616 2440 1745 2480 eum
1771 2423 2075 2479 crederent

429 2526 662 2597 propter
693 2523 966 2574 aeternam
983 2517 1161 2597 vitam
1186 2509 1517 2574 colendum,
1550 2507 1658 2561 has
1681 2503 2072 2596 sublimitates

429 2584 484 2660 et
510 2584 685 2674 regna
727 2609 955 2654 terrena
984 2592 1384 2649 existimarent
1425 2603 1593 2658 posse
1625 2584 1916 2640 neminem
1939 2600 2074 2637 con-

429 2664 618 2755 sequi,
652 2681 762 2737 nisi
797 2675 1159 2755 dmmonibus
1209 2670 1514 2755 supplicet,
1547 2667 1702 2755 quod
1734 2665 1793 2720 hi
1829 2664 2073 2755 spiritus

431 2768 487 2820 in
513 2747 733 2818 talibus
765 2759 1017 2813 multum
1067 2753 1346 2815 valerent,
1389 2747 1845 2806 Constantinum
1890 2747 2072 2815 impe-

431 2851 678 2898 ratorem
712 2855 825 2894 non
859 2834 1288 2906 supplicantem
1315 2830 1697 2892 dazmonibus,
1742 2827 1837 2881 sed
1877 2826 2071 2895 ipsum

429 2939 629 2980 verum
656 2921 832 2975 Deum
861 2917 1165 2978 colentem,
1197 2913 1370 2965 tantis
1387 2909 1634 2964 terrenis
1667 2906 1922 2977 implevit
1948 2921 2074 2960 mu-

432 3003 686 3064 neribus,
719 3002 937 3068 quanta
975 3003 1172 3063 optare
1206 2991 1404 3046 nullus
1447 2991 1720 3044 auderet:
1764 2989 1857 3041 cui
1902 2987 2074 3041 etiam

431 3086 678 3140 condere
695 3066 987 3136 civitatem
1011 3075 1087 3146 (a)
1111 3077 1368 3127 Romano
1388 3071 1630 3141 imperio
1657 3066 1894 3132 sociam,
1917 3067 2075 3120 velut

433 3165 621 3236 ipsius
646 3162 837 3216 Romae
861 3155 1061 3219 filiam,
1087 3155 1186 3208 sed
1214 3153 1338 3208 sine
1363 3151 1557 3220 aliquo
1580 3149 1911 3203 daemonum
1936 3151 2076 3200 tem-

431 3225 526 3316 plo
558 3240 986 3308 simulacroque
1015 3234 1320 3290 concessit.
1356 3231 1456 3285 Diu
1490 3228 1793 3299 imperavit
1822 3227 1920 3298 (ὁ),
1945 3225 2076 3280 uni-

429 3311 664 3380 versum
696 3322 894 3378 orbem
937 3319 1261 3373 Romanum
1295 3331 1446 3368 unus
1479 3317 1777 3383 Augustus
1807 3311 1992 3366 tenuit
2022 3315 2077 3364 et

431 3406 724 3469 defendit;
749 3403 809 3458 in
832 3396 1312 3457 administrandis
1336 3404 1387 3450 et
1417 3394 1686 3465 gerendis
1708 3391 1875 3448 bellis
1898 3392 2071 3446 victo-

430 3487 788 3543 riosissimus
822 3481 967 3546 fuit;
1027 3480 1083 3532 in
1145 3475 1405 3549 tyrannis
1436 3472 1838 3545 opprimendis
1869 3473 1938 3540 (c)
1974 3486 2077 3542 per

431 3567 627 3623 omnia
657 3566 1032 3636 prosperatus
1076 3562 1166 3613 est
1199 3573 1212 3625 ;
1260 3556 1602 3636 grandaevus
1651 3553 1989 3624 aegritudine
2019 3558 2075 3608 et

428 3631 728 3703 senectute
761 3631 1071 3696 defunctus
1097 3642 1188 3692 est
1223 3656 1236 3697 ;
1272 3635 1420 3690 filios
1449 3634 1807 3704 imperantes
1839 3631 2074 3701 reliquit

429 3729 524 3800 (ti).
556 3726 663 3780 Sed
700 3739 904 3778 rursus
936 3737 1006 3775 ne
1037 3720 1354 3789 imperator
1384 3715 1696 3786 quisquam
1729 3714 1856 3768 ideo
1889 3713 2072 3767 chris-

426 3795 623 3864 tianus
651 3810 826 3870 esset,
861 3807 927 3858 ut
967 3799 1295 3856 felicitatem
1328 3795 1691 3853 Constantini
1727 3798 2066 3860 mereretur,

427 3906 560 3945 cum
613 3890 846 3958 prepter
891 3884 1069 3937 vitam
1109 3891 1383 3958 aeternam
1429 3876 1677 3958 quisque
1707 3874 1916 3928 debeat
1944 3889 2072 3928 esse

427 3953 824 4032 Christianus;
855 3963 1165 4017 Jovianum
1199 3960 1220 3992 ²
1253 3957 1439 4012 multo
1479 3957 1650 4010 citius
1681 3970 1853 4024 quam
1884 3953 2070 4008 Julia-

425 4066 569 4106 num
602 4045 846 4102 abstulit
878 4060 890 4096 :
952 4039 1293 4096 Gratianum
1329 4038 1477 4090 ferro
1523 4033 1822 4105 tyrannico
1863 4034 2072 4104 permi-

427 4129 502 4184 sit
530 4125 781 4181 interimi
811 4123 921 4189 (e);
965 4121 1135 4189 longe
1185 4117 1419 4187 quidem
1470 4117 1694 4180 mitius,
1729 4130 1905 4183 quam
1942 4115 2068 4166 Ma-

426 4223 606 4280 gnum
641 4205 997 4272 Pompeium,
1052 4199 1331 4252 colentem
1365 4195 1521 4250 velut
1553 4197 1571 4230 ³
1608 4195 1899 4248 Romanos
1931 4194 2068 4249 deos

426 4273 513 4358 (vf).
547 4287 693 4341 Nam
745 4283 840 4337 ille
872 4280 1154 4335 vindicari
1187 4297 1218 4332 a
1252 4279 1476 4358 Catone
1507 4273 1860 4358 nongpotuit,
1894 4291 2065 4344 quem

425 4354 610 4423 civilis
634 4362 768 4420 belli
797 4359 1223 4432 quodammodo
1248 4357 1534 4411 haeredem
1570 4354 1885 4424 reliquerat
1918 4370 1930 4408 :
1964 4355 2070 4410 iste

426 4452 644 4513 autem,
678 4443 944 4518 quamvis
977 4441 1082 4511 pia:
1101 4439 1309 4494 animae
1333 4437 1539 4493 solatia
1569 4437 1711 4491 talia
1743 4452 1854 4490 non
1881 4436 2069 4505 requi-

489 4686 506 4719 1
539 4679 754 4742 Aliquot
779 4677 923 4730 Mss,
953 4679 1225 4721 exercent.
1257 4696 1319 4706 ——
1364 4668 1508 4722 Mss.,
1537 4664 1650 4721 766,
1679 4664 1800 4715 2051
1845 4668 1897 4715 et
1923 4665 2066 4728 2053,

423 4743 817 4857 “rigging;
845 4798 1194 4860 manuscripti
1224 4808 1344 4845 cum
1373 4793 1545 4843 editis.
1581 4791 1976 4843 Jovim'anum.
2010 4820 2066 4828 —

425 4874 512 4923 Sic
539 4872 700 4920 etiam
728 4867 902 4916 nostri
927 4876 1127 4913 omnes.
1160 4861 1227 4908 M.

487 4919 506 4969 δ
538 4919 692 4991 Εᾶὶῐί,
724 4930 984 4979 videlicet.
1015 4929 1082 4974 At
1111 4935 1294 4974 omnes
1322 4922 1464 4976 Met,
1503 4919 1668 4966 velut.

487 4999 560 5059 (a)
588 4991 1116 5059 Constantinopolim.

489 5044 1011 5164 {bi/Annosgtg'iginta
1039 5055 1090 5099 et
1117 5063 1284 5098 unum
1321 5049 1606 5109 imperasse
1635 5045 1807 5105 prodit
1834 5044 2065 5100 Orosius.

489 5139 498 5164 Ι
583 5161 592 5164 -
625 5134 737 5164 08η.
838 5154 847 5164 .

421 5125 513 5174 lib.
544 5121 593 5176 7.
625 5134 737 5176 cap.
769 5121 847 5164 26.

483 5134 859 5245 λίὶνιξῗὲἒᾙῖξᾴ
876 5176 1128 5245 nimirum
1153 5177 1212 5245 let
1231 5172 1443 5245 Licinio.

508 5232 562 5300 tit
590 5240 974 5293 Constantium.
1010 5237 1416 5300 Constantinum
1449 5235 1500 5300 et
1519 5232 1890 5300 Constantem.

508 5251 562 5300 di
590 5251 974 5293 Constantium.
1010 5251 1416 5284 Constantinum
1449 5251 1500 5281 et
1534 5251 1890 5280 constantem.

486 5251 549 5372 Ec)
581 5309 804 5357 Chesum
834 5301 1081 5351 Videlicet
1108 5300 1175 5346 ab
1206 5296 1566 5356 Andragathio
1594 5294 1812 5342 Maximi
1847 5296 2067 5356 tyranni

423 5373 704 5494 prii/eietiiii:
733 5433 794 5479 ut
822 5425 1232 5494 scribitlilorus,
1257 5422 1356 5494 lib.
1380 5422 1554 5494 4,79%).
1587 5420 1634 5494 ἒξ,
1653 5421 1777 5494 ξιὶῃ
1802 5419 2067 5494 Pelusiaco

425 5516 452 5542 α
479 5484 676 5550 littore,
695 5484 928 5555 imperio
957 5487 1202 5555 vilissimi
1247 5485 1383 5555 regis
1429 5485 1506 5538 (id
1526 5485 1625 5555 _e_st
1653 5484 1936 5555 Ptolemaei
1948 5497 2069 5555 mpu-

429 5576 451 5606 ‹
481 5558 637 5620 pilli),
669 5546 908 5620 consiliis
934 5551 1246 5620 spadonum,
1270 5550 1329 5620 et
1355 5559 1434 5620 η.θὶ
1450 5547 1576 5620 quid
1607 5547 1735 5620 mali
1761 5547 1914 5620 desit,
1947 5546 2067 5608 Sep-

426 5642 451 5665 α
477 5609 923 5668 iimiidesertoris
951 5609 1034 5663 sui
1063 5613 1237 5674 gladio
1267 5610 1586 5674 trucidatus,
1608 5609 1710 5674 sub
1728 5609 1904 5674 oculis
1931 5622 2067 5674 uirg-

431 5701 452 5729 «
484 5683 558 5731 ris
585 5692 714 5729 suae
752 5669 1144 5738 liberorumque
1185 5674 1424 5722 moritur.
1462 5690 1486 5714 ιι
1531 5671 1658 5718 Vide
1687 5671 1796 5721 Liv.
1828 5672 1920 5719 lib.
1958 5669 2062 5719 H2.

1467 311 1569 370 DE
1613 305 1977 370 CIVITATE
2023 305 2176 378 DEI,
2227 307 2289 366 S.
2338 307 2776 370 AUGUSTINI

3707 318 3828 378 1'72

2177 443 2326 527 rant,
2358 457 2391 527 a
2427 439 2750 527 Theodosio
2781 445 3108 504 vindicatus
3150 453 3239 505 est
3273 449 3372 523 (a),
3433 469 3604 524 quem
3662 455 3826 527 regni

2171 521 2513 592 participem
2545 522 2776 591 fecerat,
2798 542 2933 582 cum
2969 521 3287 598 parvulum
3309 521 3551 591 haberet
3582 521 3822 592 fratrem

2170 601 2247 674 (ὁ)
2271 618 2284 669 ;
2304 602 2522 657 avidior
2541 602 2668 658 fidae
2691 607 2981 662 societatis
3006 613 3043 679 ί,
3070 627 3244 681 quam
3271 614 3463 668 nimim
3497 619 3825 686 potestatis.

2169 699 2407 756 CAPUT
2437 698 2634 755 XXVI.
2657 732 2722 742 —
2741 704 2816 758 De
2838 706 2945 774 ﬁde
2969 713 3022 762 et
3041 712 3244 779 pietate
3270 712 3554 769 Theodosii
3573 715 3827 786 Augusti.

2245 799 2294 884 i.
2321 797 2484 884 Unde
2517 804 2572 853 et
2598 798 2697 856 ille
2723 819 2837 857 non
2870 804 3056 861 solum
3090 808 3215 864 vivo
3247 813 3502 867 servavit
3524 831 3701 884 quam
3739 816 3834 870 de-

2172 879 2345 970 bebat
2377 879 2568 970 fidem,
2596 898 2800 970 verum
2821 886 2994 970 etiam
3016 894 3145 960 post
3167 892 3292 959 ejus
3317 879 3560 949 mortem
3593 899 3825 968 pulsum

2171 957 2241 1012 ab
2274 959 2402 1046 ejus
2435 959 2802 1046 interfectore
2849 957 3100 1024 Maximo
3158 957 3664 1044 Valentinianum,
3696 977 3827 1046 ejus

2171 1038 2476 1130 parvulum
2511 1042 2774 1130 fratrem,
2803 1046 2861 1100 in
2895 1049 2984 1102 sui
3039 1060 3228 1120 partes
3278 1053 3508 1124 imperii
3543 1038 3824 1126 tanquam

2173 1119 2527 1204 christianos
2580 1126 2805 1196 excepit
2863 1119 3177 1201 pupillum,
3215 1119 3457 1204 paterno
3508 1119 3828 1193 custodivit

2173 1200 2401 1290 affectu,
2427 1218 2599 1290 quem
2625 1205 2965 1290 destitutum
2991 1200 3265 1269 omnibus
3289 1216 3502 1286 opibus
3535 1217 3695 1272 nullo
3723 1234 3830 1273 ne-

2174 1285 2328 1372 gotio
2364 1287 2558 1350 posset
2596 1287 2866 1372 auferre,
2889 1290 2933 1342 si
2972 1290 3160 1372 latius
3195 1296 3480 1366 regnandi
3512 1297 3833 1366 cupiditate

2172 1365 2350 1451 magis
2383 1378 2559 1431 quam
2595 1365 2741 1422 bene
2761 1369 3007 1425 faciendi
3033 1373 3316 1429 charitate
3340 1365 3648 1448 ﬂagraret:
3677 1378 3830 1432 unde

2176 1447 2372 1536 potius
2404 1458 2556 1536 eum,
2582 1454 2808 1536 servata
2835 1452 2959 1536 ejus
2985 1452 3359 1525 imperatoria
3384 1447 3668 1528 dignitate
3696 1475 3826 1512 sus-

2176 1526 2434 1614 ceptum,
2471 1526 2991 1614 ipsa_humanitate
3023 1539 3079 1589 et
3109 1536 3292 1606 gratia
3324 1526 3665 1593 consolatus
3715 1542 3827 1593 est.

2181 1603 2396 1658 Deinde
2426 1621 2557 1694 cum
2588 1607 2915 1694 Maximum
2952 1603 3268 1671 terribilem
3305 1617 3520 1672 faceret
3553 1617 3649 1673 ille
3680 1635 3826 1672 sue-

2176 1698 2399 1761 cessus,
2433 1684 2527 1740 hic
2585 1687 2643 1741 in
2675 1693 2964 1761 angustiis
3017 1711 3288 1751 curarum
3323 1713 3562 1752 suarum
3595 1714 3708 1753 non
3743 1703 3835 1752 est

2177 1759 2378 1846 lapsus
2409 1766 2479 1818 ad
2513 1759 2878 1826 curiositates
2900 1775 3212 1845 sacrilegas
3247 1785 3418 1846 atque
3443 1776 3697 1846 illicitas,
3725 1778 3828 1832 sed

2178 1842 2567 1937 ad..loannem
2610 1849 2669 1903 in
2710 1851 2950 1937 AIEgypti
2981 1842 3174 1937 eremo
3204 1842 3619 1928 constitutum,
3655 1842 3831 1928 quem

2177 1925 2277 2008 Dei
2311 1942 2538 1983 servum
2560 1932 2943 2002 prephetandi
2968 1936 3174 2005 spiritu
3203 1938 3500 2008 praeditum
3537 1925 3832 1994 famacre-

2178 2005 2481 2098 bre‘scente
2531 2011 2831 2098 didicerat,
2866 2016 3028 2070 misit
3060 2035 3074 2082 ;
3108 2005 3283 2088 atque
3312 2019 3380 2072 ab
3434 2035 3500 2074 eo
3549 2019 3827 2074 nuntium

2178 2091 2429 2142 victorias
2461 2091 2854 2148 certissimum
2889 2096 3133 2167 accepit.
3169 2097 3297 2151 Mox
3327 2099 3554 2166 tyranni
3590 2098 3827 2153 Maximi

2178 2169 2982 2258 e.x_stinctor_Valentinianum
3017 2192 3260 2245 puerum
3295 2177 3522 2249 imperii
3555 2179 3646 2232 sui
3680 2195 3822 2247 par—

2177 2248 2353 2314 tibus,
2395 2251 2548 2306 unde
2593 2253 2830 2324 fugatus
2863 2256 3068 2324 fuerat,
3111 2273 3243 2311 cum
3279 2248 3824 2312 misericordissima

2179 2330 2546 2420 veneratione
2577 2333 2832 2420 restituit
2865 2352 2878 2389 :
2911 2351 3095 2406 eoque
3126 2339 3247 2394 sive
3278 2354 3381 2409 per
3404 2338 3663 2403 insidias,
3700 2338 3824 2392 sive

2180 2424 2294 2478 quo
2327 2408 2438 2465 alio
2467 2417 2632 2482 pacto
2682 2414 2770 2470 vel
2820 2432 2955 2471 casu
2990 2419 3251 2488 proxime
3281 2408 3606 2485 exstincto,
3641 2419 3821 2473 alium

2179 2493 2494 2560 tyrannum
2513 2493 2857 2564 Eugenium,
2880 2499 2977 2568 qui
2994 2499 3050 2552 in
3069 2497 3228 2554 illius
3247 2499 3614 2571 imperatoris
3635 2499 3826 2556 locum

2179 2572 2582 2663 n‘onilegitime
2607 2577 2790 2631 fuerat
2811 2579 3181 2649 subrogatus,
3207 2586 3439 2651 accepto
3463 2597 3668 2636 rursus
3696 2597 3828 2651 pro-

2181 2651 2410 2742 phetico
2443 2669 2740 2742 responso,
2771 2657 2882 2712 fide
2900 2668 3108 2714 certus
3139 2661 3456 2731 oppressit,
3490 2664 3692 2715 contra
3717 2676 3829 2715 cu-

2172 2732 2280 2822 jus
2309 2732 2782 2822 robustissimum
2811 2738 3124 2792 exercitum
3158 2741 3346 2808 magis
3378 2740 3614 2804 orando,
3651 2755 3828 2809 quam

2180 2811 2436 2866 feriendo
2468 2815 2763 2884 pugnavit.
2800 2816 3006 2872 Milites
3039 2818 3222 2884 nobis,
3258 2818 3355 2889 qui
3389 2819 3646 2886 aderant,
3674 2823 3830 2873 retu-

2177 2891 2388 2982 lerunt,
2434 2899 2650 2948 extorta
2709 2896 2813 2950 sibi
2846 2913 2975 2952 esse
3008 2897 3076 2952 de
3118 2898 3387 2952 manibus
3441 2914 3828 2970 quiscumque

2169 2973 2606 3062 jaculabantur,
2633 2991 2758 3029 cum
2787 2993 2820 3030 a
2839 2976 3150 3032 Theodosii
3181 2977 3437 3048 partibus
3468 2979 3526 3032 in
3551 2977 3830 3032 adversa-

2180 3055 2296 3145 rios
2309 3055 2620 3145 vehemens
2637 3063 2844 3112 ventus
2861 3059 2987 3122 iret,
3012 3064 3067 3114 et
3090 3076 3202 3113 non
3217 3058 3426 3125 solum,
3442 3075 3828 3129 quaecumque

2179 3137 2236 3188 in
2265 3151 2363 3190 eos
2401 3137 2798 3206 jaciebantur,
2841 3140 3300 3195 concitatissime
3334 3143 3573 3210 raperet,
3621 3156 3825 3195 verum

2181 3216 2350 3270 etiam
2383 3217 2642 3288 ipsorum
2678 3220 2793 3274 tela
2822 3219 2882 3274 in
2914 3237 3114 3276 eorum
3149 3239 3394 3293 corpora
3443 3225 3825 3292 retorqueret.

2181 3297 2342 3353 Unde
2373 3304 2429 3353 et
2481 3307 2647 3370 poeta
2693 3301 3069 3368 Claudianus,
3113 3303 3381 3373 quamvis
3414 3320 3447 3358 a
3477 3302 3685 3357 Christi
3722 3319 3827 3356 no-

2181 3380 2338 3434 mine
2370 3381 2618 3446 alienus,
2648 3381 2706 3436 in
2738 3384 2866 3454 ejus
2889 3389 3086 3439 tamen
3123 3385 3397 3439 laudibus
3431 3383 3624 3438 dixit:

2243 3526 2282 3574 Ο
2311 3527 2534 3575 nimium
2565 3528 2753 3577 dilecte
2782 3528 2902 3590 Deo,
2935 3529 3020 3577 cui
3048 3529 3227 3576 fundit
3255 3527 3322 3576 ab
3355 3527 3525 3576 antris

2242 3591 2420 3639 Eolus
2448 3595 2682 3639 armatas
2709 3593 2908 3640 hiemes
2943 3593 2964 3624 ²
2996 3607 3008 3650 ;
3039 3593 3123 3640 cui
3153 3591 3351 3638 militat
3387 3591 3584 3645 aether,

2243 3654 2304 3701 Et
2331 3654 2594 3715 coniurati
2623 3655 2847 3703 veniunt
2877 3657 2943 3702 ad
2972 3655 3192 3703 classica
3220 3654 3400 3702 ventil

2428 3718 2514 3776 (In
2554 3716 2906 3826 Panegyrico
2950 3719 3013 3764 de
3048 3719 3208 3766 tertio
3237 3716 3479 3766 Honorii
3509 3715 3828 3771 consulatu,

2494 3794 2629 3827 vers.
2663 3781 2694 3826 9
2735 3779 2858 3842 -98.)

2494 3794 2629 3827 vers.
2663 3794 2836 3830 υΌ-υό,

2179 3875 2377 3933 Victor
2397 3882 2613 3945 autem,
2647 3879 2800 3934 sicut
2838 3879 3160 3935 crediderat
3190 3880 3247 3933 et
3277 3877 3634 3950 praedixerat,
3666 3875 3829 3932 Jovis

2180 3959 2513 4020 simulacra,
2549 3977 2677 4030 qum
2708 3961 2983 4015 adversus
3014 3976 3148 4014 eum
3196 3960 3426 4014 fuerant
3467 3957 3655 4011 nescio
3689 3956 3828 4027 qui-

2183 4040 2294 4094 bus
2323 4040 2531 4095 ritibus
2563 4041 2722 4096 velut
2765 4048 3124 4105 consecrata,
3149 4051 3204 4094 et
3236 4040 3297 4093 in
3337 4038 3574 4108 Alpibus
3604 4037 3827 4090 consti-

2180 4124 2327 4186 tuta,
2379 4121 2685 4191 deposuit:
2746 4137 3060 4191 eorumque
3120 4119 3388 4183 fulmina,
3445 4117 3598 4188 quod
3649 4133 3830 4172 aurea

2182 4199 2447 4263 fuissent,
2471 4202 2804 4269 jocantibus
2849 4201 3025 4272 (quod
3059 4200 3160 4254 illa
3205 4199 3402 4253 laetitia
3435 4197 3829 4268 permittebat)

2182 4281 2548 4347 Cursoribus,
2583 4287 2638 4334 et
2668 4299 2728 4336 se
2759 4283 2829 4335 ab
2861 4283 2945 4336 eis
2971 4279 3263 4334 fulminari
3295 4278 3442 4333 velle
3472 4278 3827 4344 dicentibus,

2183 4361 2447 4416 hilariter
2475 4362 2842 4432 benigneque
2873 4363 3123 4416 donavit.
3172 4359 3547 4414 inimicorum
3582 4374 3830 4413 suorum

2180 4443 2354 4510 filios,
2387 4459 2531 4514 quos
2563 4461 2677 4498 non
2708 4444 2892 4514 ipsius
2919 4445 3148 4514 jussus,
3194 4441 3298 4496 sed
3330 4439 3464 4495 belli
3505 4438 3833 4494 abstulerat

2180 4523 2434 4594 impetus
2461 4524 2502 4592 ³,
2536 4523 2709 4579 etiam
2743 4524 2993 4578 nondum
3027 4520 3380 4577 christianos
3416 4520 3486 4574 ad
3521 4519 3828 4573 ecclesiam

2180 4607 2602 4678 confugientes,
2635 4605 2985 4662 christianos
3015 4605 3123 4659 hac
3147 4603 3452 4657 occasione
3477 4601 3600 4656 fieri
3623 4599 3826 4670 voluit,

2243 4793 2258 4828 1
2290 4792 2349 4840 In
2401 4789 2610 4838 excusis
2644 4787 2935 4848 legebatur,
2966 4783 3180 4832 haberet
3227 4790 3278 4830 et
3315 4785 3578 4848 fratrem,
3607 4781 3831 4848 avidior

2178 4855 2286 4918 ﬁde
2315 4845 2735 4918 societatis._Se¥i
2766 4849 3046 4911 particula,
3077 4855 3164 4918 __et,
3207 4850 3452 4918 non‘est
3490 4845 3546 4918 in
3591 4845 3828 4918 melioris

2178 4908 2336 4967 notae
2365 4908 3015 4974 manusc-riptisfquorum
3042 4910 3202 4958 etiam
3230 4909 3547 4958 auctoritate
3582 4908 3830 4955 emenda-

2176 4995 2316 5037 mus,
2351 4980 2475 5037 ﬁde.

2244 4982 2616 5090 E21SM‘sﬁs‘.ier.iostr‘i
2648 5038 2919 5093 omittunt,
2951 5035 3042 5084 cui
3087 5034 3283 5095 fundit
3312 5034 3376 5081 ab
3410 5033 3595 5081 antris
3625 5031 3828 5080 Euius

2179 5114 2429 5154 armatas
2457 5104 2676 5150 hiemes.
2713 5102 2778 5148 Μ.

2245 5172 2265 5200 ³
2303 5167 2540 5226 Plerique
2570 5167 2712 5220 Mss,
2745 5178 2877 5226 quos
2900 5177 3028 5226 inor:
3062 5161 3242 5226 ipsius
3261 5159 3476 5226 jussu;
3525 5160 3575 5205 et
3609 5157 3830 5226 quidam

2179 5220 2588 5292 prosequuntur,
2637 5226 2730 5292 sed
2751 5220 2908 5272 “belli
2955 5220 3262 5292 abstulerat
3299 5222 3535 5292 impetus
3551 5220 3831 5292 eumn-issu,

2179 5282 2289 5341 Sed.
2327 5282 2478 5341 Forte
2509 5289 2807 5349 legendum,
2841 5302 2973 5349 quos
3014 5301 3123 5333 non
3149 5285 3345 5373 ipsius,
3361 5282 3453 5330 sed
3481 5282 3611 5329 belli
3639 5282 3835 5329 abstu-

2186 5356 2226 5373 1.
2283 5364 2322 5373 ,.
2387 5357 2614 5373 -.__---.-._
2782 5352 2884 5373 at..-
2940 5349 3032 5373 "uti:
3111 5348 3234 5373 θῆκε)
3281 5349 3329 5373 ..ι
3371 5344 3493 5373 onzo
3555 5359 3690 5373 ηιιηο
3719 5359 3830 5373 mn“

2184 5356 2324 5403 lerat
2379 5344 2630 5415 impetus.
2678 5379 2740 5415 τέ
2782 5344 2903 5399 Mss.
2940 5349 3051 5415 766,
3110 5344 3234 5415 2052
3279 5349 3332 5397 et
3371 5344 3515 5415 2953,
3553 5359 3690 5407 quos
3719 5359 3835 5393 non

2184 5419 2364 5478 ipsius
2389 5409 2585 5477 ju-ssu,
2618 5414 2746 5462 belli
2775 5413 3084 5478 abstulerat
3116 5409 3452 5478 impetus.M.

2245 5484 2322 5540 (α)
2351 5471 2448 5538 Qui
2476 5471 2797 5528 'I‘heodosius
2824 5477 3114 5525 Maximum
3144 5473 3420 5536 Aquileiae
3466 5471 3711 5532 agentem
3741 5485 3832 5520 ce-

2181 5545 2260 5607 pit
2279 5547 2332 5592 et
2358 5543 2643 5607 interemit.

2247 5607 2314 5667 (ὁ)
2343 5604 2783 5667 Valentinianum
2811 5603 3010 5651 scilicet
3034 5600 3317 5664 iuniorem,
3356 5595 3717 5647 Valentiniani
3751 5609 3830 5646 se-

2183 5665 2348 5719 nioris
2374 5682 2440 5717 ex
2468 5667 2679 5716 Justina
2710 5665 2900 5714 filium.
