4128 6184
260 258 371 319 173

257 402 308 455 et
337 397 665 454 christiana
684 397 968 454 charitate
1000 395 1203 453 dilexit
1238 413 1250 463 ;
1284 412 1389 451 nec
1421 395 1673 467 privavit
1702 394 1908 460 rebus,

263 481 313 534 et
345 481 360 514 ³
396 476 566 533 auxit
596 475 941 532 honoribus.
984 474 1045 530 In
1079 475 1370 530 neminem
1433 480 1562 543 post
1608 472 1909 528 victoriam

268 559 524 631 privatas
569 557 911 612 inimicitias
943 556 1129 611 valere
1162 555 1448 624 permisit.
1491 554 1646 608 Bella
1700 552 1910 618 civilia,

268 656 379 695 non
416 639 569 693 sicut
601 638 785 693 Cinna
817 642 873 691 et
904 636 1119 691 Marius
1150 641 1206 691 et
1237 635 1391 707 Sylla
1411 640 1468 689 et
1497 635 1593 688 alii
1627 633 1769 689 tales
1809 648 1913 687 nec

267 722 430 776 linita
457 720 622 774 ﬁnire
640 718 969 786 voluerunt,
989 718 1090 772 sed
1113 717 1300 788 magis
1317 715 1502 771 doluit
1519 719 1712 770 exorta
1736 729 1910 784 quam

268 801 542 871 cuiquam
575 815 780 855 nocere
812 799 995 855 voluit
1024 798 1353 853 terminata.
1387 798 1546 852 Inter
1574 795 1693 850 haec
1717 794 1916 849 omnia

269 900 331 938 ex
362 881 493 953 ipso
537 880 707 936 initio
753 879 986 951 imperii
1027 880 1113 933 sui
1149 896 1262 934 non
1295 878 1518 948 quievit
1562 876 1916 948 justissimis

268 969 323 1018 et
354 960 921 1017 misericordissimis
954 959 1179 1029 legibus
1213 961 1491 1014 adversus
1520 957 1732 1027 impios
1763 956 1919 1010 labo-

273 1043 420 1099 ranti
454 1040 720 1098 Ecclesiae
770 1039 1101 1106 subvenire,
1136 1055 1308 1111 quam
1343 1038 1555 1093 Valens
1613 1037 1918 1092 haereticus

269 1123 469 1179 favens
488 1122 714 1177 Arianis
736 1120 1109 1176 vehementer
1125 1119 1406 1174 afﬂixerat
1427 1134 1440 1174 :
1462 1118 1630 1188 cujus
1654 1116 1918 1172 Ecclesiae

268 1221 329 1261 se
353 1205 682 1259 membrum
709 1216 839 1256 esse
858 1201 1045 1271 magis
1063 1216 1232 1271 quam
1255 1199 1316 1254 in
1336 1198 1505 1254 terris
1524 1213 1765 1269 regnare
1779 1212 1920 1268 gau-

273 1285 468 1339 debat.
499 1282 823 1338 Simulacra
855 1280 1165 1336 Gentilium
1202 1280 1420 1350 ubique
1451 1279 1759 1335 evertenda
1779 1293 1915 1348 prac-

276 1364 452 1435 cepit,
478 1363 622 1418 satis
645 1361 980 1432 intelligens
1013 1376 1117 1416 nec
1164 1365 1393 1415 terrena
1430 1374 1675 1413 munera
1714 1357 1774 1411 in
1806 1357 1922 1411 dm-

274 1445 636 1511 moniorum,
668 1445 769 1498 sed
821 1443 879 1498 in
930 1441 1030 1497 Dei
1065 1443 1179 1497 veri
1211 1457 1340 1496 esse
1372 1440 1560 1511 posita
1618 1443 1921 1508 potestate.

272 1526 421 1592 Quid
442 1532 637 1580 autem
658 1523 771 1579 fuit
787 1523 912 1593 ejus
928 1522 1539 1595 religiosahumilitate
1570 1519 1923 1584 mirabilius,

273 1606 511 1679 quando
546 1606 600 1659 in
632 1604 1240 1660 Thessalonicensium
1273 1601 1683 1674 gravissimum
1715 1600 1923 1665 scelus,

273 1689 363 1742 cui
388 1688 543 1757 jam,
575 1685 862 1764 episcopis
895 1684 1414 1752 intercedentibus,
1448 1683 1800 1755 promiserat
1829 1681 1929 1734 in—

275 1761 957 1840 dulgentiamﬂumullu
992 1765 1405 1837 quorumdam,
1440 1763 1540 1835 qui
1572 1763 1623 1817 ei
1663 1761 1926 1817 cohaere-

279 1849 442 1916 bant,
504 1848 801 1902 vindicare
858 1845 1198 1917 compulsus
1257 1850 1366 1910 est,
1426 1852 1477 1898 et
1537 1842 1929 1897 ecclesiastica

271 1931 564 1986 coercitus
594 1928 926 1998 disciplina,
960 1928 1040 1983 sic
1068 1927 1181 1997 egit
1201 1925 1624 1997 pcenitentiam,
1648 1930 1710 1977 ut
1741 1924 1930 1993 impe-

271 2010 551 2066 ratoriam
576 2008 986 2063 celsitudinem
1018 2024 1122 2078 pro
1154 2007 1252 2062 illo
1272 2006 1520 2076 populus
1543 2022 1717 2059 orans
1742 2002 1929 2073 magis

266 2091 443 2145 ﬂeret
474 2089 721 2143 videndo
756 2092 1136 2158 prostratam,
1168 2102 1344 2158 quam
1371 2085 1662 2157 peccando
1696 2084 1931 2138 timeret

272 2173 496 2228 iratam
526 2172 555 2225 ἱ)
586 2171 716 2226 Hec
766 2169 864 2224 ille
920 2185 1140 2234 secum,
1174 2173 1232 2223 et
1289 2167 1337 2221 si
1370 2182 1482 2237 qua
1527 2165 1767 2224 similia.
1802 2180 1929 2234 quae

269 2268 747 2312 commemorare
807 2251 1047 2321 longum
1081 2256 1190 2313 est,
1252 2250 1405 2304 bona
1450 2264 1622 2316 opera
1676 2246 1830 2311 tulit,
1864 2261 1935 2300 ex

261 2335 394 2392 isto
426 2332 741 2404 temporali
765 2346 977 2401 vapore
1006 2328 1322 2397 cujuslibet
1352 2326 1626 2381 culminis
1658 2329 1713 2380 et
1743 2323 1935 2379 subli-

256 2415 509 2473 mitatis
526 2413 799 2467 humanae
817 2428 831 2476 ;
852 2425 1100 2481 quorum
1121 2424 1362 2478 operum
1384 2421 1602 2461 merces
1618 2409 1707 2461 est
1722 2410 1935 2459 aeterna

248 2496 557 2559 felicitas,
592 2493 759 2561 cujus
790 2493 959 2545 dator
987 2493 1076 2545 est
1100 2490 1246 2544 Deus
1277 2487 1419 2544 solis
1440 2488 1461 2522 ²
1493 2487 1770 2542 veraciter
1800 2486 1931 2557 piis.

250 2580 503 2635 Caetera
537 2589 670 2628 vero
702 2572 828 2628 vita:
885 2571 1066 2641 hujus
1103 2568 1192 2623 vel
1223 2567 1450 2640 fastigia
1504 2567 1591 2621 vel
1649 2565 1931 2630 subsidia,

256 2657 433 2713 sicut
467 2653 663 2726 ipsum
701 2651 1007 2718 mundum,
1031 2648 1245 2713 lucem,
1270 2664 1462 2713 auras,
1495 2650 1698 2712 terras,
1724 2661 1932 2716 aquas,

256 2738 532 2799 fructus,
551 2732 859 2803 ipsiusque
876 2729 1136 2785 hominis
1159 2728 1681 2797 animam,corpus,
1701 2741 1929 2790 sensus,

258 2818 563 2879 mentem,
595 2814 799 2877 vitam,
824 2809 996 2866 bonis
1018 2810 1306 2880 malisque
1338 2806 1610 2878 largitur:
1637 2807 1691 2859 in
1714 2805 1933 2876 quibus

256 2902 353 2952 est
384 2895 570 2951 etiam
623 2892 895 2963 quaelibet
941 2890 1168 2962 imperii
1220 2888 1580 2960 magnitudo,
1621 2903 1791 2957 quam
1828 2901 1932 2956 pro

259 2982 618 3046 temporum
653 2970 1077 3044 gubernatione
1099 2970 1396 3039 dispensat
1425 2969 1465 3023 ³.

329 3058 393 3108 2.
430 3085 504 3093 ———
559 3051 842 3124 [XXVlL]
898 3050 1142 3105 Proinde
1213 3050 1331 3118 jam
1396 3047 1570 3102 etiam
1644 3047 1759 3100 illis
1807 3062 1927 3099 res-

250 3134 656 3207 pondendum
711 3149 839 3187 esse
897 3130 1087 3198 video,
1124 3129 1222 3201 qui
1274 3126 1775 3184 manifestissimis
1832 3127 1930 3181 do-

321 3241 337 3272 ι
385 3235 482 3285 Sic
510 3233 633 3283 Mss.
666 3234 735 3281 At
762 3231 913 3283 editi,
944 3231 1053 3279 sed.

317 3299 341 3332 ²
376 3295 641 3346 Nonnulli
674 3295 818 3348 Mss.
852 3293 1026 3341 solus.

315 3361 343 3395 3
378 3361 483 3408 Hic
513 3358 658 3420 apud
686 3359 800 3404 Am.
834 3357 918 3420 Er.
952 3357 1004 3420 et
1031 3355 1177 3420 Lov.,
1210 3354 1413 3420 factum
1446 3354 1527 3420 est
1557 3348 1936 3420 caput_vig_esi-

252 3437 417 3473 mum
453 3412 743 3483 septimum
770 3421 824 3483 et
851 3418 1042 3483 titulus
1073 3418 1173 3483 ista
1194 3417 1408 3465 additus
1432 3429 1442 3462 :
1477 3412 1688 3483 Canthi
1703 3412 1938 3483 frmido:

252 3474 534 3535 invectio.
565 3482 893 3544 Augustini,
924 3481 1025 3542 qui
1045 3480 1406 3544 scripserunt
1424 3486 1609 3544 contra
1625 3474 1938 3544 editoajam

262 3550 470 3597 libros.
505 3546 607 3594 Sed
634 3535 691 3593 id
719 3535 984 3593 tentatum
1013 3543 1126 3592 sine
1166 3535 1490 3590 auctoritate
1546 3535 1939 3596 manuscripto-

258 3626 420 3666 rum,
457 3612 515 3658 et
540 3608 841 3668 refragante
874 3606 1175 3669 antiquiore
1204 3603 1436 3651 editione
1464 3598 1854 3648 Vindeliniana.

1643 256 1880 317 LIBER
1921 254 2248 317 SEXTUS.

3550 257 3665 319 174

2024 392 2339 460 sumentis,
2386 391 2598 462 quibus
2646 392 2973 448 ostenditur
3018 394 3173 465 quod
3234 394 3308 450 ad
3358 393 3472 451 ista
3518 397 3662 451 tem-

2022 474 2268 546 poralia,
2293 490 2418 545 quae
2450 473 2577 528 sola
2606 472 2772 528 stulti
2807 473 3011 530 habere
3041 475 3483 546 concupiscunt,
3516 475 3666 532 nihil

2024 558 2264 612 deorum
2329 556 2607 611 falsorum
2669 558 3060 612 numerositas
3130 559 3331 629 prosit,
3379 560 3663 617 confutati

2025 645 2202 711 atque
2234 638 2480 694 convicti
2514 643 2801 693 conantur
2821 654 3096 702 asserere,
3132 656 3248 695 non
3280 644 3514 712 propter
3534 642 3664 697 vita:

2026 720 2329 793 praesentis
2377 719 2707 787 utilitatem,
2757 719 2856 774 sed
2912 724 3144 790 propter
3189 737 3314 775 eam
3366 738 3497 792 quas
3538 727 3668 793 post

2028 807 2263 855 mortem
2292 800 2487 854 futura
2524 808 2629 864 cst,
2664 798 2937 854 colendos
2970 801 3130 855 deos.
3179 800 3323 855 Nam
3381 803 3513 859 istis
3568 804 3665 874 qui

2029 884 2260 950 propter
2281 879 2570 933 amicitias
2608 880 2808 933 mundi
2845 880 3021 949 hujus
3050 881 3256 936 volunt
3284 899 3432 938 vena
3456 883 3664 953 colere,

2028 966 2085 1015 et
2114 977 2229 1016 non
2262 976 2323 1015 se
2356 960 2613 1030 permitti
2652 959 2972 1030 puerilibus
3003 962 3270 1018 sensibus
3303 979 3667 1035 conquerun-

2030 1050 2144 1106 tur,
2168 1042 2262 1097 his
2296 1041 2553 1113 quinque
2599 1040 2762 1096 libris
2794 1040 2935 1096 satis
2978 1042 3225 1098 arbitror
3270 1059 3398 1100 esse
3428 1062 3669 1116 respon-

2031 1139 2178 1179 sum.
2211 1123 2470 1187 Quorum
2519 1126 2637 1177 tres
2696 1122 2912 1192 priores
2956 1138 3088 1177 cum
3149 1124 3491 1191 edidissem,
3522 1130 3579 1183 et
3608 1126 3670 1182 in

2031 1204 2346 1259 multorum
2402 1202 2675 1258 manibus
2703 1219 2829 1258 esse
2887 1203 3221 1275 cmpissent,
3275 1205 3466 1260 audivi
3497 1223 3671 1277 quos-

2033 1287 2168 1340 dam
2202 1284 2397 1339 nescio
2426 1299 2602 1354 quam
2637 1284 2912 1339 adversus
2935 1300 3031 1339 eos
3072 1285 3501 1355 responsionem
3534 1287 3673 1342 scri-

2035 1364 2226 1418 bendo
2287 1379 2629 1435 praeparare.
2688 1363 2907 1419 Deinde
2964 1364 3031 1419 ad
3100 1380 3193 1419 me
3251 1364 3534 1435 perlatum
3562 1369 3671 1434 est,

2035 1446 2189 1517 quod
2232 1446 2353 1515 jam
2415 1444 2780 1516 scripserint,
2826 1446 2924 1500 sed
2973 1453 3203 1516 tempus
3248 1455 3525 1517 quaerant,
3560 1464 3673 1517 quo

2035 1528 2161 1580 sine
2214 1525 2475 1596 periculo
2530 1524 2757 1595 possint
2813 1526 2997 1581 cdere.
3035 1527 3188 1591 Quos
3219 1527 3528 1597 admoneo,
3559 1542 3676 1582 non

2036 1610 2238 1677 optent
2274 1605 2425 1676 quod
2459 1604 2541 1659 eis
2586 1621 2699 1659 non
2733 1604 2983 1675 expedit.
3018 1604 3206 1661 Facile
3240 1607 3327 1661 est
3363 1606 3519 1661 enim
3551 1607 3675 1661 cui-

2037 1702 2208 1756 quam
2251 1685 2431 1739 videri
2483 1685 2872 1755 respondisse,
2901 1686 3003 1756 qui
3041 1689 3226 1741 tacere
3264 1686 3533 1742 noluerit.
3565 1690 3679 1742 Aut

2037 1766 2176 1837 quid
2210 1769 2298 1819 est
2328 1763 2631 1835 loquacius
2682 1764 2978 1820 vanitate?
3009 1782 3135 1837 qua:
3173 1782 3287 1820 non
3328 1766 3458 1823 ideo
3489 1772 3680 1839 potest

2038 1845 2192 1916 quod
2224 1844 2452 1913 veritas,
2491 1844 2648 1914 quia,
2701 1845 2748 1899 si
2798 1844 3065 1915 voluerit,
3118 1847 3290 1902 etiam
3332 1847 3464 1918 plus
3492 1853 3681 1920 potest

2038 1926 2288 1981 clamare
2322 1940 2494 1994 quam
2531 1925 2760 1979 veritas.
2796 1925 2903 1979 Sed
2947 1925 3309 1980 considerent
3355 1928 3553 1983 omnia
3591 1928 3679 1983 di-

2042 2007 2319 2077 ligenter:
2346 2010 2401 2058 et
2425 2006 2468 2059 si
2494 2004 2657 2072 forte,
2679 2005 2805 2060 sine
2832 2006 3021 2061 studio
3049 2007 3678 2079 partiumjudicantes,

2040 2090 2179 2143 talia
2210 2103 2337 2142 esse
2371 2087 2792 2157 perspexerint,
2821 2104 2942 2156 quae
2975 2088 3168 2156 potius
3192 2088 3470 2156 exagitari
3502 2104 3677 2152 quam

2042 2168 2285 2225 convelli
2306 2167 2887 2238 possintgarrulitate
2903 2166 3413 2235 impudentissima
3435 2172 3493 2222 et
3511 2168 3683 2238 quasi

2041 2250 2277 2305 satirica
2306 2247 2392 2302 vel
2415 2247 2648 2301 mimica
2679 2248 2927 2317 levitate,
2951 2247 3257 2303 cobibeant
3288 2265 3424 2303 suas
3455 2265 3679 2319 nugas;

2041 2336 2099 2388 et
2125 2330 2319 2402 potius
2368 2346 2401 2383 a
2450 2329 2841 2399 prudentibus
2896 2330 3214 2394 emendari,
3248 2345 3425 2400 quam
3458 2329 3683 2385 laudari

2041 2412 2111 2467 ab
2155 2408 2625 2481 imprudentibus
2655 2407 2896 2479 eligant.
2929 2407 3072 2466 Nam
3107 2408 3157 2462 si
3189 2424 3307 2464 non
3340 2410 3406 2463 ad
3449 2408 3684 2465 liberta-

2040 2497 2157 2548 tem
2206 2506 2340 2546 vera
2398 2487 2652 2555 dicendi,
2686 2489 2784 2543 sed
2836 2489 2908 2543 ad
2966 2487 3259 2544 licentiam
3301 2487 3683 2544 maledicendi

2040 2577 2271 2643 tempus
2301 2571 2660 2641 exspectant,
2695 2569 2849 2624 absit
2897 2576 2957 2623 ut
3004 2569 3085 2624 eis
3134 2569 3359 2625 eveniat
3406 2571 3560 2640 quod
3605 2570 3686 2625 ait

2040 2652 2270 2709 Tullius
2300 2651 2370 2705 de
2402 2650 2678 2723 quodam,
2712 2648 2810 2720 qui
2847 2649 3123 2721 peccandi
3156 2649 3391 2705 licentia
3423 2649 3554 2705 felix
3585 2667 3685 2721 ap-

2042 2733 2407 2803 pellabatur:
2441 2730 2485 2786 Ο
2545 2730 2848 2801 miserumJ
2893 2732 2985 2786 cui
3044 2747 3281 2802 peccare
3332 2730 3541 2786 licebat
3567 2730 3682 2801 (a)l

2042 2814 2205 2870 Unde
2236 2812 2505 2884 quisquis
2537 2816 2643 2878 est,
2671 2812 2768 2882 qui
2804 2810 3179 2867 maledicendi
3204 2811 3437 2868 licentia
3460 2811 3685 2867 felicem

2042 2913 2104 2950 se
2136 2897 2321 2964 putat,
2353 2892 2539 2947 multo
2572 2892 2683 2946 erit
2713 2891 2953 2958 felicior,
2978 2891 3028 2946 si
3059 2891 3169 2946 hoc
3191 2892 3275 2946 illi
3307 2893 3545 2947 omnino
3568 2907 3687 2947 non

2041 2978 2252 3033 liceat:
2300 2992 2435 3032 eum
2493 2974 2680 3048 possit
2740 2974 3005 3043 deposita
3062 2974 3344 3030 inanitate
3388 2973 3684 3044 jactantia

2042 3061 2216 3114 etiam
2267 3057 2381 3112 isto
2429 3061 2716 3125 tempore,
2750 3059 3028 3126 tanquam
3087 3056 3279 3109 studio
3318 3054 3685 3120 consulendi,

2044 3138 2289 3210 quiquid
2345 3136 2611 3203 voluerit,
2666 3136 3060 3191 contradicere
3092 3155 3105 3204 ;
3141 3141 3198 3190 et
3230 3141 3514 3207 quantum
3549 3151 3687 3205 pos-

2044 3222 2237 3288 sunt‘,
2262 3218 2333 3273 ab
2365 3217 2472 3281 eis,
2496 3233 2637 3289 quos
2668 3215 2919 3271 consulit
2940 3216 3130 3271 amica
3150 3216 3569 3287 disputatione,
3592 3216 3692 3271 ho-

2044 3305 2232 3366 neste,
2266 3299 2536 3368 graviter,
2570 3294 2747 3351 libere
2778 3296 2932 3366 quod
2965 3300 3187 3365 Oportet
3218 3297 3440 3351 audire.

2109 3410 2123 3440 ¹
2153 3406 2309 3457 Editi.
2335 3406 2527 3465 possit.
2564 3402 2751 3451 Verius
2779 3401 2922 3465 Mss,
2946 3410 3182 3461 possunt
3207 3414 3218 3449 ε
3240 3416 3330 3451 eos
3349 3403 3585 3463 intelligo
3598 3406 3693 3465 qui

2044 3463 2397 3518 consuluntur
2425 3468 2595 3514 amica
2622 3463 2998 3525 diSputatione.

2111 3530 2395 3641 «ﬁgimus
2427 3528 2702 3592 quidpiam
2730 3528 2795 3573 de
2821 3525 2989 3573 Cinna
3014 3525 3070 3571 in
3104 3525 3255 3573 Tusc.
3286 3526 3497 3581 Quaest.
3527 3525 3619 3572 lib.
3641 3525 3689 3581 5,

2111 3607 2159 3641 n.
2258 3628 2268 3640 .

2044 3606 2159 3655 cap.
2194 3606 2268 3641 ιν.

269 3734 2499 3767 _______________________________

1298 3848 1857 3988 LIBER
1960 3837 2678 3981 SEXTUS

251 4085 549 4134 Πδθδθιιυε
578 4082 764 4131 contra
792 4092 881 4129 θοε
903 4079 996 4142 qui
1024 4080 1239 4140 Propter
1269 4077 1407 4142 hanc
1436 4070 1777 4142 temporale?!“
1806 4068 1976 4142 vitam
2005 4060 2677 4142 οοῙῙΡΡίΞίΡΞίΪῩΞῗΡΡΞἯΞῈΞ
2691 4053 3688 4142 ΒΕἩΕΫΡΪΫἘ.ῗέὶξῗῖῗῗθ.ῖέἲ..⁴ἒέ¹έξ⁵ἓὲζ

321 4118 881 4206 ESSE;
898 4118 1599 4206 Bicip‘iéiiaiiiﬁéiegﬁﬁa
1613 4131 2000 4206 exhibendum;
2021 4138 2157 4206 quoLs
2180 4118 2674 4206 Augustinuslli‘bris
2689 4120 2924 4206 quinque
2943 4118 3288 4206 sequentibus
3317 4118 3689 4206 conlptaturus

319 4181 696 4259 SEEnEiZ'BiE
709 4181 1534 4269 ‘b'ﬁinib'xiéih'iié'iﬁié
1566 4209 1726 4258 quam
1757 4181 2019 4269 abiectam
2037 4181 2288 4269 habuerit
2305 4187 2529 4269 ipsemet
2546 4181 2721 4269 γεω-εἱ
2741 4182 3035 4269 theologiae
3067 4181 3527 4269 gpntilis_scriptor
3553 4195 3693 4229 eom-

316 4244 997 4322 E§E§iiéihiiiﬁiié¥t
1016 4244 1324 4326 ii'éei'ogiéé
1347 4244 1531 4326 “igni;
1541 4244 1734 4326 genere
1767 4244 2057 4326 secundum
2076 4244 2517 4326 .e‘umdeuihtria‘.
2541 4248 2874 4326 fabulosum.
2903 4245 3150 4326 naturale
3176 4246 3228 4291 et
3255 4244 3411 4293 civile
3443 4257 3454 4291 :
3477 4256 3538 4295 ac
3563 4249 3705 4294 mox‘

314 4309 1420 4384 .33”?§13'&i€é0"3i"dé"éi§in"ae&33§i}ziig
1441 4309 1576 4372 nihil
1605 4324 1735 4370 haec
1764 4330 1957 4381 genere
1983 4316 2052 4365 ad
2071 4314 2283 4362 futurae
2316 4311 2460 4361 vitae
2488 4311 2796 4359 felicitatem
2824 4309 3079 4357 conferre.

1813 4415 2173 4449 Μ

960 4520 1361 4578 PRZEFATIO.

329 4654 626 4724 Quinque
667 4648 1069 4720 superioribus
1116 4646 1282 4702 libris
1313 4643 1451 4700 satis
1483 4641 1628 4724 mihi
1659 4641 1935 4724 adversus

248 4719 373 4794 eos
401 4719 619 4788 videor
663 4719 1020 4800 disputasse,
1054 4727 1152 4799 qui
1204 4724 1419 4781 multos
1468 4723 1606 4777 deos
1653 4726 1707 4775 et
1741 4719 1936 4800 falsos,

251 4834 428 4893 quos
467 4829 593 4871 esse
615 4799 851 4867 inutilia
872 4808 1208 4875 simulacra,
1231 4806 1317 4862 vel
1343 4801 1679 4860 immundos
1701 4799 1939 4873 Spiritus

247 4889 313 4957 et
352 4893 705 4971 perniciosa
753 4891 1060 4957 daemonia,
1110 4889 1197 4943 vel
1247 4890 1416 4971 certe
1449 4889 1769 4949 creaturas,
1822 4898 1937 4971 non

249 4962 642 5040 Creatorem,
673 4973 883 5028 veritas
915 4969 1235 5025 christiana
1256 4965 1564 5032 convincit,
1600 4967 1827 5036 prepter
1858 4962 1939 5016 vi-

251 5068 335 5119 ta
363 5057 572 5127 hujus
597 5053 861 5110 mortalis
885 5065 1195 5120 rerumque
1217 5053 1579 5127 terrenarum
1605 5046 1941 5127 utilitatem,

246 5159 323 5198 eo
361 5123 498 5194 ritu
531 5151 599 5190 ac
620 5133 919 5195 servitute,
960 5146 1093 5201 qua:
1122 5144 1306 5200 graece
1350 5123 1573 5200 λατρεία
1619 5127 1852 5191 dicitur,
1885 5126 1942 5177 et

244 5222 366 5279 uni
402 5231 554 5273 vero
595 5215 710 5271 Deo
755 5214 1019 5274 debetur.
1050 5210 1411 5266 venerandos
1455 5216 1510 5263 et
1538 5207 1812 5262 colendos
1844 5219 1944 5275 pu-

246 5304 428 5359 tant.
478 5297 545 5352 Et
578 5294 771 5350 nimim
803 5294 1042 5365 quidem
1087 5291 1345 5346 stultitim
1364 5289 1454 5343 vel
1478 5288 1945 5359 pertinaeim,nec

248 5386 427 5442 istos
468 5377 755 5449 quinque,
791 5392 896 5431 nec
934 5373 1084 5430 ullos
1110 5371 1568 5449 quanticumque
1616 5367 1842 5449 numeri
1872 5367 1942 5422 li-

252 5470 417 5522 bros
450 5457 602 5514 satis
632 5473 762 5513 esse
810 5471 1004 5529 posse,
1039 5453 1162 5524 quis
1193 5448 1450 5509 nesciat?
1481 5448 1716 5520 quando
1744 5463 1812 5503 ea
1841 5463 1945 5518 pu-

252 5550 448 5604 tatur
487 5538 675 5609 gloria
706 5536 1000 5606 vanitatis,
1036 5534 1214 5590 nullis
1251 5532 1454 5588 cedere
1491 5529 1713 5585 viribus
1742 5529 1953 5584 verita-

249 5629 342 5685 tis
373 5641 393 5692 ;
458 5618 526 5673 in
557 5618 881 5689 perniciem
903 5615 1105 5687 utique
1135 5615 1285 5684 eius,
1317 5611 1409 5667 cui
1431 5610 1635 5667 vitium
1665 5616 1780 5665 tam
1842 5609 1954 5664 im-

2047 4497 2216 4536 mane
2239 4481 2592 4536 dominatur.
2618 4478 2762 4534 Nam
2783 4482 2841 4534 et
2860 4481 3063 4534 contra
3082 4490 3313 4532 omnem
3331 4474 3586 4532 curantis
3607 4475 3694 4531 in-

2046 4563 2345 4623 dustriam,
2374 4579 2485 4617 non
2521 4562 2675 4616 malo
2708 4559 2935 4630 medici,
2961 4559 3061 4615 sed
3096 4559 3292 4627 (egroti
3323 4556 3690 4621 insanabilis,

2046 4644 2287 4699 morbus
2319 4643 2566 4698 invictus
2597 4646 2706 4696 est.
2741 4641 2809 4696 Hi
2840 4656 2973 4695 vero
2997 4639 3094 4710 qui
3128 4654 3195 4693 ea
3213 4654 3341 4709 quas
3365 4636 3582 4707 legunt,
3610 4638 3694 4692 vel

2047 4724 2175 4780 sine
2209 4724 2350 4791 ulla,
2384 4723 2467 4779 vel
2504 4740 2616 4777 non
2651 4738 2783 4777 cum
2819 4737 3033 4791 magna
3068 4735 3133 4772 ac
3167 4718 3344 4771 nimia
3372 4716 3582 4770 veteris
3603 4731 3694 4771 er-

2048 4807 2194 4862 roris
2226 4801 2955 4871 obstinatione,intellecta
2978 4807 3031 4854 et
3054 4797 3415 4852 considerata
3445 4810 3690 4865 perpen-

2050 4887 2081 4941 d
2094 4884 2453 4952 unt,facilius
2466 4899 2569 4937 nos
2583 4881 2694 4936 isto
2709 4896 2953 4935 numero
2971 4877 3419 4934 terminatorum
3437 4876 3693 4945 quinque

2050 4967 2415 5023 voluminum
2452 4963 2604 5035 plus,
2623 4977 2798 5033 quam
2818 4958 3354 5032 quastionisipsius
3375 4956 3694 5012 necessitas

2052 5045 2405 5117 postulabat,
2457 5042 2825 5109 satisfecisse,
2876 5056 3050 5111 quam
3102 5039 3301 5094 minus
3346 5037 3695 5117 disseruisse

2046 5129 2439 5203 judicabant;
2472 5128 2770 5195 totamque
2807 5121 3109 5203 invidiam,
3154 5135 3333 5192 quam
3363 5116 3695 5174 Christianas

2054 5201 2319 5279 religioni
2374 5208 2442 5262 de
2500 5206 2680 5276 hujus
2727 5204 2857 5259 vitae
2909 5201 3175 5257 cladibus
3223 5204 3698 5267 terrenarumque

2054 5287 2398 5347 contritione
2426 5303 2490 5343 ac
2521 5284 2842 5340 mutatione
2873 5299 3065 5339 rerum
3096 5280 3350 5352 imperiti
3383 5279 3570 5332 facere
3600 5293 3699 5333 co-

2056 5374 2291 5436 nantur,
2348 5382 2461 5421 non
2516 5365 2707 5420 solum
2769 5361 3299 5427 dissimulantibus,
3349 5357 3450 5413 sed
3499 5362 3701 5415 contra

2057 5464 2229 5505 suam
2262 5445 2681 5503 conscientiam
2728 5444 3058 5501 faventibus
3108 5442 3282 5497 etiam
3313 5436 3521 5507 doctis,
3559 5454 3702 5511 quos

2060 5528 2331 5599 impietas
2361 5539 2578 5581 vesana
2609 5523 2890 5596 possedit,
2913 5522 3147 5578 omnino
3168 5534 3300 5575 esse
3325 5517 3561 5575 inanem
3586 5536 3705 5577 ree-

2062 5614 2132 5665 tte
2165 5605 2540 5680 cogitationis
2590 5610 2764 5676 atque
2815 5601 3074 5668 rationis,
3101 5600 3448 5672 plenamque
3475 5599 3703 5656 levissi-
