4158 6192
487 330 603 391 175

485 479 591 520 mea
635 464 982 521 temeritatis
1039 466 1095 518 et
1162 460 1668 534 perniciosissimis
1720 459 2128 529 animositatis,

480 544 746 601 dubitare
776 562 890 601 non
925 548 1220 615 poterunt.

479 650 710 706 CAPUT
743 650 1045 706 PRIMUM.
1065 680 1130 690 —
1154 649 1229 701 De
1258 648 1344 701 his
1370 649 1469 717 qui
1497 647 1690 702 dicunt
1720 647 1842 703 deos
1871 665 1904 703 a
1934 665 1988 703 se
2019 663 2128 703 non

544 731 767 795 prapler
790 729 1114 793 praesentem
1151 719 1320 774 vitam
1337 721 1458 787 coli,
1473 720 1565 774 sed
1584 729 1804 791 prapter
1823 724 2112 777 aeternam.

550 831 602 885 1.
617 831 779 885 Nunc
792 845 927 899 ergo
961 825 1238 896 quoniam
1253 825 1540 897 deinceps,
1563 833 1625 882 ut
1644 828 1968 897 promissus
1983 828 2123 882 ordo

474 909 707 980 expetit,
726 908 899 962 etiam
925 905 984 959 hi
1016 905 1312 960 refellendi
1337 911 1392 962 et
1421 907 1662 962 docendi
1689 912 1846 972 sunt,
1871 907 1971 977 qui
2003 923 2118 962 non

470 994 706 1059 propter
737 988 910 1040 istam
968 986 1295 1052 vitam,sed
1347 993 1583 1058 pr0pter
1631 986 1789 1041 illam
1829 1004 1956 1058 quae
1991 993 2121 1058 post

472 1072 718 1122 mortem
751 1067 946 1121 futura
977 1075 1083 1133 est,
1119 1069 1256 1122 deos
1287 1067 1580 1135 Gentium,
1615 1084 1762 1138 quos
1803 1067 2122 1122 christiana

469 1147 668 1219 religio
700 1147 968 1215 destruit,
1002 1147 1276 1203 colendos
1315 1163 1442 1202 esse
1491 1149 1852 1202 contendunt
1885 1163 1900 1214 ;
1935 1147 2122 1218 placet

468 1245 502 1284 a
529 1229 782 1284 veridico
803 1228 1035 1283 oraculo
1077 1230 1266 1283 sancti
1299 1227 1512 1283 Psalmi
1554 1245 1784 1283 sumere
1816 1229 2116 1283 exordium

467 1309 876 1378 disputaitonis
893 1325 1052 1363 meas:
1074 1311 1266 1363 Beatus
1284 1310 1442 1377 cujus
1461 1318 1538 1363 est
1563 1312 1826 1363 Dominus
1851 1309 1985 1363 Deus
1999 1325 2119 1378 spes

468 1390 666 1460 ipsius,
698 1398 748 1444 et
776 1405 885 1444 non
908 1391 1143 1459 respexit
1168 1391 1228 1443 in
1245 1389 1512 1444 vanitates
1535 1394 1586 1444 et
1618 1391 1867 1444 insanias
1896 1390 2118 1444 menda-

465 1487 551 1527 ces
582 1469 760 1542 (Psal.
793 1489 987 1537 xxxrx,
1019 1473 1096 1541 5).
1121 1474 1532 1526 Verumtamen
1560 1473 1615 1526 in
1641 1473 1918 1527 omnibus
1953 1473 2116 1528 vani-

466 1554 684 1608 tatibus
722 1552 1085 1622 insaniisque
1134 1552 1514 1607 mendacibus
1557 1551 1722 1623 longe
1756 1552 2116 1608 tolerabilius

465 1633 794 1708 philosophi
821 1634 1091 1689 audiendi
1129 1642 1285 1700 sunt,
1318 1634 1531 1704 quibus
1581 1633 2006 1706 displicucrunt
2038 1635 2110 1688 is-

463 1723 532 1771 ιω
585 1716 889 1786 opiniones
938 1729 1278 1785 erroresque
1338 1713 1720 1785 populorum:
1756 1715 1856 1785 qui
1913 1715 2112 1786 populi

461 1796 894 1852 constituerunt
944 1795 1262 1850 simulacra
1311 1795 1660 1860 numinibus,
1696 1795 1995 1866 multaque
2042 1795 2112 1850 de

458 1879 564 1943 eis,
597 1893 740 1948 quos
785 1876 922 1931 deos
979 1874 1338 1930 immortales
1385 1883 1608 1939 vocant,
1642 1876 1788 1930 falsa
1820 1883 1991 1947 atque
2024 1876 2112 1930 in-

459 1957 637 2030 digna
665 1957 783 2013 sive
808 1957 1116 2022 finxerunt,
1149 1956 1267 2010 sive
1309 1956 1442 2010 ficta
1470 1956 1866 2023 crediderunt,
1901 1959 1960 2010 et
1989 1971 2109 2010 cre-

459 2038 581 2094 dita
601 2053 802 2093 eorum
834 2036 1015 2091 cultui
1043 2052 1463 2106 sacrorumque
1485 2035 1694 2091 ritibus
1726 2036 2105 2090 miscuerunt.

453 2121 598 2178 Cum
629 2120 721 2176 his
754 2119 1253 2190 hominibus,qui,
1274 2118 1384 2174 etsi
1415 2135 1532 2174 non
1575 2118 1754 2174 libere
1786 2119 2107 2189 praedican-

454 2202 550 2271 do,
585 2200 788 2256 saltem
819 2206 1133 2270 utcumque
1165 2201 1224 2255 in
1259 2199 1758 2270 disputationibus
1791 2200 2104 2255 mussitan-

454 2282 547 2350 do,
580 2281 714 2337 talia
733 2297 797 2336 se
818 2281 1145 2352 improbare
1175 2281 1371 2335 testati
1409 2285 1567 2343 sunt.
1603 2296 1718 2335 non
1751 2295 1936 2349 usque
1957 2280 2102 2334 adeo

451 2364 925 2420 inconvenienter
956 2361 1200 2433 quastio
1254 2361 1363 2415 ista
1411 2365 1726 2416 tractatur:
1763 2366 1956 2415 utrum
1988 2377 2100 2415 non

450 2461 634 2501 unum
665 2443 872 2511 Deum,
905 2443 1007 2514 qui
1041 2441 1174 2497 fecit
1203 2457 1438 2497 omnem
1481 2441 1844 2512 spiritualem
1895 2457 2096 2511 corpo-

451 2526 746 2595 ralemque
777 2529 1127 2591 creaturam,
1158 2529 1394 2593 propter
1424 2522 1605 2576 vitam
1634 2539 1760 2592 quae
1795 2527 1925 2592 post
1951 2537 2099 2576 mor-

449 2613 562 2662 tem
593 2607 787 2660 futura
807 2602 1039 2670 est,coli
1063 2608 1357 2672 oporteat;
1385 2603 1483 2656 sed
1512 2602 1726 2657 multos
1759 2603 1916 2665 deos,
1953 2618 2099 2672 quos

447 2687 518 2742 ab
549 2685 647 2741 illo
680 2701 793 2740 uno
825 2685 1008 2739 factos
1038 2689 1094 2738 et
1141 2683 1474 2738 sublimiter
1509 2682 1822 2738 collocatos
1854 2683 2092 2751 quidam

448 2766 785 2822 eorumdem
833 2764 1310 2836 philosophorum
1373 2765 1596 2818 caeteris
1655 2762 2098 2818 excellentiores

451 2847 876 2916 nobilioresque
907 2848 1215 2900 senserunt
1237 2844 1334 2916 (a).

520 2927 575 2982 2.
613 2927 894 2982 Ceterum
929 2926 1062 2996 quis
1113 2925 1260 2979 {erat
1289 2923 1398 2978 dici
1431 2927 1600 2993 atque
1631 2926 1923 2990 contendi,
1959 2926 2098 2978 deos

447 3007 599 3076 illos,
633 3023 884 3077 quorum
918 3007 974 3061 in
1006 3011 1213 3076 quarto
1246 3004 1393 3060 libro
1435 3005 1720 3074 quosdam
1751 3020 2097 3060 commemo-

447 3087 782 3158 ravi(Cupp.
848 3089 907 3142 11
971 3091 1021 3142 et
1069 3085 1183 3156 2t),
1237 3084 1450 3155 quibus
1510 3101 1705 3140 rerum
1752 3084 2092 3156 exiguarum

445 3169 694 3238 singulis
737 3167 970 3240 singula
1001 3167 1434 3221 distribuuntur
1465 3165 1676 3232 ofﬁcia,
1721 3166 1901 3221 vitam
1935 3176 2092 3222 teter-

446 3266 581 3305 nam
612 3249 892 3320 cuiquam
934 3245 1256 3319 praestare?
1287 3247 1371 3300 An
1423 3263 1554 3300 vero
1609 3245 1694 3301 illi
1755 3247 2092 3316 peritissimi

445 3335 502 3386 et
523 3330 840 3384 acutissimi
864 3329 990 3392 viri,
1017 3329 1117 3396 qui
1148 3343 1210 3382 se
1241 3343 1343 3398 pro
1377 3343 1588 3398 magno
1615 3327 1894 3383 beneﬁcio
1927 3344 2093 3383 cons-

445 3411 631 3482 cripta
652 3410 920 3466 docuisse
945 3407 1297 3479 gloriantur,
1323 3412 1386 3462 ut
1410 3407 1659 3463 sciretur
1681 3423 1861 3478 quare
1885 3409 2094 3479 cuique

445 3492 550 3546 deo
591 3490 1044 3561 supplicandum
1078 3492 1251 3552 esset,
1302 3487 1436 3562 quid
1473 3506 1505 3543 a
1547 3504 1778 3559 quoque
1808 3493 1958 3543 esset
1990 3506 2090 3559 pc-

445 3571 704 3638 teudum,
740 3585 811 3624 ne
858 3568 1216 3623 absurditate
1249 3568 1616 3638 turpissima,
1652 3569 1841 3638 qualis
1865 3569 2091 3640 jocula-

445 3652 584 3706 riter
614 3651 672 3704 in
708 3649 887 3704 mimo
919 3648 1040 3702 ﬁeri
1090 3647 1254 3716 solet,
1289 3653 1582 3716 peteretur
1611 3665 1644 3703 a
1686 3648 1886 3704 Libero
1918 3665 2090 3716 aqua,

443 3729 868 3802 aLymphis(b)
911 3728 1112 3783 vinum
1144 3729 1255 3798 (c);
1293 3732 1559 3782 auctores
1613 3735 1782 3783 erunt
1833 3728 2088 3798 cuipiam

443 3811 751 3866 hominum
785 3809 897 3863 diis
929 3807 1360 3862 immortalibus
1391 3808 1768 3879 supplicanti,
1806 3813 1869 3862 ut
1900 3824 2031 3862 cum
2057 3825 2091 3864 a

441 3890 722 3962 Lymphis
755 3890 985 3960 petierit
1017 3890 1235 3955 vinum,
1283 3889 1452 3958 eique
1501 3889 1929 3958 responderint,
1972 3887 2086 3942 Nos

441 3989 653 4045 aquam
685 3971 989 4035 habemus,
1048 3970 1151 4024 hoc
1183 3987 1216 4023 a
1249 3970 1450 4024 Libero
1483 3975 1608 4039 pete
1636 3989 1650 4037 ;
1694 3969 1876 4039 possit
1932 3973 2087 4024 recte

442 4053 652 4118 dicere,
675 4051 733 4104 Si
763 4051 961 4103 vinum
998 4065 1108 4102 non
1145 4048 1391 4111 habetis,
1425 4051 1633 4102 saltem
1680 4049 1811 4102 date
1844 4049 1985 4103 mihi
2011 4049 2088 4102 vi-

439 4137 562 4185 tam
589 4134 878 4184 aeternan?
901 4127 1046 4192 Quid
1084 4129 1187 4182 hac
1218 4127 1580 4182 absurditate
1616 4129 2037 4182 monstrosius‘
2059 4131 2088 4183 ?

439 4209 641 4265 Nonne
667 4209 780 4264 illae
805 4207 1222 4262 cachinnantes
1271 4205 1488 4275 (solent
1542 4207 1698 4261 enim
1756 4223 1877 4262 esse
1917 4210 1986 4262 ad
2014 4210 2086 4264 ri-

437 4305 568 4344 sum
604 4288 801 4344 faciles
832 4287 928 4360 [d])
962 4286 1010 4340 si
1048 4303 1162 4341 non
1219 4286 1487 4340 affectent
1531 4285 1728 4342 fallere
1761 4292 1824 4342 ut
1869 4288 2082 4344 deamo-

436 4385 560 4436 nes,
609 4368 853 4439 supplici
902 4366 1362 4436 respondebunt,
1406 4366 1450 4421 Ο
1509 4367 1700 4434 homo,
1753 4373 1994 4438 putasne
2024 4369 2082 4425 in

435 4453 717 4520 potestate
749 4462 854 4501 nos
884 4445 1097 4500 habere
1128 4444 1326 4510 vitam,
1361 4463 1506 4516 quas
1535 4446 1698 4501 audis
1723 4464 1836 4502 non
1869 4448 2082 4504 habere

433 4528 521 4585 vel
557 4529 734 4582 vitem
755 4528 784 4581 ?
816 4525 1353 4596 Impudentissimaa
1385 4525 1567 4597 igitur
1589 4527 1845 4582 stultitia:
1877 4538 1982 4598 est,
2006 4529 2082 4583 vi-

432 4614 551 4664 tam
587 4613 863 4662 aeternam
898 4622 930 4660 a
957 4604 1172 4660 talibus
1205 4605 1317 4660 diis
1349 4615 1537 4676 petere
1577 4606 1665 4661 vel
1698 4623 1947 4678 sperare,
1981 4610 2080 4680 qui

437 4686 1298 4756 vitaahujusterumnosissimas
1327 4691 1507 4756 atque
1543 4686 1920 4755 brevissimae,
1941 4695 1997 4743 et
2029 4689 2079 4743 si

432 4784 545 4839 qua
574 4769 644 4823 ad
678 4783 806 4823 eam
843 4768 1138 4838 pertinent
1180 4766 1719 4823 adminiculandam
1757 4775 1930 4839 atque
1963 4770 2078 4824 ful-

491 4950 506 4982 ι
539 4945 693 4994 Vind.
729 4949 843 4993 Am.
872 4945 954 4993 Er.
986 4946 1038 4992 et
1067 4945 1301 5006 plerique
1330 4945 1474 5000 Mss,
1503 4944 1936 4995 monstruosius.

493 5020 575 5080 (α)
595 5019 744 5066 Plato
767 5018 822 5065 in
851 5017 1080 5064 Timaeo.

485 5081 557 5142 (b)
601 5080 760 5133 Editi.
796 5080 1070 5143 Nymth
1100 5096 1116 5136 ;
1147 5081 1218 5143 rat
1246 5080 1366 5143 Mss.
1417 5081 1740 5143 constanter.
1796 5081 2068 5143 Lymphis.

422 5141 627 5192 Mutata
671 5143 799 5190 olim
844 5144 924 5188 est
974 5154 1005 5189 a
1049 5141 1246 5188 Latinis
1294 5141 1472 5189 littera
1515 5155 1547 5189 a
1593 5141 1790 5191 Graeco
1839 5141 2071 5202 nomine,

422 5206 700 5315 {)Vuiziphe,
731 5215 836 5265 quo
862 5205 1068 5252 veteres
1097 5216 1264 5265 aquas
1292 5205 1376 5251 vel
1407 5217 1668 5264 aquarum
1687 5205 1813 5254 deas
1846 5207 2075 5268 appella-

460 5282 530 5315 an
566 5303 575 5315 .

460 5270 575 5317 ant.

485 5333 556 5388 to)
580 5329 707 5377 Vide
737 5340 915 5389 supra,
943 5326 1036 5373 lib.
1068 5328 1114 5384 4,
1147 5341 1257 5388 cap.
1290 5326 1369 5375 22.

487 5392 560 5452 (ἀ)
588 5392 789 5440 Alludit
831 5390 897 5438 ad
946 5389 1078 5436 illud
1127 5389 1348 5449 Virgilii.
1384 5389 1556 5450 Eclog.
1596 5390 1642 5446 3,
1676 5405 1795 5440 vers
1817 5391 1883 5440 9:
1911 5411 1932 5439 ι
1971 5393 2071 5442 Sed

423 5472 449 5495 «
472 5453 654 5516 faciles
669 5454 939 5516 Nymphae
958 5452 1137 5516 risere.
1162 5471 1186 5493 ιι
1216 5453 1450 5516 ῨΤαιιιθιδὶ
1471 5466 1532 5500 eo
1563 5454 1662 5502 loci
1700 5455 1881 5504 faciles
1900 5457 2071 5506 dictae

420 5515 806 5576 intelligantur,
829 5529 936 5564 non
961 5515 1028 5563 ad
1044 5515 1340 5570 ridendum,
1365 5516 1454 5564 sed
1473 5516 1539 5563 ad
1561 5519 1972 5568 exaudiendum.

1534 325 1634 385 DE
1677 325 2043 387 CIVITATE
2085 325 2238 403 DEI,
2287 326 2350 386 S.
2396 327 2827 391 AUGUSTINI

3770 332 3888 392 176

2242 461 2524 532 ciendam,
2558 466 2639 521 ita
2670 465 2928 536 singulas
2974 466 3293 538 particulas
3323 468 3474 524 tueri
3521 480 3894 539 asseruntur,

2240 547 2302 596 ut
2331 546 2381 599 si
2439 545 2493 599 id
2529 546 2678 616 quod
2712 547 2819 601 sub
2871 546 3109 604 alterius
3161 547 3339 603 tutela
3368 565 3432 604 ac
3462 553 3749 620 potestate
3781 557 3892 619 est,

2238 631 2466 696 petatur
2501 627 2573 682 ab
2606 627 2811 696 altero,
2856 636 2972 684 tam
3015 629 3090 683 sit
3136 630 3552 687 inconveniens
3601 641 3655 687 et
3686 635 3894 690 absur-

2236 711 2399 774 dum,
2429 714 2494 764 ut
2527 709 2774 765 mimicas
2806 711 3144 767 scurrilitati
3180 711 3446 768 videatur
3495 729 3622 769 esse
3656 715 3890 771 similli-

2236 806 2420 844 mum.
2447 791 2606 854 Quod
2643 806 2772 846 cum
2807 791 2871 845 ﬁt
2901 809 2933 846 a
2981 791 3300 848 scientibus
3352 792 3572 858 mimis,
3609 795 3785 866 digne
3814 797 3897 851 ri-

2233 870 2443 924 dentur
2473 871 2532 927 in
2567 870 2795 925 theatro
2828 891 2841 939 ;
2877 887 3011 926 cum
3053 888 3184 927 vero
3237 889 3269 927 a
3313 875 3712 930 nescientibus
3745 876 3896 930 stul-

2232 951 2332 1018 tis,
2366 952 2598 1021 dignius
2660 953 2984 1007 irridentur
3038 954 3096 1007 in
3135 954 3370 1008 mundo.
3433 953 3532 1009 Cui
3595 971 3731 1028 ergo
3782 957 3890 1013 deo

2231 1031 2317 1085 vel
2350 1033 2493 1100 dese,
2529 1044 2756 1103 propter
2807 1035 2947 1104 quid
2994 1035 3446 1104 supplicaretur,
3481 1043 3765 1106 quantum
3813 1039 3886 1093 ad

2229 1110 2361 1166 illos
2377 1113 2514 1167 deos
2531 1113 2756 1172 attinet.
2780 1130 2927 1184 quos
2947 1113 3326 1170 instituerunt
3348 1115 3628 1183 civitates,
3644 1134 3675 1171 a
3695 1117 3886 1173 doctis

2229 1192 2468 1247 solerter
2515 1193 2815 1248 inventum
2868 1193 3279 1265 memoriaeque
3345 1198 3675 1252 mandatum
3744 1203 3884 1266 est;

2228 1271 2364 1342 quid
2398 1289 2430 1326 a
2481 1273 2703 1339 Libero,
2737 1273 2891 1328 verbi
2925 1274 3128 1344 gratia,
3164 1274 3303 1346 quid
3335 1292 3365 1329 a
3399 1275 3694 1348 Lymphis,
3736 1278 3883 1349 quid

2228 1370 2259 1407 a
2288 1354 2566 1422 Vulcano,
2600 1371 2663 1409 ac
2704 1355 2787 1409 sic
2837 1373 2866 1407 a
2914 1355 3158 1421 caeteris,
3193 1371 3340 1426 quos
3390 1357 3595 1428 partim
3629 1375 3880 1414 comme-

2227 1435 2442 1489 moravi
2475 1434 2533 1488 in
2566 1439 2770 1505 quarto
2798 1433 2964 1500 libro,
2983 1436 3191 1505 partim
3214 1438 3639 1507 praalereundos
3660 1441 3881 1508 putavi.

2225 1519 2402 1570 Porro
2433 1515 2482 1570 si
2513 1533 2543 1569 a
2575 1516 2774 1571 Cerere
2805 1515 3028 1583 vinum,
3061 1533 3091 1570 a
3117 1517 3318 1572 Libero
3351 1534 3583 1588 panem,
3616 1535 3646 1573 a
3677 1519 3886 1574 Vulca-

2224 1613 2297 1650 no
2311 1612 2542 1667 aquam,
2563 1614 2594 1650 a
2612 1595 2891 1667 Lymphis
2912 1596 3102 1665 ignem
3121 1607 3310 1668 petere
3331 1600 3542 1653 erroris
3558 1603 3645 1654 est
3665 1617 3854 1670 ;quan
3871 1632 3896 1644 ο

2222 1681 2281 1732 to
2327 1678 2567 1747 majoris
2606 1676 2970 1732 deliramenti
3001 1693 3129 1732 esse
3174 1678 3418 1750 intelligi
3453 1680 3640 1745 debet,
3675 1683 3723 1735 si
3755 1681 3880 1736 cui-

2221 1773 2396 1828 quam
2450 1758 2693 1812 istorum
2727 1773 2828 1826 pro
2869 1757 2980 1811 vita
3004 1757 3364 1828 supplicetur
3395 1763 3615 1815 aeterna
3636 1761 3663 1814 ?

2290 1837 2343 1891 3.
2379 1837 2789 1905 Quamobrem,
2824 1835 2894 1903 si,
2946 1853 3077 1891 cum
3111 1838 3181 1892 de
3237 1853 3409 1908 regno
3443 1847 3668 1895 terreno
3719 1857 3874 1912 quaa-

2220 1933 2498 1984 reremus,
2525 1931 2812 1988 quosnam
2861 1916 3007 1970 illud
3059 1917 3194 1972 deos
3230 1917 3312 1972 vel
3348 1919 3487 1973 deas
3531 1919 3874 1977 hominibus

2221 1998 2574 2053 credendum
2608 2001 2762 2051 esset
2793 2013 2956 2068 posse
2987 1997 3267 2065 conferre,
3291 1999 3573 2055 discussis
3591 2002 3871 2058 omnibus

2219 2077 2391 2150 longe
2423 2078 2676 2134 alienum
2712 2095 2744 2134 a
2792 2078 3037 2134 veritate
3083 2085 3479 2135 monstratum
3512 2087 3613 2148 est,
3649 2101 3680 2137 a
3731 2100 3874 2155 quo-

2217 2175 2392 2229 quam
2443 2159 2682 2214 istorum
2736 2159 3061 2214 multorum
3125 2161 3435 2214 numinum
3497 2167 3668 2233 atque
3694 2163 3872 2218 falso-

2217 2255 2348 2294 rum
2398 2237 2601 2295 saltem
2643 2255 2822 2310 regna
2869 2247 3095 2295 terrena
3145 2241 3477 2296 existimare
3533 2243 3859 2299 constitui:

2213 2336 2406 2376 nonne
2463 2319 2849 2376 insanissima!
2893 2321 3212 2391 impietatis
3241 2326 3348 2390 est,
3385 2323 3432 2377 si
3475 2330 3686 2379 aeterna
3718 2329 3860 2394 vita,

2212 2420 2336 2474 quis
2368 2403 2615 2458 terrenis
2645 2402 2922 2457 omnibus
2952 2403 3152 2473 regnis
3195 2404 3321 2458 sine
3352 2405 3471 2459 ulta
3502 2405 3866 2463 dubitatione

2208 2485 2299 2539 vel
2331 2484 2763 2556 comparatione
2795 2483 3147 2553 praeferenda
3196 2492 3304 2554 est,
3335 2485 3406 2541 ab
3439 2486 3680 2543 istorum
3713 2505 3861 2559 quo-

2209 2581 2382 2635 quam
2433 2565 2553 2620 dari
2602 2564 2877 2634 cuiquam
2910 2580 3077 2635 posse
3119 2566 3392 2621 credatur
3414 2566 3442 2621 ἵ
3474 2568 3672 2640 Neque
3705 2571 3861 2626 enim

2208 2653 2512 2718 propterea
2542 2646 2620 2701 dii
2669 2649 2807 2701 tales
2849 2644 2935 2700 vel
2970 2651 3266 2701 terrenum
3301 2664 3538 2719 regnum
3576 2651 3712 2705 dare
3741 2668 3855 2706 non

2209 2742 2372 2794 posse
2400 2726 2508 2781 visi
2542 2730 2700 2791 sunt,
2735 2724 2872 2796 quia
2903 2723 2986 2779 illi
3023 2727 3212 2794 magni
3236 2727 3528 2782 etexcelsi
3562 2737 3717 2794 sunt,
3754 2730 3862 2785 hoc

2206 2806 2486 2876 quiddam
2520 2821 2756 2876 parvum
2781 2809 2836 2858 et
2867 2803 3181 2874 abjectum,
3219 2808 3370 2876 quod
3410 2824 3522 2861 non
3547 2809 3858 2880 dignaren-

2204 2891 2300 2940 tur
2328 2885 2386 2940 in
2420 2891 2582 2939 tanta
2603 2884 2963 2939 sublimitate
2980 2900 3202 2939 curare.
3245 2885 3349 2940 Sed
3385 2890 3860 2956 quantumlibet‘

2202 2965 2667 3021 consideratione
2699 2963 3030 3033 fragilitatis
3062 2964 3342 3020 humanae
3375 2967 3626 3023 caducos
3656 2969 3864 3038 apices

2203 3046 2455 3101 terrenis
2500 3048 2661 3114 regni
2695 3045 2902 3100 merito
2939 3045 3198 3115 quisque
3247 3053 3614 3115 contemnat;
3657 3047 3737 3102 illi
3766 3049 3857 3104 dii

2203 3128 2346 3182 tales
2376 3134 2794 3198 apparuerunt,
2814 3124 3214 3196 indignissimi
3244 3128 3598 3194 viderentur,
3633 3131 3851 3201 quibus

2202 3209 2395 3263 danda
2409 3214 2583 3279 atque
2597 3208 2876 3263 servanda
2892 3205 3393 3264 deberentvelista
3423 3211 3732 3266 committi.
3768 3215 3850 3267 Ac

2203 3304 2306 3360 per
2336 3288 2464 3355 hoc,
2497 3290 2658 3359 si(ut
2688 3288 2992 3358 superiora
3053 3289 3330 3356 proximis
3389 3290 3618 3345 duobus
3677 3293 3846 3348 libris

2200 3375 2553 3441 pertractata
2599 3371 2936 3438 docuerunt)
2979 3367 3181 3425 nullus
3213 3371 3359 3426 deus
3407 3388 3472 3427 ex
3523 3373 3622 3428 illa
3651 3375 3851 3446 turba,

2200 3451 2287 3505 vel
2323 3451 2483 3522 quasi
2528 3451 2906 3522 plebeiorum,
2932 3447 3014 3503 vel
3041 3455 3206 3518 quasi
3241 3468 3545 3520 procerum
3579 3453 3848 3521 deorum,

2197 3531 2443 3588 idoneus
2467 3539 2746 3602 estregna
2779 3529 3041 3586 mortalia
3064 3532 3407 3588 mortalibus
3439 3534 3595 3601 dare,
3629 3541 3848 3604 quanto

2199 3614 2396 3668 minus
2440 3619 2622 3685 potest
2683 3609 3042 3667 immortales
3091 3629 3159 3666 ex
3210 3613 3558 3669 mortalibus
3619 3616 3847 3672 facere?

2268 3695 2321 3747 4.
2350 3699 2469 3748 Huc
2501 3693 2721 3748 accedit
2751 3693 2908 3764 quia,
2943 3691 3134 3760 sijam
3169 3710 3296 3748 cum
3333 3694 3447 3750 illis
3477 3695 3726 3766 agimus,
3747 3699 3849 3768 qui

2199 3789 2314 3828 non
2356 3780 2588 3845 propter
2636 3777 2827 3839 istam,
2880 3777 2977 3830 sed
3033 3779 3265 3845 propter
3312 3775 3489 3828 vitam
3551 3792 3680 3846 quae
3714 3785 3846 3847 post

2199 3862 2441 3908 mortem
2475 3854 2664 3907 futura
2697 3859 2801 3920 est,
2844 3853 3185 3910 existimant
3219 3853 3490 3909 colendos
3521 3857 3657 3910 deos
3683 3857 3846 3926 ;jam

2199 3949 2302 3987 nec
2337 3938 2568 4004 propter
2595 3933 2694 3988 illa
2725 3933 2958 4004 saltem,
2981 3953 3108 4007 quae
3140 3935 3382 3988 deorum
3415 3934 3616 3989 talium
3650 3941 3848 4006 potes-

2197 4014 2301 4067 tati
2344 4021 2618 4084 tanquam
2666 4014 3006 4083 dispertita2
3035 4025 3088 4071 et
3146 4016 3402 4086 propria,
3457 4032 3564 4069 non
3618 4017 3850 4072 ratione

2194 4095 2472 4164 veritatis,
2497 4096 2596 4150 sed
2629 4097 2902 4150 vanitatis
2924 4097 3194 4168 Opinione
3214 4097 3575 4165 tribuuntur,
3601 4100 3846 4155 omnino

2192 4177 2418 4233 colendi
2452 4183 2626 4244 sunt;
2660 4179 2814 4234 sicut
2850 4181 3090 4234 credunt
3132 4179 3193 4234 hi
3235 4179 3332 4249 qui
3380 4181 3593 4235 cultum
3641 4197 3848 4238 eorum

2195 4258 2319 4313 vitae
2372 4259 2552 4328 hujus
2586 4259 2850 4314 mortalis
2901 4261 3254 4316 utilitatibus
3287 4261 3683 4316 necessarium
3720 4279 3852 4319 esse

2192 4337 2547 4392 contendunt
2581 4353 2593 4393 :
2628 4344 2824 4393 contra
2857 4355 3004 4410 quos
3032 4341 3158 4411 jam
3195 4339 3459 4410 quinque
3511 4342 3848 4411 praeceden-

2192 4417 2342 4472 tibus
2373 4417 2764 4472 voluminibus
2797 4421 2955 4485 satis,
2987 4425 3276 4491 quantum
3314 4419 3494 4489 potui,
3531 4420 3843 4490 disputavi.

2190 4501 2326 4562 Quae
2348 4516 2480 4554 cum
2513 4499 2592 4554 ita
2626 4500 2763 4564 sint,
2795 4501 2844 4554 si
2879 4517 3078 4556 eorum
3112 4501 3212 4572 qui
3262 4502 3515 4555 colerent
3547 4503 3714 4557 dcam
3742 4503 3849 4558 Ju-

2186 4587 2649 4645 ventatem,astas
2666 4581 2791 4651 ipsa
2816 4581 3042 4636 ﬂoreret
3062 4582 3353 4652 insignius
3374 4600 3387 4650 ;
3411 4588 3845 4654 contemptores

2187 4667 2375 4716 autem
2401 4663 2552 4730 ejus,
2579 4661 2664 4716 vel
2694 4663 2844 4716 intra
2866 4679 3048 4717 annos
3096 4663 3512 4717 occuinberent
3564 4664 3846 4731 juventu-

2185 4743 2283 4807 tis,
2317 4743 2402 4797 vel
2434 4741 2494 4795 in
2535 4758 2602 4796 ca
2635 4750 2913 4813 tanquam
2947 4741 3117 4796 senili
3153 4741 3839 4813 torpore3irigcscerent:

2185 4820 2235 4876 si
2267 4822 2454 4876 malas
2489 4822 2780 4876 cultorum
2837 4839 3075 4876 suorum
3123 4821 3446 4891 speciosius
3490 4828 3546 4876 ct
3578 4823 3844 4878 festivius

2185 4901 2436 4957 Fortuna
2468 4904 2707 4957 barbata
2730 4905 2967 4957 vestiret
2989 4923 3002 4970 ;
3023 4903 3286 4972 aquibus
3316 4908 3512 4957 autem
3543 4919 3845 4973 spernere-

2189 4991 2298 5052 tur,
2332 4983 2560 5051 glabros
2608 4989 2707 5037 aut
2746 4983 2892 5036 male
2940 4984 3209 5038 barbatos
3260 4983 3627 5038 videremus:
3663 4984 3840 5038 etiam

2183 5064 2263 5117 sic
2324 5064 2643 5118 rectissime
2695 5064 3038 5128 diceremus,
3092 5064 3202 5119 huc
3261 5077 3449 5133 usque
3494 5063 3636 5117 istas
3696 5064 3836 5119 deas

2181 5144 2440 5212 singulas
2474 5162 2660 5213 posse,
2695 5145 2813 5199 suis
2844 5145 3054 5199 oiliciis
3078 5145 3331 5216 quodam
3387 5145 3558 5199 modo
3611 5145 3830 5201 limita-

2245 5393 2256 5452 ε
2293 5388 2376 5438 Sic
2409 5389 2530 5438 Mss.
2561 5389 2711 5438 Edito
2743 5403 2884 5445 vero,
2918 5389 3261 5452 quantalibet

2241 5451 2260 5483 2
2292 5453 2383 5500 Ms.
2415 5452 2532 5510 766,
2564 5452 2872 5514 dispertita.
2905 5451 2970 5500 Μ.

2239 5516 2259 5546 3
2293 5514 2377 5564 Sic
2405 5516 2526 5565 Mss.
2556 5516 2624 5564 At
2652 5517 2796 5572 editi,
2827 5529 3066 5578 corpore.
