4128 6184
307 281 410 342 1⁸77

299 418 418 473 tas‘
451 433 463 480 ;
499 432 566 471 ac
623 431 726 488 per
781 415 889 472 hoc
940 431 1044 471 nec
1084 433 1114 470 a
1163 415 1474 470 Juventate
1514 416 1780 485 Oportere
1828 414 1941 486 peti

298 499 467 552 vitam
500 500 796 562 aeternam,
823 513 947 566 quae
983 512 1093 550 non
1128 495 1291 550 daret
1323 495 1560 550 barbam
1586 509 1711 555 :nec
1745 512 1778 548 a
1809 498 1942 549 For-

293 585 425 634 tuna
458 577 702 632 barbata
726 576 855 631 boni
881 576 1094 647 aliquid
1123 585 1248 646 post
1276 576 1427 630 hanc
1448 576 1613 630 vitam
1649 591 1778 630 esse
1809 592 1938 646 spe-

291 659 558 726 randum,
591 658 761 727 cujus
791 657 849 710 in
884 657 991 711 hac
1031 657 1151 712 vita
1184 661 1441 724 potestas
1475 655 1636 710 nulla
1667 660 1842 721 esset,
1873 661 1938 710 ut

293 738 548 794 eamdem
585 737 796 792 saltem
825 741 1073 805 aetatem,
1100 736 1447 807 quaebarba
1488 734 1933 804 induitur,ipsa

298 821 612 890 praestaret.
644 816 812 872 Nunc
842 833 995 883 vero,
1029 833 1160 871 cum
1193 833 1394 871 earum
1420 815 1615 870 cultus
1641 829 1743 868 nec
1766 830 1934 884 prop-

296 905 373 954 ter
423 900 534 952 ista
565 897 715 969 ipsa,
750 913 876 967 quas.
919 902 1130 966 putant
1169 896 1252 952 eis
1307 896 1567 960 subdita,
1621 894 1696 948 sit
1746 909 1937 948 neces-

292 978 475 1035 sarius
500 997 514 1046 ;
541 977 679 1048 quia
700 984 756 1032 et
777 975 946 1030 multi
972 976 1230 1033 colentes
1247 981 1616 1031 Juventatem
1641 975 1804 1029 deam
1835 974 1937 1026 mi-

295 1060 443 1114 nime
468 1058 529 1112 in
560 1056 660 1112 illa
691 1061 859 1112 astate
888 1057 1217 1126 viguerunt,
1252 1062 1306 1112 et
1339 1055 1508 1110 multi
1543 1071 1658 1110 non
1690 1069 1817 1109 eam
1846 1069 1932 1108 co-

291 1139 470 1194 lentes
517 1138 776 1209 gaudent
827 1139 1034 1194 robore
1075 1139 1442 1208 juventutis;
1478 1139 1733 1208 itemque
1765 1136 1935 1191 multi

290 1219 550 1274 Fortunae
581 1218 834 1272 barbatae
857 1217 1151 1288 supplices
1174 1218 1246 1272 ad
1267 1218 1488 1273 nullam
1511 1216 1598 1271 vel
1619 1215 1932 1272 deformem

289 1300 519 1355 barbam
543 1300 836 1368 pervenire
854 1304 1184 1368 potuerunt,
1201 1305 1258 1353 et
1279 1301 1321 1354 si
1347 1299 1447 1370 qui
1473 1315 1598 1354 eam
1627 1315 1730 1368 pro
1753 1297 1931 1352 barba

282 1379 646 1450 impetranda
676 1384 1048 1446 venerantur,
1081 1397 1111 1433 a
1144 1379 1400 1434 barbatis
1448 1380 1575 1447 ejus
1629 1381 1929 1448 contemp-

282 1461 498 1515 toribus
532 1460 877 1514 irridentur:
915 1459 1070 1514 itane
1103 1459 1432 1529 desipitcor
1464 1458 1813 1524 humanum,
1842 1462 1925 1525 ut,

283 1556 522 1610 quorum
557 1541 799 1594 deorum
834 1540 1057 1594 cultum
1102 1545 1338 1610 propter
1387 1540 1502 1594 ista
1542 1538 1670 1609 ipsa
1702 1541 1927 1606 tempo~

282 1620 418 1676 ralia
449 1625 506 1674 et
551 1619 666 1674 cito
699 1620 1108 1690 praetereuntia
1142 1634 1398 1683 munera,
1431 1618 1644 1690 quibus
1675 1617 1926 1687 singulis

281 1700 493 1771 singuli
529 1716 773 1770 praeesse
807 1699 1210 1770 perhibentur,
1243 1699 1475 1754 inanem
1512 1697 1904 1753 ludibriosum

275 1795 384 1850 que
416 1781 738 1851 cognoscit,
775 1784 1009 1851 propter
1038 1781 1218 1834 vitam
1251 1785 1522 1834 aeternam
1566 1779 1766 1834 credat
1796 1791 1924 1831 esse

275 1858 639 1913 fructuosum
663 1857 690 1912 ?
721 1857 880 1914 Hanc
911 1859 1045 1912 dare
1076 1858 1208 1914 illos
1263 1874 1430 1929 posse
1481 1873 1585 1912 nec
1638 1857 1693 1910 hi
1737 1855 1928 1910 dicere

275 1938 399 1994 ausi
431 1943 593 2002 sunt,
627 1937 858 2008 quineis,
893 1942 958 1992 ut
984 1937 1055 1993 ab
1078 1937 1494 2008 insipientibus
1520 1936 1748 2008 populis
1771 1934 1926 1990 cole-

275 2022 496 2085 rentur,
560 2018 673 2074 ista
735 2035 910 2089 opera
973 2019 1340 2088 temporalia,
1400 2018 1679 2089 quoniam
1745 2015 1925 2070 nimis

272 2100 488 2154 multos
539 2103 909 2170 putaverunt,
971 2115 1042 2153 ne
1100 2100 1414 2170 quisquam
1461 2114 1663 2153 eorum
1697 2097 1929 2153 sederet

278 2181 523 2246 otiosus,
560 2180 893 2235 minutatim
936 2180 1119 2235 divisa
1149 2181 1496 2237 tribuerunt.

269 2287 494 2345 CAPUT
529 2289 598 2345 ΙΙ.
631 2320 699 2329 -—-
740 2289 883 2356 Quid
920 2290 1210 2344 Varronem
1251 2289 1313 2344 de
1355 2290 1462 2344 diis
1505 2289 1752 2344 Gentium
1807 2303 1930 2343 sen-

339 2369 486 2424 sisse
501 2369 833 2424 credendum
850 2371 944 2436 sit,
968 2385 1198 2440 quorum
1230 2368 1437 2426 taliaet
1457 2385 1669 2441 genera
1691 2378 1744 2423 et
1764 2384 1923 2424 sacra

341 2451 586 2517 detexit,
630 2453 689 2503 ut
739 2453 1083 2505 reverentius
1127 2466 1253 2505 cum
1299 2450 1377 2506 eis
1405 2455 1618 2524 ageret,
1649 2451 1702 2505 si
1729 2449 1793 2505 de
1817 2450 1932 2504 illis

339 2529 582 2584 omnino
613 2531 881 2586 reticeret.

334 2608 489 2672 Quis
520 2609 710 2665 Marco
734 2610 994 2666 Varrone
1025 2612 1317 2666 curiosius
1335 2611 1445 2666 ista
1465 2609 1773 2681 quaesivit?
1793 2610 1928 2682 quis

264 2688 500 2744 invenit
531 2690 800 2746 doctius?
829 2691 963 2761 quis
1016 2692 1404 2748 consideravit
1447 2691 1724 2747 attentius
1745 2690 1772 2744 ‘1
1804 2691 1929 2762 quis

260 2769 534 2824 distinxit
561 2770 983 2841 acutius?quis
1009 2770 1342 2842 diligentius
1367 2772 1740 2843 pleniusque'
1765 2787 1932 2826 cons-

267 2850 479 2920 cripsit
499 2851 526 2905 ?
559 2850 665 2914 Qui
699 2853 932 2906 tametsi
962 2852 1158 2906 minus
1188 2857 1274 2907 est
1297 2853 1492 2908 suavis
1524 2852 1770 2922 eloquio,
1792 2852 1928 2908 doc-

268 2931 434 2986 trina
467 2935 662 2986 tamen
695 2939 868 3002 atque
901 2931 1206 2988 sententiis
1237 2933 1320 2988 ita
1350 2933 1600 2989 refertus
1632 2938 1742 2999 est,
1777 2939 1840 2988 ut
1871 2933 1931 2987 in

272 3010 440 3065 omni
477 3009 828 3079 eruditione,
882 3027 1054 3081 quam
1095 3029 1199 3068 nos
1229 3013 1591 3080 saecularem,
1620 3013 1702 3068 illi
1737 3017 1931 3069 autem

277 3093 586 3150 liberalem
637 3098 868 3162 vocant,
920 3093 1251 3150 studiosum
1302 3112 1495 3152 rerum
1547 3101 1781 3152 tantum
1822 3095 1934 3150 iste

280 3176 512 3240 doceat,
545 3177 834 3242 quantum
887 3174 1214 3230 studiosum
1249 3177 1555 3231 verborum
1601 3176 1800 3232 Cicero
1833 3176 1935 3230 de-

277 3254 482 3312 lectat.
516 3252 777 3324 Denique
807 3258 864 3308 et
892 3255 1013 3324 ipse
1043 3255 1267 3312 Tullius
1323 3257 1453 3312 huic
1504 3256 1618 3311 tale
1671 3255 1931 3312 testimo-

283 3336 449 3391 nium
482 3333 765 3406 perhibet,
787 3338 848 3388 ut
872 3333 930 3388 in
957 3335 1120 3390 libris
1143 3336 1596 3407 Academicis(a)
1609 3336 1758 3392 dicat
1783 3352 1933 3404 eam,

281 3432 410 3488 quae
448 3415 527 3470 ibi
559 3420 840 3480 versatur,
872 3415 1353 3485 disputationem,
1404 3433 1465 3472 se
1497 3417 1770 3472 habuisse
1800 3431 1935 3470 cum

280 3501 478 3553 Marco
510 3495 786 3563 Varrone,
820 3495 1041 3552 homine
1081 3498 1296 3568 inquit,
1329 3499 1573 3553 omnium
1606 3498 1771 3554 facile
1799 3511 1938 3550 acu-

277 3582 519 3644 tissimo,
554 3584 603 3633 et
633 3577 751 3632 sine
782 3579 897 3633 ulla
926 3577 1275 3632 dubitatione
1293 3578 1621 3632 doctissimo.
1676 3577 1799 3633 Non
1833 3577 1934 3646 ait,

279 3659 803 3733 Eloquentissimo,
835 3658 944 3725 vel,
981 3657 1403 3712 iucundissimo
1430 3675 1443 3725 ;
1477 3658 1754 3728 quoniam
1783 3674 1936 3712 reve-

281 3743 428 3798 rain
458 3740 568 3797 hac
594 3739 864 3796 facultate
890 3738 1140 3793 multum
1164 3738 1352 3807 impar
1372 3741 1460 3791 est
1484 3753 1496 3790 :
1523 3737 1645 3800 sed,
1665 3738 1937 3804 omnium,

280 3821 500 3896 inquit,
527 3820 699 3890 facile
727 3821 1064 3876 acutissimo.
1099 3819 1168 3874 Et
1198 3821 1255 3874 in
1288 3817 1370 3873 eis
1401 3817 1588 3883 libris,
1608 3817 1667 3873 id
1687 3823 1775 3873 est
1794 3819 1934 3873 Aca-

283 3903 557 3968 demicis,
593 3902 687 3958 ubi
717 3903 926 3957 cuncta
957 3899 1275 3954 dubitanda
1294 3915 1417 3954 esse
1439 3899 1754 3965 contendit,
1781 3898 1939 3954 addi-

286 3984 389 4046 dit,
425 3986 553 4039 sine
574 3983 690 4038 ulla
722 3981 1067 4038 dubitatione
1095 3981 1434 4036 doctissimo.
1463 3980 1718 4035 Profecto
1741 3980 1812 4034 de
1831 3979 1938 4034 hac

285 4081 343 4120 re
373 4066 466 4121 sic
495 4069 622 4119 erat
654 4068 864 4132 certus,
899 4067 963 4117 ut
994 4062 1246 4118 auferret
1276 4060 1722 4127 dubitationem,
1760 4076 1934 4131 quam

285 4145 436 4202 solet
470 4144 527 4199 in
560 4143 836 4200 omnibus
883 4142 1176 4208 adhibere,
1227 4146 1502 4213 tanquam
1549 4141 1618 4197 de
1672 4142 1778 4197 hoc
1824 4157 1938 4196 uno

285 4226 465 4282 etiam
501 4242 604 4296 pro
627 4223 1104 4280 Academicorum
1127 4223 1490 4279 dubitatione
1513 4223 1938 4296 disputaturos,

285 4323 344 4363 se
375 4305 800 4362 Academicum
853 4305 1060 4359 fuisset
1104 4303 1334 4360 oblitus.
1387 4305 1449 4360 In
1504 4305 1690 4374 primo
1742 4308 1937 4360 autem

284 4385 434 4443 libro
469 4403 604 4443 cum
636 4386 901 4457 ejusdem
933 4384 1210 4440 Varronis
1249 4385 1530 4440 litteraria
1573 4403 1747 4457 opera
1791 4401 1940 4456 prte-

284 4468 532 4534 dicaret,
578 4467 706 4534 Nos,
757 4467 970 4538 inquit,
1021 4467 1080 4520 in
1125 4474 1312 4521 nostra
1355 4467 1493 4521 urbe
1518 4469 1941 4538 peregrinantes

283 4556 666 4619 errantesque,
700 4553 967 4618 tanquam
988 4547 1257 4618 hospites,
1281 4547 1368 4602 tui
1384 4547 1519 4602 libri
1544 4551 1702 4620 quasi
1721 4547 1939 4602 domum

281 4631 651 4697 reduxerunt,
684 4633 744 4683 ut
770 4644 1050 4700 possemus
1081 4627 1381 4699 aliquando
1411 4629 1512 4700 qui
1558 4633 1609 4683 et
1661 4629 1753 4683 ubi
1789 4642 1941 4682 esse-

280 4728 404 4768 mus
453 4724 768 4779 agnoscere.
812 4710 884 4764 Tu
930 4714 1142 4764 atatem
1189 4711 1412 4780 patrias,
1459 4717 1518 4764 tu
1555 4707 1939 4779 descriptiones

282 4802 621 4863 temporum,
645 4801 704 4848 tu
733 4807 1018 4847 sacrorum
1040 4791 1184 4857 iura,
1211 4800 1266 4845 tu
1295 4791 1656 4857 sacerdotum,
1684 4800 1738 4845 tu
1769 4789 1942 4846 dome-

284 4877 504 4944 sticam,
535 4883 592 4930 tu
613 4872 1300 4946 publicamsdisciplinam,
1323 4877 1381 4928 tu
1409 4872 1609 4928 sedem‘
1632 4872 1937 4942 regionum,

350 5030 366 5063 1
401 5026 562 5083 Editi,
614 5041 764 5088 posse
806 5027 924 5075 suis
966 5026 1169 5088 ofﬁciis
1217 5025 1453 5090 quodam
1486 5024 1642 5074 modo
1673 5026 1935 5077 limita’ri.

286 5090 594 5151 Legendum
625 5105 745 5140 cum
778 5089 1203 5144 MssJimitatas
1223 5089 1239 5138 ς·
1263 5092 1315 5138 et
1342 5089 1585 5143 verbum,
1602 5103 1776 5152 posse,
1806 5090 1939 5139 acci-

286 5154 547 5214 piemlum
579 5153 675 5209 ibi,
705 5167 798 5215 pro
827 5167 887 5202 eo
920 5153 1060 5215 quod
1090 5155 1168 5202 est
1196 5153 1306 5200 vim
1336 5153 1546 5202 habere.

351 5215 376 5279 ἒ
407 5217 532 5266 Mss.
564 5215 705 5265 2050.
726 5216 847 5264 2051
877 5219 931 5264 et
962 5215 1104 5270 2052,
1135 5215 1490 5279 planiusque.
1514 5217 1581 5264 M.

351 5278 374 5312 ³
406 5279 564 5340 Apud
595 5279 912 5333 Ciceronem,
944 5279 1216 5328 bellicam.

346 5341 384 5452 ἒ
409 5339 568 5402 Editi,
597 5341 830 5390 sedium.
867 5343 935 5391 At
963 5341 1083 5391 Mss.
1114 5342 1352 5403 plerique
1380 5343 1431 5390 et
1453 5341 1591 5403 apud
1621 5339 1939 5400 Ciceronem,

385 5419 492 5452 em.

284 5418 492 5452 sedem.

343 5468 430 5529 (α)
461 5467 798 5520 Desideratur
816 5469 872 5518 in
891 5467 1043 5518 libris
1061 5467 1154 5530 qui
1169 5470 1454 5530 supersunt
1472 5467 1536 5516 de
1557 5467 1766 5525 Quaest.
1779 5467 1940 5518 Acad.

1461 5585 1487 5600 \

1715 278 1946 339 LIBER
1989 278 2311 341 SEXTUS.

3585 293 3700 353 178

2049 414 2318 480 locorum,
2333 415 2656 472 tu'omnium
2682 417 3009 473 divinarum
3024 417 3500 491 humanarumque
3511 439 3697 479 rerum

2044 495 2291 564 nomina,
2321 509 2541 566 genera,
2576 497 2782 566 ofﬁcia,
2813 514 3006 553 causas
3035 499 3308 570 aperuisti
3352 502 3558 571 (Cicera
3590 504 3693 557 lib.

2044 578 2096 640 1,
2129 594 2173 630 c.
2209 578 2262 645 3,
2295 578 2360 632 de
2391 578 2590 639 Quaest.
2625 579 2833 648 Acad.).
2858 580 2966 634 Isle
2996 580 3169 649 igitur
3192 581 3276 635 vir
3297 587 3416 636 tam
3443 582 3696 652 insignis

2042 657 2491 728 excellentisque
2524 659 2758 726 peritiae,
2802 664 2857 714 et
2889 662 3040 730 quod
3065 662 3134 714 de
3158 661 3252 717 illo
3284 663 3459 718 etiam
3478 663 3688 718 Teren-

2042 737 2245 791 tianus
2276 739 2712 807 elegantissimo
2745 739 3032 795 versiculo
3066 741 3313 797 breviter
3342 743 3446 808 ait,

2162 919 2254 966 Vir
2282 919 2623 984 doctissimus
2652 921 3024 984 undecumque
3053 923 3252 972 Varro:

2165 984 2258 1044 (De
2288 983 2500 1040 metris,
2534 984 2594 1030 in
2629 983 2864 1032 sectione
2892 983 2955 1032 de
2984 986 3235 1034 versibus
3255 987 3606 1052 phalaeciis).

2039 1162 2139 1232 qui
2172 1165 2290 1217 tam
2322 1161 2508 1217 multa
2539 1163 2700 1232 legit,
2737 1170 2797 1218 ut
2829 1164 3051 1234 aliquid
3087 1166 3137 1220 ei
3180 1167 3432 1222 scribere
3457 1185 3693 1225 vacasse

2040 1244 2352 1308 miremur;
2375 1251 2491 1297 tam
2512 1244 2697 1298 multa
2718 1244 2967 1314 scripsit,
2989 1262 3158 1314 quam
3184 1246 3364 1301 multa
3381 1247 3476 1302 vix
3495 1263 3692 1319 quem-

2037 1339 2211 1394 quam
2246 1325 2426 1395 legere
2458 1324 2711 1392 potuisse
2744 1327 3047 1378 credamus
3077 1341 3087 1378 :
3122 1325 3249 1389 iste,
3301 1328 3566 1398 inquam,
3597 1328 3688 1383 vir

2037 1411 2231 1459 tantus
2261 1403 2516 1475 ingenio,
2553 1409 2867 1474 tantusque
2889 1404 3174 1469 doctrina,
3207 1406 3255 1460 si
3289 1423 3485 1462 rerum
3518 1409 3676 1464 velut

2034 1485 2390 1550 divinarum,
2441 1485 2512 1540 de
2563 1486 2777 1554 quibus
2822 1485 3046 1553 scribit,
3105 1493 3472 1557 oppugnator
3526 1495 3683 1546 esset

2033 1570 2209 1635 atque
2241 1566 2587 1630 destructor,
2638 1581 2853 1634 easque
2901 1582 3011 1620 non
3063 1565 3133 1620 ad
3185 1566 3548 1636 religionem,
3582 1571 3681 1624 sed

2034 1645 2103 1700 ad
2139 1645 2617 1716 superstitionem
2650 1644 2866 1699 diceret
2897 1645 3200 1714 pertinere,
3237 1646 3429 1702 nescio
3485 1654 3682 1704 utrum

2031 1728 2151 1780 tam
2183 1725 2370 1779 multa
2399 1727 2457 1779 in
2480 1725 2563 1779 eis
2586 1724 2846 1791 ridenda,
2871 1726 3314 1794 contemnenda,
3340 1727 3682 1784 detestanda

2031 1805 2439 1861 conscriberet.
2475 1806 2620 1860 Cum
2653 1821 2786 1859 vero
2821 1804 2969 1860 Deos
3015 1807 3246 1861 eosdem
3297 1808 3381 1862 ita
3411 1807 3679 1878 coluerit,

2031 1885 2422 1955 colendosque
2452 1886 2760 1951 censuerit,
2791 1889 2854 1940 ut
2886 1887 2942 1940 in
2976 1902 3041 1940 eo
3074 1887 3200 1958 ipso
3244 1903 3416 1959 opere
3447 1887 3680 1944 littera-

2030 1983 2161 2020 rum
2189 1982 2423 2020 suarum
2444 1966 2592 2020 dicat
2622 1982 2682 2020 se
2701 1965 2902 2021 timere
2926 1981 2994 2021 ne
3020 1973 3278 2037 pereant,
3303 1985 3414 2024 non
3440 1969 3680 2026 incursu

2033 2045 2250 2111 hostili,
2290 2046 2389 2100 sed
2422 2045 2632 2100 civium
2669 2045 3044 2117 negligentia,
3099 2047 3167 2102 de
3218 2063 3330 2116 qua
3359 2047 3490 2103 illos
3522 2049 3681 2104 velut

2032 2126 2205 2181 ruina
2240 2125 2472 2180 liberari
2507 2143 2538 2179 a
2569 2142 2631 2181 se
2661 2127 2825 2192 dicit,
2859 2133 2914 2181 et
2963 2126 3023 2180 in
3060 2127 3344 2183 memoria
3387 2128 3676 2183 bonorum

2030 2222 2132 2278 per
2166 2205 2500 2274 bujusmodi
2534 2206 2712 2262 libros
2747 2207 2981 2261 recondi
3006 2211 3181 2278 atque
3203 2207 3420 2262 servari
3447 2207 3682 2264 utiliore

2031 2305 2192 2353 cura,
2222 2304 2398 2358 quam
2432 2287 2696 2343 Metellus
2732 2287 2800 2341 de
2832 2288 3100 2342 incendio
3132 2303 3294 2343 sacra
3325 2287 3600 2354 Vestalis,
3626 2293 3683 2344 et

2031 2369 2236 2423 Encas
2268 2369 2338 2422 de
2367 2367 2612 2438 Trojano
2645 2367 2865 2422 excidio
2899 2376 3135 2438 penates
3163 2367 3446 2423 liberasse
3477 2369 3682 2439 praedi-

2033 2455 2274 2517 cantur;
2309 2455 2363 2504 et
2394 2453 2590 2504 tamen
2641 2465 2710 2504 ea
2749 2448 2992 2516 legenda
3040 2449 3268 2504 saeculis
3302 2449 3513 2521 prodit,
3549 2466 3682 2520 quae

2032 2549 2065 2587 a
2096 2530 2462 2602 sapientibus
2506 2535 2563 2586 et
2610 2529 3024 2600 insipientibus
3075 2531 3281 2586 merito
3326 2529 3679 2601 abjicienda,

2033 2617 2090 2668 et
2117 2611 2342 2667 veritati
2378 2610 2669 2682 religionis
2700 2610 3108 2665 inimicissima
3133 2611 3501 2681 judicentur:
3533 2609 3678 2680 quid

2033 2692 2366 2748 existimare
2399 2692 2700 2757 debemus,
2733 2690 2846 2746 nisi
2893 2689 3186 2747 hominem
3239 2691 3586 2746 acerrimum
3619 2707 3686 2746 ac

2035 2772 2487 2846 peritissimum,
2519 2789 2634 2828 non
2669 2776 2861 2826 tamen
2895 2777 3092 2828 sancto
3142 2771 3361 2842 Spiritu
3405 2770 3680 2839 liberum,

2036 2869 2381 2924 oppressum
2435 2854 2610 2909 fuisse
2656 2869 2774 2908 suae
2826 2851 3078 2907 civitatis
3144 2850 3566 2907 consuetudine
3615 2867 3682 2907 ac

2036 2933 2264 3004 legibus
2291 2959 2305 3001 ς
2334 2938 2392 2988 et
2422 2938 2616 2988 tamen
2647 2949 2734 3000 ea,
2761 2931 2978 3004 quibus
3011 2933 3372 3000 movebatur,
3405 2932 3513 2986 sub
3545 2946 3684 3003 spe-

2036 3016 2122 3071 cie
2152 3013 2627 3072 commendandze
2657 3014 2956 3086 religionis
2986 3018 3175 3070 tacere
3207 3011 3467 3070 noluisse
3489 3011 3517 3066 ‘l

2036 3151 2270 3207 CAPUT
2324 3150 2424 3206 Ill.
2457 3182 2526 3192 -—-
2557 3152 2684 3218 Quae
2731 3153 2803 3206 sit
2849 3152 3083 3222 partitio
3116 3150 3375 3205 Varronis
3417 3149 3693 3206 librorum

2107 3250 2352 3300 suorum,
2385 3249 2517 3304 quos
2545 3232 2612 3287 de
2638 3233 3073 3303 Antiquitatibus
3096 3248 3280 3288 rerum
3311 3231 3687 3287 humanarum

2109 3315 2534 3384 divinarumque
2573 3317 2894 3385 composuit.

2113 3449 2507 3517 Quadraginta
2560 3452 2616 3503 et
2667 3464 2848 3503 unum
2879 3449 3058 3504 libros
3090 3449 3323 3520 scripsit
3355 3449 3690 3521 Antiquita-

2040 3535 2166 3585 tum
2196 3547 2207 3584 :
2243 3531 2349 3584 hos
2380 3530 2438 3584 in
2471 3545 2564 3584 res
2595 3529 2882 3583 humanas
2904 3530 3246 3599 divinaeque
3269 3529 3488 3595 divisit,
3514 3530 3691 3584 rebus

2039 3610 2320 3665 humanis
2351 3608 2554 3678 viginti
2587 3610 2870 3678 quinque,
2905 3608 3118 3662 divinis
3153 3609 3404 3662 sedecim
3444 3607 3686 3661 tribuit:

2038 3690 2213 3744 istam
2266 3691 2504 3742 secutus
2536 3689 2593 3742 in
2625 3703 2692 3741 ea
2724 3686 3029 3755 partitione
3062 3687 3368 3753 rationem,
3401 3689 3466 3740 ut
3498 3700 3693 3740 rerum

2043 3771 2428 3826 humanarum
2464 3767 2641 3820 libros
2691 3781 2863 3819 senos
2902 3769 3151 3836 quatuor
3197 3765 3454 3835 partibus
3501 3765 3689 3823 daret.

2039 3847 2300 3905 Intendit
2329 3845 2480 3900 enim
2515 3845 2612 3916 qui
2645 3853 2840 3916 agant,
2867 3845 2964 3899 ubi
2998 3848 3194 3912 agant,
3229 3845 3464 3914 quando
3497 3850 3690 3912 agant,

2043 3931 2181 4004 quid
2223 3931 2420 4000 agant.
2477 3927 2538 3981 ln
2591 3942 2689 3982 sex
2738 3925 2935 3996 itaque
2984 3926 3188 4004 primis
3237 3926 3307 3980 de
3354 3923 3693 4004 hominibus

2043 4001 2302 4082 scripsit,
2353 4006 2411 4061 in
2462 4007 2737 4062 secundis
2785 4022 2886 4061 sex
2926 4005 2997 4060 de
3044 4003 3208 4073 locis,
3253 4019 3354 4059 sex
3399 4001 3591 4057 tertios
3621 4002 3692 4056 de

2047 4090 2420 4162 temporibus,
2451 4105 2549 4144 sex
2591 4092 2829 4160 quartos
2874 4088 3228 4157 eosdemque
3265 4090 3592 4156 postremos
3621 4085 3693 4140 de

2046 4175 2222 4230 rebus
2245 4169 2511 4226 absolvit.
2530 4171 2744 4234 Quater
2766 4175 2956 4222 autem
2977 4167 3344 4239 seni,viginti
3365 4170 3421 4220 et
3443 4170 3696 4237 quatuor

2044 4255 2212 4309 fiunt.
2247 4251 2357 4306 Sed
2391 4265 2575 4305 unum
2600 4246 2976 4316 singularem,
2998 4245 3098 4317 qui
3121 4245 3514 4301 communiter
3531 4243 3691 4315 prius
3761 4255 3770 4262 ‘

2044 4335 2115 4390 de
2144 4333 2419 4388 omnibus
2450 4329 2805 4400 loqueretur,
2837 4327 2896 4382 in
2929 4327 3114 4399 capite
3135 4327 3349 4397 posuit.
3377 4326 3438 4381 1n
3471 4325 3685 4381 divinis

2044 4413 2363 4470 identidem
2396 4411 2568 4466 rebus
2591 4408 2792 4464 eadem
2818 4408 2888 4462 ab
2922 4407 3019 4462 illo
3042 4407 3340 4462 divisionis
3363 4407 3545 4460 forma
3569 4422 3689 4461 ser-

2041 4501 2178 4551 vata
2201 4499 2310 4561 est,
2343 4499 2623 4563 quantum
2654 4490 2863 4544 attinet
2895 4489 2963 4543 ad
2988 4505 3053 4543 ca
3075 4505 3201 4559 quas
3225 4489 3338 4542 diis
3359 4487 3688 4542 exhibenda

2044 4582 2216 4632 sunt:
2253 4575 2601 4630 exhibentur
2639 4571 2794 4625 enim
2845 4569 2916 4624 ab
2965 4569 3304 4624 hominibus
3345 4568 3405 4622 in
3457 4567 3598 4622 locis
3629 4571 3686 4621 et

2042 4657 2401 4727 temporibus
2445 4670 2629 4708 sacra.
2679 4654 2811 4706 Haec
2860 4654 3130 4720 quatuor,
3163 4665 3288 4720 qute
3340 4648 3479 4713 dixi,
3523 4646 3688 4727 libris

2044 4726 2378 4810 complexus
2411 4738 2499 4790 est
2519 4733 2735 4788 ternis:
2774 4747 2907 4785 nam
2943 4735 3059 4810 tres
3084 4729 3299 4810 priores
3331 4728 3400 4810 de
3431 4726 3691 4783 homini-

2044 4823 2152 4877 bus
2179 4808 2441 4889 scripsit,
2474 4820 2783 4886 sequentes
2815 4811 2884 4865 de
2916 4809 3326 4889 locis,_tertios
3358 4808 3691 4889 detempo-

2043 4903 2226 4967 ribus,
2260 4885 2494 4970 quartos
2521 4885 2590 4950 de
2621 4891 2841 4948 sacris:
2875 4889 3050 4970 etiam
3099 4887 3190 4941 hic
3222 4886 3323 4970 qui
3358 4885 3687 4970 exhibeant,

2046 4981 2145 5038 ubi
2177 4964 2507 5040 eali-ibeant,
2540 4972 2775 5042 quando
2808 4969 3138 5034 exhibeant,
3174 4967 3309 5038 quid
3363 4964 3688 5026 exhibeant.

2043 5059 2422 5119 subtilissima
2465 5053 2842 5108 distinctione
2891 5049 3332 5105 commendans.
3389 5045 3498 5099 Sed
3552 5044 3692 5114 quia

2045 5141 2345 5216 oportebat
2407 5137 2622 5200 dicere,
2663 5137 2757 5216 iet
2799 5133 3049 5216 maxime
3111 5125 3689 5216 idnexspectabatur,

2045 5206 2258 5297 qiiibus
2279 5220 2610 5281 exhibeant,
2643 5215 2714 5267 de
2746 5212 2888 5284 ipsis
2913 5227 3146 5282 quoque
3168 5209 3284 5297 diis
3305 5213 3420 5297 tres
3444 5206 3693 5297 cpnscri-

2045 5286 2161 5378 psit
2189 5309 2498 5365 extremos,
2526 5295 2919 5378 utquinquies
2944 5288 3440 5378 terniquindecim
3465 5286 3690 5378 tierent.

2043 5365 2190 5441 Sunt
2220 5387 2413 5438 autem
2438 5365 2662 5443 omnes,
2688 5369 3326 5440 utdiximusﬂsedecim
3348 5383 3360 5420 :
3383 5365 3522 5436 quia
3544 5366 3696 5422 etis-

2047 5474 2235 5523 torum
2259 5461 2490 5520 exordio
2505 5475 2678 5516 unum
2700 5455 3079 5527 singularem,
3105 5448 3203 5520 qui
3227 5447 3386 5520 prius
3409 5448 3480 5504 de
3505 5447 3693 5504 omni-
