4158 6192
375 309 490 410 17D

367 447 482 505 bus
501 449 854 522 loqueretur,
875 455 1180 523 apposuit:
1207 471 1322 525 quo
1346 455 1635 522 absoluto,
1658 472 2017 527 consequen-

373 537 460 583 ter
489 546 558 584 ex
587 531 685 586 illa
716 533 1182 602 quinquepartita
1208 534 1616 590 distributione
1649 539 1765 590 tres
1808 553 2019 606 praece-

371 611 594 677 dentes,
629 613 726 682 qui
758 614 826 667 ad
865 613 1126 668 homines
1161 615 1468 684 pertinent,
1494 617 1576 670 ita
1602 617 1932 679 subdivisit,
1959 625 2021 672 ut

372 690 600 758 primus
628 694 704 744 sit
733 692 803 745 de
838 693 1233 761 pontiﬁcibus,
1268 696 1562 749 secundus
1580 699 1648 750 de
1671 700 2016 766 auguribus,

373 772 584 824 tertius
625 771 694 824 de
724 771 1205 840 quindecimviris
1255 790 1553 831 sacrorum
1583 778 1689 849 (α).
1721 780 2018 833 Secundus

374 853 494 904 tres
543 851 614 905 ad
660 850 784 905 loca
823 852 1220 920 pertinentes;
1258 855 1337 910 ita
1388 864 1450 911 ut
1478 858 1536 912 in
1576 876 1690 914 uno
1724 876 1918 915 eorum
1952 860 2021 913 de

377 931 628 994 sacellis,
660 932 838 986 altero
887 932 959 986 dc
1007 934 1190 990 sacris
1222 937 1443 992 aedibus
1477 939 1714 1006 diceret,
1749 941 1919 994 tertio
1953 940 2022 994 de

377 1007 520 1063 locis
553 1009 856 1079 religiosis.
907 1013 1041 1066 Tres
1089 1030 1255 1084 porro
1289 1019 1386 1087 qui
1417 1020 1558 1074 istos
1591 1026 1936 1090 sequuntur,
1968 1023 2023 1074 et

384 1090 453 1144 ad
489 1093 751 1160 tempora
781 1092 1087 1164 pertinent,
1120 1096 1176 1151 id
1223 1104 1309 1152 est
1337 1101 1406 1152 ad
1445 1101 1570 1154 dies
1603 1103 1818 1168 festos;
1854 1102 1929 1154 ita
1963 1106 2022 1154 ut

379 1185 556 1224 unum
590 1186 785 1226 eorum
821 1173 1034 1230 faceret
1064 1177 1133 1231 de
1165 1178 1342 1246 feriis,
1375 1179 1620 1234 alterum
1645 1181 1714 1235 de
1739 1181 1890 1236 ludis
1922 1182 2025 1236 cir-

376 1251 667 1319 censibus,
701 1252 771 1308 de
802 1256 1052 1311 scenicis
1077 1259 1328 1313 tertium.
1361 1261 1713 1324 Quartorum
1747 1262 1922 1316 trium
1951 1264 2020 1317 ad

376 1345 536 1384 sacra
568 1332 989 1400 pertinentium
1022 1338 1123 1391 uni
1157 1339 1318 1393 dedit
1349 1342 1828 1407 consecrationes,
1855 1343 2022 1397 alteri

376 1426 541 1492 sacra
572 1413 812 1482 privata,
839 1415 1045 1471 ultimo
1078 1418 1330 1487 publica.
1376 1421 1536 1476 Hanc
1569 1421 1720 1476 velut
1754 1440 2023 1492 pompam

376 1491 792 1561 obsequiorum
824 1496 881 1548 in
911 1497 1119 1562 tribus,
1153 1500 1512 1568 quirestant,
1534 1502 1610 1556 dii
1636 1503 1750 1572 ipsi
1773 1491 2023 1574 sequun—

376 1575 474 1626 tur
502 1575 766 1642 extremi,
801 1576 1017 1645 quibus
1046 1579 1154 1634 iste
1183 1582 1488 1637 universus
1509 1582 1698 1638 cultus
1721 1584 2026 1654 impensus

379 1657 500 1707 est:
535 1655 592 1707 in
625 1656 808 1724 primo
841 1657 920 1710 dii
953 1659 1114 1725 certi,
1147 1659 1202 1713 in
1240 1663 1494 1718 secundo
1517 1663 1740 1730 incerti,
1768 1665 1826 1717 in
1861 1664 2026 1718 tertio

379 1737 725 1789 cunctorum
759 1737 1076 1794 novissimo
1109 1739 1189 1794 dii
1221 1743 1492 1814 praecipui
1528 1748 1701 1814 atque
1731 1743 1950 1800 selecti.

385 1883 612 1940 CAPUT
645 1884 738 1940 IV.
768 1917 839 1926 -—
870 1887 1018 1956 Quod
1066 1905 1134 1944 ex
1180 1890 1557 1962 disputatione
1589 1893 1846 1948 Varronis
1882 1892 2029 1963 apud

454 1966 689 2022 cultores
716 1966 931 2022 deorum
951 1970 1286 2040 antiquiores
1309 1989 1394 2028 res
1410 1972 1680 2030 humanae
1695 1991 1860 2044 quam
1880 1973 2027 2028 divi-

459 2065 546 2102 nae
575 2048 947 2120 reperiantur.

462 2201 511 2252 1.
546 2198 611 2252 In
648 2197 752 2253 hac
784 2202 899 2254 tota
929 2200 1078 2256 serie
1110 2202 1514 2272 pulcherrimis
1540 2222 1607 2260 ac
1628 2205 2030 2260 subtilissimas

388 2278 818 2334 distributionis
835 2284 891 2334 et
909 2279 1306 2338 distinctionis
1333 2285 1502 2339 vitam
1523 2289 1796 2340 aeternam
1821 2288 2033 2339 frustra

388 2359 570 2430 quaeri
600 2364 657 2413 et
687 2361 902 2429 sperari
943 2362 1452 2434 impudentissime
1485 2368 1570 2421 vel
1602 2367 1811 2438 optari,
1845 2384 1911 2421 ex
1947 2366 2035 2419 his

389 2441 661 2511 quasjam
695 2440 975 2509 diximus,
1009 2451 1063 2498 et
1095 2463 1223 2516 quae
1275 2447 1552 2518 deinceps
1594 2450 1837 2504 dicenda
1871 2454 2030 2513 sunt,

387 2521 569 2576 cuivis
602 2521 929 2589 hominum,
955 2525 1055 2593 qui
1079 2527 1250 2580 corde
1283 2529 1574 2583 obstinato
1594 2531 1702 2584 sibi
1730 2548 1842 2584 non
1867 2528 2036 2584 fuerit

388 2601 684 2667 inimicus,
726 2601 1000 2657 facillime
1051 2612 1310 2674 apparet.
1368 2606 1468 2662 Vel
1522 2609 1828 2664 hominum
1881 2610 2034 2664 enim

390 2686 521 2736 sunt
539 2684 652 2736 ista
673 2682 958 2749 instituta,
976 2685 1410 2744 veldzemonum
1439 2707 1450 2743 :
1473 2707 1588 2744 non
1612 2690 1810 2759 quales
1833 2699 2038 2746 vocant

391 2761 478 2815 illi
509 2763 800 2818 daemones
832 2765 1054 2831 bonos;
1089 2769 1212 2836 sed,
1264 2773 1325 2823 ut
1355 2769 1569 2840 loquar
1610 2773 1889 2842 apertius,
1923 2773 2037 2825 im—

397 2842 751 2897 mundorum
801 2845 1111 2914 spirituum
1152 2854 1207 2903 et
1255 2850 1380 2906 sine
1437 2855 1826 2908 controversia
1871 2853 2036 2907 mati-

397 2939 666 2994 gnorum,
700 2925 800 2996 qui
845 2927 1044 2984 noxias
1076 2931 1400 3000 opiniones,
1449 2935 1663 3004 quibus
1694 2935 1886 2989 anima
1919 2935 2036 2988 hu-

397 3020 565 3058 mana
602 3008 788 3076 magis
820 3012 1126 3079 magisque
1151 3020 1444 3081 vanescat,
1478 3021 1534 3069 et
1572 3013 2037 3071 incommutabili

397 3088 740 3156 aaternzeque
788 3087 1012 3142 veritati
1042 3091 1328 3161 ,coaptari
1376 3099 1546 3164 atque
1597 3096 1874 3151 inhaerere
1924 3113 2038 3151 non

398 3165 957 3246 possit,_invidentia
988 3168 1241 3224 mirabili
1264 3177 1320 3226 et
1351 3174 1570 3229 occulte
1598 3175 1866 3231 inserunt
1889 3177 2040 3246 cogi-

400 3244 722 3300 tationibus
751 3245 1087 3320 impiorum,
1121 3257 1177 3306 et
1206 3259 1401 3322 aperte
1429 3257 1746 3327 aliquando
1769 3244 2040 3328 ingerunt

399 3328 694 3389 sensibus,
728 3331 784 3381 et
813 3343 923 3396 qua
974 3337 1214 3397 possunt
1261 3334 1451 3389 fallaci
1500 3337 1867 3393 attestatione
1907 3355 2040 3392 con-

397 3403 655 3491 firmant.
684 3407 962 3491 Is_te_i_pse
982 3409 1159 3466 Varro
1187 3420 1486 3486 propterea
1509 3436 1565 3474 se
1589 3420 1750 3491 prius
1775 3421 1844 3475 de
1868 3421 2038 3474 rebus

395 3483 690 3570 humanis,
707 3488 998 3570 dedivinis
1015 3483 1209 3549 autem
1229 3483 1429 3566 postea
1447 3483 1750 3570 scripsisse
1771 3505 2036 3568 testatur,

389 3565 546 3660 quod
577 3566 744 3660 prius
770 3568 1095 3660 exstiterint
1142 3565 1424 3647 civitates,
1457 3565 1667 3636 deinde
1699 3581 1770 3636 ab
1803 3582 1884 3636 eis
1921 3565 2038 3636 huc

387 3725 581 3813 aliqua
630 3730 858 3813 civitate
907 3732 1180 3793 instituta
1229 3744 1351 3809 est;
1384 3725 1486 3798 sed
1538 3743 1707 3813 plane
1746 3745 2036 3800 caelestem

383 3805 513 3879 ipsa
545 3809 802 3897 instituit
833 3815 1118 3897 civitatem
1148 3838 1161 3874 :
1195 3839 1318 3878 eam
1340 3805 1484 3880 ivero
1521 3805 1765 3897 inspirat
1789 3833 1844 3882 et
1877 3831 2039 3883 docet

385 3904 558 3981 verus
612 3891 782 3961 Deus,
835 3896 998 3952 dator
1042 3902 1170 3954 vitae
1221 3907 1452 3972 aternrc,
1505 3891 1655 3960 veris
1715 3908 2037 3963 cultoribus

395 3984 536 4023 SUlS.

463 4053 515 4104 2.
545 4051 694 4138 [ΙΨ]
727 4053 993 4138 Varronis
1023 4059 1217 4128 igitur,
1253 4064 1582 4120 conﬁtentis
1626 4067 1752 4121 ideo
1783 4083 1844 4121 se
1874 4069 2036 4138 prius

394 4130 465 4218 de
490 4131 657 4218 rebus
683 4133 956 4218 humanis
979 4140 1306 4209 scripsisse,
1332 4148 1531 4212 postea
1554 4146 1622 4200 de
1645 4130 2039 4218 divinis-quia

393 4208 600 4293 divinas
631 4209 755 4265 istas
785 4214 853 4267 ab
891 4208 1225 4274 hominibus
1257 4208 1530 4277 institutae
1555 4231 1713 4293 sunt,
1739 4208 1868 4280 haec
1893 4208 2037 4283 ratio

393 4295 519 4376 est:
555 4287 880 4376 Sicutprior
907 4299 1002 4354 est.
1039 4299 1248 4368 inquit,
1281 4303 1458 4370 pictor
1475 4320 1637 4373 quam
1659 4287 1841 4362 tabula
1869 4310 2034 4376 picta,

384 4371 542 4440 prior
560 4371 715 4436 faber
734 4390 898 4444 quam
918 4377 1219 4446 aedi/icium
1243 4399 1264 4444 ;
1286 4383 1366 4437 ita
1387 4371 1598 4454 priores
1619 4391 1745 4442 sunt
1766 4371 2033 4453 civitates,

383 4465 550 4520 quam
580 4467 645 4505 ea
675 4470 794 4522 quae
826 4471 862 4508 α
884 4455 1200 4515 civitatibus
1222 4474 1351 4518 sunt
1376 4466 1649 4521 instituta.
1681 4469 1825 4523 Dicit
1849 4478 2035 4525 autem

382 4529 625 4617 seprius
648 4535 1003 4617 scripturum
1033 4540 1207 4597 fuisse
1225 4546 1295 4599 de
1319 4545 1454 4612 diis,
1482 4553 1678 4617 postea
1700 4550 1772 4604 de
1793 4550 2038 4607 homini-

385 4609 600 4700 bus,nsi
631 4613 700 4667 de
723 4615 882 4700 omni
916 4625 1122 4676 natura
1153 4624 1391 4680 deorum
1426 4609 1723 4685 scriberet.
1749 4634 1919 4698 Quasi
1943 4633 2037 4688 hic

388 4692 460 4745 de
482 4690 678 4777 aliqua
698 4697 936 4766 scribat,
951 4703 1006 4754 et
1025 4718 1140 4758 non
1163 4705 1232 4760 de
1251 4708 1440 4777 omni;
1464 4714 1563 4765 aut
1585 4729 1715 4767 vero
1738 4690 1912 4770 etiam
1932 4715 2036 4770 ali-

390 4789 522 4865 qua,
550 4771 682 4830 licet
714 4793 827 4834 non
861 4782 1074 4865 omnis,
1107 4785 1348 4841 deorum
1382 4771 1585 4847 natura
1620 4810 1734 4848 non
1770 4795 1922 4865 prior
1947 4797 2040 4852 de-

393 4853 527 4941 beat
547 4869 696 4941 esse,
721 4874 897 4941 quam
917 4861 1216 4921 hominum
1240 4868 1268 4921 ?
1288 4868 1434 4931 Quid
1459 4874 1607 4941 quod
1634 4874 1690 4927 in
1718 4853 1832 4930 illis
1852 4877 2038 4933 tribus

396 4935 733 4994 novissimis
761 4939 943 5008 libris,
976 4946 1111 5002 deos
1143 4956 1326 5005 certos
1356 4954 1413 5005 et
1443 4935 1693 5010 incertos
1724 4958 2040 5014 etselectos

461 5144 533 5207 (α)
566 5146 843 5196 Duumviri
872 5163 1141 5201 sacrorum
1171 5168 1202 5202 a
1230 5157 1516 5220 Tarquinio
1545 5160 1779 5222 Superbo
1809 5163 2042 5213 instituti

393 5206 624 5266 fumat,
656 5213 717 5258 ut
745 5212 926 5260 scribit
956 5214 1240 5270 Dionysius
1270 5220 1382 5268 Hal.
1417 5223 1592 5270 Antia.
1624 5224 1712 5270 lib,
1748 5227 1794 5270 4.
1828 5240 1939 5270 can.
1960 5227 2038 5270 62-

395 5226 624 5281 ruerunt,
656 5226 717 5258 ut
745 5226 926 5260 serunt
956 5226 1240 5278 Dionysius
1270 5226 1382 5268 lla].
1417 5226 1592 5283 Antiq.
1624 5226 1712 5270 lib,
1748 5227 1794 5274 4.
1828 5240 1939 5287 cap.
1960 5227 2038 5283 62,

395 5284 484 5348 qui
515 5274 677 5346 sacris
705 5274 856 5348 libris
885 5277 1119 5348 legendis
1142 5284 1571 5348 carminibusque
1592 5286 1827 5348 Sibyllae
1848 5293 1900 5336 et
1921 5291 2043 5337 tatis

394 5332 617 5412 Εἶρα]Ξωί
672 5337 854 5411 populi
907 5332 1317 5412 interpretandis
1359 5332 1705 5405 praeessent,“

396 5395 584 5464 deinde
613 5395 816 5464 egenis
844 5403 1010 5449 creari
1039 5395 1282 5464 instaret,
1315 5395 1470 5458 aucto
1513 5395 2044 5464 nume'ro‘iaetilsunt

630 5460 719 5511 His
748 5464 960 5513 demum
990 5465 1158 5515 additi
1172 5456 1433 5533 quinque,
1449 5456 2044 5541 adiali—1655303};

534 5537 574 5567 υι
609 5558 617 5566 .

534 5537 617 5567 Sil.

1431 319 1532 379 DE
1577 319 1947 380 CIVITATE
1988 319 2137 395 DEI,
2185 320 2246 381 S.
2283 275 2717 408 .AUGUSTINI

3668 331 3783 390 180

2129 455 2440 529 diligenter
2470 459 2786 530 explicans,
2821 460 3043 515 nullam
3077 462 3318 518 deorum
3341 468 3610 519 naturam
3636 481 3783 536 prae-

2129 538 2453 594 termittere
2484 541 2761 595 videtur?
2790 541 2936 604 Quid
2972 546 3060 596 est
3092 558 3227 614 ergo
3279 545 3430 613 quod
3484 546 3582 610 ait,
3623 546 3682 599 Si
3716 547 3788 601 de

2131 621 2286 674 omni
2313 625 2520 675 natura
2541 624 2778 676 deorum
2798 631 2848 676 et
2874 623 3174 677 hominum
3197 626 3605 693 scriberemus,
3625 627 3785 696 prius

2132 700 2328 754 divina
2345 702 2825 766 absolvissemus,
2853 719 3026 772 quam
3052 704 3314 759 humana
3333 706 3740 776 attigissemus
3761 707 3788 760 ?

2133 786 2249 837 Aut
2279 783 2433 838 enim
2467 784 2536 838 de
2567 785 2723 838 omni
2760 792 2966 840 natura
3013 787 3253 841 deorum
3305 788 3529 855 scribit,
3585 799 3681 844 aut
3715 791 3785 843 de

2132 864 2350 934 aliqua,
2385 873 2479 919 aut
2510 866 2749 920 omnino
2800 867 2869 921 de
2914 866 3092 922 nulla.
3125 867 3182 921 Si
3232 869 3304 924 de
3337 871 3518 933 omni,
3555 885 3782 941 praepo-

2134 947 2326 1000 nenda
2356 944 2441 1001 est
2473 948 2674 1018 utique
2711 947 2885 1002 rebus
2917 947 3233 1004 humanis:
3269 949 3313 1004 si
3345 950 3417 1004 de
3438 950 3655 1021 aliqua,
3680 967 3788 1005 cur

2135 1044 2247 1082 non
2277 1028 2448 1082 etiam
2481 1029 2608 1100 ipsa
2637 1047 2728 1085 res
2763 1032 3045 1101 przecedat
3081 1031 3368 1088 humanas
3391 1032 3418 1086 ?
3441 1049 3513 1089 an
3543 1034 3786 1105 indigna

2135 1119 2220 1164 est
2252 1111 2506 1180 preferri
2539 1113 2712 1167 etiam
2748 1114 3029 1169 universa
3064 1119 3284 1170 nature
3317 1116 3623 1172 hominum
3651 1133 3788 1188 pars

2136 1188 2330 1259 aliqua
2358 1189 2595 1247 deorum
2617 1193 2643 1246 ‘?
2669 1194 2826 1257 Quod
2860 1194 2910 1248 si
2931 1193 3182 1248 multum
3215 1201 3303 1250 est
3332 1200 3394 1251 ut
3425 1197 3620 1266 aliqua
3652 1213 3786 1268 pars

2136 1270 2327 1323 divina
2349 1277 2718 1342 praeponatur
2741 1274 3026 1329 universis
3051 1276 3224 1330 rebus
3249 1277 3546 1344 humanis,
3572 1280 3786 1332 saltem

2137 1351 2310 1420 digna
2341 1356 2426 1406 est
2456 1352 2542 1408 vel
2579 1353 2891 1408 Romanis:
2929 1371 3121 1410 rerum
3143 1356 3359 1428 quippe
3391 1357 3783 1412 humanarum

2137 1430 2339 1498 libros,
2374 1449 2486 1486 non
2521 1439 2798 1504 quantum
2834 1435 2903 1488 ad
2937 1437 3135 1491 orbem
3167 1442 3451 1493 terrarum
3476 1440 3576 1494 sed
3601 1455 3787 1508 quan—

2139 1519 2257 1568 tum
2283 1514 2348 1566 ad
2374 1515 2556 1569 solam
2582 1516 2822 1570 Romam
2846 1518 3110 1586 pertinet,
3138 1520 3390 1590 scripsit.
3411 1520 3566 1583 Quos
3590 1526 3786 1574 tamen

2139 1613 2334 1650 rerum
2370 1595 2699 1649 divinarum
2752 1597 2918 1651 libris
2951 1615 3010 1652 se
3042 1599 3189 1653 dixit
3238 1601 3530 1656 scribendi
3583 1602 3788 1656 ordine

2141 1677 2344 1731 merito
2372 1676 2713 1746 pratulisse,
2732 1676 2881 1731 sicut
2903 1677 3171 1745 pictorem
3195 1679 3409 1736 tabulae
3434 1681 3613 1752 pictae,
3633 1683 3792 1736 sicut

2141 1755 2366 1810 fabrum
2401 1755 2642 1810 aedilicio
2670 1774 2682 1822 ;
2717 1757 3081 1827 apertissime
3111 1760 3397 1814 confitens
3431 1763 3582 1831 quod
3613 1761 3786 1816 etiam

2141 1839 2263 1892 ista)
2295 1853 2387 1892 res
2421 1837 2648 1901 divina},
2683 1838 2834 1892 sicut
2864 1840 3105 1908 pictura,
3156 1841 3311 1895 sicut
3360 1847 3677 1907 structura,
3709 1842 3782 1896 ab

2139 1920 2478 1974 hominibus
2509 1919 2785 1973 institutas
2811 1918 2947 1973 sint.
2975 1923 3172 1976 Restat
3191 1930 3250 1976 ut
3273 1923 3343 1977 de
3367 1922 3526 1977 nulla
3543 1923 3784 1978 deorum

2141 2009 2349 2054 natura
2406 1998 2712 2068 scripsisse
2767 2000 3155 2070 intelligatur;
3203 2018 3390 2072 neque
3437 2003 3542 2058 hoc
3588 2009 3788 2074 aperte

2141 2081 2330 2135 dicere
2361 2079 2631 2144 voluisse,
2669 2080 2768 2134 sed
2810 2079 3268 2146 intelligentibus
3315 2082 3639 2151 reliquisse.
3676 2083 3788 2139 Ubi

2142 2162 2295 2216 enim
2323 2159 2692 2224 dicitur,Non
2717 2159 2928 2226 omnis,
2946 2161 3162 2216 usitate
3185 2163 3422 2234 quidem
3445 2163 3786 2232 intelligitur

2145 2241 2376 2311 aliqua:
2412 2241 2508 2295 sed
2542 2244 2733 2308 potest
2761 2238 3002 2309 intelligi
3035 2249 3086 2295 et
3117 2241 3310 2309 nulla;
3346 2243 3620 2313 quoniam
3653 2260 3784 2314 quae

2146 2321 2307 2376 nulla
2333 2325 2436 2387 est,
2472 2335 2572 2374 nec
2601 2319 2812 2387 omnis,
2847 2336 2951 2375 nec
2974 2322 3174 2391 aliqua
3204 2327 3311 2378 est.
3362 2323 3532 2387 Nam,
3575 2329 3638 2376 ut
3666 2325 3792 2392 ipse

2147 2401 2306 2469 dicit,
2323 2401 2368 2455 si
2393 2400 2577 2455 omnis
2598 2405 2748 2454 esset
2771 2405 2976 2454 natura
2999 2402 3235 2456 deorum
3259 2403 3329 2457 de
3353 2419 3469 2474 qua
3490 2403 3790 2469 scriberet,

2146 2482 2435 2537 scribendi
2458 2482 2660 2536 ordine
2692 2483 2862 2536 rebus
2891 2482 3164 2536 humanis
3187 2484 3574 2554 praeponenda
3596 2487 3750 2537 esset
3777 2499 3790 2536 :

2148 2571 2208 2618 ut
2229 2568 2421 2618 autem
2446 2566 2501 2617 et
2524 2563 2649 2631 ipso
2675 2568 2897 2616 tacente
2918 2563 3128 2616 veritas
3150 2563 3386 2628 clamat,
3414 2564 3800 2632 prasponenda

2149 2648 2303 2699 esset
2332 2649 2486 2697 certe
2538 2643 2714 2696 rebus
2757 2642 3056 2706 Romanis,
3105 2644 3277 2698 etiam
3328 2643 3376 2698 si
3427 2660 3541 2698 non
3576 2643 3797 2707 omnis,

2149 2726 2248 2780 sed
2285 2723 2490 2778 saltem
2524 2721 2714 2790 aliqua
2745 2727 2898 2777 esset
2927 2739 2939 2776 :
2966 2732 3116 2778 recte
3157 2728 3345 2778 autem
3389 2723 3798 2792 postponitur;

2149 2822 2282 2876 ergo
2315 2804 2477 2858 nulla
2507 2807 2612 2857 est.
2646 2803 2770 2858 Non
2819 2805 3013 2874 itaque
3046 2805 3215 2859 rebus
3253 2804 3462 2859 divinis
3513 2804 3800 2859 anteferre

2151 2885 2333 2940 voluit
2364 2902 2454 2938 res
2485 2884 2795 2947 humanas,
2821 2887 2919 2938 sed
2944 2887 3113 2938 rebus
3135 2885 3280 2939 veris
3301 2885 3484 2940 noluit
3505 2884 3796 2939 anteferre

2152 2983 2241 3020 res
2271 2965 2469 3019 falsas.
2507 2964 2567 3018 In
2603 2963 2695 3018 his
2728 2964 2908 3032 enim,
2960 2982 3086 3035 quae
3118 2965 3346 3035 scripsit
3379 2965 3447 3020 de
3479 2963 3648 3018 rebus
3682 2964 3797 3018 hu—

2152 3047 2361 3115 manis,
2394 3050 2628 3100 sccutus
2648 3052 2732 3098 est
2764 3044 3064 3100 historiam
3085 3061 3277 3100 rerum
3315 3051 3608 3116 gestarum
3633 3059 3646 3096 :
3671 3061 3800 3114 qua:

2152 3133 2344 3182 autem
2390 3128 2459 3181 dc
2504 3126 2616 3193 his,
2670 3143 2813 3197 quas
2861 3127 3087 3182 divinas
3136 3132 3320 3192 vocat,
3355 3128 3498 3198 quid
3527 3122 3639 3180 nisi
3667 3129 3798 3197 Opi-

2154 3209 2356 3263 niones
2405 3224 2596 3262 rerum
2641 3207 2969 3262 venarum?
2998 3207 3115 3263 Hoc
3165 3211 3254 3262 est
3289 3207 3591 3275 nimirum,
3641 3209 3796 3276 quod

2150 3290 2334 3344 voluit
2364 3289 2564 3343 subtili
2599 3288 3023 3359 significatione
3067 3293 3423 3355 monstrare;
3453 3307 3566 3345 non
3611 3291 3796 3347 solum

2152 3369 2414 3426 scribens
2445 3371 2512 3423 dc
2547 3369 2636 3423 bis
2668 3369 2956 3440 posterius
2989 3385 3165 3440 quam
3199 3370 3269 3424 de
3320 3371 3457 3437 illis,
3491 3373 3588 3427 sed
3619 3373 3800 3428 etiam

2153 3451 2438 3505 rationem
2471 3450 2718 3504 reddens
2750 3465 2853 3503 cur
2884 3449 2940 3503 id
2967 3450 3184 3504 fecerit.
3211 3452 3393 3516 Quam
3424 3451 3474 3505 si
3501 3452 3801 3519 tacuisset,

2153 3531 2319 3586 aliter
2339 3530 2447 3584 hoc
2475 3529 2690 3584 factum
2709 3530 2835 3599 ejus
2859 3530 2930 3584 ab
2955 3529 3084 3585 aliis
3112 3530 3352 3586 fortasse
3373 3530 3799 3588 defenderetur.

2154 3610 2218 3665 In
2251 3628 2318 3666 ea
2347 3626 2476 3665 vero
2511 3610 2637 3679 ipsa
2684 3609 2924 3680 ratione,
2972 3626 3148 3680 quam
3199 3611 3473 3677 reddidit,
3518 3630 3623 3668 nec
3674 3611 3804 3668 aliis

2152 3692 2462 3762 quidquam
2497 3691 2733 3761 reliquit
2782 3708 2884 3761 pro
2933 3691 3172 3745 arbitrio
3224 3691 3529 3759 suspicari,
3562 3698 3619 3749 et
3663 3694 3804 3748 satis

2153 3773 2419 3842 probavit
2454 3771 2718 3825 homines
2751 3788 2812 3827 se
2847 3771 3233 3842 praeposuisse
3274 3771 3560 3828 institutis
3605 3775 3799 3830 homi-

2154 3869 2317 3917 num,
2354 3868 2470 3906 non
2503 3857 2771 3907 naturam
2808 3851 3112 3906 hominum
3148 3857 3368 3906 natura:
3419 3854 3680 3909 deorum.
3718 3854 3804 3908 Ita

2152 3948 2212 3986 se
2242 3931 2420 3986 libros
2451 3949 2643 3987 rerum
2694 3930 3047 3998 divinarum,
3106 3948 3219 3986 non
3267 3934 3336 3987 de
3385 3933 3623 3988 veritate
3672 3949 3802 4002 quas

2151 4013 2399 4081 pertinet
2428 4014 2496 4066 ad
2522 4017 2816 4078 naturam,
2851 4013 2944 4066 sed
2983 4014 3052 4068 de
3085 4012 3332 4068 falsitate
3381 4030 3510 4083 quis
3543 4013 3800 4085 pertinet

2149 4093 2218 4145 ad
2251 4109 2529 4157 errorem,
2563 4093 2871 4162 scripsisse
2893 4094 3194 4148 confessus
3216 4098 3318 4148 est.
3355 4095 3514 4159 Quod
3540 4095 3796 4166 apertius

2150 4172 2288 4227 alibi
2322 4174 2531 4241 posuit,
2580 4172 2731 4228 sicut
2783 4174 2843 4228 in
2897 4180 3104 4242 quarto
3152 4174 3301 4228 libro
3348 4175 3801 4229 commemoravi

2150 4254 2303 4324 (Cap.
2338 4255 2426 4317 31,
2459 4271 2517 4307 π.
2555 4256 2628 4324 1),
2661 4271 2728 4310 ex
2774 4259 2987 4310 naturis
3037 4253 3286 4309 formula
3337 4269 3395 4309 se
3449 4255 3801 4325 scripturum

2151 4334 2352 4404 fuisse,
2380 4334 2425 4388 si
2459 4350 2661 4388 novam
2697 4335 2818 4406 ipse
2849 4337 3123 4391 conderet
3147 4336 3441 4391 civitatem
3467 4353 3480 4402 ;
3507 4335 3646 4407 quia
3667 4353 3799 4392 vero

2145 4416 2268 4485 jam
2297 4420 2545 4468 veterem
2580 4415 2898 4483 invenerat,
2949 4432 3061 4471 non
3113 4431 3173 4471 se
3225 4416 3477 4486 potuisse
3532 4416 3646 4471 nisi
3676 4416 3802 4486 ejus

2151 4495 2632 4550 consuetudinem
2665 4497 2846 4566 sequi.

2152 4644 2374 4699 CAPUT
2405 4643 2469 4698 V.
2495 4677 2561 4684 —
2587 4647 2658 4699 De
2682 4644 2867 4699 tribus
2887 4643 3179 4716 generibus
3201 4643 3488 4713 theologiae
3509 4644 3804 4699 secundum

2229 4727 2539 4789 Varronem,
2580 4725 2787 4780 scilicet
2834 4741 2943 4781 uno
2988 4726 3262 4796 fabuloso,
3304 4726 3476 4781 altero
3531 4723 3804 4793 naturali,

2222 4807 2495 4878 tertioque
2521 4807 2706 4863 civili.

2229 4944 2276 4997 1.
2310 4943 2526 4998 Deinde
2556 4942 2701 4997 illud
2737 4943 2904 5012 quale
2933 4946 3040 5010 est,
3075 4944 3228 5014 quod
3261 4943 3370 4998 tria
3402 4959 3615 5014 genera
3638 4943 3806 4999 theo‘

2153 5025 2318 5096 logie
2351 5026 2493 5080 dicit
2524 5042 2669 5093 esse,
2705 5025 2761 5079 id
2795 5029 2883 5080 est
2915 5025 3160 5081 rationis
3211 5043 3338 5097 quas
3378 5027 3448 5082 de
3481 5027 3592 5082 diis
3619 5026 3806 5098 expli-

2156 5112 2336 5174 catur,
2372 5122 2686 5174 eorumque
2728 5122 2913 5159 unum
2955 5107 3251 5176 mythicon
3282 5107 3614 5177 appellarit,
3650 5109 3806 5162 alte-

2157 5203 2283 5240 rum
2358 5184 2660 5256 physicon,
2726 5185 2961 5240 tertium
3046 5187 3258 5241 civile?
3306 5188 3506 5242 Latine
3564 5189 3613 5244 si
3665 5204 3806 5242 usus

2155 5265 2509 5328 admitteret,
2544 5282 2728 5334 genus
2779 5267 2926 5335 quod
2962 5267 3211 5336 primum
3268 5269 3482 5338 posuit,
3542 5268 3804 5322 fabulare

2155 5347 2622 5418 appellaremus;
2660 5349 2758 5403 sed
2795 5347 3127 5404 fabulosum
3179 5350 3486 5405 dicamus:
3521 5367 3552 5406 a
3584 5348 3802 5405 fabulis

2222 5554 2234 5587 ί
2271 5553 2361 5602 Ms.
2386 5554 2478 5602 766
2510 5554 2723 5617 omittit,
2748 5555 3048 5617 appellari.
3073 5554 3139 5605 Μ.
