4128 6184
259 317 374 377 181

251 451 414 506 enim
450 451 750 522 mythicon
780 454 999 510 dictum
1034 461 1164 523 est;
1198 458 1476 528 quoniam
1524 459 1693 529 μῦθος
1726 477 1909 531 greco

255 531 456 586 tabula
477 533 712 588 dicitur.
730 537 1060 592 Secundum
1079 546 1270 592 autem
1299 541 1360 592 ut
1387 543 1650 596 naturale
1663 540 1908 611 dicatur,

245 612 372 680 jam
433 619 491 668 et
547 618 907 673 consuetudo
965 618 1276 675 locutionis
1327 621 1602 678 admittit.
1654 624 1909 677 Tertium

251 694 434 748 etiam
465 695 588 765 ipse
613 696 792 752 latine
816 700 1164 766 enuntiavit,
1191 702 1342 773 quod
1374 702 1538 758 civile
1560 703 1906 774 appellatur.

250 773 477 827 Deinde
505 775 588 829 ait
615 792 628 830 ί
665 776 936 847 Mylhicon
955 781 1259 849 appellant,
1285 798 1386 852 quo
1410 773 1651 836 maxime
1679 788 1912 837 utuntur

244 857 421 934 poeta:
446 871 460 920 ;
490 855 783 926 physicon,
828 874 932 929 quo
978 859 1320 932 philosophi;
1353 862 1536 927 civile,
1569 877 1670 934 quo
1698 864 1907 934 populi.

249 933 530 1003 Primum,
563 937 778 1007 inquit,
813 939 957 1009 quod
981 943 1132 1009 dixi,
1166 945 1224 996 in
1255 959 1314 998 eo
1344 948 1472 998 sunt
1505 933 1678 999 multa
1700 933 1912 1000 contra

251 1013 593 1082 dignitatem
643 1025 694 1071 et
741 1027 1005 1074 naturam
1055 1023 1468 1077 immortalium
1515 1024 1663 1092 ﬁcta.
1714 1026 1774 1077 In
1810 1025 1912 1079 hoc

256 1093 418 1149 enim
446 1101 544 1161 est,
575 1104 633 1150 ut
660 1095 792 1152 deus
823 1099 970 1154 alius
1001 1117 1070 1155 ea:
1086 1105 1280 1172 capite,
1305 1103 1451 1157 alius
1481 1119 1553 1157 ex
1579 1106 1787 1174 femore
1811 1104 1906 1170 sit,

253 1175 409 1230 alius
433 1192 502 1231 ea:
527 1180 686 1247 guttis
716 1183 1004 1248 sanguinis
1033 1189 1242 1237 natus:
1274 1183 1331 1238 in
1365 1184 1482 1251 hoc,
1515 1195 1575 1239 ut
1604 1185 1689 1240 dii
1723 1186 1910 1254 furati

241 1257 390 1323 sint,
421 1267 480 1312 ut
509 1258 974 1329 adulleraverint,
1000 1269 1054 1317 ul
1077 1264 1376 1320 servierint
1397 1265 1646 1320 homini:
1674 1265 1910 1337 denique

241 1338 310 1417 in
339 1338 441 1392 hoc
461 1341 648 1394 omnia
679 1340 791 1394 diis
827 1345 839 1378 ι
897 1344 1306 1414 attribuuntur,
1351 1363 1471 1417 qua
1510 1362 1618 1402 non
1661 1347 1815 1402 modo
1849 1348 1907 1401 in

239 1415 543 1486 hominem,
574 1420 664 1474 sed
694 1423 860 1476 etiam
912 1440 1030 1492 qius
1073 1427 1131 1478 in
1165 1415 1693 1496 contemptissimum
1724 1427 1903 1482 homi-

236 1514 368 1552 nem
389 1499 586 1554 cadere
604 1512 852 1570 possunt.
889 1504 991 1559 Hic
1024 1515 1177 1560 certe
1212 1507 1304 1560 ubi
1351 1507 1559 1578 potuit,
1593 1507 1691 1562 ubi
1725 1523 1903 1562 ausus

243 1583 351 1644 est,
390 1579 489 1633 ubi
522 1581 883 1652 impunitum
918 1586 1157 1654 putavit,
1190 1593 1410 1656 quanta
1435 1588 1904 1644 mendacissimis

239 1658 460 1714 fabulis
493 1667 713 1716 natura:
745 1663 987 1720 deorum
1023 1666 1187 1721 fieret
1219 1667 1456 1736 injuria,
1489 1668 1617 1723 sine
1649 1667 1900 1738 caligine

243 1738 423 1794 ullius
484 1742 893 1813 ambiguitatis
941 1747 1244 1817 expressit.
1312 1748 1673 1818 Loquebatur
1720 1750 1900 1819 enim,

241 1836 359 1875 non
391 1821 465 1876 de
498 1824 756 1878 naturali
787 1824 1099 1895 theologia,
1127 1843 1239 1882 non
1273 1827 1342 1882 de
1375 1828 1548 1892 civili,
1583 1829 1681 1883 sed
1717 1829 1788 1884 de
1819 1830 1901 1884 la-

242 1899 476 1965 bulosa,
504 1919 681 1972 quam
715 1903 894 1960 libere
928 1922 961 1960 a
982 1923 1040 1960 se
1064 1908 1282 1975 putavit
1304 1924 1432 1963 esse
1450 1907 1824 1979 culpandam.

305 1979 634 2036 Videamus
665 1985 806 2054 quid
852 1985 922 2039 de
973 1984 1154 2042 altera
1187 1987 1360 2042 dicat.
1393 1987 1706 2043 Secundum
1729 2004 1901 2056 genus

235 2067 334 2128 est,
373 2061 589 2131 inquit,
623 2065 762 2134 quod
791 2065 1180 2135 demonstraui,
1216 2067 1287 2121 de
1329 2083 1433 2138 quo
1481 2069 1679 2122 mullos
1732 2069 1901 2124 libros

234 2141 555 2212 philosophi
602 2144 950 2214 reliquerunt
992 2163 1013 2199 .’
1063 2145 1126 2200 in
1155 2146 1353 2216 quibus
1383 2156 1481 2213 est,
1510 2148 1595 2202 dii
1640 2150 1737 2219 qui
1764 2150 1898 2214 sint,

237 2224 360 2288 ubi,
391 2223 535 2294 quod
563 2227 975 2296 genus,quale;
1007 2245 1037 2281 a
1057 2227 1293 2298 quodam
1324 2232 1587 2298 tempore,
1609 2246 1681 2284 an
1710 2246 1743 2286 a
1762 2246 1903 2285 sem-

229 2307 460 2376 piterno
492 2308 708 2375 [uerint
737 2307 852 2375 dii;
868 2324 938 2363 ea:
959 2308 1088 2376 igne
1106 2308 1220 2364 sint
1239 2310 1281 2376 ³,
1299 2310 1540 2365 utcredil
1562 2309 1902 2377 Heraclitus;

227 2404 301 2441 an
331 2403 409 2440 ea:
456 2390 726 2455 numeris,
757 2395 818 2444 ut
849 2388 1223 2460 Pythagoras;
1253 2407 1327 2444 an
1365 2407 1435 2447 ex
1474 2391 1703 2456 atomis,
1738 2396 1798 2445 ut
1826 2391 1906 2446 ait

230 2467 526 2538 Epicurus.
568 2468 661 2524 Sic
708 2472 846 2536 alia,
875 2486 1000 2542 quae
1052 2473 1292 2540 facilius
1348 2472 1503 2526 intra
1553 2471 1790 2542 parietes
1844 2473 1906 2527 in

231 2548 450 2618 schola,
484 2565 653 2620 quam
683 2554 840 2606 extra
872 2553 934 2607 in
955 2554 1076 2621 foro
1104 2556 1254 2622 ferre
1275 2546 1503 2623 possunt
1532 2568 1714 2608 aures.
1751 2543 1902 2607 Nihil

233 2633 292 2685 in
328 2631 438 2687 hoc
488 2648 698 2703 genere
743 2633 1016 2704 culpavit,
1050 2636 1205 2705 quod
1258 2635 1538 2707 pbysicon
1590 2639 1816 2700 vocant,
1850 2639 1906 2690 et

238 2710 311 2766 ad
345 2711 727 2782 philosophos
760 2713 1048 2785 pertinet:
1082 2719 1305 2770 tantum
1331 2716 1486 2786 quod
1519 2731 1721 2770 eorum
1754 2715 1907 2770 inter

239 2805 300 2846 se
331 2793 760 2848 controversias
790 2795 1289 2862 commemoravit,
1324 2811 1425 2866 per
1461 2811 1609 2866 quos
1642 2795 1789 2850 facta
1819 2798 1906 2850 est

245 2870 668 2927 dissidentium
718 2874 1027 2928 multitudo
1061 2879 1376 2929 sectarum.
1413 2875 1677 2930 Removit
1710 2882 1902 2928 tamen

242 2949 352 3006 hoc
385 2968 573 3019 genus
604 2971 635 3007 a
669 2953 813 3017 foro,
846 2954 902 3008 id
943 2959 1031 3009 est
1061 2972 1095 3010 a
1124 2955 1387 3026 populis;
1421 2955 1638 3010 scholis
1684 2971 1816 3011 vero
1847 2959 1904 3010 et

243 3031 578 3103 parietibus
609 3032 822 3088 clausit
854 3051 866 3089 ε
900 3033 1042 3088 illud
1079 3039 1268 3090 autem
1296 3035 1550 3107 primum
1575 3037 1903 3092 mendacis-

244 3112 466 3168 simum
521 3118 696 3183 atque
745 3115 1158 3186 turpissimum
1205 3133 1239 3171 a
1279 3117 1613 3172 civitatibus
1667 3133 1778 3173 non
1812 3133 1902 3171 re-

241 3194 449 3250 movit.
484 3192 529 3248 Ο
580 3194 882 3265 religiosas
935 3213 1104 3252 aures
1138 3197 1469 3268 p0pulares,
1503 3202 1679 3268 atque
1718 3198 1777 3251 in
1810 3197 1901 3252 his

240 3274 421 3329 etiam
455 3274 790 3331 Romanas!
826 3276 985 3339 Quod
1022 3278 1093 3333 de
1136 3277 1247 3333 diis
1296 3278 1728 3334 immortalibus
1772 3277 1902 3346 phi-

239 3353 474 3426 losOphi
523 3356 847 3426 disputant,
880 3357 1028 3412 ferre
1079 3375 1190 3413 non
1231 3369 1471 3428 possunt
1524 3376 1537 3414 :
1583 3361 1735 3430 quod
1768 3374 1898 3413 vero

238 3442 422 3505 postea
456 3441 698 3502 canunt,
731 3442 788 3491 et
818 3437 1132 3492 histriones
1163 3443 1366 3511 agunt,
1401 3441 1539 3510 quia
1580 3443 1780 3494 contra
1810 3439 1900 3492 di-

237 3518 526 3587 gnitatem
559 3533 626 3571 ac
657 3523 926 3573 naturam
960 3519 1384 3575 immortalium
1420 3521 1552 3575 ficta
1581 3526 1738 3589 sunt,
1764 3519 1900 3590 quia

238 3612 354 3654 non
388 3599 564 3653 modo
601 3598 658 3652 in
693 3597 1010 3667 hominem,
1047 3602 1147 3655 sed
1181 3603 1355 3656 etiam
1385 3601 1442 3655 in
1467 3601 1898 3671 contemptissi-

239 3695 401 3734 mum
444 3679 769 3748 hominem,
790 3681 995 3736 cadere
1019 3685 1287 3750 possunt,
1316 3697 1432 3735 non
1465 3681 1651 3736 solum
1686 3681 1896 3748 ferunt,

241 3761 336 3816 sed
369 3761 554 3814 etiam
609 3760 859 3815 libenter
897 3763 1167 3816 audiunt.
1199 3760 1396 3832 Neque
1429 3760 1486 3816 id
1516 3765 1760 3827 tantum,
1793 3761 1895 3816 sed

245 3841 359 3896 diis
412 3856 650 3912 quoque
710 3841 855 3912 ipsis
903 3842 1024 3897 haec
1067 3842 1316 3914 placere,
1366 3847 1422 3898 et
1470 3858 1572 3914 per
1623 3842 1746 3898 haec
1797 3857 1895 3897 eos

241 3920 564 3992 placandos
597 3937 726 3976 esse
747 3923 1086 3978 docernunt.

305 4003 355 4059 3.
393 4001 622 4057 Dixerit
650 4002 888 4074 aliquis,
925 4007 1060 4059 Haec
1092 4004 1204 4059 duo
1243 4018 1477 4075 genera,
1512 4003 1808 4074 mythicon
1840 4006 1896 4058 et

238 4081 548 4154 physicon,
581 4081 639 4136 id
671 4089 761 4137 est
791 4083 1115 4139 fabulosum
1150 4090 1322 4155 atque
1356 4084 1636 4148 naturale,
1671 4083 1893 4138 discera

237 4181 454 4220 namus
484 4165 558 4220 ab
582 4163 691 4220 hoc
711 4164 888 4232 civili,
922 4166 992 4222 de
1024 4183 1138 4236 quo
1173 4183 1328 4223 nunc
1352 4167 1580 4239 agitur;
1609 4167 1762 4222 unde
1794 4165 1896 4221 illa

235 4251 286 4299 et
327 4245 456 4314 ipse
500 4245 775 4300 discrevit
823 4262 836 4300 :
881 4247 1126 4318 jamque
1153 4247 1349 4317 ipsum
1385 4247 1551 4303 civile
1594 4247 1892 4302 videamus

236 4324 492 4396 qualiter
540 4325 809 4396 explicet.
842 4325 1020 4383 Video
1072 4327 1332 4398 quidem,
1371 4344 1475 4383 cur
1523 4329 1726 4384 debeat
1766 4328 1896 4382 dis»

236 4405 388 4460 cerni
439 4404 780 4460 fabulosum
834 4422 847 4460 :
901 4405 1039 4477 quia
1089 4407 1322 4475 falsum,
1355 4407 1490 4478 quia
1536 4413 1724 4479 turpe,
1759 4408 1894 4477 quia

235 4483 549 4556 indignum
598 4489 708 4541 est.
740 4485 1019 4542 Naturale
1063 4494 1255 4542 autem
1306 4505 1339 4543 a
1382 4488 1534 4543 civili
1583 4487 1728 4544 velle
1774 4488 1891 4543 dis-

235 4580 492 4634 cernere,
529 4565 667 4637 quid
698 4571 786 4620 est
825 4566 1008 4636 aliud,
1041 4584 1219 4639 quam
1270 4569 1445 4623 etiam
1489 4569 1683 4641 ipsum
1725 4567 1892 4624 civile

235 4647 395 4703 lateri
432 4662 562 4702 esse
594 4648 944 4703 mendosum
968 4649 996 4701 ?
1022 4649 1081 4704 Si
1115 4651 1273 4704 enim
1316 4649 1461 4704 illud
1495 4648 1755 4703 naturale
1781 4653 1889 4718 est,

238 4726 372 4796 quid
410 4727 584 4783 habet
615 4728 1112 4798 reprehensionis,
1135 4735 1197 4783 ut
1221 4729 1559 4784 excludatur
1580 4730 1608 4782 ?
1633 4727 1681 4784 si
1704 4733 1891 4783 autem

236 4808 336 4864 hoc
379 4808 543 4879 quod
602 4808 770 4864 civile
817 4808 1054 4876 dicitur,
1121 4809 1390 4864 naturale
1446 4826 1558 4864 non
1611 4811 1718 4873 est,
1748 4808 1887 4878 quid

234 4886 409 4943 habet
467 4888 679 4955 meriti,
734 4892 798 4944 ut
857 4890 1261 4945 admittatur?
1311 4889 1437 4946 Haec
1510 4904 1718 4959 nempe
1791 4887 1892 4942 illa

236 4983 404 5024 causa
435 4973 547 5036 est,
571 4986 752 5041 quare
801 4970 964 5041 prius
1007 4971 1310 5042 scripserit
1359 4971 1428 5024 de
1461 4970 1634 5024 rebus
1665 4969 1884 5024 huma-

237 5050 344 5115 nis,
402 5051 699 5122 posterius
748 5051 818 5106 de
866 5051 1136 5120 divinis;
1199 5050 1478 5123 quoniam
1547 5051 1606 5105 in
1678 5049 1889 5105 divinis

236 5131 402 5186 rebus
464 5147 579 5187 non
652 5135 922 5187 naturam
971 5132 1013 5202 ⁸,
1073 5133 1172 5188 sed
1246 5131 1551 5187 hominum
1621 5131 1890 5187 instituta

239 5221 468 5268 secutus
518 5217 626 5269 est.
677 5212 1012 5268 Intueamur
1069 5230 1206 5269 sane
1258 5220 1312 5269 et
1370 5213 1602 5269 civilem
1660 5210 1890 5266 theolo—

299 5371 313 5401 ¹
344 5366 440 5415 M8.
470 5365 566 5414 766
594 5366 797 5416 omittit
827 5367 1009 5423 verba,
1042 5366 1103 5415 in
1133 5367 1246 5422 hoc,
1268 5369 1349 5423 et,
1382 5366 1510 5415 diis.
1553 5367 1619 5416 M.

293 5428 317 5461 ²
347 5429 440 5479 Sic
467 5430 638 5479 nostri
667 5430 1039 5494 manuscripti.
1073 5431 1135 5478 In
1171 5431 1256 5494 B.,
1289 5445 1324 5478 α
1353 5445 1611 5494 quonam,
1630 5437 1884 5491 tempore,

240 5504 306 5537 an
335 5507 370 5539 α
397 5493 739 5555 sempiterno
771 5493 1008 5553 fuerint,
1041 5507 1118 5541 an
1138 5507 1206 5541 ea:
1235 5493 1369 5554 igne
1393 5493 1527 5541 sint.
1563 5493 1630 5541 M.

299 5557 317 5587 ³
345 5555 431 5605 Er.
465 5560 517 5606 et
544 5557 695 5617 Lov.,
728 5571 842 5604 non
873 5565 1135 5605 naturam
1164 5557 1604 5613 deorum.Abest,
1638 5555 1884 5614 deorum,

244 5618 302 5665 ab
328 5619 485 5670 editis
513 5619 640 5669 alii
667 5619 723 5668 et
750 5619 1144 5683 manuscriptis.

1659 324 1896 385 LIBER
1943 326 2272 392 SEXTUS.

3555 346 3671 409 182

2021 471 2198 542 giam.
2229 469 2471 527 Tertium
2499 489 2674 542 genus
2702 478 2798 542 est,
2824 475 3036 548 inquit,
3065 478 3206 549 quod
3233 479 3295 534 in
3325 482 3554 538 urbibus
3581 486 3671 540 ci-

2017 569 2125 619 ves,
2156 553 2401 608 maxime
2430 554 2749 622 sacerdotes,
2783 571 2933 612 nosse
2961 567 3126 629 atque
3153 561 3565 618 administrare
3584 564 3672 620 dc-

2021 634 2166 688 l)ent.
2205 636 2266 687 In
2327 651 2428 704 quo
2473 643 2570 702 est,
2605 651 2734 705 quos
2793 638 2917 692 deos
2973 640 3192 709 publice
3257 643 3450 711 colere,
3496 645 3668 716 [quae]

2016 731 2173 769 sacra
2212 730 2277 769 ac
2313 715 2590 785 sacriﬁcia
2629 720 2813 786 facere
2855 735 3117 791 quemque
3155 738 3258 792 par
3287 722 3362 776 sit
3394 724 3433 778 ¹.
3457 715 3668 780 Adhuc

2017 797 2170 865 quod
2201 795 2467 865 sequitur
2497 797 2891 853 attendamus.
2914 801 3125 867 Prima,
3151 800 3362 871 inquit,
3385 803 3668 873 theologia

2015 877 2258 929 maxime
2314 878 2721 931 accommodata
2771 879 2949 934 estad
2997 881 3285 948 theatrum,
3318 886 3560 940 secunda
3599 886 3670 940 ad

2015 956 2304 1023 munitum,
2369 959 2532 1011 tertia
2575 957 2644 1011 ad
2696 959 2898 1013 urbem.
2952 961 3090 1023 Quis
3145 979 3257 1018 non
3308 965 3518 1032 videat,
3574 966 3667 1020 cui

2018 1038 2276 1108 palmam
2331 1039 2600 1093 dederit?
2660 1038 2867 1108 Utique
2915 1046 3202 1113 secundae,
3263 1063 3440 1117 quam
3490 1064 3668 1118 supra

2017 1118 2160 1173 dixit
2191 1135 2319 1174 esse
2351 1118 2857 1190 philosophorum.
2879 1122 3036 1177 Hanc
3061 1125 3214 1180 enim
3241 1128 3527 1197 pertinere
3556 1133 3668 1182 tes-

2017 1203 2172 1254 tatur
2202 1202 2272 1255 ad
2307 1205 2618 1266 mundum,
2653 1217 2766 1270 quo
2798 1202 2891 1256 isti
2926 1203 3070 1258 nihil
3121 1222 3245 1262 esse
3288 1207 3666 1264 excellentius

2015 1282 2333 1350 opinantur
2384 1282 2443 1336 in
2503 1285 2695 1339 rebus.
2758 1285 2914 1340 Duas
2962 1302 3092 1340 vero
3144 1286 3274 1342 illas
3324 1287 3663 1359 theologias,

2016 1362 2263 1429 primam
2329 1367 2386 1418 et
2425 1367 2675 1436 tertiam,
2724 1369 2933 1423 theatri
2982 1366 3204 1422 scilicet
3259 1375 3431 1438 atque
3480 1368 3661 1434 urbis,

2016 1441 2304 1508 distinxit,
2338 1446 2712 1515 anjunxit”?
2743 1451 3018 1503 Videmus
3051 1449 3207 1502 enim
3240 1464 3354 1503 non
3386 1449 3663 1504 continuo

2017 1524 2168 1592 quod
2214 1529 2298 1577 est
2347 1526 2530 1592 urbis,
2568 1531 2856 1597 pertinere
2915 1545 3081 1598 posse
3123 1535 3172 1582 et
3225 1529 3290 1582 ad
3341 1530 3660 1594 mundum;

2015 1603 2280 1672 quamvis
2307 1608 2478 1660 urbes
2498 1623 2622 1662 esse
2645 1610 2944 1663 videamus
2973 1607 3032 1661 in
3066 1608 3323 1662 mundo:
3361 1608 3481 1662 fieri
3506 1609 3660 1662 enim

2016 1689 2205 1752 potest
2237 1688 2297 1738 ut
2349 1685 2408 1740 in
2459 1688 2620 1753 urbe,
2656 1691 2978 1744 secundum
3032 1688 3205 1742 falsas
3246 1689 3565 1758 opiniones,
3596 1704 3664 1744 ea

2013 1763 2278 1819 colantur
2326 1770 2382 1821 et
2425 1784 2488 1823 ea
2535 1771 2868 1835 credantur,
2905 1786 3152 1840 quorum
3208 1770 3264 1823 in
3321 1769 3541 1824 mundo
3571 1769 3660 1824 vel

2014 1852 2174 1900 extra
2208 1849 2496 1903 mundum
2518 1858 2722 1904 natura
2753 1850 2828 1905 sit
2858 1865 3148 1920 nusquam
3177 1866 3188 1903 :
3213 1850 3504 1906 theatrum
3527 1866 3662 1904 vero

2014 1925 2107 1980 ubi
2137 1936 2241 1995 est,
2281 1929 2390 1983 nisi
2421 1928 2479 1984 in
2514 1930 2654 1986 urbe
2678 1931 2705 1984 ?
2749 1931 2881 2002 quis
2914 1931 3206 1985 theatrum
3241 1930 3515 1997 instituit,
3548 1931 3662 1985 nisi

2014 2005 2219 2090 civitas
2242 2008 2269 2062 ?
2302 2014 2552 2090 propter
2583 2012 2722 2082 quid
2769 2010 3044 2090 instituit,
3079 2010 3190 2066 nisi
3226 2017 3460 2082 propter
3497 2010 3663 2066 ludos

2013 2087 2319 2143 scenicos?
2366 2091 2464 2144 ubi
2510 2099 2645 2146 sunt
2685 2091 2806 2146 ludi
2841 2087 3078 2157 scenici,
3110 2090 3221 2144 nisi
3256 2092 3315 2145 in
3355 2091 3526 2145 rebus
3570 2091 3666 2144 di-

2012 2168 2183 2233 vinis,
2217 2171 2284 2225 ds
2344 2172 2560 2242 quibus
2619 2173 2678 2227 hi
2729 2172 2862 2226 libri
2916 2177 3072 2227 tanta
3127 2171 3362 2226 solertia
3411 2171 3666 2226 conscri-

2013 2251 2234 2307 buntur
2255 2251 2283 2304 τ

2013 2389 2235 2445 CAPUT
2266 2390 2357 2445 VI.
2393 2420 2460 2432 —-
2493 2394 2569 2447 De
2597 2391 2874 2460 theologia
2903 2393 3170 2464 mylhica,
3195 2392 3252 2447 id
3280 2399 3357 2449 est
3384 2392 3662 2462 ,zbulosa,

2368 2474 2419 2526 et
2447 2470 2514 2526 de
2543 2472 2720 2537 civili,
2754 2477 2943 2528 contra
2983 2473 3304 2530 Varronem.

2090 2630 2140 2683 1.
2173 2635 2211 2681 0
2244 2629 2434 2686 Marce
2463 2631 2666 2697 Varro,
2691 2647 2823 2686 cum
2855 2631 2937 2687 sis
2969 2631 3141 2687 homo
3159 2631 3420 2688 omnium
3446 2633 3664 2689 acutis-

2015 2707 2202 2763 simus
2252 2716 2308 2764 et
2367 2710 2493 2765 sine
2551 2711 2668 2766 ulla
2715 2711 3082 2768 dubitatione
3130 2712 3526 2781 doctissimus,
3559 2714 3660 2770 sed

2016 2793 2212 2845 tamen
2237 2790 2430 2857 homo,
2463 2808 2575 2847 non
2609 2792 2783 2860 Deus,
2819 2809 2922 2847 nec
2951 2793 3168 2864 Spiritu
3202 2794 3300 2848 Dei
3319 2795 3388 2849 ad
3406 2794 3659 2850 videnda

2013 2872 2070 2923 et
2118 2869 2526 2927 annuntianda
2547 2872 2746 2928 divina
2775 2873 2834 2928 in
2879 2874 3183 2928 veritatem
3216 2873 3661 2946 libertatemque

2023 2949 2356 3018 subvectus,
2400 2953 2590 3008 cernis
2640 2954 2876 3024 quidem
2923 2971 3098 3025 quam
3148 2953 3266 3009 sint
3313 2969 3406 3009 res
3453 2953 3660 3010 divina

2012 3030 2084 3084 ab
2107 3029 2383 3085 humanis
2415 3033 2587 3102 nugis
2619 3041 2794 3103 atque
2819 3034 3138 3090 mendaciis
3157 3033 3497 3089 dirimenda:
3521 3050 3534 3088 :
3560 3033 3661 3089 sed

2010 3110 2418 3166 vitiosissimas
2434 3113 2776 3184 populorum
2806 3115 3108 3186 opiniones
3132 3120 3187 3171 et
3209 3115 3663 3171 consuetudines

2011 3192 2070 3246 in
2103 3192 2614 3261 superstitionibus
2647 3197 2894 3265 publicis
2925 3197 3140 3253 vereris
3170 3195 3480 3262 olfendere,
3515 3211 3663 3266 quas

2011 3290 2045 3329 a
2074 3273 2316 3328 deorum
2353 3281 2555 3330 natura
2612 3279 2944 3344 abhorrere,
2979 3277 3066 3333 vel
3102 3276 3332 3341 talium,
3366 3277 3568 3348 quales
3602 3277 3662 3331 in

2011 3351 2188 3421 huius
2213 3353 2418 3407 mundi
2441 3355 2747 3412 elementis
2764 3357 3003 3411 humani
3027 3357 3204 3412 animi
3225 3359 3555 3428 suspicatur
3579 3357 3666 3411 in-

2012 3433 2283 3499 ﬁrmitas,
2308 3439 2365 3489 et
2385 3437 2567 3490 sentis
2593 3437 2738 3507 ipse,
2763 3454 2894 3493 cum
2918 3453 3015 3492 eas
3039 3455 3454 3509 usquequaque
3475 3439 3663 3493 consi-

2010 3515 2198 3580 deras,
2217 3523 2270 3572 et
2303 3516 2496 3570 omnis
2518 3524 2710 3572 vestra
2731 3517 3053 3572 litteratura
3075 3519 3488 3572 circumsonat.
3513 3518 3662 3581 Quid

2010 3593 2105 3651 hic
2138 3599 2257 3669 agit
2291 3601 2615 3652 humanum
2658 3596 2927 3666 quamvis
2975 3596 3528 3651 excellentissimum
3571 3599 3664 3650 in-

2010 3677 2240 3745 genium
2267 3677 2295 3730 ?
2323 3677 2463 3746 quid
2498 3676 2600 3731 tibi
2633 3676 2890 3730 humana
2923 3675 3053 3729 licet
3088 3675 3393 3745 multiplex
3423 3675 3662 3743 ingens-

2009 3771 2122 3826 que
2167 3757 2434 3812 doctrina
2484 3759 2539 3810 in
2590 3755 2686 3811 his
2735 3756 3030 3825 angustiis
3061 3754 3454 3824 suffragatur?
3485 3753 3661 3808 Natu-

2007 3837 2156 3892 rales
2195 3839 2331 3893 deos
2380 3837 2568 3892 colere
2617 3836 2806 3906 cupis,
2840 3834 3040 3890 civiles
3089 3836 3308 3904 cogeris
3340 3849 3354 3888 :
3389 3834 3657 3888 invenisti

2009 3919 2156 3974 alios
2189 3917 2510 3982 fabulosos,
2546 3916 2606 3971 in
2637 3932 2786 3987 quos
2817 3913 3062 3970 liberius
3093 3915 3242 3983 quod
3296 3913 3478 3970 sentis
3527 3928 3660 3968 evo-

2009 4014 2135 4054 mas
2158 4000 2262 4070 (a),
2297 3999 2453 4053 unde
2485 4005 2542 4053 et
2571 3997 2717 4053 istos
2748 3994 2948 4052 civiles
2987 3994 3125 4051 velis
3155 3993 3379 4050 nolisve
3425 3994 3660 4065 perfun-

2009 4079 2133 4135 das.
2183 4079 2336 4134 Dicis
2381 4077 2595 4150 quippe
2634 4077 2930 4133 labulosos
2979 4076 3378 4131 accomodatos
3423 4088 3546 4130 esse
3587 4074 3658 4128 ad

2008 4159 2324 4228 theatrum,
2352 4158 2652 4214 naturales
2672 4158 2742 4212 ad
2775 4157 3076 4225 mundum,
3110 4155 3308 4212 civiles
3331 4156 3399 4210 ad
3425 4156 3655 4210 urbem:

2008 4259 2143 4299 cum
2177 4244 2429 4299 mundus
2458 4258 2605 4313 opus
2635 4241 2711 4298 sit
2752 4241 3032 4309 divinum,
3058 4240 3234 4296 urbes
3256 4255 3386 4295 vero
3417 4243 3472 4295 et
3500 4237 3661 4292 thea-

2009 4330 2100 4380 tra
2120 4343 2294 4396 opera
2326 4324 2449 4381 sint
2487 4323 2795 4379 hominum
2822 4340 2834 4390 ;
2860 4339 2964 4378 nec
3002 4322 3102 4377 alii
3143 4321 3221 4377 dii
3270 4321 3570 4376 rideantur
3601 4320 3659 4375 in

2009 4408 2271 4477 theatris,
2303 4424 2476 4480 quam
2511 4407 2610 4479 qui
2638 4408 2958 4462 adorantur
2986 4405 3045 4461 in
3077 4405 3316 4476 templis
3348 4421 3362 4470 ;
3392 4419 3495 4460 nec
3528 4403 3661 4459 aliis

2006 4488 2176 4544 ludos
2205 4487 2549 4558 exhibeatis,
2574 4503 2751 4559 quam
2777 4487 2995 4558 quibus
3024 4485 3289 4540 victimas
3321 4483 3657 4541 immolatis.

2008 4572 2240 4635 Quanto
2274 4569 2512 4626 liberius
2546 4569 2940 4640 subtiliusque
2971 4567 3082 4622 ista
3114 4566 3425 4633 divideres,
3459 4565 3659 4621 dicens

2007 4651 2153 4706 alios
2185 4667 2314 4706 esse
2344 4652 2484 4706 deos
2513 4648 2830 4714 naturales,
2861 4648 3008 4702 alios
3026 4647 3098 4700 ab
3132 4644 3468 4700 hominibus
3500 4644 3660 4699 insti-

2005 4735 2164 4787 tutos
2191 4746 2203 4798 ;
2246 4731 2345 4786 sed
2393 4731 2464 4786 de
2495 4730 2787 4785 institutis
2817 4728 2974 4782 aliud
3024 4726 3238 4781 habere
3271 4725 3490 4779 litteras
3522 4741 3658 4795 poe-

2071 4994 2087 5026 1
2120 4989 2312 5039 Omnes
2339 4987 2600 5036 Gallicani
2627 4986 2751 5034 Mss.
2783 4996 2903 5034 cum
2932 4981 3136 5044 aliquot
3164 4981 3432 5033 Romanis.
3454 4979 3653 5032 habent

2006 5053 2080 5100 sic
2110 5067 2123 5097 :
2156 5053 2219 5100 In
2252 5066 2358 5112 quo
2387 5058 2465 5097 est
2495 5064 2628 5110 quos
2659 5049 2781 5095 deos
2823 5045 3040 5112 publica
3086 5060 3250 5094 sacra.
3283 5060 3347 5094 ac
3379 5045 3652 5103 sacriﬁcia

2005 5113 2177 5163 colere
2201 5109 2464 5173 et—facere
2494 5109 2756 5173 quemque
2782 5124 2889 5168 par
2922 5109 3014 5157 sit.

2067 5179 2088 5210 ²
2125 5169 2366 5230 Ιιογ.,ἀσ
2395 5169 2679 5228 seiunxit."
2693 5173 2878 5221 Verius
2892 5173 2976 5221 Er.
2995 5174 3048 5221 et
3076 5172 3308 5222 melioris
3337 5169 3646 5231 notaeMss.,

2004 5255 2080 5288 an
2120 5239 2329 5298 junxit
2359 5249 2378 5285 ‘2
2412 5238 2602 5299 Nempe
2644 5249 2779 5299 quas
2811 5236 3198 5305 distributione
3244 5237 3365 5305 ipsa
3404 5233 3652 5305 distinxit

2007 5295 2314 5363 thco—logtas.
2345 5295 2572 5363 primam
2617 5295 2677 5348 et'
2705 5299 2934 5354 tertiam,
2984 5295 3303 5363 fabulosani_
3323 5299 3375 5344 et
3404 5295 3647 5363 civilem,

2003 5359 2212 5414 easdem
2260 5359 2502 5426 iunxisse
2538 5364 2703 5412 Varro
2733 5363 2961 5420 videtur,
2992 5363 3214 5426 alteram
3241 5361 3309 5408 ad
3336 5359 3540 5426 urbem,
3568 5359 3652 5426 _al-

2003 5431 2173 5477 teram
2200 5421 2574 5484 et'theatrum,
2603 5426 2744 5488 quod
2764 5425 2934 5488 ipsius
2963 5425 3108 5488 urbis
3137 5426 3233 5488 est,
3256 5421 3526 5488 pertinere
3555 5422 3650 5470 do-

2004 5504 2143 5540 cens.
2174 5516 2236 5526 —
2264 5489 2354 5538 Cd.
2386 5488 2527 5546 2050,
2561 5485 2826 5536 distinxit
2859 5497 2908 5536 et
2937 5487 3223 5547 adjunxit.
3255 5485 3322 5532 M.

2069 5554 2145 5614 (α)
2174 5554 2344 5611 Quare
2372 5552 2730 5601 Tertullianus
2758 5553 2814 5598 in
2851 5549 3203 5614 Apologetico.
3236 5560 3349 5610 cap.
3390 5547 3465 5606 14,
3514 5548 3649 5598 Var—

2006 5611 2190 5666 ronem
2221 5617 2378 5665 vocat
2405 5614 2662 5678 Cynicum
2691 5611 3003 5663 Romanum.
3033 5611 3292 5663 Coouucs.
