4158 6192
364 302 481 361 183

358 439 574 504 tarum,
606 433 761 489 aliud
794 432 1202 499 sacerdotum;
1238 433 1512 501 utrasque
1545 438 1736 486 tamen
1760 428 1844 485 ita
1875 443 2001 484 esse

363 517 518 573 inter
563 531 624 571 se
665 514 883 570 amicas
931 512 1219 570 consortio
1252 510 1541 575 falsitatis,
1579 515 1639 566 ut
1685 516 1860 582 gratae
1891 511 2006 565 sint

368 602 628 667 utraeque
675 595 1060 663 diemonibus,
1096 593 1309 665 quibus
1350 591 1584 647 inimica
1614 601 1697 648 est
1745 591 2007 648 doctrina

369 677 624 732 veritatis
642 675 670 729 ?

440 758 495 812 2.
522 757 887 826 Sequestrata
918 756 1091 826 igitur
1147 753 1447 825 paululum
1482 753 1794 826 theologia,
1831 768 2011 824 quam

372 834 702 893 naturalem
739 839 964 900 vocant,
990 834 1058 887 de
1092 850 1205 905 qua
1236 843 1435 906 postea
1466 834 1867 890 disserendum
1901 835 2009 896 est,

372 915 641 987 plaeetne
670 913 901 966 tandem
933 911 1108 967 vitam
1143 918 1415 970 aeternam
1441 914 1558 984 peti
1596 918 1695 968 aut
1726 911 1948 984 sperari
1982 926 2015 965 a

371 998 484 1053 diis
526 993 782 1067 poeticis,
813 994 1135 1064 theatricis,
1168 995 1431 1066 ludicris,
1463 995 1752 1052 scenicis?
1800 994 1967 1049 Absit
1997 1008 2011 1049 :

371 1077 489 1132 imo
519 1078 740 1129 avertat
769 1073 923 1130 Deus
954 1091 1124 1132 verus
1156 1082 1274 1130 tam
1308 1077 1624 1131 immanem
1648 1077 2014 1143 sacrilegam-

371 1171 483 1226 que
515 1154 888 1210 dementiam.
922 1155 1092 1222 Quid,
1114 1157 1186 1210 ab
1208 1157 1293 1210 eis
1325 1155 1484 1222 diis‘,
1510 1156 1720 1225 quibus
1750 1155 1870 1209 haec
1905 1153 2022 1224 pla-

371 1238 519 1303 cent,
549 1239 607 1288 et
641 1250 787 1304 quos
818 1234 938 1290 haec
971 1236 1220 1306 placant,
1256 1252 1389 1290 cum
1433 1251 1634 1290 eorum
1668 1236 1788 1290 illic
1819 1233 2022 1288 crimi-

371 1331 448 1370 na
471 1315 935 1386 frequententur,
967 1316 1078 1370 vita
1101 1321 1312 1370 aeterna
1349 1317 1637 1385 poscenda
1672 1316 1796 1371 est?
1818 1315 2019 1379 Nemo,

374 1403 438 1452 ut
467 1397 732 1463 arbitror,
769 1412 956 1468 usque
988 1397 1058 1451 ad
1092 1401 1319 1450 tantum
1352 1395 1737 1467 pracipitinm
1766 1395 2025 1450 furiosis-

376 1477 536 1533 simae
587 1476 906 1547 impietatis
961 1477 1200 1532 insanit.
1233 1478 1345 1532 Nec
1398 1477 1659 1533 fabulosa
1690 1477 1887 1548 igitur,
1921 1491 2025 1531 nec

379 1557 536 1616 civili
566 1557 858 1628 theologia
888 1559 1310 1629 sempiternam
1342 1559 1658 1630 quisquam
1693 1557 2030 1628 adipiscitur

381 1642 584 1694 vitam.
620 1637 723 1692 Illa
757 1638 909 1692 enim
943 1639 1014 1693 de
1064 1639 1176 1692 diis
1227 1640 1420 1710 turpia
1451 1640 1722 1710 ﬁngendo
1754 1639 2026 1700 seminat,

380 1720 503 1776 haec
544 1720 782 1776 favendo
844 1719 1006 1774 metit
1058 1736 1070 1774 :
1119 1719 1218 1775 illa
1276 1722 1582 1776 mendacia
1637 1721 1879 1792 spargit,
1913 1719 2030 1774 haec

381 1801 646 1873 colligit:
680 1799 782 1854 illa
831 1816 924 1856 res
967 1800 1193 1856 divinas
1244 1801 1406 1856 falsis
1446 1801 1792 1857 criminibus
1839 1801 2031 1856 insee-

383 1887 560 1948 tatur,
595 1880 716 1935 haec
746 1897 949 1935 eorum
982 1880 1297 1936 criminum
1324 1881 1493 1936 ludos
1526 1884 1585 1936 in
1619 1881 1830 1936 divinis
1864 1881 2034 1936 rebus

383 1960 757 2032 amplectitur
790 1978 803 2015 :
836 1960 936 2015 illa
967 1961 1036 2016 de
1085 1960 1196 2015 diis
1237 1961 1490 2016 nefanda
1523 1963 1799 2033 figmenta
1846 1960 2035 2015 homi-

383 2060 528 2100 num
565 2041 927 2097 carminibus
952 2049 1245 2112 personat,
1267 2041 1384 2096 haec
1407 2059 1473 2097 ea
1505 2043 1747 2098 deorum
1776 2043 2036 2112 ipsorum

391 2121 805 2179 festivitatibus
837 2127 1137 2176 consecrat
1169 2137 1182 2175 :
1219 2121 1475 2176 facinora
1504 2128 1562 2177 et
1593 2121 1813 2194 ﬂagitia
1844 2121 2038 2175 numi-

391 2219 532 2259 num
568 2201 666 2257 illa
697 2207 912 2267 cantat,
943 2201 1065 2257 haec
1096 2207 1254 2257 amat
1287 2220 1300 2256 :
1336 2203 1431 2256 illa
1465 2204 1677 2274 prodit,
1701 2207 1802 2258 aut
1835 2201 2037 2272 tingit;

395 2286 513 2340 haec
545 2287 742 2338 autem
785 2291 880 2337 aut
916 2287 1224 2337 attestatur
1251 2283 1426 2350 veris,
1459 2288 1559 2338 aut
1616 2284 1939 2337 oblectatur
1986 2287 2042 2336 et

393 2364 577 2422 falsis.
607 2364 810 2418 Ambae
845 2367 1066 2434 turpes,
1108 2363 1403 2432 ambaeque
1460 2363 1822 2418 damnabiles
1880 2379 1891 2418 :
1943 2362 2042 2417 sed

394 2447 512 2513 illa,
545 2462 670 2516 quas
701 2445 982 2500 theatrica
1011 2451 1120 2510 est,
1143 2444 1434 2516 publicam
1454 2445 1877 2516 turpitudinem
1914 2461 2042 2514 pro-

397 2529 592 2583 ﬁtelur
634 2546 649 2594 ;
697 2526 825 2591 ista,
884 2541 1004 2595 quis
1066 2528 1289 2580 urbana
1333 2534 1436 2591 est,
1478 2526 1636 2580 illius
1686 2525 2048 2594 turpitudine

397 2611 655 2665 ornatur.
713 2605 991 2660 Hineeine
1040 2605 1160 2659 vita
1215 2611 1432 2660 aeterna
1488 2606 1836 2676 sperabitur,
1900 2605 2050 2658 unde

396 2689 511 2744 ista
540 2685 729 2741 brevis
760 2684 1218 2755 temporalisque
1249 2685 1568 2756 polluitur?
1598 2703 1671 2741 an
1704 2701 1832 2740 vero
1871 2685 2048 2738 vitam

401 2767 611 2839 polluit
649 2765 998 2820 consortium
1043 2767 1393 2821 nefariorum
1427 2766 1758 2832 hominum,
1793 2766 1842 2820 si
1874 2780 1932 2818 se
1965 2765 2051 2818 in-

403 2851 597 2904 serant
627 2844 1028 2900 affectionibus
1057 2851 1112 2899 et
1159 2846 1599 2901 assensionibus
1631 2846 1866 2910 nostris,
1889 2854 1943 2898 et
1973 2843 2052 2896 vi-

407 2935 522 2982 tam
561 2941 675 2980 non
715 2925 925 2994 polluit
955 2925 1198 2981 societas
1237 2928 1590 2992 daemonum,
1627 2926 1726 2997 qui
1785 2925 2058 2980 coluntur

404 3005 751 3064 criminibus
809 3006 932 3060 suis
953 3006 979 3060 ‘I
1036 3005 1096 3060 Si
1163 3009 1333 3074 veris,
1368 3023 1536 3076 quam
1565 3007 1701 3062 mali
1731 3007 1758 3060 Ὺ
1787 3007 1837 3062 si
1868 3003 2056 3073 falsis,

415 3104 593 3159 quam
628 3085 776 3141 male
797 3087 825 3140 ‘I

479 3171 531 3224 3.
558 3169 688 3222 Hec
719 3183 850 3222 cum
882 3167 1156 3235 dicimus,
1189 3169 1366 3224 videri
1414 3170 1658 3224 fortasse
1688 3167 1936 3238 cuipiam
1970 3165 2056 3220 ni-

412 3251 526 3305 mis
557 3249 764 3303 harum
798 3264 989 3303 rerum
1022 3249 1220 3319 ignaro
1253 3254 1446 3319 potest
1479 3267 1547 3306 ea
1578 3249 1704 3304 sola
1731 3249 1803 3302 de
1832 3248 1944 3302 diis
1975 3251 2058 3300 ta-

411 3329 563 3384 libus
599 3327 888 3398 majestati
921 3327 1162 3398 indigna
1202 3328 1432 3397 divinae,
1467 3333 1524 3383 et
1572 3329 1837 3392 ridicula,
1871 3328 2062 3382 detes-

411 3407 921 3472 tabiliacelehrari,
939 3422 1062 3476 quae
1085 3406 1325 3476 poeticis
1349 3413 1661 3462 cantantur
1675 3407 2060 3472 carminibus,

413 3494 472 3546 et
505 3490 656 3544 ludis
687 3487 932 3544 scenicis
988 3488 1340 3556 actitantur;
1388 3505 1552 3544 sacra
1607 3505 1740 3544 vero
1789 3488 2062 3558 illa,quaa

415 3585 532 3626 non
565 3568 904 3633 histriones,
937 3568 1033 3624 sed
1061 3570 1387 3625 sacerdotes
1415 3574 1618 3641 agunt,
1644 3571 1712 3625 ab
1745 3569 1905 3626 omni
1936 3584 2064 3624 esse

414 3649 693 3706 dedecore
725 3653 970 3720 purgata
1001 3654 1058 3704 et
1093 3648 1300 3709 aliena.
1336 3651 1450 3706 Hoc
1483 3651 1532 3704 si
1579 3650 1661 3706 ita
1707 3655 1881 3718 esset,
1916 3665 2064 3704 nun-

415 3746 594 3803 quam
643 3729 957 3785 theatrieas
1000 3731 1397 3802 turpitudines
1439 3733 1496 3788 in
1541 3749 1741 3788 eorum
1785 3732 2063 3788 honorem

418 3813 729 3882 quisquam
753 3810 1130 3866 celebrandas
1157 3828 1286 3868 esse
1327 3818 1608 3880 censeret,
1642 3829 1942 3884 nunquam
1967 3828 2066 3867 eas

419 3892 527 3962 ipsi
552 3891 629 3945 dii
653 3891 1027 3961 prmeiperent
1056 3893 1294 3948 sibimet
1321 3893 1597 3949 exhiberi.
1625 3894 1732 3948 Sed
1768 3895 1895 3947 ideo
1921 3890 2068 3946 nihil

421 3973 596 4045 pudet
626 3972 696 4027 ad
729 3972 1074 4042 obsequium
1111 3973 1352 4028 deorum
1385 3975 1526 4029 talia
1556 3990 1754 4044 gerere
1803 3974 1861 4027 in
1907 3973 2072 4026 thea-

422 4052 690 4122 tris,quia
719 4051 933 4106 similia
963 4059 1247 4121 geruntur
1277 4055 1334 4108 in
1367 4053 1622 4120 templis.
1646 4053 1906 4122 Denique
1937 4065 2071 4106 cum

427 4138 787 4188 memoratus
821 4137 1020 4186 auctor
1067 4134 1291 4188 civilem
1341 4135 1692 4204 theologiam
1743 4151 1777 4188 a
1811 4132 2077 4188 fabulosa

428 4218 484 4269 et
526 4212 794 4280 naturali,
828 4213 1052 4268 tertiam
1095 4214 1413 4283 quamdam
1446 4216 1537 4268 sui
1581 4215 1833 4285 generis,
1866 4213 2076 4268 distin-

431 4309 601 4363 guere
645 4297 972 4356 conaretur,
1006 4309 1129 4348 eam
1178 4294 1360 4365 magis
1400 4309 1466 4348 ex
1517 4300 1756 4365 utraque
1791 4300 2078 4366 tempera-

433 4383 572 4439 tam,
605 4389 777 4443 quam
812 4375 884 4428 ab
926 4377 1168 4443 utraque
1222 4383 1548 4446 separatam
1597 4375 1845 4446 intelligi
1877 4376 2077 4432 voluit.

430 4455 524 4509 Ait
553 4454 731 4519 enim,
763 4469 830 4508 ea
861 4469 987 4522 quae
1020 4454 1286 4510 scribunt
1311 4459 1510 4527 poetas,
1541 4455 1732 4511 minus
1751 4471 1880 4512 esse
1903 4472 2079 4526 quam

436 4539 498 4590 ut
528 4533 724 4604 populi
765 4532 933 4604 sequi
989 4535 1275 4603 debeant;
1337 4552 1467 4606 qua:
1501 4541 1693 4592 autem
1728 4537 2081 4608 philosophi,

437 4615 585 4684 plus}
613 4629 788 4683 quam
842 4617 902 4667 ut
951 4629 1018 4668 ea
1047 4614 1283 4686 vulgum
1335 4617 1578 4671 scrutari
1627 4617 1914 4689 expediat.
1949 4619 2084 4686 Quae

435 4695 514 4748 sic
542 4691 866 4763 abhorrent,
897 4692 1108 4763 inquit,
1144 4703 1202 4750 ut
1236 4700 1417 4750 tamen
1442 4711 1511 4750 ex
1538 4704 1767 4765 utroque
1795 4713 1990 4765 genere
2015 4696 2084 4751 ad

439 4771 628 4827 civiles
657 4774 902 4828 rationes
921 4783 1206 4844 assumpta
1233 4776 1347 4829 sint
1375 4790 1483 4829 non
1510 4791 1706 4846 pauca.
1740 4780 1932 4846 Quare
1961 4790 2087 4848 qua?

441 4857 570 4910 sunt
598 4855 910 4909 communia
947 4870 1070 4910 cum
1100 4857 1319 4927 poetis',
1353 4872 1464 4910 una
1503 4873 1626 4912 cum
1655 4856 1918 4913 civilibus
1945 4860 2085 4912 scri-

447 4935 630 4991 bemus
653 4951 672 4987 .'
703 4949 731 4989 e
758 4935 953 5006 quibus
983 4936 1162 5005 major
1203 4937 1430 4992 societas
1460 4936 1610 4992 debet
1639 4953 1750 4994 esse
1781 4937 1935 4993 nobis
1963 4953 2088 4992 cum

445 5014 805 5087 philosOphis,
838 5029 1010 5084 quam
1039 5031 1160 5069 cum
1187 5015 1382 5086 poetis.
1419 5017 1542 5073 Non
1589 5034 1725 5089 ergo
1759 5018 1911 5072 nulla
1955 5033 2087 5073 cum

450 5095 654 5167 poetis.
683 5093 746 5148 Et
773 5101 967 5148 tamen
1001 5095 1112 5150 alio
1144 5094 1266 5151 loco
1316 5096 1458 5152 dicit
1503 5099 1572 5152 de
1615 5099 2090 5169 generationibus

452 5178 693 5232 deorum
729 5175 913 5245 magis
947 5175 1019 5230 ad
1050 5183 1248 5245 poetas
1280 5195 1455 5248 quam
1489 5179 1555 5232 ad
1611 5180 1878 5250 physicos
1911 5179 2090 5233 fuisse

454 5256 703 5328 populos
723 5255 1050 5311 inclinatos.
1074 5255 1176 5311 Hic
1207 5259 1359 5312 enim
1385 5257 1676 5328 dixitquid
1705 5259 1825 5313 ﬁeri
1858 5257 2090 5324 debeat;

525 5483 536 5513 ¹
566 5480 649 5529 Sic
675 5482 795 5529 Mss.
829 5482 895 5528 At
915 5480 1042 5528 editi
1075 5493 1086 5526 :
1112 5479 1403 5541 Numquid
1431 5480 1496 5527 ab
1519 5481 1596 5528 eis
1625 5481 1752 5530 diis.

526 5542 546 5574 9
578 5543 728 5590 Vind.
763 5545 879 5592 Am.
920 5545 1001 5591 Er.
1035 5545 1085 5594 et
1113 5545 1255 5602 MSS,
1288 5558 1412 5592 cum
1437 5545 1708 5606 propriis.
1742 5571 1799 5580 ——
1831 5545 1913 5594 Sic
1938 5545 2097 5593 etiam

464 5605 634 5656 nostri
665 5619 860 5657 omnes.
897 5607 966 5659 M.

1407 296 1510 357 DE
1554 292 1918 358 CIVITATE
1961 294 2116 368 DEI,
2167 293 2231 354 S.
2277 293 2706 356 AUGUSTINI

3648 292 3761 351 184

2112 429 2214 494 ibi,
2248 428 2387 499 quid
2424 428 2541 482 fiat.
2577 428 2857 499 Physicos
2889 426 3034 482 dixit
3063 425 3325 483 utilitatis
3366 441 3546 480 causa
3575 424 3768 496 scrip-

2115 511 2300 575 sisse;
2361 515 2574 579 poetas,
2609 506 3024 564 delectationis.
3060 508 3136 562 Ac
3175 523 3275 578 per
3319 505 3429 561 hoc
3460 519 3528 560 ea
3571 521 3700 576 quae
3733 521 3766 559 a

2117 591 2304 661 poetis
2336 589 2664 659 conscripta
2687 587 2880 659 populi
2912 587 3078 658 sequi
3112 603 3224 642 non
3249 587 3480 652 debent,
3515 585 3766 640 crimina

2121 674 2260 726 sunt
2289 670 2529 724 deorum
2562 687 2575 724 :
2613 686 2740 741 qua
2791 673 2978 724 tamen
3019 667 3302 723 delectant
3333 670 3391 722 et
3432 665 3676 736 populos
3710 669 3771 719 et

2123 751 2282 806 deos.
2316 750 2728 805 Delectationis
2775 750 2928 804 enim
2980 765 3176 816 causa,
3217 747 3370 803 sicut
3418 747 3580 811 dicit,
3623 745 3773 800 seri-

2123 830 2271 886 bunt
2321 835 2542 900 poetae,
2585 845 2697 886 non
2755 829 3071 885 utilitatis:
3120 844 3188 883 ea
3228 831 3425 882 tamen
3481 827 3774 893 scribunt,

2125 927 2248 980 qua
2271 910 2347 965 dii
2382 915 2674 981 expetant,
2708 909 2905 982 populi
2937 908 3267 965 exhibeant.

2130 1074 2363 1146 CAPUT
2393 1075 2513 1129 VII.
2547 1104 2613 1115 —
2645 1074 2718 1128 De
2745 1073 3022 1143 fabulosae
3048 1080 3102 1128 et
3133 1072 3314 1128 civilis
3360 1071 3643 1143 theologia
3693 1071 3774 1127 si-

2520 1154 2836 1210 militudine
2870 1157 3036 1224 atque
3071 1151 3384 1210 concordia.

2212 1322 2257 1372 t.
2283 1317 2604 1374 Revocatur
2634 1317 2812 1388 igitur
2841 1316 2912 1371 ad
2945 1315 3298 1387 theologiam
3348 1313 3574 1370 civilem
3614 1314 3782 1372 theo-

2133 1398 2287 1468 logia
2334 1399 2620 1464 iabulosa,
2662 1396 2968 1460 theatrica,
3016 1395 3268 1460 scenica,
3330 1394 3692 1466 indignitatis
3727 1399 3788 1450 et

2140 1478 2519 1550 turpitudinis
2553 1478 2726 1548 plena
2771 1491 2784 1529 :
2819 1481 2876 1530 et
2920 1476 3042 1531 haec
3088 1479 3229 1542 tota,
3262 1489 3387 1545 quae
3421 1475 3630 1530 merito
3660 1473 3790 1530 cul-

2140 1561 2332 1632 panda
2363 1565 2419 1614 et
2451 1558 2776 1628 respuenda
2800 1557 3122 1626 judicatur,
3157 1573 3289 1628 pars
3317 1556 3490 1626 hujus
3521 1564 3628 1621 est,
3661 1573 3792 1628 quin

2141 1641 2385 1697 colenda
2417 1643 2473 1694 et
2497 1638 2852 1694 observanda
2883 1644 3148 1693 censetur
3177 1652 3190 1703 ;
3228 1653 3340 1692 non
3374 1653 3515 1692 sane
3547 1654 3679 1706 pars
3711 1637 3796 1692 in-

2143 1736 2424 1792 congrua,
2464 1719 2613 1773 sicut
2643 1718 2945 1774 ostendere
2987 1717 3235 1785 institui,
3269 1720 3324 1771 et
3372 1733 3502 1786 quae
3533 1717 3604 1771 ab
3655 1717 3799 1772 uni—

2143 1818 2302 1857 verso
2335 1817 2573 1870 corpore
2603 1800 2793 1854 aliena
2833 1799 2890 1853 in
2922 1799 3257 1869 importune
3289 1795 3370 1850 illi
3421 1813 3680 1854 connexa
3709 1802 3798 1852 at-

2147 1900 2259 1954 que
2282 1897 2566 1952 suspensa
2595 1881 2688 1948 sit,
2713 1881 2811 1935 sed
2845 1879 3082 1934 omnino
3121 1893 3402 1943 consona,
3425 1884 3484 1934 et
3515 1884 3796 1950 tanquam

2148 1964 2407 2033 ejusdem
2459 1962 2719 2032 corporis
2751 1961 3079 2015 membrum
3131 1957 3676 2014 convenientissime
3706 1973 3802 2014 co-

2149 2044 2364 2116 pulata.
2400 2043 2547 2108 Quid
2581 2043 2736 2097 enim
2781 2041 2936 2095 aliud
2971 2041 3294 2095 ostendunt
3333 2038 3427 2093 illa
3460 2039 3800 2106 simulacra,

2153 2126 2369 2191 formae,
2413 2129 2628 2190 aitates,
2663 2139 2856 2190 sexus,
2891 2121 3125 2175 habitus
3179 2121 3468 2176 deorum?
3507 2119 3797 2190 numquid

2153 2205 2460 2260 barbatum
2492 2204 2717 2268 Jovem,
2751 2203 3070 2256 imberbem
3105 2201 3446 2256 Mercurium
3482 2207 3662 2271 poetae
3696 2200 3806 2254 ha-

2154 2285 2310 2352 bent,
2346 2283 2646 2354 pontiﬁces
2679 2299 2792 2337 non
2827 2281 3090 2336 habent?
3138 2281 3424 2351 numquid
3451 2280 3656 2352 Priapo
3692 2280 3802 2334 mi-

2156 2364 2254 2430 mi,
2291 2381 2402 2418 non
2455 2364 2627 2418 etiam
2679 2362 3009 2417 sacerdotes
3055 2362 3317 2416 enormia
3350 2360 3618 2432 pudenda
3653 2361 3805 2414 fece-

2158 2444 2344 2500 runt?
2393 2461 2465 2499 an
2523 2443 2692 2498 aliter
2739 2447 2850 2497 stat
2905 2442 3238 2497 adorandus
3298 2442 3357 2496 in
3411 2440 3557 2496 locis
3598 2440 3806 2509 sacris,

2160 2542 2332 2597 quam
2367 2524 2623 2596 procedit
2652 2523 2930 2578 ridendus
2951 2523 3008 2577 in
3030 2522 3271 2576 theatris
3292 2522 3320 2576 ?
3351 2539 3489 2577 num
3518 2522 3807 2576 Saturnus
3856 2515 3860 2518 ’

2161 2623 2355 2671 senex,
2408 2604 2610 2676 Apollo
2660 2603 2940 2675 ephebus,
2977 2603 3056 2656 ita
3089 2618 3345 2671 personis
3391 2607 3529 2656 sunt
3577 2601 3810 2656 histrio-

2163 2691 2536 2752 num,utnon
2570 2685 2684 2739 sint
2714 2689 2916 2738 statuae
2941 2681 3477 2737 delubrorum7cur
3507 2681 3810 2747 Forculus,

2165 2768 2264 2837 qui
2296 2767 2542 2820 Foribus
2588 2768 2812 2836 praeest,
2845 2769 2901 2817 et
2933 2763 3319 2825 Limentinus,
3355 2761 3452 2832 qui
3488 2760 3702 2827 limini,
3731 2760 3817 2815 dii

2167 2851 2305 2903 sunt
2338 2843 2604 2909 masculi,
2638 2850 2810 2913 atque
2861 2842 3011 2896 inter
3043 2842 3145 2896 hos
3188 2840 3404 2895 Cardea
3453 2840 3672 2894 femina
3701 2847 3814 2907 est,

2169 2943 2296 2998 quae
2347 2925 2642 2979 cardinem
2693 2922 2931 2978 servat?
2960 2921 3160 2977 Nonne
3202 2919 3316 2975 ista
3347 2920 3404 2973 in
3437 2935 3631 2974 rerum
3665 2918 3817 2973 divi-

2167 3021 2374 3063 narum
2424 3004 2590 3060 libris
2650 3003 3040 3074 reperiuntur,
3073 3017 3200 3073 quas
3232 3016 3430 3071 graves
3479 3003 3658 3071 poeta.-
3693 2998 3818 3055 suis

2168 3087 2527 3144 carminibus
2550 3086 2790 3156 indigna
2811 3083 3141 3140 duxerunt?
3160 3081 3444 3152 numquid
3462 3081 3638 3136 Diana
3657 3081 3822 3136 thea-

2169 3171 2316 3225 trica
2357 3172 2547 3238 portat
2578 3183 2759 3231 arma,
2793 3170 2850 3221 et
2873 3169 3092 3220 urbana
3122 3163 3468 3234 simpliciter
3493 3163 3658 3233 virgo
3689 3161 3824 3217 est?

2169 3251 2459 3322 numquid
2493 3240 2763 3306 scenicus
2790 3248 2994 3319 Apollo
3025 3247 3330 3302 citharista
3361 3248 3468 3312 est,
3503 3248 3559 3300 et
3607 3244 3679 3300 ab
3710 3243 3820 3298 hac

2171 3338 2294 3390 arte
2323 3331 2634 3402 Delphicus
2666 3329 2879 3386 vacat?
2907 3329 3014 3384 Sed
3050 3327 3168 3382 haec
3208 3326 3541 3382 honestiora
3585 3330 3722 3381 sunt
3761 3325 3822 3378 in

2173 3411 2606 3484 comparatione
2638 3410 2982 3481 turpiorum.
3017 3409 3162 3475 Quid
3187 3408 3258 3464 de
3290 3407 3421 3478 ipso
3456 3406 3594 3462 Jove
3626 3421 3824 3462 sense-

2174 3498 2330 3563 runt,
2363 3493 2461 3564 qui
2510 3493 2638 3562 ejus
2685 3491 2971 3546 nutricem
3005 3491 3063 3544 in
3123 3487 3406 3560 Capitolio
3455 3485 3828 3559 posuerunt?

2173 3575 2378 3631 Nonne
2419 3572 2664 3628 attestati
2714 3576 2854 3627 sunt
2903 3570 3247 3635 Euhemero,
3292 3569 3392 3639 qui
3443 3584 3650 3624 omnes
3684 3568 3831 3623 tales

2175 3658 2313 3712 deos
2345 3671 2458 3710 non
2519 3653 2774 3709 fabulosa
2817 3651 3172 3724 garrulitate,
3223 3650 3321 3704 sed
3367 3648 3643 3704 historica
3693 3647 3831 3702 dili~

2176 3737 2372 3810 gentia
2431 3735 2699 3790 homines
2762 3733 2941 3788 fuisse
2993 3731 3389 3801 mortalesque
3438 3727 3835 3810 conscripsit?

2178 3809 2468 3890 Epulones
2498 3815 2671 3871 etiam
2705 3815 2865 3880 deos,
2891 3811 3176 3883 parasitos
3206 3811 3476 3880 Jovis,ad
3509 3809 3633 3880 ejus
3667 3824 3835 3864 men-

2179 3917 2300 3956 sam
2351 3899 2449 3969 qui
2503 3897 2958 3960 constituerunt,
2983 3893 3121 3964 quid
3168 3893 3328 3948 aliud
3379 3907 3548 3963 quam
3593 3890 3836 3944 mimica

2182 3996 2348 4036 sacra
2379 3994 2503 4033 esse
2532 3974 2888 4032 voluerunt?
2917 3973 3064 4029 Nam
3098 3973 3383 4045 parasitos
3407 3972 3568 4028 Jovis
3596 3970 3668 4026 ad
3698 3970 3834 4040 ejus

2183 4059 2509 4115 convivium
2555 4057 2848 4112 adhibitos
2879 4055 2925 4110 si
2969 4055 3183 4109 mimus
3214 4052 3476 4122 dixisset,
3509 4053 3690 4107 risum
3725 4049 3834 4105 uti-

2185 4159 2292 4213 que
2323 4139 2600 4212 quaesisse
2629 4138 2944 4194 videretur.
2972 4136 3150 4191 Varro
3182 4135 3362 4201 dixit;
3397 4150 3510 4189 non
3542 4148 3675 4213 cum
3709 4130 3839 4213 irri-

2186 4209 2358 4278 deret'
2387 4221 2546 4285 deos,
2580 4221 2674 4274 sed
2707 4234 2841 4273 cum
2889 4216 3341 4273 commendaret.
3374 4213 3484 4269 hoc
3514 4211 3654 4267 dixit
3690 4228 3702 4266 :
3747 4209 3837 4266 di-

2185 4307 2476 4368 vinarum,
2511 4317 2626 4357 non
2678 4300 3070 4354 humanarum
3123 4311 3316 4351 rerum
3367 4293 3525 4359 libri,
3556 4293 3666 4349 hoc
3699 4307 3837 4348 eum

2189 4385 2498 4456 scripsisse
2533 4385 2852 4446 testantur;
2889 4396 2996 4434 nec
3045 4376 3143 4433 ubi
3177 4377 3347 4431 ludos
3380 4373 3844 4456 scenicosiexpo-

2190 4453 2384 4531 nebat,
2419 4463 2518 4518 sed
2549 4461 2648 4517 ubi
2680 4459 3006 4532 Capitolina
3027 4460 3152 4528 iura
3177 4455 3487 4527 pandebat.
3522 4453 3782 4522 Denique
3809 4467 3844 4506 a

2189 4545 2406 4601 talibus
2454 4541 2724 4608 vincitur,
2759 4543 2816 4596 et
2872 4539 3102 4604 fatetur,
3137 4536 3291 4592 sicut
3346 4534 3534 4590 forma
3585 4533 3847 4589 humana

2191 4627 2329 4681 deos
2364 4625 2642 4686 fecerunt,
2678 4621 2760 4676 ita
2804 4635 2902 4675 eos
2935 4615 3208 4673 delectari
3261 4615 3542 4671 humanis
3586 4613 3847 4683 volupta-

2191 4706 2350 4761 tibus
2385 4703 2719 4759 credidisse.

2259 4787 2314 4840 2.
2347 4789 2472 4840 Non
2505 4783 2661 4838 enim
2694 4787 2748 4837 et
2795 4779 3034 4852 maligni
3069 4778 3316 4850 spiritus
3348 4792 3455 4832 suo
3481 4775 3712 4847 negotio
3743 4774 3845 4829 de-

2195 4869 2451 4934 fuerunt,
2481 4872 2540 4919 ut
2572 4865 2675 4919 has
2706 4863 2908 4918 noxias
2930 4861 3236 4932 opiniones
3266 4859 3658 4914 humanarum
3691 4871 3850 4911 men-

2194 4952 2339 5006 tium
2375 4948 2766 5004 luditicatione
2806 4946 3126 4999 firmarent.
3161 4942 3322 4998 Unde
3352 4941 3527 4998 etiam
3560 4939 3703 4994 illud
3736 4943 3844 5005 est,

2197 5031 2350 5104 quod
2385 5029 2646 5084 Herculis
2689 5027 2936 5082 aedituus
2966 5025 3182 5081 otiosus
3233 5028 3404 5094 atque
3436 5022 3676 5104 feriatus
3703 5019 3852 5075 lusit

2196 5102 2434 5168 tesseris
2487 5125 2703 5175 secum,
2736 5113 2981 5177 utraque
3029 5122 3204 5161 manu
3261 5105 3603 5170 alternante,
3639 5102 3697 5156 in
3731 5117 3852 5156 una

2198 5191 2556 5248 constituens
2589 5189 2910 5252 Herculem,
2945 5187 3004 5241 in
3037 5187 3216 5240 altera
3261 5201 3323 5239 se
3367 5185 3560 5255 ipsum
3591 5199 3605 5250 ;
3637 5181 3748 5238 sub
3781 5196 3851 5236 ea

2201 5274 2551 5338 conditione,
2587 5273 2737 5338 ut,si
2770 5271 2894 5338 ipse
2923 5268 3179 5336 vicisset,
3204 5269 3274 5322 de
3307 5266 3460 5336 stipe
3499 5264 3706 5336 templi
3737 5263 3851 5319 sibi

2201 5369 2420 5411 coenam
2455 5359 2700 5424 pararet,
2732 5349 3097 5417 amicamque
3137 5345 3524 5412 conduceret;
3558 5343 3608 5398 si
3658 5346 3854 5398 autem

2201 5435 2442 5490 victoria
2470 5430 2728 5488 Herculis
2777 5429 2961 5498 ﬁeret,
2993 5427 3104 5482 hoc
3133 5426 3286 5482 idem
3327 5426 3397 5480 de
3453 5423 3704 5497 pecunia
3749 5437 3859 5478 sua

2203 5513 2486 5585 voluptati
2517 5512 2774 5570 Herculis
2800 5510 3094 5566 exhiberet
3129 5523 3142 5562 :
3168 5505 3376 5562 deinde
3408 5519 3543 5560 cum
3574 5521 3608 5560 a
3638 5519 3700 5559 se
3729 5502 3857 5573 ipso

2205 5601 2483 5667 tanquam
2516 5595 2587 5651 ab
2621 5590 2862 5649 Hercule
2899 5590 3086 5647 victus
3115 5591 3287 5657 esset,
3328 5585 3586 5642 debitam
3636 5597 3858 5640 canam
