4128 6184
445 341 562 403 187

441 483 688 548 utraque
733 481 1088 548 contempta,
1137 493 1204 531 ea
1251 489 1428 546 quam
1487 471 1813 528 naturalem
1854 476 2080 538 vocant,

443 561 591 628 apud
627 558 891 614 meliores
923 559 1149 612 animos
1183 553 1466 610 inveniret
1498 554 1710 608 locum.
1741 553 1886 607 Nam
1913 557 1971 608 et
2001 553 2086 608 ci-

441 637 574 691 vilis
607 643 662 690 et
696 638 957 693 fabulosa
987 639 1171 690 ambas
1208 633 1482 689 fabulosae
1515 639 1652 688 sunt
1681 635 1980 704 ambaaque
2005 634 2086 688 ci-

439 716 577 771 viles
602 733 614 773 :
641 720 840 773 ambas
864 717 1113 772 inveniet
1133 714 1426 770 fabulosae
1447 715 1545 784 qui
1576 714 1856 769 vanitates
1878 720 1933 769 et
1955 715 2089 769 obs-

440 797 718 853 cenitates
758 799 1060 853 ambarum
1112 798 1426 867 prudenter
1477 795 1796 866 inspexerit
1838 813 1851 861 ;
1885 797 2090 851 ambas

440 877 634 932 civiles
661 879 760 948 qui
792 877 1051 932 scenicos
1081 878 1250 932 ludos
1283 879 1638 947 pertinentes
1660 876 1728 930 ad
1764 875 2089 931 fabulosam

436 957 496 1011 in
529 959 764 1012 deorum
795 957 1053 1013 civilium
1081 958 1487 1013 festivitatibus
1514 963 1570 1012 et
1600 958 1657 1012 in
1687 957 1917 1012 urbium
1950 956 2094 1011 divi-

441 1037 531 1090 nis
564 1036 738 1091 rebus
786 1037 1117 1093 adverterit.
1154 1037 1454 1102 Quomodo
1483 1036 1658 1106 igitur
1705 1037 1831 1090 vitae
1869 1045 2092 1091 mternas

439 1115 646 1170 dandas
674 1120 927 1186 potestas
961 1117 1230 1188 cuiquam
1257 1118 1496 1172 deorum
1521 1119 1765 1171 istorum
1790 1115 2089 1183 tribuitur,

439 1209 586 1264 quos
609 1212 710 1250 sua
727 1195 1041 1252 simulacra
1062 1200 1116 1251 et
1147 1213 1307 1251 sacra
1328 1196 1706 1263 convincunt,
1733 1194 1849 1250 diis
1875 1195 2095 1249 fabulo-

439 1273 520 1328 sis
554 1276 922 1346 apertissime
961 1276 1284 1347 reprobatis
1313 1293 1438 1331 esse
1487 1275 1817 1330 simillimos
1868 1275 2092 1342 formis,

435 1357 725 1425 aetatibus,
777 1373 937 1422 sexu,
973 1358 1193 1423 habitu,
1235 1356 1547 1427 conjugiis,
1595 1354 2092 1428 generationibus,

440 1437 672 1505 ritibus,
697 1437 755 1492 in
790 1438 1004 1508 quibus
1027 1439 1304 1494 omnibus
1356 1443 1457 1493 aut
1489 1438 1753 1492 homines
1801 1438 1977 1492 fuisse
2011 1437 2094 1492 in—

439 1515 801 1585 telliguntur,
853 1528 906 1574 et
958 1535 1059 1589 pro
1111 1519 1572 1588 uniuscujusque
1610 1517 1728 1572 vita
1776 1517 1862 1572 vel
1914 1528 2093 1572 morte

445 1613 609 1652 sacra
639 1597 722 1653 eis
755 1607 806 1654 et
838 1599 1123 1655 solemnia
1158 1600 1500 1667 constituta,
1533 1600 1688 1654 hunc
1717 1614 1970 1655 errorem
2002 1599 2095 1653 iu-

444 1676 814 1734 sinuantibus
861 1680 1346 1752 firmantibusque
1379 1680 1766 1745 daemonibus,
1787 1684 1888 1735 aut
1939 1683 2095 1735 certe

445 1773 514 1812 ex
541 1760 1108 1829 qualibetoccasione
1139 1762 1604 1818 immundissimi
1627 1761 1864 1833 spiritus
1882 1761 2093 1816 tallen-

446 1838 534 1894 dis
565 1839 842 1896 humanis
866 1843 1160 1898 mentibus
1182 1842 1529 1915 irrepsisse?

553 1948 785 2004 CAPUT
819 1949 908 2004 IX.
938 1980 1005 1991 -—
1027 1951 1102 2006 De
1133 1950 1332 2020 o/ﬁcit’s
1362 1951 1709 2019 singulorum
1738 1950 1983 2006 deorum.

519 2049 574 2104 1.
605 2049 751 2114 Quid
784 2049 908 2120 ipsa
939 2050 1249 2105 numinum
1284 2051 1476 2106 officia
1509 2055 1627 2106 tam
1671 2051 1862 2106 viliter
1894 2053 2092 2106 minu-

441 2131 712 2201 tatimque
735 2130 985 2199 concisa,
1013 2139 1242 2202 propter
1259 2133 1413 2202 quod
1439 2133 1522 2187 eis
1543 2132 1743 2187 dicunt
1766 2148 1867 2203 pro
1892 2131 2096 2186 unius-

451 2210 735 2281 cujusque
766 2211 997 2280 proprio
1023 2229 1263 2267 munere
1293 2212 1609 2283 supplicari
1634 2222 1914 2282 Oportere,
1943 2213 2094 2267 unde

448 2307 562 2344 non
597 2289 828 2360 quidem
861 2293 1078 2358 omnia,
1110 2294 1210 2347 sed
1243 2292 1430 2346 multa
1451 2293 1566 2361 jam
1599 2292 1877 2359 diximus,
1903 2307 2094 2346 nonne

451 2371 786 2426 scurrilitati
816 2371 1083 2438 mimicae,
1110 2390 1276 2446 quam
1299 2377 1315 2410 ¹
1337 2373 1541 2428 divinas
1563 2380 1888 2430 consonant
1907 2374 2096 2445 digni-

440 2453 542 2508 tati
567 2451 594 2506 ?
622 2453 678 2506 Si
709 2453 855 2508 duas
887 2454 1200 2526 quisquam
1236 2454 1489 2510 nutrices
1530 2455 1832 2510 adhiberet
1859 2451 2088 2520 infanti,

437 2548 686 2604 quarum
725 2550 843 2587 una
875 2533 1020 2588 nihil
1055 2533 1167 2589 nisi
1201 2551 1412 2601 escam,
1448 2535 1628 2590 altera
1657 2534 1803 2590 nihil
1846 2535 1958 2590 nisi
1990 2551 2094 2606 po-

437 2619 558 2668 tum
591 2613 774 2679 daret,
807 2614 958 2668 sicut
981 2615 1079 2670 isti
1107 2616 1177 2671 ad
1203 2615 1313 2671 hoc
1343 2617 1487 2671 duas
1518 2617 1912 2672 adhibuerunt
1933 2618 2090 2684 deas,

437 2695 692 2750 Educam
743 2702 799 2750 et
830 2696 1133 2764 Patinam;
1181 2713 1389 2768 nempe
1431 2698 1711 2767 desipere,
1757 2704 1814 2753 et
1868 2698 2088 2770 aliquid

445 2775 626 2829 mimo
658 2775 925 2830 similein
951 2795 1058 2832 sua
1079 2779 1251 2833 domo
1273 2794 1440 2848 agere
1464 2779 1783 2834 videretur.
1817 2780 2087 2835 Liberum

440 2870 472 2908 a
503 2854 883 2910 liberamento
906 2857 1259 2927 appellatum
1283 2858 1506 2924 volunt,
1533 2860 1683 2929 quod
1710 2859 1966 2914 maresin
1992 2873 2086 2913 co-

441 2936 634 2990 eundo
668 2953 768 3005 per
797 2938 922 3006 ejus
952 2938 1298 2995 beneficium
1330 2940 1560 2996 emissis
1583 2940 1907 2995 seminibus
1938 2939 2090 2994 libe-

444 3022 682 3072 rentur:
716 3016 824 3071 hoc
858 3018 1006 3074 idem
1041 3020 1098 3075 in
1124 3021 1355 3077 feminis
1389 3038 1557 3094 agere
1590 3021 1874 3088 Liberam,
1908 3037 2084 3092 quam

443 3097 615 3152 etiam
676 3096 953 3154 Venerem
1026 3105 1253 3170 putant,
1306 3103 1458 3172 quod
1519 3106 1574 3157 et
1633 3102 1841 3171 ipsas3
1900 3100 2088 3172 perhi-

437 3179 613 3234 beant
644 3181 871 3235 semina
916 3183 1207 3250 emittere;
1247 3188 1302 3238 et
1332 3187 1404 3240 ob
1441 3185 1550 3240 hoc
1584 3184 1788 3240 Libero
1821 3184 2085 3239 eamdem

442 3259 664 3314 virilem
693 3263 954 3332 corporis
994 3273 1214 3333 partem
1252 3263 1311 3318 in
1343 3265 1556 3334 templo
1586 3266 1741 3334 poni,
1777 3266 2086 3320 femineam

440 3339 680 3394 Liberae.
711 3341 792 3394 Ad
829 3341 949 3396 haec
981 3344 1205 3398 addunt
1225 3344 1500 3400 mulieres
1522 3343 1830 3399 attributas
1866 3345 2082 3409 Libero,

443 3423 500 3473 et
555 3420 757 3475 vinum
817 3426 1054 3492 propter
1127 3423 1430 3480 libidinem
1501 3425 1924 3480 concitandam.
1991 3424 2086 3478 Sic

445 3498 826 3556 Bacchanalia
875 3517 1112 3558 summa
1152 3503 1591 3560 celebrabantur
1627 3504 1648 3538 ³
1679 3505 1928 3560 insania.
1980 3502 2089 3558 Ubi

438 3578 619 3636 Varro
652 3581 771 3652 ipse
799 3583 1113 3638 confitetur
1134 3600 1168 3639 a
1195 3583 1625 3640 Bacchantibus
1657 3586 1796 3641 talia
1818 3586 1940 3641 fieri
1971 3601 2085 3640 non

440 3661 715 3731 potuisse,
750 3661 868 3717 nisi
922 3669 1115 3720 mente
1145 3673 1454 3721 commota.
1490 3665 1621 3721 Haec
1670 3670 1863 3722 tamen
1889 3671 2089 3737 postea

436 3741 862 3812 displicueruut
901 3746 1129 3801 senatui
1169 3747 1406 3813 saniori,
1457 3751 1515 3802 et
1555 3764 1620 3802 ea
1643 3748 1824 3816 jussit
1849 3745 2086 3802 auferri.

436 3823 648 3878 Saltem
677 3823 765 3878 hic
784 3826 1018 3882 tandem
1041 3827 1283 3882 forsitan
1302 3833 1612 3883 senserunt
1634 3828 1770 3899 quid
1798 3824 2088 3882 immundi

438 3902 706 3973 spiritus,
741 3905 880 3959 dum
913 3923 1014 3976 pro
1040 3907 1150 3962 diis
1182 3907 1494 3973 habentur,
1527 3909 1585 3962 in
1619 3907 1924 3962 hominum
1960 3923 2087 3974 pos-

440 3982 558 4038 sint
587 3983 899 4038 mentibus.
925 3985 1053 4040 Haec
1075 3991 1226 4041 certe
1249 4003 1364 4041 non
1388 3987 1592 4041 fierent
1613 3987 1670 4041 in
1693 3986 1955 4041 theatris.
1983 3986 2088 4040 Lu-

448 4063 595 4117 dunt
619 4064 833 4134 quippe
862 4064 963 4130 ibi,
991 4082 1102 4120 non
1137 4066 1368 4120 furunt:
1397 4067 1658 4135 quamvis
1687 4067 1823 4120 deos
1854 4066 2088 4134 habere,

447 4143 557 4233 qui.
605 4143 780 4198 etiam
811 4143 968 4200 ludis
996 4145 1208 4201 talibus
1251 4145 1630 4213 delectentur,
1664 4146 1857 4204 simile
1898 4145 1975 4202 sit
2004 4149 2090 4203 fu-

447 4238 614 4278 POFIS.

509 4322 561 4373 2.
597 4319 775 4382 Quale
797 4325 988 4377 autem
1024 4321 1168 4376 illud
1200 4331 1306 4391 est,
1341 4323 1492 4394 quod
1524 4338 1652 4378 cum
1687 4322 2025 4395 religiosum
2057 4345 2089 4382 a

442 4401 850 4471 superstitioso
883 4419 948 4457 ea
979 4402 1349 4459 distinctione
1382 4404 1694 4471 discernat,
1719 4409 1833 4460 uta
1855 4422 2088 4476 supers-

441 4480 634 4536 titioso
665 4481 815 4536 dicat
847 4481 1039 4537 timeri
1071 4483 1229 4550 deos,
1264 4500 1295 4538 a
1327 4481 1592 4555 religioso
1631 4489 1827 4539 autem
1859 4490 2087 4543 tantum

439 4562 626 4616 vereri
645 4565 707 4615 ut
729 4566 1022 4632 parentes,
1048 4579 1159 4617 non
1200 4573 1258 4618 ut
1296 4563 1490 4618 hostes
1517 4564 1738 4632 timeri;
1764 4571 1939 4636 atque
1965 4584 2089 4622 om-

441 4656 544 4696 nes
576 4641 656 4695 ita
694 4642 876 4696 bonos
931 4643 1103 4710 dicat,
1139 4647 1203 4698 ut
1259 4644 1488 4700 facilius
1515 4646 1592 4700 sit
1619 4661 1716 4700 eos
1751 4647 2090 4703 nocentibus

441 4737 696 4793 parcere,
731 4723 1134 4794 quamlaadere
1166 4741 1522 4797 quemquam
1559 4725 1959 4783 innocentem:
1993 4733 2088 4783 ta-

440 4817 576 4858 men
609 4801 835 4858 mulieri
879 4805 1001 4860 fetaz
1047 4809 1177 4877 post
1209 4810 1443 4878 partum
1476 4811 1593 4862 tres
1626 4807 1762 4862 deos
1815 4810 2088 4865 custodes

441 4889 852 4938 commemorat
900 4883 1185 4950 adhiberi,
1230 4901 1300 4940 ne
1346 4885 1610 4941 Silvanus
1643 4887 1787 4941 deus
1829 4903 1930 4959 per
1960 4904 2092 4944 noc-

441 4969 550 5018 tem
601 4962 958 5033 ingrediatur
987 4969 1043 5020 et
1072 4973 1231 5020 vexet
1259 4984 1274 5034 ;
1308 4983 1628 5038 eorumque
1660 4968 1971 5023 custodum
2003 4969 2086 5024 si-

441 5043 905 5116 gnificandorum
929 5060 1106 5100 causa
1135 5050 1252 5102 tres
1280 5046 1547 5103 homines
1573 5051 1747 5102 noctu
1781 5048 2090 5104 circumire

516 5211 531 5244 ί
557 5211 903 5277 Editi,ma-gis
927 5226 1110 5277 quam,
1133 5213 1572 5277 At_manuscripti
1603 5218 1785 5264 carent
1814 5215 2092 5277 particula,

449 5276 631 5335 magis
655 5292 684 5347 ,ζ
721 5287 858 5347 quae
913 5274 1126 5347 quidem
1174 5275 1293 5324 aliis
1347 5274 1610 5326 similibus
1661 5278 1789 5326 locis
1814 5274 2094 5328 bmittitur

457 5338 1062 5466 sagpgigtl'iﬁdgasdiFZt
1089 5400 1217 5466 Mss.
1244 5403 1308 5466 A_t
1344 5403 1423 5466 Er.
1456 5403 1602 5466 Lov.,
1644 5403 1843 5466 ipsam.

510 5457 533 5492 3
564 5459 649 5509 Sic
678 5463 846 5511 nostri
874 5462 1240 5525 manuscripti.
1273 5464 1330 5511 In
1361 5465 1434 5517 Β..
1466 5457 1832 5516 σεῑεόνᾱηεαν.
1866 5469 1932 5516 Μ.

1508 341 1609 399 DE
1653 330 2021 400 CIVITATE
2066 337 2216 406 DEI,
2261 338 2324 398 S.
2375 336 2804 399 AUGUSTINI

3727 337 3846 396 188

2187 471 2394 526 limina
2424 471 2653 537 domus,
2687 475 2742 526 et
2767 472 2954 542 primo
2985 472 3160 526 limen
3192 470 3381 526 securi
3416 469 3608 537 ferire,
3643 475 3849 540 postea

2195 551 2330 623 pilo,
2363 552 2534 607 tertio
2583 553 2881 607 deverrere
2923 552 3133 623 scopis,
3167 556 3230 606 ut
3279 551 3370 606 his
3407 551 3557 606 datis
3606 549 3850 608 cultura

2195 632 2401 704 signis,
2429 633 2572 688 deus
2594 632 2866 688 Silvanus
2890 632 3268 703 prohibeatur
3290 632 3508 686 intrare
3533 648 3545 685 :
3579 634 3729 702 quod
3757 649 3855 688 ne-

2195 731 2309 784 que
2338 714 2574 768 arbores
2597 715 2901 769 caeduntur
2923 731 2987 770 ac
3007 717 3286 785 putantur
3306 713 3432 768 sine
3459 713 3629 782 ferro,
3661 729 3853 784 neque

2197 797 2280 848 far
2312 795 2616 850 coniicitur
2646 795 2772 850 sine
2815 794 2952 866 pilo,
2986 810 3176 864 neque
3208 795 3402 864 fruges
3433 799 3854 850 coacervantur

2197 877 2322 930 sine
2349 876 2574 945 scapis;
2600 876 2670 930 ab
2704 873 2795 928 his
2826 879 3021 928 autem
3054 873 3236 929 tribus
3264 874 3438 929 rebus
3471 881 3585 928 tres
3616 889 3858 929 nuncu-

2200 959 2366 1025 patos
2393 957 2554 1022 deos,
2589 955 3014 1010 lntercidonam
3034 973 3065 1007 a
3096 953 3318 1009 securis
3340 953 3737 1020 lntercisione,
3761 953 3854 1008 Pi-

2198 1036 2467 1091 lumnum
2510 1053 2543 1090 a
2604 1035 2740 1106 pilo,
2785 1041 3087 1092 Deverram
3137 1051 3170 1089 a
3227 1035 3437 1104 scopis,
3490 1034 3702 1104 quibus
3737 1033 3854 1088 diis

2199 1117 2538 1172 custodibus
2557 1121 2754 1172 contra
2773 1116 2887 1170 vim
2903 1115 2993 1171 dei
3008 1114 3240 1187 Sylvani
3261 1115 3372 1170 feta
3386 1115 3859 1170 conservaretur?

2201 1202 2284 1253 lta
2313 1203 2517 1254 contra
2547 1197 2636 1252 dei
2670 1199 2933 1252 nocentis
2966 1197 3240 1251 savitiam
3265 1212 3378 1250 non
3412 1196 3630 1250 valeret
3661 1200 3852 1250 custo-

2199 1279 2296 1334 dia
2343 1279 2650 1344 bonorum,
2688 1277 2799 1333 nisi
2845 1276 3041 1348 plures
3092 1280 3288 1332 essent
3317 1276 3597 1332 adversus
3647 1292 3858 1335 unum,

2199 1361 2364 1429 eique
2394 1375 2618 1430 aspero,
2647 1358 2952 1422 horrendo,
2985 1357 3223 1424 inculto,
3243 1361 3438 1427 utpote
3481 1355 3753 1422 silvestri,
3778 1356 3862 1411 si-

2201 1441 2330 1511 gnis
2352 1440 2592 1496 cultura:
2616 1444 2895 1508 tanquam
2919 1438 3225 1494 contrariis
3251 1441 3667 1509 repugnarent.
3693 1439 3856 1491 Itane

2199 1522 2309 1576 ista
2339 1526 2426 1577 est
2447 1520 2778 1575 innocentia
2796 1519 3060 1584 deorum,
3086 1519 3194 1572 ista
3216 1517 3528 1574 concordia
3553 1516 3581 1570 ?
3605 1516 3860 1572 haeccine

2198 1606 2339 1656 sunt
2365 1601 2607 1655 numina
2636 1599 2891 1655 salubria
2914 1599 3175 1664 urbium,
3201 1597 3389 1670 magis
3413 1597 3654 1652 ridenda
3673 1614 3857 1667 quam

2202 1680 2448 1738 ludibria
2471 1681 2869 1735 theatrorum‘
2902 1679 2930 1733 ?

2271 1763 2326 1818 3.
2375 1763 2520 1818 Cum
2556 1777 2682 1815 mas
2712 1764 2768 1815 et
2799 1759 3016 1815 femina
3045 1759 3509 1830 conjunguntur,
3541 1758 3857 1814 adhibetur

2202 1843 2344 1898 deus
2372 1841 2723 1912 Jugatinus:
2757 1840 2960 1895 sithoc
2998 1840 3323 1896 ferendum.
3356 1839 3468 1894 Sed
3491 1839 3732 1894 domum
3765 1843 3856 1893 est

2202 1923 2471 1978 ducenda
2499 1938 2618 1993 quas
2650 1920 2841 1987 nubit,
2865 1921 3176 1975 adhibetur
3204 1923 3262 1974 et
3283 1920 3429 1974 deus
3453 1917 3856 1982 Domiducus;

2203 2008 2266 2058 ut
2294 2003 2352 2058 in
2377 2003 2546 2058 domo
2568 2001 2666 2069 sit,
2696 2001 3002 2056 adhibetur
3022 2001 3166 2056 deus
3196 1999 3479 2055 Domitius
3509 2017 3521 2066 ;
3546 2003 3610 2054 ut
3629 2005 3860 2054 maneat

2201 2100 2333 2140 cum
2363 2084 2505 2148 viro,
2532 2082 2764 2137 additur
2794 2083 2902 2136 dea
2925 2081 3255 2136 Manturna.
3285 2080 3434 2143 Quid
3457 2081 3610 2135 ultra
3641 2079 3854 2150 quaeri-

2201 2171 2298 2220 tur
2319 2165 2346 2218 ?
2378 2168 2654 2218 Parcatur
2683 2162 2950 2217 humanas
2980 2161 3341 2216 verecundiae
3363 2177 3376 2214 :
3402 2165 3854 2230 peragatcaatera

2201 2242 2677 2315 concupiscentia
2723 2243 2914 2297 carnis
2945 2246 3002 2296 et
3039 2241 3364 2313 sanguinis,
3401 2243 3704 2312 procurata
3755 2255 3854 2294 se-

2200 2332 2353 2382 creto
2385 2325 2644 2396 pudoris.
2676 2324 2823 2388 Quid
2857 2322 3136 2394 impletur
3165 2322 3502 2378 cubiculum
3533 2321 3705 2375 turba
3745 2336 3853 2374 nu-

2200 2409 2450 2473 minum,
2485 2405 2716 2477 quando
2747 2409 2805 2460 et
2835 2402 3220 2476 paranymphi
3245 2402 3383 2458 inde
3412 2401 3719 2457 discedunt
3741 2399 3851 2454 i’Et

2201 2491 2270 2544 ad
2306 2490 2412 2544 hoc
2443 2488 2741 2558 impletur,
2775 2501 2890 2541 non
2923 2488 2982 2540 ut
3023 2500 3223 2540 eorum
3255 2483 3556 2554 prasentia
3599 2481 3857 2552 cogitata

2201 2571 2389 2641 major
2417 2570 2492 2624 sit
2514 2585 2649 2623 cura
2681 2565 2994 2639 pudicitiae,
3021 2564 3124 2620 sed
3147 2569 3208 2620 ut
3240 2564 3488 2630 feminae,
3518 2579 3662 2618 sexu
3682 2561 3856 2616 infir-

2199 2667 2328 2718 mas,
2363 2649 2616 2705 novitate
2650 2647 2893 2718 pavidae,
2925 2645 3045 2700 illis
3083 2645 3534 2715 cooperantibus
3566 2642 3695 2697 sine
3727 2641 3851 2696 ulla

2197 2731 2539 2786 difficultate
2560 2727 2860 2799 virginitas
2875 2727 3172 2780 auferatur
3191 2741 3203 2781 :
3222 2725 3384 2780 adest
3408 2724 3562 2779 enim
3584 2724 3691 2778 dea
3715 2721 3856 2775 Vir-

2195 2809 2498 2881 giniensis,
2529 2814 2585 2865 et
2614 2809 2760 2863 deus
2788 2811 2948 2878 pater
2975 2805 3242 2877 Subigus,
3267 2813 3320 2858 et
3351 2804 3458 2858 dea
3490 2806 3678 2857 mater
3707 2807 3852 2856 Pre-

2196 2907 2308 2957 ma,
2333 2895 2389 2945 et
2411 2891 2516 2944 dea
2538 2887 2831 2944 Pertunda
2850 2889 2889 2954 ⁸,
2911 2891 2968 2942 et
2987 2886 3200 2954 Venus,
3225 2890 3282 2940 et
3303 2885 3542 2954 Priapus
3566 2883 3661 2951 (a).
3692 2881 3850 2946 Quid

2195 2978 2285 3029 est
2316 2973 2470 3028 hoc?
2498 2972 2556 3026 Si
2588 2972 2824 3026 omnino
2847 2968 3206 3025 laborantem
3238 2966 3296 3020 in
3319 2965 3416 3020 illo
3447 2978 3618 3033 opere
3649 2963 3853 3016 virum

2195 3055 2267 3111 ab
2309 3052 2421 3108 diis
2480 3051 2740 3119 adjuvari
2776 3050 3101 3122 oportebat,
3136 3063 3249 3103 non
3301 3045 3594 3100 sufficeret
3622 3041 3853 3114 aliquis

2195 3150 2367 3202 unus,
2401 3138 2498 3188 aut
2519 3133 2717 3203 aliqua
2739 3130 2897 3186 una?
2927 3128 3224 3200 Numquid
3257 3126 3454 3182 Venus
3484 3124 3611 3180 sola
3634 3139 3854 3194 parum

2193 3231 2338 3278 esse,
2381 3231 2508 3285 quas
2547 3213 2620 3267 ob
2672 3212 2778 3266 hoc
2822 3211 2998 3265 etiam
3041 3208 3252 3263 dicitur
3284 3209 3640 3285 nuncupata,
3687 3204 3849 3285 quod

2193 3296 2318 3351 sine
2343 3281 2467 3364 ejus
2487 3291 2581 3346 vi3
2605 3291 2818 3348 femina
2846 3291 3008 3361 virgo
3029 3303 3154 3344 esse
3185 3303 3301 3342 non
3335 3284 3606 3342 desinat?
3634 3285 3695 3364 Si
3724 3281 3854 3337 ulla

2192 3381 2277 3432 est
2300 3363 2454 3430 frons
2483 3373 2541 3428 in
2574 3370 2930 3438 hominibus,
2963 3387 3090 3442 quas
3124 3385 3238 3424 non
3269 3371 3355 3423 est
3383 3367 3442 3421 in
3473 3363 3849 3431 numinibus,

2195 3471 2386 3512 nonne
2426 3470 2560 3509 cum
2611 3454 2853 3508 credunt
2901 3449 3195 3521 conjugati
3242 3452 3326 3503 tot
3369 3449 3506 3503 deos
3540 3444 3848 3514 utriusque

2193 3555 2366 3595 sexus
2389 3552 2515 3592 esse
2535 3538 2869 3606 presentes,
2893 3537 2949 3587 et
2976 3530 3106 3586 huic
3129 3530 3288 3602 operi
3314 3529 3616 3594 instantes,
3641 3526 3718 3580 ita
3740 3541 3820 3606 pu
3836 3554 3860 3567 -

2195 3621 2332 3675 dore
2361 3605 2722 3681 afficiuntur,
2756 3619 2821 3668 ut
2859 3617 2914 3668 et
2943 3611 3042 3666 ille
3084 3614 3278 3666 minus
3313 3615 3626 3675 moveatur,
3661 3610 3718 3660 et
3746 3605 3854 3659 illa

2194 3699 2325 3772 plus
2363 3696 2723 3754 reluctatur?
2752 3695 2819 3749 Et
2850 3697 3001 3748 certe
3032 3691 3081 3748 si
3113 3693 3272 3748 adest
3293 3689 3682 3772 Virginiensis
3713 3685 3858 3752 dea,

2194 3767 2258 3834 ut
2280 3779 2488 3850 virgini
2522 3794 2665 3832 zona
2694 3775 2986 3842 solvatur;
3021 3773 3069 3829 si
3103 3773 3269 3827 adest
3299 3772 3444 3825 deus
3475 3767 3746 3836 Subigus.
3786 3774 3856 3820 ut

2194 3861 2313 3916 viro
2345 3860 2685 3930 subigatur;
2723 3857 2770 3912 si
2803 3856 2969 3910 adest
2991 3855 3100 3909 dea
3131 3854 3355 3919 Preme,
3390 3856 3454 3906 ut
3484 3851 3752 3930 subacta,
3779 3862 3862 3930 ne

2193 3957 2256 3997 se
2278 3927 2658 4006 commoveat,
2683 3936 3134 4006 comprimatur;
3158 3935 3263 3988 dea
3284 3929 3577 3987 Pertunda
3598 3928 3678 3982 ibi
3701 3927 3862 3997 quid

2196 4020 2334 4075 facit
2353 4020 2379 4074 ?
2404 4019 2737 4084 Erubescat,
2763 4021 2854 4072 eat
2878 4015 3029 4070 foras
3055 4031 3068 4070 :
3094 4017 3228 4084 agat
3250 4011 3473 4083 aliquid
3496 4018 3548 4065 et
3571 4008 3859 4063 maritus.

2194 4099 2376 4156 Valde
2397 4099 2773 4154 inhonestum
2797 4099 2908 4162 est,
2938 4100 3004 4150 ut
3025 4093 3181 4165 quod
3206 4098 3442 4148 vocatur
3462 4090 3582 4154 illa,
3607 4085 3864 4158 impleat

2195 4181 2510 4252 quisquam
2551 4178 2665 4234 nisi
2698 4177 2815 4233 ille.
2859 4175 2969 4232 Sed
3007 4177 3151 4230 forte
3199 4173 3330 4228 ideo
3373 4171 3672 4252 toleratur,
3707 4167 3864 4238 quia

2195 4249 2304 4316 dea
2332 4249 2543 4315 dicitur
2570 4274 2720 4321 esse,
2756 4273 2870 4312 non
2902 4257 3065 4312 deus.
3112 4253 3258 4310 Nam
3291 4254 3341 4308 si
3384 4249 3687 4307 masculus
3724 4264 3870 4306 cre-

2196 4343 2446 4404 deretur,
2468 4345 2524 4395 et
2544 4339 2876 4395 Pertundus
2901 4343 3214 4402 vocaretur,
3243 4332 3430 4404 magis
3451 4334 3468 4367 ⁶
3491 4335 3691 4386 contra
3714 4344 3868 4384 eum

2196 4439 2295 4494 pro
2320 4422 2516 4477 uxoris
2534 4419 2812 4492 pudicitia
2834 4414 3354 4490 posceretmaritus
3373 4411 3872 4494 auxilium,quam

2197 4490 2310 4558 feta
2339 4490 2548 4558 contra
2571 4499 2890 4556 Silvanum.
2925 4499 3035 4554 Sed
3069 4496 3206 4568 quid
3230 4495 3338 4550 hoc
3361 4492 3576 4560 dicam,
3601 4506 3736 4546 cum
3777 4490 3871 4544 ibi

2196 4583 2274 4639 sit
2303 4586 2359 4638 et
2389 4581 2631 4653 Priapus
2664 4581 2879 4635 nimius
2910 4576 3203 4633 masculus
3233 4575 3277 4643 ⁵,
3312 4590 3488 4644 super
3519 4571 3693 4642 cujus
3727 4570 3872 4625 im-

2198 4661 2600 4719 manissimum
2630 4666 2686 4716 et
2718 4659 3125 4731 turpissimum
3159 4655 3446 4711 fascinum
3479 4653 3681 4708 sedere
3711 4665 3877 4706 nova

2198 4751 2381 4819 nupta
2427 4745 2760 4816 jubebatur,
2805 4757 2961 4798 more
3001 4737 3418 4795 honestissimo
3451 4739 3510 4791 et
3535 4732 3878 4804 religiosis-

2265 4981 2281 5014 1
2320 4975 2448 5025 Sola
2477 4975 2638 5024 editio
2668 4974 2814 5029 Lov.,
2832 4985 3005 5034 quam
3027 4969 3282 5018 ludibria
3302 4976 3590 5031 poetarum
3624 4971 3674 5011 et
3701 4962 3880 5014 thea-

2206 5049 2444 5088 trorum.

2265 5103 2286 5136 ²
2321 5101 2404 5149 Sic
2437 5101 2552 5149 Am.
2584 5102 2638 5149 et
2672 5099 2797 5147 Mss.
2834 5097 2903 5145 At
2930 5097 3086 5146 Vind.
3119 5097 3200 5144 Er.
3234 5096 3382 5150 Lov..
3429 5089 3732 5143 Partunda
3765 5104 3788 5138 :
3821 5093 3886 5141 et

2202 5166 2361 5216 infra.
2396 5162 2728 5210 Partundu:
2757 5177 2779 5226 ;_
2807 5160 2919 5226 loco
2951 5160 3279 5226 Pertundas
3412 5219 3422 5226 .
3764 5216 3777 5226 ο

2269 5229 2290 5260 ³
2315 5226 2486 5275 Nostri
2517 5223 2883 5284 manuscripti,
2917 5223 3062 5285 quod
3078 5223 3128 5269 si
3135 5237 3198 5270 ne
3218 5221 3288 5281 ri,
3321 5219 3517 5270 omissa
3536 5230 3682 5272 voce.
3713 5219 3885 5275 ejus.

2208 5291 2272 5339 Μ.

2266 5355 2285 5387 ⁸
2317 5353 2440 5400 Lov.
2466 5353 2520 5400 et
2548 5350 2753 5412 aliquot
2781 5349 2923 5409 Mss,
2957 5348 3166 5406 maius.
3203 5374 3263 5412 -τ
3302 5346 3385 5394 Sic
3413 5343 3602 5393 nostri.
3635 5343 3702 5390 M.

2270 5418 2288 5450 ⁵
2321 5415 2443 5463 Sola
2476 5410 2809 5467 editio'Lov”
2843 5413 3016 5460 nimis
3048 5410 3353 5458 masculus.

2265 5479 2340 5540 (α)
2375 5479 2504 5527 Vide
2533 5477 2726 5526 Arnob.
2759 5475 2852 5527 lib.
2883 5477 2910 5522 4
2940 5476 2993 5523 et
3020 5475 3258 5522 Lactant.
3294 5471 3392 5520 lib.
3426 5471 3470 5532 1,
3506 5483 3620 5531 cap.
3651 5467 3733 5518 20.
