4158 6192
283 318 405 380 189

277 454 439 507 simo
473 461 874 518 matronarum
898 464 915 499 ¹
941 464 969 520 ?

366 542 419 599 4.
443 543 605 641 .Eant
635 549 845 641 adhuc,
868 553 1176 641 etcivilem
1211 558 1555 632 theologiam
1581 581 1615 619 a
1650 565 1944 641 theologia

284 622 584 695 fabulosa,
619 630 792 685 urbes
823 650 855 688 a
900 634 1159 705 theatris,
1195 622 1477 711 templaua
1529 648 1743 714 scenis,
1776 622 1939 707 sagra

289 704 638 774 pontiﬁcum
672 727 705 765 a
744 714 1100 772 carminibus
1146 704 1474 791 poetarum,
1508 726 1667 781 velut
1716 704 1806 784 res
1840 731 1941 787 ho-

281 790 484 840 nestas
506 803 540 841 a
569 790 863 861 turpibus,
895 811 1126 854 veraces
1159 816 1193 853 a
1220 800 1545 871 fallacibus,
1568 822 1771 877 graves
1802 828 1832 864 a
1867 812 1939 869 le-

277 863 473 933 vibus,
523 870 702 926 serias
734 887 768 926 a
814 871 1080 941 ludicris,
1113 884 1472 951 appetendas
1496 863 1542 940 a'
1568 863 1935 960 Fespuendis,

272 960 400 1027 qua
427 955 673 1018 possunt
703 954 873 1022 quasi
895 962 1185 1014 conentur
1221 962 1540 1021 subtilitate
1582 954 1933 1027 discernere;

275 1024 684 1108 intelligimus
715 1032 856 1103 quid
888 1042 1099 1108 agant:
1126 1039 1285 1098 illam
1307 1042 1652 1102 theatricam
1685 1053 1744 1104 et
1774 1024 1938 1106 fabu-

276 1104 478 1200 losam
504 1107 856 1200 theologiam
894 1104 965 1171 ab
1002 1116 1114 1173 ista
1160 1119 1313 1176 civili
1349 1126 1595 1194 pendere
1628 1104 1934 1200 noverunt,

279 1190 346 1239 et
365 1185 517 1280 ei‘de
547 1191 909 1280 carminibus
940 1202 1242 1280 poetarum
1276 1185 1561 1275 tanquam
1596 1209 1668 1263 de
1697 1185 1935 1280 speculi;

279 1266 569 1323 resultare
602 1286 616 1336 ;
647 1274 704 1325 et
757 1273 889 1330 ideo
943 1266 1054 1333 ista
1108 1266 1417 1355 exposita;
1444 1303 1622 1357 quam
1655 1266 1936 1348 damnare

288 1362 415 1402 non
449 1350 681 1419 audent,
714 1353 876 1410 illam
907 1358 1035 1429 ejus
1057 1350 1650 1433 imaginem'liberius
1678 1376 1935 1444 arguunt

282 1431 346 1521 et
376 1429 824 1521 reprehendunt,
857 1442 920 1491 ut
968 1442 1065 1510 qui
1099 1429 1425 1513 agnoscunt
1464 1449 1605 1519 quid
1646 1429 1847 1521 velint,
1879 1464 1933 1510 et

274 1507 433 1563 hanc
466 1511 653 1581 ipsam
689 1515 916 1586 faciem,
950 1507 1247 1589 cujusvilla
1280 1507 1599 1599 imagoest,
1632 1507 1929 1589 detesten;

275 1596 412 1656 tur;
442 1607 618 1661 quam
651 1599 845 1651 tamen
895 1600 973 1654 dii
1002 1602 1112 1670 ipsi
1146 1596 1427 1677 tanquam
1454 1610 1510 1664 in
1535 1596 1736 1668 eodem
1782 1630 1926 1686 spe-

273 1669 408 1762 culo
440 1688 503 1727 se
533 1672 830 1765 intuentes
850 1679 938 1765 ita
960 1682 1223 1751 diligunt,
1259 1669 1322 1742 ut
1342 1689 1441 1759 qui
1465 1692 1778 1765 qualesque
1797 1669 1928 1752 sint

271 1750 343 1807 in
372 1758 617 1825 utraque
648 1758 858 1815 melius
888 1750 1212 1821 videantur.
1249 1750 1401 1825 Unde
1447 1750 1621 1831 etiam
1670 1750 1924 1834 dultores

270 1848 417 1887 suos
447 1835 1090 1922 terribil‘ibusimperiis
1121 1851 1551 1922 compulerunt,
1590 1856 1926 1913 utimmun-

268 1911 478 2004 ditiam
510 1914 830 2004 theologia;
888 1911 1169 1981 fabulosae
1225 1911 1337 1984 sibi
1382 1911 1669 2004 dicarent,
1704 1936 1764 1991 in
1795 1911 1922 1993 suis

268 1992 750 2086 solemnitatibus
773 2011 1076 2089 ponerent,
1096 2007 1155 2062 in
1179 2010 1353 2067 rebus
1376 2013 1592 2071 divinis
1611 1992 1918 2089 haberent;

266 2078 450 2144 atque
487 2076 564 2131 ita
595 2085 648 2133 et
678 2096 740 2135 se
771 2081 934 2152 ipsos
983 2084 1488 2149 immundissimos
1518 2096 1758 2165 spiritus
1790 2076 1920 2155 ma;

270 2155 550 2242 nifestius
584 2174 708 2216 esse
755 2162 1099 2237 docuerunt,
1131 2176 1184 2224 et
1217 2170 1396 2242 hujus
1429 2155 1661 2231 urbanis
1693 2178 1921 2235 theolo-

265 2235 382 2305 giaa
415 2235 570 2293 velut
599 2239 790 2297 electa
810 2248 879 2327 Aet
906 2235 1157 2316 proba—tae
1191 2235 1348 2307 illam
1372 2254 1743 2325 theatricam,
1766 2258 1924 2327 abje-

265 2327 423 2370 ctam
446 2326 616 2390 alque
640 2325 1033 2396 reprobatam,
1056 2332 1388 2388 membrum
1415 2345 1752 2408 partemque
1772 2325 1921 2394 lece-

263 2402 411 2451 runt
443 2415 457 2464 ;
493 2407 557 2455 ut
585 2416 717 2458 cum
750 2404 822 2459 sit
857 2407 1124 2463 universa
1155 2413 1339 2483 turpis
1362 2402 1919 2488 alifanum-atquein

260 2493 326 2531 se
360 2479 662 2535 contineat
719 2488 1143 2542 commentitios
1179 2479 1340 2561 deos,
1377 2510 1489 2548 una
1522 2479 1655 2566 pars
1685 2479 1814 2567 ejus
1845 2499 1922 2553 sit

257 2554 321 2609 in
361 2556 577 2612 litteris
627 2562 1018 2633 sacerdotum,
1050 2565 1233 2647 altera
1276 2554 1338 2626 in
1366 2554 1734 2631 carminibus
1785 2594 1921 2647 poe-

258 2640 489 2692 tarum.
526 2636 727 2695 Utrum
773 2640 982 2725 habeat
1010 2652 1067 2702 et
1095 2646 1237 2704 alias
1270 2663 1478 2721 partes,
1532 2656 1645 2711 alia
1676 2636 1919 2725 quaestio

250 2721 378 2770 est:
416 2733 575 2772 nunc
598 2726 836 2790 propter
856 2724 1199 2784 divisionem
1236 2732 1520 2809 Varronis,
1552 2742 1609 2791 et
1632 2721 1916 2795 urbanam

262 2804 323 2851 et
358 2796 703 2889 theatricam
754 2802 1101 2891 theologiam
1153 2812 1223 2865 ad
1259 2805 1434 2869 unam
1488 2796 1714 2873 civilem
1750 2823 1921 2891 perti-

259 2893 426 2941 nere,
486 2879 651 2947 satis,
686 2888 750 2935 ut
806 2884 1029 2953 opinor,
1062 2894 1309 2948 ostendi.
1364 2895 1545 2966 Unde,
1604 2879 1918 2970 quia‘sunt

254 2957 445 3052 amba:
474 2957 684 3052 similis
708 2957 1912 3052 turpitudinis,absurditatis,indlignitatis,

254 3036 575 3133 falsitatis,‘
607 3042 763 3097 absit
792 3060 826 3099 a
870 3046 1010 3103 viris
1038 3051 1326 3123 religiosis
1355 3055 1378 3090 ²
1410 3063 1472 3113 ut
1506 3036 1751 3118 'siveuab
1781 3036 1910 3133 hac;

254 3117 382 3172 sive
414 3119 484 3173 ab
517 3120 619 3175 illa
662 3123 781 3179 vita
812 3133 1081 3197 speretur
1109 3117 1342 3191 aeterna.

336 3198 389 3251 5.
421 3198 682 3282 Denique
712 3211 769 3259 et
808 3205 935 3277 ipse
981 3209 1158 3267 Varro
1210 3232 1666 3279 commemorare
1697 3229 1912 3282 etenu-

258 3294 482 3335 merare
513 3281 656 3375 deqs
688 3286 860 3355 coepit
890 3305 922 3343 a
952 3294 1326 3365 conceptione
1351 3299 1628 3370 hominis,
1663 3321 1910 3375 quorum

255 3375 576 3417 numerum
608 3361 631 3395 3
648 3380 887 3423 exorsus
916 3375 1002 3426 est
1020 3388 1051 3426 a
1071 3361 1211 3431 lano
1237 3401 1249 3443 ;
1275 3394 1520 3452 eamque
1548 3361 1758 3441 seriem
1782 3403 1913 3457 per-

261 3439 435 3529 duxit
463 3457 649 3529 usque
681 3446 754 3529 ad
781 3449 1057 3520 decrepiti
1090 3439 1345 3513 hominis
1379 3439 1650 3529 mortem,
1678 3439 1910 3522 deos

257 3519 337 3573 ad
367 3520 561 3591 ipsum
593 3521 889 3582 hominem
920 3519 1278 3601 pertinentes
1310 3538 1516 3596 clausit
1546 3543 1616 3598 ad
1637 3519 1910 3600 'Nmniam

257 3600 456 3669 deam,
490 3618 620 3671 quae
670 3604 728 3660 in
770 3600 1072 3667 funeribus
1103 3630 1308 3671 senum
1355 3625 1624 3677 cantatur
1658 3639 1671 3677 :
1704 3625 1912 3681 deinde

248 3680 434 3769 cmpit
462 3683 602 3769 deos
629 3686 781 3769 alios
802 3695 1129 3761 ostendere,
1163 3697 1261 3767 qui
1284 3700 1658 3769 pertinerent,
1692 3721 1805 3761 non
1837 3680 1909 3761 ad

243 3760 449 3831 ipsum
482 3763 906 3837 bomincm,sed
932 3772 1004 3827 ad
1027 3760 1241 3846 eaquae
1266 3760 1406 3834 sunt
1427 3780 1712 3851 hominis,
1737 3786 1907 3842 sicuti

250 3847 347 3898 est
377 3843 587 3913 victus,
638 3850 898 3919 vestitus,
954 3859 1011 3909 et
1058 3843 1444 3931 quacumque
1474 3862 1586 3919 alia
1618 3866 1753 3921 huic
1785 3870 1908 3923 vitae

255 3927 404 3977 sunt
452 3929 826 3999 necessaria;
876 3937 1186 3992 ostendens
1229 3940 1286 3993 in
1319 3927 1592 3999 omnibus
1641 3947 1795 4017 quod
1831 3948 1910 4004 sit

251 4005 808 4095 cujusquemunus
843 4029 857 4080 ;
890 4020 947 4069 et
989 4022 1223 4088 propter
1262 4021 1399 4089 quid
1450 4005 1674 4095 cuique.
1704 4027 1909 4084 debeat

247 4083 618 4172 supplicari:
653 4089 713 4172 in
748 4106 864 4162 qua
895 4083 1162 4153 universa
1215 4083 1523 4172 diligentia
1564 4083 1770 4162 ‘nullos
1800 4083 1905 4163 de-

248 4170 605 4224 monstravit
634 4171 718 4227 vel
738 4174 1061 4233 nominavit
1080 4180 1242 4249 deos,
1264 4170 1530 4254 aquibus
1551 4188 1666 4243 vita
1696 4197 1907 4248 aeterna

246 4249 542 4337 poscenda
565 4250 662 4317 sit,
688 4259 922 4337 propter
949 4274 1124 4328 quam
1150 4249 1575 4337 unam-proprie
1598 4284 1703 4325 nos
1726 4271 1907 4328 chris-

245 4327 400 4382 tiani
424 4345 652 4388 sumus.
672 4334 813 4398 Quis
836 4327 978 4407 ergo,
994 4356 1175 4411 usque
1195 4327 1556 4404 adeo-tardus
1578 4350 1677 4417 sit,
1702 4356 1767 4408 ut
1788 4369 1902 4410 non

241 4405 543 4503 intelligat
572 4412 747 4470 istum
807 4405 1102 4503 hominem
1132 4423 1357 4481 civilem
1389 4405 1902 4503 theologiam—vtam

240 4488 564 4580 diligenter
594 4499 932 4580 exponendo
960 4504 1015 4555 et
1061 4504 1394 4576 aperiendo,
1420 4488 1662 4580 eamque
1692 4512 1777 4567 illi
1813 4488 1903 4570 fa?

237 4568 491 4638 bulosaa,
524 4572 774 4646 indigna:
805 4583 979 4650 atque
1011 4568 1304 4652 probrosae
1334 4568 1586 4646 similem
1622 4593 1899 4653 demons-

236 4652 691 4745 trandohatque
712 4656 899 4745 ipsam
925 4660 1249 4745 fabulosam
1282 4674 1506 4738 partem
1540 4686 1668 4727 esse
1717 4673 1900 4745 hujus

238 4731 392 4785 satis
421 4732 717 4793 evidenter
740 4738 1016 4809 docendo,
1044 4731 1395 4803 nonnisi-illi
1420 4752 1696 4824 naturali,
1724 4731 1899 4826 quam

304 5104 323 5136 ι
649 5104 758 5156 766.
787 5106 914 5157 2050
941 5111 996 5176 et
1019 5108 1145 5159 2052
1176 5126 1189 5171 ;
1240 5114 1298 5163 at;
1338 5115 1396 5165 in
1436 5118 1513 5176 B.,
1541 5120 1727 5170 sedere
1756 5138 1899 5174 nova

232 5172 423 5225 nupta
472 5165 756 5237 iubeatur,
787 5186 938 5237 more
961 5165 1343 5237 honestissimo
1391 5189 1441 5228 et
1472 5165 1897 5237 religiosissima

234 5232 1123 5312 mgﬁfcn‘aruuni.‘Sic/etiagnIles.
1152 5237 1275 5287 2051
1307 5243 1358 5312 et
1385 5243 1525 5312 2053.
1558 5232 1719 5312 ﬁeret
1745 5232 1892 5312 legit:

230 5289 435 5361 {edere-
454 5305 599 5361 nova
627 5305 806 5357 nupta
823 5296 1150 5355 jubebatur,
1183 5315 1275 5349 ore
1304 5303 1690 5358 honestissimo
1733 5322 1781 5360 et
1797 5289 1893 5361 tre:

233 5350 603 5413 ligiosissimo
631 5350 1041 5409 matronarum.
1060 5350 1190 5412 Vide
1218 5350 1378 5417 Flern.
1396 5350 1406 5353 ⁷

296 5413 321 5446 2
350 5414 539 5465 Plures
561 5419 705 5473 Mss.
737 5436 773 5469 α
803 5422 947 5471 veris
977 5425 1312 5473 reliotviosis.

418 5429 705 5488 uresAmss”
732 5436 773 5488 Aa
796 5429 947 5488 peris
977 5429 1312 5488 reliogz'osis.

298 5478 319 5509 3
340 5476 497 5527 Vind.
529 5480 645 5530 Am.
694 5476 747 5533 et
794 5486 941 5544 Lov.,
992 5476 1275 5540 numveros.
1300 5476 1381 5542 Er.
1415 5497 1467 5544 et
1513 5496 1717 5560 aliquot
1742 5500 1887 5560 Mss.,

230 5552 543 5591 numerum
556 5579 569 5594 ο

1669 342 1899 407 LIBER
1941 345 2273 415 SEXTUS;

3575 381 3701 442 190

2050 485 2189 569 dicit
2219 487 2287 569 ad
2314 488 2694 565 philosophos
2726 501 3031 569 pertinere,
3064 502 3122 560 in
3155 507 3369 563 animis
3389 509 3694 569 hominum

2052 566 2240 662 moliri
2266 568 2482 662 locum,
2503 590 2569 629 ea
2591 566 2934 662 subtilitate,
2955 566 3024 638 ut
3042 584 3368 645 fabulosam
3388 566 3699 662 reprehet;

2047 647 2165 713 dat,
2191 650 2418 706 civilem
2453 670 2584 709 vero
2618 658 3037 728 reprehendere
3059 667 3293 735 quidem
3318 686 3429 725 non
3455 647 3691 743 audeat,

2046 730 2145 784 sed
2183 732 3031 823 prodendo.reprehensibilem
3064 730 3354 817 ostendat,
3406 757 3580 823 atque
3611 730 3694 811 ita

2045 813 2293 882 utraque
2319 814 2539 884 judicio
2571 821 3191 902 recteintelligentium
3218 813 3543 902 reprobate,
3568 835 3694 891 sola

2044 895 2331 950 naturalis
2373 904 2665 955 remaneat
2696 900 2961 973 eligenda
2989 905 3016 959 ?
3076 908 3155 963 De
3186 895 3300 980 qua
3341 929 3446 968 suo
3479 895 3601 970 loco
3634 916 3690 972 in

2043 976 2337 1043 adjutorio
2368 978 2470 1035 Dei
2499 982 2616 1037 veri
2648 982 2991 1056 diligentius
3022 976 3432 1047 disserendum
3474 1003 3578 1050 est.

2297 1113 2363 1168 Χ.
2398 1146 2466 1154 —
2495 1117 2570 1171 De
2603 1117 2858 1176 libertate
2887 1124 3132 1192 Senecas,
3164 1128 3263 1196 qui
3318 1127 3690 1187 vehementius

2110 1192 2333 1326 givilem
2375 1196 2705 1268 theologiam
2753 1204 3128 1275 reprehendit,
3168 1192 3344 1278 quam
3390 1210 3561 1266 Varro
3589 1213 3688 1283 fa-

2150 1276 2382 1326 ulosam-

2150 1276 2383 1333 ulosam.

2110 1413 2160 1469 1.
2197 1413 2463 1471 Libertas
2485 1434 2645 1487 sane,
2677 1437 2804 1489 qua:
2838 1421 2971 1478 huic
2995 1424 3199 1495 defuit,
3225 1442 3295 1482 ne
3319 1425 3493 1483 istam
3517 1430 3687 1485 urba-

2039 1508 2169 1547 nam
2194 1494 2566 1566 theologiam,
2590 1499 2883 1558 theatrice
2906 1494 3291 1574 simillimam,
3318 1513 3514 1578 aperte
3535 1510 3688 1566 sicut

2035 1572 2196 1628 illam
2230 1578 2650 1647 reprehendere
2683 1582 2942 1649 auderet,
2974 1587 3189 1641 Annaeo
3222 1572 3474 1656 Senecas,
3511 1605 3679 1660 quem

2034 1656 2573 1715 nonnullisindiciis
2592 1661 2921 1719 invenimus
2934 1666 3269 1736 Apostoloru
3282 1684 3334 1722 m
3352 1675 3619 1725 nostroru
3632 1686 3685 1726 tn
3760 1683 3771 1691 '

2031 1736 2316 1792 claruisse
2366 1741 2747 1813 temporibus,
2782 1761 2897 1800 non
2939 1746 3176 1816 quidem
3210 1763 3277 1802 ex
3310 1752 3450 1816 toto,
3478 1766 3678 1806 verum

2030 1832 2098 1871 ex
2129 1816 2327 1889 aliqua
2359 1827 2520 1889 parte
2567 1839 2686 1879 non
2717 1825 2920 1880 defuit.
2956 1826 3150 1882 Adfuit
3180 1827 3337 1883 enim
3375 1829 3680 1902 scribenti,

2030 1899 2241 1955 viventi
2272 1902 2473 1957 defuit.
2498 1903 2642 1960 Nam
2666 1904 2722 1960 in
2743 1922 2809 1962 eo
2843 1906 2992 1961 libro
3024 1924 3198 1979 quem
3226 1913 3423 1964 contra
3442 1926 3683 1983 supers-

2031 1979 2265 2036 titiones
2296 1982 2559 2038 condidit
2595 1986 2694 2055 (a),
2747 1986 2933 2042 multo
2982 1989 3277 2060 cepiosius
3308 1994 3482 2060 atque
3513 1979 3681 2048 vehe-

2029 2061 2283 2116 mentius
2314 2064 2685 2134 reprehendit
2706 2066 2833 2137 ipse
2855 2067 3079 2124 civilem
3104 2069 3279 2125 istam
3311 2074 3368 2125 et
3390 2071 3676 2127 urbanam

2029 2140 2407 2211 theologiam,
2440 2160 2618 2213 quam
2670 2148 2853 2201 Varro
2895 2146 3238 2203 theatricam
3271 2153 3445 2220 atque
3503 2152 3679 2205 fabu-

2029 2217 2238 2276 losam.
2274 2222 2416 2276 Cum
2449 2222 2603 2277 enim
2633 2224 2705 2279 de
2737 2225 3066 2282 simulacris
3096 2236 3309 2299 ageret,
3343 2217 3554 2294 Sacros,
3586 2229 3676 2285 in-

2030 2300 2178 2369 quit,
2209 2302 2577 2371 immortales,
2614 2303 2956 2362 inviolabiles
2986 2309 3002 2342 ¹
3037 2309 3097 2361 in
3138 2312 3373 2364 materia
3408 2310 3682 2367 vilissima

2029 2381 2200 2448 atque
2256 2378 2535 2434 immobili
2589 2381 2868 2448 dedicant,
2919 2384 3140 2440 habitus
3212 2386 3327 2441 illis
3392 2388 3677 2444 hominum

2026 2457 2387 2529 ferarumque
2414 2468 2466 2514 et
2494 2459 2750 2529 piscium,
2785 2462 3008 2533 quidam
3057 2480 3181 2519 vero
3222 2465 3398 2521 mixto
3427 2483 3560 2521 sexu
3588 2468 3679 2523 di-

2025 2538 2195 2591 versis
2226 2538 2549 2609 corporibus
2582 2541 2822 2595 induunt
2854 2540 2876 2575 ²
2909 2557 2921 2596 :
2956 2542 3193 2599 numina
3233 2554 3444 2609 vocant,
3477 2563 3595 2619 quae
3624 2551 3679 2604 si

2024 2618 2225 2685 spiritu
2243 2628 2463 2689 accepto
2484 2621 2660 2676 subito
2678 2627 3041 2687 occurrerent,
3056 2627 3296 2680 monstra
3312 2618 3671 2684 haberentur.

2026 2695 2245 2751 Deinde
2275 2697 2572 2769 aliquanto
2606 2707 2754 2771 post,
2787 2717 2919 2756 cum
2952 2702 3301 2776 theologiam
3338 2707 3666 2763 naturalem

2023 2779 2369 2850 praedicans,
2403 2783 2791 2853 quorumdam
2826 2782 3306 2856 philosophorum
3348 2788 3665 2846 sententias

2023 2858 2376 2929 digessisset,
2424 2864 2695 2933 opposuit
2744 2864 2851 2918 sibi
2886 2866 3289 2935 quaestionem,
3321 2874 3377 2923 et
3407 2869 3485 2923 ait
3518 2886 3531 2925 :
3563 2871 3674 2926 Hoc

2021 2939 2135 2994 loco
2163 2940 2297 2995 dicit
2319 2942 2547 3012 aliquis,
2579 2944 2809 2998 Credam
2840 2960 2936 3015 ego
2973 2944 3169 3000 cretum
3200 2956 3256 3002 et
3284 2955 3494 3003 terram
3542 2950 3672 3005 deos

2018 3035 2155 3085 esse,
2186 3027 2237 3076 et
2266 3039 2438 3092 supra
2490 3022 2683 3078 lunam
2713 3025 2876 3091 alios,
2910 3026 3063 3096 in/ra
3112 3027 3255 3081 alios
3284 3031 3309 3081 .9
3346 3031 3457 3098 Ego
3485 3031 3667 3101 feram

2018 3107 2117 3155 aut
2147 3103 2450 3169 Platonem,
2484 3108 2578 3159 aut
2605 3104 3041 3175 Peripateticum
3063 3106 3365 3164 Stratonem
3393 3110 3491 3180 (b),
3526 3127 3669 3181 quo-

2017 3196 2143 3235 rum
2172 3182 2313 3237 alter
2339 3183 2473 3252 fecit
2500 3184 2666 3240 deum
2686 3187 2808 3241 sine
2836 3202 3078 3257 corpore,
3107 3187 3255 3243 alter
3283 3190 3405 3245 sine
3425 3190 3615 3246 animo
3645 3193 3674 3244 ?

2018 3259 2084 3315 Et
2116 3262 2182 3315 ad
2215 3261 2323 3318 hoc
2354 3266 2738 3336 respondens,
2780 3265 2923 3333 Quid
2980 3282 3108 3335 ergo
3163 3268 3403 3335 tandem,
3456 3271 3670 3342 inquit,

2017 3344 2235 3397 veriora
2267 3344 2367 3399 tibi
2396 3346 2651 3400 videntur
2681 3347 2732 3399 Τ.
2792 3348 2954 3413 Tatii,
2988 3357 3084 3402 aut
3128 3349 3365 3418 Romuli,
3400 3354 3497 3405 aut
3528 3351 3673 3407 Tulli

2016 3423 2247 3479 Hostilii
2278 3428 2494 3481 somnia
2518 3429 2546 3480 ?
2578 3426 2893 3481 Cloacinam
2951 3428 3136 3483 Tatius
3188 3428 3455 3485 dedicavit
3485 3430 3667 3500 deam,

2019 3502 2206 3554 Picum
2223 3505 2643 3577 Tiberinumque
2656 3507 2934 3574 Romulus,
2950 3508 3215 3562 Hostilius
3228 3514 3492 3564 Pavorem
3504 3518 3670 3581 atque

2014 3582 2310 3643 Pallorem,
2344 3586 2658 3641 teterrimos
2685 3585 2972 3641 hominum
2997 3588 3249 3658 aﬂectus,
3273 3605 3508 3660 quorum
3529 3592 3674 3645 alter

2015 3664 2213 3716 mentis
2245 3665 2453 3719 territae
2482 3671 2659 3720 motus
2690 3671 2790 3732 est,
2838 3666 2981 3720 alter
3024 3670 3287 3738 corporis,
3322 3684 3420 3723 nec
3449 3670 3674 3724 morbus

2015 3741 2255 3814 quidem,
2286 3746 2388 3797 sed
2440 3748 2608 3799 color.
2644 3745 2775 3799 llaec
2834 3745 3080 3801 numina
3130 3748 3324 3818 potius
3360 3748 3576 3815 credes,
3611 3754 3669 3805 et

2016 3820 2158 3877 ccelo
2190 3822 2433 3891 recipies
2464 3824 2491 3877 ?
2518 3823 2599 3878 De
2630 3823 2774 3893 ipsis
2807 3841 2935 3879 vero
2969 3825 3178 3880 ritibus
3208 3826 3519 3881 crudeliter
3552 3833 3669 3882 tur-

2016 3901 2187 3973 pibus
2214 3919 2390 3974 quam
2423 3903 2600 3958 libere
2630 3902 2920 3975 scripsit?
2951 3906 3066 3976 Ille,
3091 3906 3302 3977 inquit,
3335 3908 3530 3962 viriles
3558 3908 3669 3963 sibi

2010 3991 2195 4053 partes
2219 3986 2487 4054 amputat,
2522 3984 2619 4040 ille
2650 3986 2878 4041 lacertos
2922 3991 3066 4041 secat
3090 3988 3179 4059 (ο).
3217 3987 3320 4044 Ubi
3346 3987 3516 4042 iratos
3546 3988 3672 4046 deos

2014 4065 2227 4129 timent,
2261 4065 2356 4135 qui
2386 4063 2467 4119 sic
2505 4064 2772 4136 prapitios
2800 4069 3086 4122 merentur
3115 4070 3141 4121 ἵ
3169 4066 3263 4122 Dii
3290 4076 3474 4123 autem
3513 4069 3669 4125 nullo

2012 4143 2211 4199 debent
2241 4146 2347 4200 cali
2372 4161 2591 4216 genere,
2621 4147 2670 4201 si
2689 4155 2738 4201 et
2766 4147 2868 4202 hoc
2896 4149 3104 4203 volunt.
3145 4149 3344 4204 Tantus
3373 4159 3451 4204 est
3479 4152 3668 4221 pertu-

2011 4225 2156 4281 batée
2184 4228 2385 4280 mentis
2406 4229 2454 4280 et
2475 4225 2693 4282 sedibus
2712 4227 2829 4283 suis
2846 4229 3020 4298 pulsae
3047 4230 3231 4301 furor,
3258 4228 3416 4284 utsic
3442 4229 3526 4285 dii
3540 4232 3663 4303 pla-

2008 4308 2222 4373 centur,
2254 4306 2705 4377 quemadmodum
2750 4324 2822 4364 ne
2871 4309 3118 4365 homines
3148 4309 3373 4381 quidem
3426 4310 3662 4368 savium

2011 4388 2286 4442 teterrimi
2309 4396 2359 4443 et
2389 4388 2449 4442 in
2476 4387 2703 4459 fabulas
2725 4390 2949 4447 traditae
2970 4391 2992 4425 ³
3014 4391 3376 4446 crudelitatis.
3415 4392 3658 4463 Tyranni

2011 4466 2389 4523 laceraverunt
2416 4471 2738 4540 aliquorum
2768 4473 3028 4537 membra,
3062 4472 3341 4527 neminem
3370 4487 3472 4527 sua
3505 4474 3661 4529 lace-

2008 4563 2135 4602 rare
2154 4548 2461 4618 jusserunt.
2496 4552 2558 4605 In
2588 4553 2765 4620 regiae
2794 4551 3047 4606 libidinis
3077 4553 3408 4623 voluptatem
3429 4556 3660 4610 castrati

2006 4631 2134 4683 sunt
2169 4630 2391 4700 quidam
2419 4648 2438 4684 :
2458 4631 2548 4686 sed
2587 4647 2744 4688 nemo
2775 4633 2899 4700 sibi,
2932 4648 3001 4687 ne
3028 4634 3119 4688 vir
3148 4639 3306 4700 esset,
3321 4634 3659 4705 jubentedo-

2005 4710 2176 4775 mino,
2210 4727 2406 4766 manus
2435 4710 2645 4768 intulit.
2676 4712 2741 4768 Se
2772 4712 2883 4785 ipsi
2913 4716 2973 4768 in
3003 4715 3223 4808 templis
3252 4714 3661 4808 contrucidavit,

2005 4791 2323 4848 vulneribus
2351 4796 2545 4850 suisac
2574 4797 2854 4868 sanguine
2881 4796 3220 4867 supplicant.
3249 4795 3315 4850 Si
3331 4796 3427 4849 cui
3446 4794 3659 4850 intueri

2071 5006 2085 5078 ξ
2118 5003 2202 5053 Sic
2228 5003 2351 5051 Mss.
2371 5003 2513 5078 Ξάὶῆ
2540 5016 2688 5078 vero,
2718 5001 3179 5078 inviolabilesque
3206 5000 3366 5078 deos.
3422 5062 3456 5078 ,ί
3498 5077 3504 5078 7
3535 5062 3572 5078 η
3589 5062 3601 5075 ι

2063 5065 2086 5099 2
2113 5067 2344 5115 Joannes
2371 5065 2630 5137 Meursius
2650 5062 3127 5137 _legendum_puta‘t,
3154 5062 3467 5137 in-materia
3490 5062 3651 5137 vilis-

2064 5080 2086 5099 ι
2113 5080 2344 5115 Joannes
2372 5080 2630 5114 meursms
2659 5080 2708 5115 le
2742 5080 2937 5114 enaum
2956 5080 3127 5130 putat,
3154 5080 3212 5115 ιη
3228 5080 3467 5114 materia
3490 5080 3647 5137 vius-

1996 5128 2147 5175 sima
2175 5136 2337 5190 atque
2362 5128 2603 5201 ignobili
2628 5080 2905 5201 defleant,
2934 5129 3156 5201 habitus
3198 5128 3320 5201 illis
3349 5127 3647 5201 hominum

1996 5192 2366 5255 ferarumque
2409 5201 2458 5240 et
2492 5192 2757 5255 piscium,
2806 5192 3039 5255 quidam
3084 5206 3210 5240 vero
3238 5193 3447 5239 mixtos
3476 5202 3647 5236 sexus-

1998 5253 2237 5302 diversis
2265 5253 2584 5319 corporibus
2607 5253 2873 5304 induunt.
3145 5319 3157 5332 .
3203 5317 3237 5332 η
3301 5325 3311 5332 _
3360 5314 3446 5332 Α,

2060 5315 2081 5332 ο
2109 5317 2243 5332 πυ..
2312 5328 2321 5332 -
2415 5318 2501 5332 που
2542 5317 2572 5332 ﬁ
2624 5319 2639 5332 τ
2757 5318 2789 5332 ’⁸

2058 5315 2081 5388 ἦ
2291 5314 2519 5388 traditi.
2542 5317 2860 5388 Sed_meli_t_1_s
2893 5317 3259 5388 manuscripti,
3295 5314 3560 5388 traditae,

2063 5378 2133 5442 (α)
2156 5381 2263 5443 {ile
2288 5382 2401 5443 ipse
2422 5381 2558 5431 liber
2577 5394 2610 5429 a
2627 5381 2953 5432 Tertulliano
2981 5377 3183 5432 citetur
3203 5377 3259 5428 in
3289 5377 3649 5441 Apologetico,

1999 5441 2259 5519 cae-.13.;
2284 5441 2376 5519 sed.
2402 5444 2519 5519 iam.
2540 5458 2648 5519 nos
2675 5446 2867 5519 esset.
2899 5508 2927 5519 η
2957 5509 2981 5519 -

2061 5502 2132 5571 ζὸ)
2154 5502 2282 5571 _Vid.
2319 5502 2665 5571 Diog‘.__Laer§.
2698 5507 2792 5571 lib.
2820 5508 2868 5569 5,
2899 5508 2928 5571 §
2955 5507 3016 5571 58
3036 5509 3098 5571 get
3127 5519 3274 5568 seqq.

2059 5567 2132 5629 (ο)
2153 5566 2537 5639 ιαοιωι..ᾖω›.
2569 5569 2596 5619 1
2629 5567 2824 5634 Instit.,
2856 5566 2972 5634 cep.
2991 5569 3070 5618 21.
