4128 6184
506 338 615 398 191

501 479 674 536 vacet,
706 485 825 540 qua:
865 470 1104 539 faciunt,
1146 483 1376 538 quaque
1427 467 1739 538 patiuntur,
1772 469 2010 524 inveniet
2041 473 2153 524 tam

503 555 758 609 indecora
786 552 1047 617 honestis,
1074 553 1186 603 tam
1207 549 1445 615 indigna
1465 548 1672 614 liberis,
1704 557 1817 603 tam
1845 549 2151 606 dissimilia

502 637 675 698 sanis,
697 637 756 687 ut
786 648 941 688 nemo
988 631 1163 700 fuerit
1193 629 1551 684 dubitaturus
1583 632 1774 697 furere
1803 646 1910 698 eos,
1942 633 1991 685 si
2028 649 2150 686 cum

503 713 851 784 paucioribus
872 716 1119 782 [urerent
1143 727 1160 764 :
1189 725 1340 764 nunc
1366 708 1624 764 sanitatis
1652 711 2025 781 patrocinium
2061 713 2150 766 in-

504 794 841 849 sanientium
866 791 1023 846 turba
1054 794 1152 844 est.

577 875 630 926 2.
663 873 794 928 Jam
820 870 920 926 illa
941 887 1071 940 quas
1094 872 1151 925 in
1171 871 1299 942 ipso
1329 869 1618 942 Capitolio
1642 870 1764 926 ﬁeri
1790 871 1976 926 solere
1997 887 2152 926 com-

509 957 815 1017 memorat,
836 956 892 1006 et
912 951 1195 1023 intrepide
1212 950 1452 1006 omnino
1470 951 1752 1021 coarguit,
1785 951 1919 1021 quis
1951 954 2150 1007 credat

507 1033 702 1086 nisiab
718 1031 1098 1086 irridentibus
1123 1036 1224 1086 aut
1246 1031 1575 1086 furentibus
1595 1031 1716 1085 fieri
1731 1031 1912 1085 ?Nam
1929 1047 2063 1086 cum
2089 1033 2147 1087 in

505 1112 688 1168 sacris
709 1112 993 1184 Egyptiis
1017 1112 1229 1168 Osirim
1252 1110 1437 1182 lugeri
1463 1113 1776 1180 perditum,
1804 1127 1935 1167 mox
1957 1117 2147 1166 autem

504 1193 803 1249 inventum
839 1210 1051 1265 magno
1077 1209 1201 1248 esse
1233 1193 1444 1264 gaudio
1475 1192 1777 1248 derisisset
1807 1194 1848 1260 ί,
1870 1207 1999 1247 cum
2025 1209 2151 1264 per-

506 1275 648 1330 ditio
679 1276 805 1344 ejus
828 1275 1198 1345 inventioque
1228 1275 1504 1344 fingatur,
1529 1273 1693 1328 dolor
1725 1279 1920 1329 tamen
1952 1273 2048 1329 ille
2070 1280 2150 1329 st-

507 1373 619 1426 que
651 1355 849 1410 laetitia
878 1355 947 1409 ab
970 1355 1072 1421 eis,
1093 1354 1191 1426 qui
1219 1353 1363 1408 nihil
1385 1353 1760 1424 perdiderunt
1782 1354 2042 1424 nihilque
2061 1356 2148 1410 in-

508 1442 813 1500 venerunt,
837 1436 1121 1489 veraciter
1137 1433 1516 1504 exprimatur,
1542 1432 1736 1488 «Huic
1758 1438 1975 1500 tamen,
2010 1456 2036 1484 »
2063 1433 2149 1489 in-

503 1517 630 1586 quit
646 1537 672 1563 <<
696 1514 870 1569 furori
892 1520 1111 1570 certum
1133 1518 1362 1584 tempus
1380 1513 1824 1568 est.Tolerabile
1847 1519 1950 1580 est,
1969 1514 2147 1569 semel

503 1598 564 1652 in
598 1611 749 1650 anno
782 1595 1059 1650 insanire.
1094 1595 1154 1648 In
1207 1594 1553 1664 Capitolium
1596 1595 1855 1664 perveni,
1908 1595 2150 1666 pudebit

506 1675 814 1745 publicatae
849 1675 1174 1742 dementire,
1221 1675 1378 1744 quod
1409 1675 1520 1729 sibi
1551 1691 1740 1730 vanus
1790 1675 1953 1729 furor
1984 1675 2150 1730 attri-

509 1755 635 1809 buit
664 1755 858 1811 ofﬁcii.
889 1755 1048 1810 Alius
1069 1755 1310 1808 nomina
1331 1755 1350 1788 ³
1374 1754 1479 1810 deo
1513 1754 1772 1823 subjicit,
1805 1753 1952 1810 alius
1977 1756 2150 1812 horas

507 1835 626 1890 Jovi
660 1836 927 1902 nuntiat;
963 1835 1111 1890 alius
1143 1836 1308 1890 lictor
1329 1840 1434 1904 est,
1458 1835 1603 1890 alius
1627 1840 1851 1902 unctor,
1885 1837 2149 1907 quivano

507 1921 665 1971 motu
697 1915 1064 1972 brachiorum
1095 1916 1358 1971 imitatur
1375 1921 1707 1988 angentem.
1733 1917 1881 1973 Sunt
1902 1935 2028 1990 quae
2050 1918 2151 1973 Ju-

510 1997 648 2050 noni
679 2012 745 2050 ac
787 1995 1048 2051 Minervae
1080 1995 1322 2066 capillos
1371 1996 1704 2066 disponant,
1738 1996 1909 2069 longe
1942 2016 1974 2052 a
2000 2007 2147 2052 tem-

509 2074 624 2144 plo,
662 2091 774 2128 non
818 2080 1048 2130 tantum
1081 2093 1114 2130 a
1162 2075 1474 2131 simulacro
1507 2081 1751 2143 stantes,
1785 2079 1996 2146 digitos
2029 2094 2149 2132 mo-

505 2159 639 2208 vent
661 2157 995 2210 ornantium
1023 2158 1214 2212 modo.
1245 2156 1394 2212 Sunt
1417 2174 1542 2228 quas
1560 2157 1861 2228 speculum
1884 2162 2147 2214 teneant:

508 2239 645 2290 sunt
675 2251 800 2306 que
843 2237 912 2292 ad
941 2236 1276 2292 vadimonia
1311 2255 1419 2293 sua
1466 2239 1605 2294 deos
1650 2240 1927 2296 advocent
1964 2256 1976 2294 :
2013 2244 2152 2295 sunt

508 2314 607 2386 qui
629 2314 858 2371 libellos
887 2317 1150 2386 offerant,
1177 2327 1226 2372 et
1259 2317 1387 2374 illos
1415 2334 1653 2374 causam
1688 2337 1851 2374 suam
1884 2321 2148 2376 doceant.

511 2397 723 2452 Doctus
749 2398 1152 2465 archimimus,
1173 2415 1347 2454 senex
1370 2402 1484 2468 iam
1509 2401 1856 2471 decrepitus,
1890 2402 2151 2472 quotidie

510 2477 568 2532 in
600 2477 882 2550 Capitolio
916 2481 1160 2534 mimum
1185 2480 1416 2551 agebat,
1441 2483 1605 2551 quasi
1639 2482 1718 2536 dii
1744 2481 1988 2539 libenter
2019 2499 2148 2554 spe-

512 2563 737 2614 ctarent
757 2559 798 2624 ⁸,
817 2576 987 2632 quem
1021 2560 1108 2616 illi
1130 2560 1401 2617 homines
1431 2562 1726 2618 desierant
1755 2563 1796 2616 ‘.
1827 2563 2008 2619 Omne
2032 2563 2150 2620 illic

513 2639 802 2696 artiﬁcum
837 2657 1016 2709 genus
1045 2648 1347 2711 operatum
1380 2641 1404 2674 ⁵
1434 2641 1546 2698 diis
1579 2643 2012 2699 immortalibus
2049 2646 2148 2699 de-

511 2718 683 2774 sidet.
709 2742 737 2769 ››
758 2721 821 2775 Et
848 2721 1018 2792 paulo
1044 2726 1204 2792 post:
1230 2744 1257 2769 «
1280 2722 1348 2776 Hi
1371 2727 1589 2793 tamen,
1615 2745 1642 2772 ››
1665 2724 1875 2795 inquit,
1895 2748 1923 2776 «
1952 2724 2154 2779 etiam-

512 2798 562 2853 si
594 2816 1020 2869 supervacuum
1072 2818 1270 2868 usum,
1307 2819 1420 2858 non
1473 2809 1697 2875 turpem
1735 2821 1838 2860 nec
1869 2805 2147 2860 infamem

515 2879 619 2934 deo
652 2879 1014 2949 promittunt.
1052 2882 1265 2938 Sedeat
1295 2885 1560 2954 quasdam
1595 2885 1648 2938 in
1684 2884 1989 2956 Capitolio,
2021 2902 2148 2956 quas

512 2973 573 3013 se
596 2959 786 3014 aJove
812 2961 990 3016 amari
1019 2967 1224 3032 putant
1253 2981 1360 3020 :ne
1385 2965 1627 3019 Junonis
1660 2966 1919 3036 quidem,
1955 2967 2003 3020 si
2025 2982 2147 3020 crt-

513 3037 644 3096 dere
677 3043 863 3113 poetis
894 3042 1056 3113 velis,
1089 3043 1575 3113 iracundissimae,
1611 3052 1877 3117 respectu
1928 3050 2148 3103 terren-

509 3124 624 3176 tur.
659 3142 689 3172 ››

579 3200 631 3255 3.
667 3202 826 3260 Hanc
874 3203 1199 3261 libertatem
1229 3204 1409 3261 Varro
1442 3223 1553 3262 non
1607 3207 1811 3262 habuit
1839 3226 1852 3264 :
1886 3211 2148 3263 tantum-

512 3282 683 3338 modo
706 3283 986 3355 poeticam
1011 3285 1360 3357 theologiam
1385 3288 1801 3357 reprehendere
1830 3306 2009 3344 ausus
2030 3295 2147 3356 est;

509 3367 738 3425 civilem
781 3384 891 3422 non
929 3383 1101 3423 ausus
1133 3375 1238 3433 est,
1285 3384 1463 3438 quam
1509 3369 1615 3424 iste
1657 3369 1924 3424 concidit.
1959 3371 2068 3425 Sed
2101 3375 2149 3429 si

509 3463 709 3504 verum
738 3447 1132 3514 attendamus,
1169 3447 1458 3504 deteriora
1487 3455 1622 3504 sunt
1651 3450 1867 3520 templa
1898 3451 1995 3505 ubi
2030 3449 2150 3506 haec

513 3535 784 3600 aguntur,
812 3545 984 3598 quam
1019 3529 1252 3584 theatra
1285 3528 1381 3584 ubi
1414 3529 1738 3600 finguntur.
1773 3530 1934 3586 Unde
1967 3531 2022 3586 in
2057 3531 2150 3586 his

511 3609 694 3664 sacris
726 3609 916 3665 civilis
949 3609 1250 3680 theologia:
1282 3608 1388 3664 has
1421 3616 1609 3681 partes
1643 3611 1834 3682 potius
1864 3610 2035 3684 elegit
2055 3612 2149 3666 Se-

511 3705 654 3746 neca
686 3689 958 3760 sapienti,
993 3694 1056 3745 ut
1077 3706 1175 3745 eas
1198 3689 1257 3744 in
1281 3689 1464 3746 animi
1486 3689 1760 3762 religione
1781 3709 1896 3749 non
1920 3693 2148 3758 habeat,

509 3771 612 3825 sed
647 3768 705 3825 in
737 3769 964 3825 actibus
995 3770 1198 3843 tingat.
1232 3771 1320 3826 Ait
1353 3771 1506 3826 enim
1545 3788 1557 3826 :
1593 3795 1619 3822 «
1654 3775 1784 3838 Quas
1816 3773 2014 3828 omnia
2051 3789 2149 3826 sa-

508 3850 676 3922 piens
703 3851 957 3906 servabit
977 3855 1260 3922 tanquam
1278 3849 1704 3924 legibusjussa,
1731 3870 1844 3908 non
1869 3858 2149 3923 tanquam

511 3931 621 3987 diis
652 3936 838 4002 grata.
866 3954 894 3981 »
928 3932 997 3986 Et
1029 3931 1200 4003 paulo
1233 3938 1365 4003 post
1398 3950 1412 3987 :
1450 3955 1477 3984 «
1507 3933 1651 3996 Quid
1686 3934 1838 4005 quod
1872 3937 1926 3988 et
1959 3932 2154 3988 matri-

512 4014 731 4078 monia,
767 4034 794 4061 »
827 4013 1036 4082 inquit,
1059 4033 1087 4061 «
1111 4013 1696 4084 deorumjungimus,
1717 4017 1772 4068 et
1803 4029 1872 4068 ne
1896 4015 1986 4084 pie
2020 4013 2152 4084 qui-

510 4093 665 4158 dem,
707 4093 952 4146 fratrum
987 4107 1051 4146 ac
1082 4107 1345 4146 sororum
1373 4093 1400 4146 ?
1430 4091 1725 4147 Bellonam
1773 4092 1941 4147 Marti
1974 4093 2151 4148 collo-

512 4170 1612 4242 oamus,VulcanoVenerem,Neptuno
1638 4172 1941 4228 Salaciam.
1968 4174 2150 4238 Quos-

511 4250 646 4305 dam
705 4254 904 4306 tamen
947 4250 1176 4306 caelibes
1235 4251 1640 4320 relinquimus,
1673 4254 1837 4324 quasi
1899 4255 2152 4310 conditio

513 4327 788 4384 defecerit
819 4344 833 4395 ;
878 4329 1204 4398 praesertim
1244 4346 1379 4385 cum
1412 4333 1670 4400 quaedam
1706 4331 1888 4387 viduae
1922 4334 2055 4398 sint,
2090 4338 2153 4389 ut

513 4407 848 4478 Populonia,
880 4408 966 4462 vel
1003 4409 1264 4482 Fulgore,
1299 4414 1357 4465 et
1387 4411 1521 4465 diva
1547 4410 1803 4468 Rumina
1832 4412 1854 4447 ⁸
1889 4431 1902 4470 :
1936 4415 2153 4486 quibus

512 4505 627 4545 non
656 4490 837 4544 miror
862 4490 1161 4560 petitorem
1195 4490 1471 4546 defuisse.
1506 4492 1744 4548 Omnem
1783 4494 1948 4550 istam
1983 4496 2151 4566 igno.

511 4568 692 4625 bilem
755 4569 997 4648 deorum
1052 4570 1302 4638 turbam,
1354 4587 1530 4642 quam
1590 4572 1757 4643 longo
1816 4575 2152 4648 superstitio

510 4647 820 4721 congessit,
853 4650 1008 4716 sic,»
1043 4649 1248 4722 inquit,
1285 4674 1312 4704 «
1344 4651 1742 4723 adorabimus,
1777 4661 1839 4712 ut
1872 4647 2152 4712 memine-

575 4904 589 4937 1
621 4901 776 4967 Editi,
804 4915 933 4967 mox
959 4910 1145 4950 autem
1167 4902 1230 4967 de
1255 4901 1469 4951 invento
1505 4917 1778 4964 magnum
1813 4903 1992 4963 fuisse
2019 4920 2156 4967 gau-

505 4963 667 5012 dium
710 4964 1012 5039 derisisset.
1033 4967 1135 5039 ,Δι’
1174 4965 1318 5039 Mss,
1357 4981 1489 5014 mox
1521 4963 1708 5015 autem
1733 4963 2156 5016 inventum'ma-

504 5041 616 5089 gno
641 5041 750 5074 esse
779 5027 986 5088 gaudio
1013 5027 1318 5075 deris-isset.

571 5091 593 5124 ³
625 5089 686 5136 In
713 5090 790 5143 B.,
822 5088 1081 5138 numina.
1131 5089 1345 5140 Codices
1389 5090 1501 5151 766,
1547 5090 1668 5140 2051
1713 5095 1766 5142 et
1819 5091 1944 5141 2053
1990 5094 2156 5144 secuti

509 5164 712 5202 sumus.
1805 5157 1870 5204 Μ.

572 5217 592 5249 3
625 5214 778 5277 Vind.
809 5213 924 5277 Am.
957 5216 1008 5261 et
1036 5213 1155 5263 Mss.
1192 5225 1586 5277 exspectarent.

569 5278 591 5312 ι
623 5276 708 5327 Sic
735 5275 906 5342 nostri
935 5289 1116 5342 omnes
1162 5275 1303 5328 Mssf
1321 5279 1379 5325 In
1417 5279 1492 5339 B.,
1525 5293 1684 5342 quem
1716 5280 1964 5328 homines
1993 5283 2156 5330 desie-

509 5348 657 5394 rant,
688 5340 903 5392 omisso,
935 5337 1044 5387 illi.
1480 5337 1487 5339 ’
1527 5337 1551 5342 ”
1807 5343 1874 5390 Μ.

571 5403 593 5436 5
623 5403 684 5452 In
713 5403 788 5462 B.,
817 5400 1194 5465 vperantium.
1225 5403 1389 5453 Juxta
1417 5405 1520 5454 Mss
1567 5404 1661 5454 766
1697 5408 1750 5455 et
1777 5405 1900 5454 2053
1929 5408 2154 5458 correxi-

513 5477 830 5580 mgsi’robae
851 5529 1010 5582 notae
1036 5526 1180 5590 Mss.,
1210 5529 1517 5581 Divarona.
1806 5469 1874 5520 Μ’

1560 335 1660 392 DE
1703 334 2063 396 CIVITATE
2105 338 2259 403 DEI,
2308 337 2371 396 S.
2420 335 2837 398 AUGUSTINI

3787 341 3906 398 192

2256 471 2443 524 rimus
2472 469 2694 523 cultum
2723 468 2851 535 ejus
2879 466 3068 538 magis
3089 467 3156 520 ad
3190 481 3437 535 morem,
3471 485 3645 539 quam
3680 471 3752 526 ad
3787 488 3913 528 rem

2258 550 2563 621 pertinere.
2598 570 2626 598 »
2660 548 2776 604 Nec
2822 547 2980 618 leges
3013 563 3149 619 ergo
3181 546 3313 613 ille,
3347 565 3452 604 nec
3484 566 3611 606 mos
3645 551 3703 606 in
3743 553 3901 608 civili

2257 631 2549 702 theologia
2581 631 2635 684 id
2672 629 3064 694 instituerunt,
3121 631 3276 699 quod
3321 629 3434 685 diis
3466 639 3694 700 gratum
3725 641 3900 705 esset,

2255 712 2341 767 vel
2376 712 2445 768 ad
2480 727 2600 766 rem
2635 710 2964 780 pertineret.
3017 709 3126 764 Sed
3157 709 3288 777 iste,
3327 726 3498 780 quem
3535 712 3912 785 philosophia

2256 792 2422 862 quasi
2453 791 2701 846 liberum
2731 788 3004 853 fecerat‘,
3038 793 3228 845 tamen
3259 791 3399 860 quia
3427 789 3675 848 illustris
3709 795 3909 864 populi

2257 873 2503 928 Romani
2535 876 2769 926 senator
2797 874 2939 936 erat,
2974 869 3199 926 colebat
3221 872 3374 941 quod
3416 872 3903 945 reprehendebat,

2254 951 2460 1024 agebat
2491 952 2644 1022 quod
2703 950 3000 1022 arguebat,
3033 949 3191 1022 quod
3249 951 3523 1022 culpabat
3569 951 3850 1010 adorabat
3884 972 3898 1010 :

2254 1033 2391 1104 quia
2420 1032 2686 1088 videlicet
2744 1047 3024 1103 magnum
3083 1031 3305 1102 aliquid
3365 1047 3496 1087 eum
3529 1033 3904 1104 philosOphia

2254 1114 2549 1175 docuerat,
2611 1127 2683 1168 ne
2738 1111 3190 1182 superstitiosus
3231 1117 3384 1167 esset
3415 1113 3472 1167 in
3524 1115 3764 1183 mundo,
3799 1116 3899 1170 sed

2254 1197 2490 1265 propter
2519 1193 2674 1264 leges
2706 1191 2920 1246 civium
2943 1207 3249 1262 moresque
3281 1191 3606 1260 hominum,
3629 1210 3744 1248 non
3779 1193 3906 1265 qui-

2253 1275 2383 1328 dem
2441 1277 2633 1343 ageret
2681 1276 2996 1342 ungentem
3041 1274 3336 1327 scenicum
3397 1271 3455 1326 in
3490 1273 3738 1343 theatro,
3799 1273 3901 1329 sed

2256 1353 2584 1409 imitaretur
2632 1353 2691 1407 in
2739 1351 3003 1422 templo:
3040 1367 3106 1408 eo
3165 1351 3586 1421 damnabilius,
3621 1370 3739 1424 quo
3783 1353 3904 1421 illa,

2254 1451 2380 1505 quas
2416 1433 2770 1490 mendaciter
2791 1433 3018 1504 agebat,
3047 1431 3130 1486 sic
3159 1437 3370 1502 ageret,
3396 1436 3461 1486 ut
3491 1449 3624 1488 eum
3651 1433 3905 1504 populus

2253 1517 2530 1571 veraciter
2544 1530 2710 1586 agere
2741 1513 3126 1580 existimaret;
3153 1515 3419 1568 scenicus
3435 1519 3629 1569 autem
3652 1513 3904 1570 ludendo

2256 1597 2453 1668 potius
2484 1595 2808 1655 delectaret.
2832 1609 3005 1664 quam
3031 1592 3283 1648 fallendo
3305 1593 3616 1664 deciperet.

2340 1731 2570 1789 CAPUT
2608 1731 2701 1786 XI.
2734 1761 2803 1772 -—-
2835 1730 2978 1798 Quid
3009 1729 3072 1785 de
3098 1729 3305 1786 Iudaeis
3326 1729 3534 1785 Seneca
3563 1729 3815 1786 senserit.

2328 1869 2429 1925 Hic
2463 1869 2612 1924 inter
2629 1868 2773 1924 alias
2805 1867 2988 1924 civilis
3017 1866 3318 1938 theologia:
3342 1867 3791 1938 superstitiones
3815 1882 3906 1923 re-

2256 1949 2562 2022 prehendit
2584 1949 2756 2004 etiam
2783 1953 3147 2004 sacramenta
3167 1948 3529 2016 Judzeorum,
3553 1951 3608 2002 et
3645 1947 3900 2003 maxime

2257 2031 2502 2086 sabbata
2535 2050 2548 2098 ε,
2584 2028 2866 2084 inutiliter
2896 2044 2994 2084 eos
3028 2029 3213 2084 facere
3259 2028 3585 2094 afﬁrmans,
3617 2028 3769 2098 quod
3805 2043 3906 2097 per

2255 2110 2387 2166 illos
2419 2109 2683 2182 singulos
2744 2114 2962 2180 septem
2997 2109 3372 2180 interpositos
3404 2109 3548 2174 dies,
3581 2109 3899 2177 septimam

2259 2192 2373 2247 fere
2405 2197 2628 2263 partem
2681 2191 2864 2246 astatis
2889 2205 3003 2244 suae
3037 2189 3278 2260 perdant
3310 2189 3588 2256 vacando,
3621 2193 3676 2242 et
3709 2189 3902 2243 multa

2258 2270 2314 2326 in
2348 2277 2607 2342 tempore
2650 2271 2918 2342 urgentia
2960 2286 3073 2325 non
3108 2269 3336 2340 agendo
3367 2268 3667 2324 laedantur.
3701 2266 3905 2322 Chris-

2256 2351 2445 2407 tianos
2484 2357 2680 2407 tamen
2735 2353 2856 2421 jam
2901 2355 3042 2405 tunc
3096 2349 3317 2404 Judaeis
3347 2347 3802 2416 inimicissimos,
3839 2347 3898 2401 in

2254 2437 2523 2488 neutram
2558 2438 2783 2504 partem
2842 2446 3300 2486 commemorare
3354 2446 3535 2484 ausus
3565 2432 3675 2496 est,
3708 2443 3779 2482 ue
3806 2427 3898 2482 vel

2255 2514 2514 2569 laudaret
2540 2521 2741 2569 contra
2761 2529 2881 2567 suae
2905 2512 3101 2584 patriae
3122 2515 3376 2566 veterem
3397 2507 3898 2573 consuetudinem,

2253 2593 2340 2650 vel
2375 2593 2821 2666 reprehenderet
2861 2597 3065 2648 contra
3097 2591 3392 2663 propriam
3421 2590 3662 2646 forsitan
3694 2589 3901 2643 volun-

2257 2682 2450 2730 tatem.
2487 2679 2561 2729 De
2593 2674 2711 2728 illis
2743 2689 2883 2728 sane
2920 2671 3141 2728 Judaais
3191 2687 3322 2726 cum
3376 2670 3731 2741 loqueretur,
3756 2667 3836 2722 ait
3885 2684 3901 2723 :

2257 2779 2284 2805 ‹‹
2318 2756 2461 2810 Cum
2497 2753 2726 2809 interim
2757 2769 2940 2824 usque
2963 2768 3028 2808 eo
3060 2751 3513 2807 sceleratissimus
3543 2748 3738 2820 gentis
3769 2764 3904 2803 con-

2255 2836 2504 2890 suetudo
2547 2834 2860 2902 convaluit,
2896 2838 2959 2889 ut
2991 2849 3093 2906 per
3123 2848 3329 2889 omnes
3379 2833 3502 2902 jam
3559 2837 3745 2886 terras
3806 2846 3902 2885 re-

2255 2923 2420 2986 cepta
2453 2916 2530 2971 sit
2562 2933 2574 2969 :
2613 2915 2743 2970 victi
2793 2915 3114 2970 victoribus
3145 2913 3296 2984 leges
3327 2913 3632 2967 dederunt.
3666 2932 3694 2959 η
3726 2911 3906 2965 Mira-

2255 2997 2429 3051 batur
2488 2997 2603 3051 haac
2681 2996 2904 3064 dicens,
2965 3001 3020 3050 et
3075 2994 3215 3065 quid
3287 2992 3569 3047 divinitus
3633 2999 3912 3062 ageretur

2256 3077 2556 3148 ignorans,
2590 3075 2838 3146 subjecit
2870 3073 3038 3146 plane
3060 3073 3438 3140 sententiam,
3463 3088 3581 3143 qua
3611 3071 3913 3139 signiﬁca-

2256 3162 2342 3211 ret
2361 3157 2500 3228 quid
2527 3158 2597 3211 de
2616 3156 2844 3211 illorum
2866 3159 3369 3210 sacramentorum
3399 3153 3624 3207 ratione
3640 3150 3913 3208 sentiret.

2255 3238 2352 3291 Ait
2382 3239 2537 3292 enim
2577 3254 2637 3290 ;‹‹
2670 3236 2758 3291 Illi
2791 3241 2984 3291 tamen
3019 3252 3228 3290 causas
3268 3236 3416 3288 ritus
3449 3232 3541 3288 sui
3574 3236 3899 3297 noverunt;

2257 3319 2443 3388 major
2475 3334 2607 3388 pars
2639 3315 2838 3388 populi
2870 3316 3026 3384 facit,
3058 3317 3211 3385 quod
3243 3331 3348 3370 cur
3379 3313 3551 3369 faciat
3582 3312 3835 3384 ignorat.
3875 3329 3904 3362 ιι

2256 3398 2363 3453 Sed
2398 3398 2468 3452 de
2525 3396 2904 3453 sacramentis
2935 3395 3295 3462 Judmorum,
3353 3393 3439 3448 vel
3481 3409 3604 3460 cur,
3637 3390 3723 3448 vel
3754 3407 3907 3461 qua-

2257 3485 2424 3534 tenus
2452 3478 2725 3533 instituta
2779 3476 2897 3532 sint
2953 3475 3292 3531 auctoritate
3350 3473 3564 3540 divina,
3611 3488 3676 3528 ac
3734 3475 3903 3542 post-

2258 3561 2492 3616 modum
2517 3575 2550 3613 a
2582 3557 2795 3630 p0pulo
2828 3557 2951 3622 Dei,
2993 3555 3088 3612 cui
3129 3557 3255 3610 vitae
3290 3559 3515 3609 aeternas
3550 3552 3905 3622 mysterium

2257 3641 2574 3697 revelatum
2603 3648 2702 3710 est,
2738 3645 2996 3708 tempore
3027 3653 3142 3707 quo
3183 3635 3440 3706 oportuit
3471 3635 3669 3690 eadem
3699 3639 3911 3688 aucto—

2260 3722 2427 3778 ritate
2457 3721 2689 3777 sublata
2719 3719 2858 3786 sint,
2915 3726 2970 3774 et
2999 3718 3144 3774 alias
3170 3718 3447 3781 diximus,
3482 3715 3732 3770 maxime
3763 3729 3911 3769 cum

2259 3803 2538 3859 adversus
2572 3801 2920 3856 Manicheos
2947 3815 3251 3869 ageremus
3281 3799 3384 3870 (a),
3418 3797 3554 3854 etin
3587 3796 3698 3852 hoc
3727 3811 3910 3866 opere

2259 3885 2382 3942 loco
2413 3883 2829 3957 opportuniore
2870 3879 3184 3936 dicendum
3217 3884 3325 3936 est.

2259 4018 2491 4076 CAPUT
2521 4018 2640 4074 XII.
2673 4047 2738 4058 -—
2768 4016 2917 4086 Quod
2939 4016 3243 4072 Gentilium
3271 4014 3499 4069 deorum
3530 4013 3778 4067 vanitate
3807 4011 3920 4066 de-

2331 4103 2488 4164 tecta,
2520 4106 2748 4170 nequeat
2775 4098 3024 4153 dubitari
3050 4106 3326 4154 ¢aeternam
3357 4110 3446 4149 eos
3487 4095 3656 4149 vitam
3687 4090 3921 4147 nemini

2327 4193 2483 4250 posse
2522 4181 2813 4247 praestare,
2867 4177 2965 4246 qui
3009 4189 3110 4230 nec
3167 4174 3344 4245 ipsam
3401 4171 3658 4242 adjuvent
3689 4174 3918 4241 tempo-

2329 4258 2521 4313 ralem.

2331 4393 2500 4451 Nunc
2532 4397 2764 4465 propter
2795 4397 2910 4449 tres
2934 4390 3275 4462 theologias,
3309 4405 3458 4460 quas
3489 4387 3668 4444 Graeci
3701 4387 3925 4442 dicunt

2261 4474 2576 4543 mythicen,
2622 4473 2920 4544 physicen,
2973 4473 3264 4543 politicen,
3299 4469 3478 4524 latine
3533 4471 3727 4522 autem
3797 4466 3925 4522 dici

2261 4559 2528 4625 possunt,
2571 4553 2852 4621 fabulosa,
2904 4551 3207 4616 naturalis,
3241 4549 3424 4606 civilis
3475 4569 3490 4616 ;
3527 4548 3681 4618 quod
3715 4563 3927 4619 neque

2261 4637 2331 4691 de
2362 4633 2648 4702 fabulosa,
2692 4650 2869 4705 quam
2915 4636 2971 4688 et
3000 4631 3111 4702 ipsi
3146 4631 3469 4686 multorum
3500 4629 3928 4699 falsorumque

2259 4717 2493 4773 deorum
2534 4712 2787 4770 cultores
2843 4711 3138 4768 liberrime
3170 4709 3690 4782 reprehenderunt,
3720 4722 3931 4778 neque

2259 4802 2326 4852 de
2359 4795 2538 4861 civili,
2572 4796 2743 4864 cujus
2791 4792 2890 4849 illa
2923 4808 3058 4864 pars
3087 4807 3216 4847 esse
3245 4789 3628 4853 convincitur,
3663 4787 3931 4858 ejusque

2261 4883 2317 4932 et
2346 4877 2460 4932 ista
2507 4874 2811 4931 simillima
2841 4873 2928 4928 vel
2954 4876 3125 4928 etiam
3158 4870 3410 4927 deterior
3431 4869 3748 4935 invenitur,
3793 4883 3936 4940 spe-

2263 4958 2443 5012 randa
2471 4961 2554 5012 est
2584 4961 2797 5011 aeterna
2817 4955 2970 5021 vita;
3003 4953 3049 5008 si
3082 4953 3174 5008 cui
3206 4952 3348 5008 satis
3380 4968 3497 5006 non
3529 4961 3668 5005 sunt
3698 4964 3844 5019 qua
3868 4949 3934 5003 in

2263 5037 2370 5093 hoc
2407 5036 2702 5092 volumine
2753 5037 2907 5090 dicta
2938 5038 3096 5100 sunt,
3138 5033 3416 5105 adjungat
3448 5032 3620 5086 etiam
3643 5028 3749 5084 illa
3785 5045 3934 5100 qum

2261 5117 2320 5172 ia
2352 5117 2744 5187 superioribus
2777 5115 2965 5181 libris,
3007 5122 3059 5170 et
3091 5115 3342 5169 maxime
3373 5115 3582 5183 quarto
3613 5110 3683 5164 de
3715 5110 3937 5166 felici-

2262 5198 2398 5253 tatis
2429 5197 2627 5252 datore
2678 5197 2788 5251 Deo
2824 5194 3077 5266 plurima
3118 5195 3415 5264 disputata
3445 5199 3597 5249 sunt.
3634 5191 3786 5246 Nam
3827 5191 3935 5246 cui

2259 5471 2297 5530 Γ
2326 5410 2340 5442 ί
2373 5405 2457 5455 Sic
2485 5407 2692 5468 aliquot
2720 5407 2841 5457 Mss.
2873 5409 2939 5454 At
2971 5406 3118 5463 editi,
3144 5402 3462 5469 philosophi
3490 5398 3942 5465 quasiliberum

2289 5479 2532 5518 ecerunt.

2289 5479 2532 5518 'ecerunt.

2329 5532 2528 5595 (a)Vid.
2558 5532 2653 5585 lib.
2669 5532 2926 5595 trigintha
2953 5533 3060 5583 tres
3089 5530 3420 5584 cont.Faust.
3438 5526 3690 5589 Manich.,
3713 5527 3865 5578 tom.
3890 5525 3946 5576 8.
