4158 6192
472 319 589 380 196

464 449 566 521 qui
600 463 818 503 marem
842 446 1023 504 effuso
1057 443 1279 499 semine
1305 439 1514 494 liberat
1539 455 1552 494 :
1573 438 1649 492 ibi
1681 438 1904 505 Libera,
1929 451 2104 506 quam

462 517 519 584 et
549 530 827 585 Venerem
849 527 1073 594 volunt,
1097 540 1220 594 qure
1253 523 1362 576 hoc
1393 520 1546 574 idem
1581 517 1925 574 beneficium
1960 533 2105 570 con-

462 610 610 664 ferat
642 609 892 672 feminze,
934 612 996 661 ut
1030 606 1202 659 etiam
1229 602 1356 671 ipsa
1385 600 1602 654 emisso
1634 598 1852 653 semine
1903 596 2108 650 libere-

466 694 579 744 tur.
615 689 829 744 Omnes
863 687 918 741 hi
943 703 1009 740 ex
1039 683 1152 738 illis
1186 687 1342 747 sunt,
1377 681 1478 750 qui
1501 679 1694 735 selecti
1719 676 2105 750 appellantur.

465 770 577 825 Sed
612 769 691 823 ibi
725 772 890 823 estet
921 767 1029 819 dea
1071 764 1253 829 Mena,
1293 778 1420 832 quae
1453 760 1772 816 menstruis
1823 757 2108 812 ﬂuoribus

465 855 695 921 praest,
753 846 1015 915 quamvis
1070 843 1230 898 Jovis
1290 843 1428 909 lilia,
1460 847 1652 896 tamen
1703 839 1998 912 ignobilis.
2043 839 2110 921 Et

464 919 614 985 hanc
699 925 1061 998 provinciam
1129 925 1145 957 ¹
1215 923 1467 978 ﬂuorum
1549 929 1985 976 menstruorum
2048 919 2104 973 in

460 1014 604 1067 libro
663 1009 1017 1064 selectorum
1052 1009 1296 1063 deorum
1341 1006 1450 1073 ipsi
1482 1005 1692 1059 lunoni
1753 1004 1906 1056 idem
1966 1017 2104 1055 auc-

463 1099 548 1147 tor
582 1091 867 1162 assignat,
906 1106 1031 1160 quae
1053 1089 1110 1143 in
1137 1088 1250 1143 diis
1283 1087 1512 1142 selectis
1542 1085 1714 1139 etiam
1767 1083 1966 1152 regina
1987 1087 2103 1135 est:

457 1187 516 1236 et
559 1181 650 1235 hic
685 1189 960 1250 tanquam
991 1183 1143 1234 Juno
1204 1177 1419 1231 Lucina
1476 1191 1606 1229 cum
1661 1173 1860 1227 eadem
1915 1169 2105 1235 Mena,

465 1261 737 1333 privigne
762 1278 888 1329 sua,
912 1261 1100 1314 eidem
1134 1256 1324 1311 cruori
1380 1255 1668 1325 praesidet.
1721 1252 1803 1306 lbi
1857 1257 1995 1305 sunt
2052 1254 2108 1305 et

460 1330 590 1407 duo,
627 1342 824 1396 nescio
879 1340 972 1410 qui
1023 1337 1453 1399 obscurissimi,
1485 1334 1797 1387 Vitumnns
1831 1336 1884 1385 et
1924 1330 2107 1384 Senti-

459 1440 604 1490 nus;
641 1438 890 1493 quorum
934 1420 1080 1474 alter
1128 1418 1323 1483 vitam,
1357 1416 1501 1470 alter
1550 1429 1752 1469 sensus
1804 1411 2105 1482 puerperio

461 1503 814 1574 largiuntur.
857 1502 927 1556 Et
959 1498 1234 1555 nimirum
1272 1497 1450 1552 multo
1483 1496 1615 1566 plus
1649 1497 2103 1574 praestant,rcum

462 1573 576 1638 sint
598 1581 1231 1654 ignobilissimi,quam
1265 1586 1346 1633 tot
1367 1577 1450 1631 illi
1484 1590 1750 1648 proceres
1782 1580 1839 1629 et
1883 1573 2102 1628 selecti.

459 1664 600 1719 Nam
655 1664 909 1735 profecto
939 1662 1059 1716 sine
1085 1662 1196 1714 vita
1228 1664 1284 1713 et
1311 1674 1508 1723 sensu,
1543 1658 1682 1728 quid
1719 1660 1806 1709 est
1838 1654 1980 1708 illud
2016 1658 2103 1708 to-

455 1752 607 1811 tum,
643 1747 794 1816 quod
837 1742 1107 1798 muliebri
1142 1746 1302 1795 utero
1334 1741 1570 1810 geritur,
1605 1737 1716 1793 nisi
1739 1737 1932 1793 nescio
1964 1735 2103 1805 quid

457 1826 926 1897 abjectissimum
969 1823 1109 1878 limo
1143 1839 1208 1876 ac
1240 1820 1460 1890 pulveri
1485 1818 1942 1889 comparandum
1972 1817 2000 1869 ?

457 1934 690 1989 CAPUT
722 1935 821 1989 III.
853 1963 921 1972 —
954 1933 1126 1999 Quam
1156 1929 1317 1984 nulla
1349 1926 1420 1981 sit
1451 1926 1756 1995 ratio,qu
1777 1922 1841 1978 de
1862 1924 2103 1978 selectio-

536 2036 604 2074 ne
633 2015 993 2088 quorumdam
1025 2013 1249 2067 deorum
1278 2011 1452 2080 possit
1479 2008 1712 2069 ostendi,
1748 2022 1872 2062 cum
1913 2005 2104 2058 multis

530 2087 888 2173 inferioribus
917 2094 1278 2150 excellentior
1306 2090 1722 2144 administratio
1757 2087 2064 2152 deputetur.

529 2205 580 2258 1.
610 2202 740 2263 Quae
768 2196 949 2268 igitur
973 2209 1150 2248 causa
1173 2196 1257 2248 tot
1279 2191 1520 2246 selectos
1551 2189 1687 2242 deos
1719 2187 1788 2242 ad
1822 2185 1943 2268 haec
1973 2201 2102 2268 ope-

455 2303 520 2341 ra
561 2267 815 2337 minima
861 2273 1163 2340 compulit,
1199 2272 1298 2326 ubi
1344 2289 1376 2325 a
1423 2271 1692 2325 Vitumno
1740 2272 1795 2322 et
1835 2267 2095 2330 Sentino,

452 2382 596 2436 quos
629 2364 784 2416 fama
814 2359 1061 2412 obscura
1092 2352 1372 2415 recondit,
1421 2351 1478 2404 in
1523 2349 1702 2418 hujus
1751 2347 2106 2436 muniﬁcen—

452 2425 545 2501 tiae
578 2440 888 2514 partitione
915 2433 1310 2506 superantur?
1358 2430 1588 2484 Confert
1644 2429 1820 2514 enim_
1850 2425 2102 2514 selectus

447 2507 630 2583 Janus
659 2522 882 2577 aditum
905 2515 1136 2587 etquasi
1164 2515 1400 2584 januam
1426 2511 1635 2565 semini
1656 2509 1908 2576 ;confert
1927 2507 2104 2562 selec-

451 2614 546 2664 tus
579 2608 868 2660 Saturnus
898 2614 1102 2654 semen
1145 2597 1339 2664 ipsum
1366 2613 1379 2661 ;
1413 2593 1637 2648 confert
1668 2589 1914 2645 selectus
1937 2588 2104 2643 Liber

449 2688 715 2759 ejusdem
761 2679 1004 2738 seminis
1080 2671 1668 2759 emissionemnviris;
1716 2671 1937 2724 confert
1997 2669 2102 2724 hoc

455 2749 610 2823 idem
645 2765 871 2827 Libera,
904 2777 1030 2830 qua:
1079 2757 1248 2812 Ceres
1308 2770 1406 2808 seu
1460 2751 1655 2806 Venus
1687 2755 1775 2805 est
1824 2749 2097 2815 feminis;

453 2847 676 2902 confert
705 2829 1115 2903 selectaiJuno,
1138 2842 1195 2892 et
1226 2835 1347 2890 hazc
1373 2849 1486 2887 non
1512 2832 1657 2901 sola,
1692 2832 1791 2884 sed
1825 2847 1956 2884 cum
1985 2829 2100 2883 Me-

453 2946 546 2996 na,
578 2925 698 2980 ﬁlia
745 2923 921 2987 Jovis,
972 2922 1186 2975 ﬂuores
1247 2920 1580 2970 menstruos
1639 2913 1707 2966 ad
1741 2912 1890 2980 ejus,
1942 2912 2096 2980 quod

447 2991 790 3077 conceptum
823 3008 928 3071 est,
951 3003 1411 3056 incrementum:
1447 2997 1502 3048 et
1529 2993 1751 3048 confert
1783 2991 2100 3046 Vitumnus

451 3071 736 3145 obscurus
768 3089 825 3138 et
854 3080 1127 3154 ignobilis
1158 3077 1372 3143 vitam;
1405 3074 1629 3129 confert
1661 3071 1939 3154 Sentinus
1969 3071 2098 3125 obs-

454 3183 631 3224 curus
661 3171 719 3221 et
749 3150 1025 3234 ignobilis
1047 3174 1285 3212 sensum
1313 3171 1325 3208 :
1359 3171 1479 3222 quae
1520 3154 1637 3207 duo
1668 3156 1827 3206 tanto
1859 3150 1975 3204 illis
2010 3167 2095 3205 rc-

445 3249 553 3303 bus
583 3229 982 3319 praestantiora
1007 3243 1167 3305 sunt,
1203 3239 1418 3319 quanto
1450 3236 1506 3287 et
1538 3229 1993 3319 ipsaintelleclu
2029 3246 2094 3285 ac

442 3312 662 3386 ratione
695 3327 1028 3379 vincuntur.
1065 3320 1227 3373 Sicut
1256 3314 1407 3370 enim
1436 3331 1562 3384 qua
1592 3312 2010 3367 ratiocinantur
2040 3315 2098 3366 et

444 3407 796 3476 intelligunt,
835 3402 1086 3473 profecto
1121 3396 1345 3469 potiora
1385 3400 1517 3448 sunt
1557 3393 1650 3447 his
1695 3409 1817 3463 quae
1851 3391 1975 3476 sine
2008 3392 2093 3446 in-

441 3473 677 3544 tellectu
701 3492 876 3555 atque
896 3481 1140 3546 ratione,
1165 3482 1227 3531 ut
1247 3492 1467 3547 pecora,
1490 3478 1694 3530 vivunt
1717 3479 1774 3555 et
1799 3473 2089 3555 sentiunt:

436 3568 520 3624 ita
551 3574 607 3623 et
640 3566 736 3620 illa
769 3553 894 3634 quae
927 3562 1042 3615 vita
1072 3574 1366 3627 sensuque
1399 3562 1537 3610 sunt
1565 3554 1828 3625 prmdita,
1853 3553 1943 3608 his
1966 3570 2092 3623 quae

438 3665 544 3704 nec
576 3649 780 3702 vivunt
813 3660 916 3699 nec
949 3643 1231 3704 sentiunt,
1258 3639 1463 3693 merito
1498 3639 1901 3706 praeferuntur.
1935 3636 2093 3689 Inter

435 3730 676 3785 selectos
701 3729 900 3797 itaque
932 3725 1069 3777 deos
1102 3722 1420 3774 Vitumnus
1459 3717 1786 3771 viviﬁcator
1816 3723 1871 3770 et
1899 3717 2088 3770 Senti-

430 3827 542 3865 nus
602 3808 967 3864 sensilicator
1016 3803 1205 3872 magis
1265 3799 1464 3854 haberi
1525 3797 1876 3861 debuerunt,
1917 3811 2087 3864 quam

423 3891 610 3946 Janus
648 3889 892 3944 seminis
919 3887 1206 3940 admissor
1230 3890 1282 3936 et
1313 3882 1600 3935 Saturnus
1630 3878 1870 3933 seminis
1904 3878 2069 3930 dator

427 3973 511 4027 vel
546 3976 722 4036 sator,
755 3974 811 4022 et
843 3967 1012 4020 Liber
1043 3968 1098 4018 et
1127 3964 1323 4017 Libera
1369 3961 1662 4014 seminum
1697 3964 2084 4012 commotores

423 4052 510 4107 vel
534 4051 886 4110 emissores;
923 4061 1049 4114 quze
1083 4044 1306 4096 semina
1337 4041 1645 4109 indignum
1679 4043 1767 4091 est
1797 4038 2078 4105 cogitare,

426 4131 537 4186 nisi
563 4130 632 4182 ad
665 4127 843 4180 vitam
877 4137 1234 4190 sensumque
1269 4119 1653 4189 pervenerint.
1676 4118 1807 4179 Quae
1841 4133 2084 4170 munera

425 4208 638 4265 selecta
683 4223 796 4261 non
824 4205 1039 4258 dantur
1060 4218 1092 4255 a
1113 4200 1224 4253 diis
1256 4198 1509 4264 selectis,
1537 4199 1636 4252 sed
1672 4215 1703 4250 a
1726 4197 2078 4264 quibusdam

427 4286 737 4359 incognitis
771 4288 826 4340 et
848 4299 960 4354 prae
992 4281 1235 4334 istorum
1270 4279 1550 4359 dignitate
1585 4275 1884 4346 ncglectis.
1918 4275 2079 4337 Quod

426 4370 477 4425 si
512 4355 916 4436 respondetur,
951 4359 1210 4415 omnium
1266 4357 1566 4413 initiorum
1600 4360 1947 4424 potestatem
1983 4355 2079 4409 ha-

425 4452 560 4505 bere
590 4446 827 4508 Janum,
864 4449 917 4498 et
951 4441 1076 4494 ideo
1128 4437 1211 4492 illi
1258 4438 1428 4493 etiam
1463 4438 1617 4507 quod
1661 4439 1918 4506 aperitur
1949 4453 2081 4490 con-

420 4528 663 4600 ceptui’,
684 4543 796 4582 non
818 4522 1108 4580 immerito
1129 4519 1400 4585 attribui;
1435 4518 1767 4574 etomnium
1795 4518 2077 4574 seminum

423 4599 764 4670 Saturnum,
813 4613 865 4659 et
898 4603 1026 4656 ideo
1067 4600 1509 4655 seminationem
1561 4615 1794 4670 quoque
1829 4599 2079 4655 hominis

426 4706 542 4746 non
568 4703 737 4760 posse
769 4686 840 4740 ab
874 4683 1002 4753 ejus
1034 4683 1369 4750 operatione
1411 4679 1639 4750 sejungi
1661 4704 1675 4747 ς
1700 4679 1960 4734 omnium
1993 4697 2078 4735 se-

424 4773 650 4828 minum
676 4765 1139 4823 emittendorum
1168 4763 1444 4817 Liberum
1465 4766 1521 4814 et
1553 4760 1838 4825 Liberam,
1864 4766 1919 4814 et
1949 4762 2078 4814 ideo

421 4852 516 4908 bis
543 4849 716 4906 etiam
760 4861 1030 4918 praesse,
1068 4859 1195 4914 quae
1235 4843 1307 4897 ad
1339 4840 1778 4896 substituendos
1809 4839 2078 4894 homines

424 4932 756 5005 pertinent;
791 4927 1054 4984 omnium
1106 4924 1546 4995 purgandorum
1579 4925 1636 4975 et
1668 4919 2077 4991 pariendorum

419 5002 733 5076 iunonem,
765 5013 822 5064 et
851 5009 976 5063 ideo
1024 5021 1150 5060 eam
1212 5022 1326 5061 non
1379 5004 1579 5059 deesse
1627 5002 2076 5074 purgationibus

487 5283 506 5317 ί
538 5275 694 5333 Editi.
725 5272 1159 5337 providentiam.
1191 5271 1556 5337 Emendantur
1583 5284 1648 5319 ex
1678 5271 2079 5333 manuscriptiis

489 5344 512 5378 2
541 5343 697 5390 Vind.
727 5335 840 5387 Am.
878 5340 929 5386 et
958 5337 1060 5386 Er..
1084 5335 1228 5396 quod
1258 5336 1437 5396 aperit
1468 5342 1800 5393 conceptum.

496 5407 564 5466 (α)
597 5407 746 5452 Hunc
790 5403 1017 5466 liberum
1037 5397 1254 5466 _Cice_ro,
1274 5398 1494 5466 _de.Nat_.
1518 5399 1699 5466 ’_Deor_,_
1723 5396 1893 5466 lib:_2,
1929 5397 2080 5444 docet

429 5459 595 5516 alium
625 5480 738 5516 esse
762 5479 794 5514 a
824 5465 1005 5513 Libero
1037 5461 1234 5508 Baccho
1264 5461 1411 5509 Jovis
1441 5463 1493 5508 et
1515 5460 1732 5508 Semelis
1763 5459 1888 5506 lilio.

1527 309 1625 368 DE
1667 303 2032 368 CIVITATE
2080 303 2232 370 DEl,
2282 306 2349 366 Si
2394 305 2819 370 AUGUSTINI

3761 323 3885 382 196

2225 436 2575 523 feminarum
2637 446 2690 523 et
2729 439 3017 523 partibus
3061 441 3396 500 hominum:
3434 455 3696 518 quaerant
3742 456 3885 523 quid

2224 519 2614 602 respondeant
2637 521 2704 573 de
2729 520 3005 576 Vitumno
3029 526 3085 576 et
3114 523 3374 594 Sentino,
3402 533 3596 584 utrum
3632 536 3691 585 et
3721 519 3887 602 ipsos

2221 597 2402 684 velint
2435 598 2653 684 habere
2685 601 2954 684 omnium
3004 618 3124 671 quas
3165 605 3366 660 vivunt
3397 614 3454 662 ct
3483 597 3891 684 sentiunt-po-

2221 682 2520 762 testatem.
2565 681 2729 762 Quod
2767 681 2813 734 si
2858 684 3204 754 concedunt,
3236 689 3542 744 attendant
3574 708 3753 762 quam
3781 681 3887 751 eos

2221 757 2530 813 sublimius
2563 759 2805 814 locuturi
2847 762 2984 816 sint.
3029 768 3173 819 Nam
3233 768 3563 824 seminibus
3594 757 3793 840 ‘nasci,
3822 775 3881 830 in

2221 842 2376 922 terra
2400 845 2454 893 et
2485 856 2552 894 ex
2595 850 2741 896 terra
2789 847 2877 896 est
2905 863 2919 910 ;
2949 845 3136 899 vivere
3192 852 3386 902 autem
3449 855 3630 922 atque
3663 858 3882 914 sentire

2221 920 2394 975 ctiam
2430 921 2568 976 deos
2617 923 2868 977 sidereos
2929 925 3259 994 Opinantur.
3297 929 3354 983 Si
3416 920 3610 987 autem
3661 937 3872 992 dicunt

2221 1000 2500 1085 Vitumno
2532 1008 2705 1074 atque
2733 1005 2972 1060 Sentino
3008 1005 3126 1062 haec
3157 1008 3280 1063 sola
3312 1011 3619 1083 attributa,
3655 1032 3780 1085 quae
3813 1020 3873 1074 in

2220 1099 2392 1138 carne
2423 1084 2724 1139 vivescunt
2767 1091 2824 1139 et
2873 1087 3136 1143 sensibus
3199 1084 3732 1165 adminiculantur;
3770 1116 3877 1156 cur

2222 1179 2334 1218 non
2358 1166 2500 1219 deus
2530 1165 2645 1231 ille,
2689 1167 2788 1236 qui
2825 1167 2956 1220 facit
2989 1170 3184 1223 omnia
3213 1171 3400 1228 vivere
3428 1179 3601 1246 atque
3631 1181 3850 1236 sentire

2218 1245 2393 1299 etiam
2427 1245 2587 1300 carni
2625 1247 2802 1301 vitam
2865 1249 3076 1318 praebet
3130 1254 3188 1304 et
3242 1225 3522 1322 sensum,1
3553 1225 3880 1318 universali

2219 1341 2386 1396 opere
2409 1328 2762 1412 hocdmunus
2786 1329 2959 1384 etiam
2985 1333 3267 1401 partubus
3299 1336 3566 1393 tribuens
3585 1340 3614 1393 ‘l
3633 1341 3701 1395 Et
3732 1344 3877 1412 quid

2218 1424 2362 1476 Opus
2389 1413 2478 1462 est
2511 1409 2782 1464 Vitumno
2825 1419 2994 1480 atque
3045 1412 3282 1469 Sentino
3304 1417 3332 1468 ?
3363 1418 3526 1481 Quod
3566 1421 3612 1474 si
3656 1409 3878 1478 abillo

2218 1489 2316 1558 qui
2353 1489 2494 1557 ,vitaa
2541 1495 2599 1544 et
2647 1490 2918 1546 sensibus
2969 1493 3376 1551 universaliter
3425 1501 3718 1567 praesidet,
3778 1504 3876 1561 his

2217 1571 2384 1640 quasi
2417 1570 2654 1624 famulis
2710 1572 2820 1627 ista
2863 1573 3114 1628 carnalia
3162 1577 3322 1632 velut
3369 1584 3625 1636 extrema
3664 1588 3720 1637 et
3749 1585 3876 1641 ima

2222 1651 2536 1707 commissa
2568 1657 2736 1720 sunt;
2773 1654 2924 1707 itane
2967 1660 3105 1709 sunt
3136 1655 3220 1710 illi
3263 1657 3454 1714 selecti
3490 1662 3752 1718 destituti
3786 1665 3875 1720 fa-

2216 1732 2402 1798 milia,
2436 1737 2500 1786 ut
2544 1749 2658 1787 non
2723 1734 3056 1789 invenirent
3102 1736 3319 1807 quibus
3365 1741 3532 1795 etiam
3587 1743 3699 1815 ipsi
3758 1746 3876 1802 ista

2217 1815 2664 1896 committerent,
2685 1817 2783 1870 sed
2809 1831 2943 1871 cum
2969 1820 3089 1872 tota
3129 1835 3232 1872 sua
3265 1820 3589 1890 nobilitate,
3623 1841 3734 1896 qua
3757 1827 3872 1883 visi

2216 1899 2355 1948 sunt
2388 1895 2690 1978 seligendi,
2731 1913 2878 1978 opus
2917 1898 3102 1952 facere
3133 1915 3264 1954 cum
3300 1895 3659 1970 ignobilibus
3691 1924 3865 1978 coge-

2216 1974 2468 2028 rentur?
2512 1975 2664 2029 Juno
2719 1975 2927 2031 selecta
2977 1984 3027 2031 et
3079 1980 3282 2049 regina
3329 1981 3601 2053 levisque
3631 1974 3786 2042 soror
3813 1995 3868 2044 et

2213 2057 2440 2122 canjux,
2475 2055 2595 2108 haec
2628 2061 2819 2109 tamen
2855 2057 3121 2112 llerduca
3154 2066 3241 2113 est
3277 2063 3493 2130 pueris,
3526 2069 3581 2119 et
3613 2082 3762 2134 cpus
3788 2071 3876 2123 fa-

2215 2135 2291 2188 cit
2322 2150 2449 2188 cum
2483 2136 2704 2189 deabus
2734 2135 3179 2208 ignobilissimis
3229 2142 3463 2197 Abeona
3509 2149 3562 2198 et
3607 2148 3872 2205 Adeone.

2217 2214 2299 2296 lbi
2335 2222 2648 2285 posuerunt
2681 2221 2738 2271 et
2766 2217 3017 2272 Mentem
3054 2221 3247 2286 deam,
3300 2239 3432 2292 quze
3467 2225 3633 2281 faciat
3665 2229 3869 2296 pueris

2216 2295 2424 2380 bonam
2462 2300 2739 2380 mentem,
2773 2305 2826 2351 et
2859 2298 3008 2352 inter
3039 2299 3286 2355 selectos
3312 2304 3425 2357 ista
3455 2321 3564 2358 non
3602 2295 3868 2380 ponitur,

2215 2375 2380 2457 quasi
2434 2375 2754 2447 quidquam
2821 2379 3012 2447 majus
3069 2381 3330 2449 praestari
3379 2375 3865 2457 homini‘possiti

2217 2455 2450 2524 ponitur
2482 2460 2676 2510 autem
2706 2457 2881 2526 Juno,
2915 2460 3052 2529 quia
3074 2461 3336 2516 Iterduca
3369 2468 3458 2517 est
3509 2469 3564 2519 et
3595 2455 3866 2523 Βόῐηὶάυ-

2213 2550 2300 2602 ca,
2325 2536 2491 2606 quasi
2532 2536 2851 2608 quidquam
2915 2540 3092 2609 prosit
3133 2540 3246 2596 iter
3275 2560 3506 2614 carpere
3537 2551 3593 2602 et
3622 2550 3862 2606 domum

2213 2617 2366 2684 duci,
2401 2619 2448 2672 si
2481 2635 2644 2673 mens
2679 2636 2795 2674 non
2827 2625 2916 2676 est
2946 2622 3124 2676 bona:
3173 2625 3341 2694 cujus
3393 2629 3654 2683 muneris
3697 2630 3866 2686 deam

2210 2696 2518 2781 selectqrcs
2553 2700 2643 2753 isti
2675 2700 2826 2754 inter
2857 2700 3068 2756 selecta
3089 2705 3333 2759 numina
3366 2707 3610 2762 minime
3657 2727 3868 2781 posue—

2212 2784 2369 2834 runt.
2403 2778 2533 2861 Quae
2569 2782 2820 2849 profecto
2853 2788 2910 2836 et
2941 2781 3208 2837 Minervas
3256 2786 3446 2840 fuerat
3477 2778 3865 2861 prafercnda,

2210 2861 2304 2912 cui
2352 2875 2448 2927 per
2506 2860 2618 2914 ista
2659 2862 2888 2916 minuta
2937 2881 3110 2930 opera
3159 2881 3468 2935 puerorum
3508 2860 3865 2926 memoriam

2210 2939 2562 2996 tribuerunt.
2597 2943 2733 3006 Quis
2783 2944 2936 2997 enim
2971 2945 3191 3000 dubitet
3251 2945 3432 3002 multo
3487 2965 3614 3004 esse
3647 2952 3868 3007 melius

2209 3018 2424 3102 habere
2458 3021 2668 3102 bonam
2716 3030 2990 3091 mentem,
3042 3042 3216 3096 quam
3281 3031 3617 3084 memoriam
3667 3048 3863 3102 quan-

2208 3099 2479 3182 tumlibet
2507 3100 2793 3168 ingentem
2814 3105 2842 3157 ?
2873 3104 3051 3160 Nemo
3083 3106 3237 3160 enim
3273 3106 3460 3163 malus
3483 3117 3592 3179 est,
3628 3099 3728 3182 qui
3767 3114 3869 3168 bo-

2208 3197 2343 3262 nam
2378 3181 2552 3236 habet
2581 3193 2868 3240 mentem:
2905 3188 3142 3257 quidam
3176 3207 3308 3244 vero
3363 3193 3606 3262 pessimi
3636 3181 3863 3250 memo-

2206 3261 2293 3315 ria
2323 3267 2456 3316 sunt
2492 3262 2764 3346 mirabili,
2797 3270 2959 3321 tanto
2993 3271 3218 3339 pejores
3249 3280 3470 3344 quanto
3504 3275 3700 3330 minus
3724 3292 3864 3346 pos-

2201 3347 2358 3405 sunt,
2391 3344 2544 3433 quod
2583 3346 2762 3433 male
2783 3347 3051 3433 cogilant,
3085 3350 3370 3410 oblivisci.
3401 3357 3469 3408 Et
3503 3344 3859 3410 tamen—Mi-

2203 3440 2374 3478 nerva
2395 3429 2483 3477 est
2514 3427 2663 3478 inter
2684 3427 2926 3482 selectos
2959 3430 3125 3498 deos;
3161 3433 3412 3490 Mentem
3445 3441 3641 3489 autem
3685 3437 3854 3491 deam

2200 3503 2533 3586 turbavilis
2563 3507 2811 3574 operuit.
2854 3509 3001 3571 Quid
3055 3513 3125 3565 de
3165 3512 3392 3569 Virtute
3443 3516 3676 3569 dicam?
3707 3518 3850 3586 quid

2201 3587 2269 3640 de
2302 3585 2642 3641 Felicitate?
2673 3587 2741 3642 de
2773 3591 2988 3658 quibus
3022 3591 3076 3645 in
3112 3600 3316 3663 quarto
3359 3596 3504 3651 libro
3538 3596 3696 3665 plura
3717 3585 3844 3667 jam

2201 3669 2452 3722 diximus
2486 3668 2562 3738 (av)
2599 3687 2610 3723 :
2645 3687 2786 3738 quas
2819 3687 2952 3725 cum
2999 3674 3132 3730 deas
3165 3677 3465 3746 haberent,
3501 3679 3726 3735 nullum
3760 3681 3845 3736 eis

2199 3747 2389 3802 locum
2440 3748 2590 3803 inter
2636 3750 2879 3806 selectos
2912 3753 3046 3809 deos
3078 3756 3215 3812 dare
3243 3758 3570 3826 voluerunt,
3611 3761 3707 3815 ubi
3741 3762 3844 3816 de-

2196 3828 2409 3882 derunt
2449 3829 2615 3883 Marti
2647 3834 2702 3884 et
2733 3829 2897 3899 Orco,
2934 3833 3032 3887 uni
3065 3837 3315 3893 ell‘eclori
3345 3839 3642 3904 mortium,
3674 3839 3839 3896 alteri

2193 3907 2493 3976 receptori.

2262 3990 2688 4078 alitum-igitur
2810 3992 3192 4078 hisuminutis
3240 3999 3534 4070 operibus,
3565 4017 3690 4072 qua
3726 4002 3841 4056 mi-

2191 4069 2433 4151 nutatim
2464 4069 2573 4122 diis
2591 4070 2855 4138 pluribus
2875 4074 3184 4133 distributa
3209 4069 3363 4148 sunt,
3381 4084 3557 4136 etiam
3577 4069 3734 4151 ipsos
3757 4099 3842 4138 se-

2187 4147 2364 4202 lectos
2379 4150 2680 4238 vide‘amus
2699 4156 2980 4238 tanquam
2996 4164 3262 4214 senatum
3289 4147 3421 4216 cum
3445 4147 3610 4231 plebe
3625 4164 3838 4232 pariter

2187 4232 2895 4318 Operari;‘etinv_eniamus
2917 4253 2950 4289 a
2981 4238 3330 4308 quibusdam
3350 4242 3591 4314 diis,qui
3624 4259 3840 4313 nequa-

2188 4325 2361 4400 quam
2383 4309 2662 4400 seligendi
2695 4315 2874 4400 putati
2909 4323 3066 4384 sunt,
3091 4320 3271 4376 multo
3287 4309 3837 4392 majora-atqueme-

2189 4389 2332 4479 liora
2347 4389 2774 4479 administrari;
2803 4411 2974 4464 quam
2999 4399 3069 4452 ab
3085 4399 3201 4456 illis
3215 4403 3309 4470 qui
3326 4389 3518 4458 selecti
3533 4389 3839 4458 vocantur:

2188 4473 2368 4560 restat
2390 4469 2680 4560 arbitr-ari,
2698 4490 2812 4528 non
2840 4482 3069 4560 prOpter
3088 4469 3519 4550 praestantiores
3537 4484 3595 4539 in
3616 4487 3837 4539 mundo

2189 4550 2744 4642 administrationes,
2778 4557 2875 4642 sed
2927 4561 3068 4642 quia
3091 4565 3354 4632 provenit
3385 4564 3468 4619 eis
3511 4569 3573 4619 ut
3606 4566 3842 4636 pupulis

2189 4637 2365 4716 magis
2390 4637 2839 4716 innotescerent,
2861 4637 3103 4696 selectos
3122 4658 3217 4696 eos
3249 4651 3302 4698 et
3333 4646 3653 4716 przecipuos
3686 4662 3836 4701 nun-

2186 4715 2444 4802 cupatos:
2500 4712 2669 4802 Unde
2695 4714 2835 4802 dicit
2891 4718 3064 4802 etiam
3119 4723 3242 4790 ipse
3276 4725 3467 4792 Varro,
3509 4712 3670 4795 quod
3717 4727 3832 4782 diis

2187 4791 2540 4882 quibusdam
2583 4796 2843 4882 patribus
2875 4803 2931 4852 et
2970 4800 3189 4882 deabus
3221 4791 3703 4870 matribus,-sicut
3728 4807 3830 4862 ho-

2185 4873 2467 4956 minibus,
2518 4875 2859 4945 ignobilitas
2890 4881 3214 4937 accidisset.
3249 4884 3310 4938 Si
3366 4901 3500 4956 ergo
3558 4884 3830 4942 Felicitas

2183 4955 2312 5009 ideo
2359 4955 2605 5012 fortasse
2655 4958 2803 5013 inter
2835 4961 3080 5018 selectos
3111 4966 3247 5020 deos
3295 4982 3422 5021 esse
3453 4984 3565 5022 non
3599 4968 3825 5036 debuit,

2184 5036 2337 5104 quod
2373 5037 2441 5089 ad
2465 5037 2635 5092 istam
2664 5041 3033 5098 nobilitatem
3071 5061 3182 5100 non
3209 5047 3433 5112 merito,
3460 5049 3559 5103 sed
3587 5050 3828 5104 fortuitu

2186 5125 2568 5201 pervenerunt
2593 5136 2606 5184 ;
2629 5120 2834 5174 saltem
2870 5122 3195 5191 interillos,
3226 5128 3312 5182 vel
3349 5130 3539 5199 potius
3574 5146 3687 5201 prae
3720 5129 3837 5184 illis

2186 5194 2442 5250 Fortuna
2461 5203 2792 5271 poneretur,
2819 5217 2997 5272 quam
3023 5206 3226 5261 dicunt
3245 5194 3413 5263 dea-m
3443 5225 3555 5264 non
3576 5194 3835 5266 rationa-

2249 5454 2325 5515 (a)
2357 5455 2544 5517 Nempe
2572 5473 2718 5521 capp.
2752 5458 2831 5521 21,
2864 5461 2940 5507 23.
