  <div class='ocr_page' id='page_1' title='image "/cluster/home/n/w/nwhite01/storage/ocr_20150623/41/hvd.32044096580634/104.png"; bbox 0 0 4128 6184; ppageno 0'>
   <div class='ocr_carea' id='block_1_1' title="bbox 255 306 355 368">
    <p class='ocr_par' dir='ltr' id='par_1_1' title="bbox 255 306 355 368">
     <span class='ocr_line' id='line_1_1' title="bbox 255 306 355 368; baseline -0.04 1"><span class='ocrx_word' id='word_1_1' title='bbox 255 306 355 368; x_wconf 87' lang='grc'>197</span> 
     </span>
    </p>
   </div>
   <div class='ocr_carea' id='block_1_2' title="bbox 253 423 1884 504">
    <p class='ocr_par' dir='ltr' id='par_1_2' title="bbox 253 423 1884 504">
     <span class='ocr_line' id='line_1_2' title="bbox 253 423 1884 504; baseline -0.007 -15"><span class='ocrx_word' id='word_1_2' title='bbox 253 432 372 490; x_wconf 70' lang='lat' dir='ltr'>bili‘</span> <span class='ocrx_word' id='word_1_3' title='bbox 404 431 954 504; x_wconf 48' lang='lat' dir='ltr'>dispositione,‘sed,</span> <span class='ocrx_word' id='word_1_4' title='bbox 977 433 1041 485; x_wconf 91' lang='lat' dir='ltr'>ut</span> <span class='ocrx_word' id='word_1_5' title='bbox 1070 432 1286 484; x_wconf 78' lang='lat' dir='ltr'>temere</span> <span class='ocrx_word' id='word_1_6' title='bbox 1319 427 1612 494; x_wconf 87' lang='lat' dir='ltr'>acciderit,</span> <span class='ocrx_word' id='word_1_7' title='bbox 1639 442 1746 482; x_wconf 91' lang='lat' dir='ltr'>sua</span> <span class='ocrx_word' id='word_1_8' title='bbox 1767 423 1884 480; x_wconf 88' lang='lat' dir='ltr'>cui-</span> 
     </span>
    </p>
   </div>
   <div class='ocr_carea' id='block_1_3' title="bbox 254 504 1886 588">
    <p class='ocr_par' dir='ltr' id='par_1_3' title="bbox 254 504 1886 588">
     <span class='ocr_line' id='line_1_3' title="bbox 254 504 1886 588; baseline -0.007 -18"><span class='ocrx_word' id='word_1_9' title='bbox 254 531 350 588; x_wconf 85' lang='lat' dir='ltr'>que</span> <span class='ocrx_word' id='word_1_10' title='bbox 380 515 537 570; x_wconf 91' lang='lat' dir='ltr'>dona</span> <span class='ocrx_word' id='word_1_11' title='bbox 566 513 846 571; x_wconf 89' lang='lat' dir='ltr'>conferre.</span> <span class='ocrx_word' id='word_1_12' title='bbox 871 508 998 565; x_wconf 66' lang='lat' dir='ltr'>Haec</span> <span class='ocrx_word' id='word_1_13' title='bbox 1043 510 1103 565; x_wconf 92' lang='lat' dir='ltr'>in</span> <span class='ocrx_word' id='word_1_14' title='bbox 1151 509 1262 564; x_wconf 93' lang='lat' dir='ltr'>diis</span> <span class='ocrx_word' id='word_1_15' title='bbox 1293 509 1520 564; x_wconf 81' lang='lat' dir='ltr'>selectis</span> <span class='ocrx_word' id='word_1_16' title='bbox 1551 513 1745 563; x_wconf 89' lang='lat' dir='ltr'>tenere</span> <span class='ocrx_word' id='word_1_17' title='bbox 1769 504 1886 576; x_wconf 88' lang='lat' dir='ltr'>api-</span> 
     </span>
    </p>
   </div>
   <div class='ocr_carea' id='block_1_4' title="bbox 252 589 1882 664">
    <p class='ocr_par' dir='ltr' id='par_1_4' title="bbox 252 589 1882 664">
     <span class='ocr_line' id='line_1_4' title="bbox 252 589 1882 664; baseline -0.007 -14"><span class='ocrx_word' id='word_1_18' title='bbox 252 611 359 651; x_wconf 88' lang='lat' dir='ltr'><strong>cem</strong></span> <span class='ocrx_word' id='word_1_19' title='bbox 395 594 617 664; x_wconf 82' lang='lat' dir='ltr'>debuit,</span> <span class='ocrx_word' id='word_1_20' title='bbox 650 593 708 647; x_wconf 90' lang='lat' dir='ltr'>in</span> <span class='ocrx_word' id='word_1_21' title='bbox 742 591 953 663; x_wconf 84' lang='lat' dir='ltr'>quibus</span> <span class='ocrx_word' id='word_1_22' title='bbox 979 590 1229 645; x_wconf 80' lang='lat' dir='ltr'>maxime</span> <span class='ocrx_word' id='word_1_23' title='bbox 1261 589 1400 660; x_wconf 90' lang='lat' dir='ltr'>quid</span> <span class='ocrx_word' id='word_1_24' title='bbox 1444 593 1641 660; x_wconf 85' lang='lat' dir='ltr'>posset</span> <span class='ocrx_word' id='word_1_25' title='bbox 1689 591 1882 642; x_wconf 86' lang='lat' dir='ltr'>osten-</span> 
     </span>
    </p>
   </div>
   <div class='ocr_carea' id='block_1_5' title="bbox 255 667 1881 747">
    <p class='ocr_par' dir='ltr' id='par_1_5' title="bbox 255 667 1881 747">
     <span class='ocr_line' id='line_1_5' title="bbox 255 667 1881 747; baseline -0.007 -17"><span class='ocrx_word' id='word_1_26' title='bbox 255 676 360 730; x_wconf 86' lang='lat' dir='ltr'>dit:</span> <span class='ocrx_word' id='word_1_27' title='bbox 412 675 650 747; x_wconf 83' lang='lat' dir='ltr'>quando</span> <span class='ocrx_word' id='word_1_28' title='bbox 702 689 797 728; x_wconf 88' lang='lat' dir='ltr'>eos</span> <span class='ocrx_word' id='word_1_29' title='bbox 845 672 1110 726; x_wconf 84' lang='lat' dir='ltr'>videmus</span> <span class='ocrx_word' id='word_1_30' title='bbox 1151 687 1268 726; x_wconf 92' lang='lat' dir='ltr'>non</span> <span class='ocrx_word' id='word_1_31' title='bbox 1327 669 1622 740; x_wconf 74' lang='lat' dir='ltr'>praecipua</span> <span class='ocrx_word' id='word_1_32' title='bbox 1651 667 1881 735; x_wconf 86' lang='lat' dir='ltr'>virtute,</span> 
     </span>
    </p>
   </div>
   <div class='ocr_carea' id='block_1_6' title="bbox 255 747 1882 818">
    <p class='ocr_par' dir='ltr' id='par_1_6' title="bbox 255 747 1882 818">
     <span class='ocr_line' id='line_1_6' title="bbox 255 747 1882 818; baseline -0.007 -7"><span class='ocrx_word' id='word_1_33' title='bbox 255 773 353 811; x_wconf 91' lang='lat' dir='ltr'>non</span> <span class='ocrx_word' id='word_1_34' title='bbox 386 753 720 810; x_wconf 75' lang='lat' dir='ltr'>rationabili</span> <span class='ocrx_word' id='word_1_35' title='bbox 771 752 1058 818; x_wconf 77' lang='lat' dir='ltr'>felicitate,</span> <span class='ocrx_word' id='word_1_36' title='bbox 1085 753 1183 806; x_wconf 89' lang='lat' dir='ltr'>sed</span> <span class='ocrx_word' id='word_1_37' title='bbox 1229 748 1559 814; x_wconf 87' lang='lat' dir='ltr'>temeraria,</span> <span class='ocrx_word' id='word_1_38' title='bbox 1600 747 1754 802; x_wconf 83' lang='lat' dir='ltr'>sicut</span> <span class='ocrx_word' id='word_1_39' title='bbox 1783 763 1882 801; x_wconf 91' lang='lat' dir='ltr'>eo-</span> 
     </span>
    </p>
   </div>
   <div class='ocr_carea' id='block_1_7' title="bbox 253 829 1884 898">
    <p class='ocr_par' dir='ltr' id='par_1_7' title="bbox 253 829 1884 898">
     <span class='ocr_line' id='line_1_7' title="bbox 253 829 1884 898; baseline -0.005 -9"><span class='ocrx_word' id='word_1_40' title='bbox 253 850 368 890; x_wconf 89' lang='lat' dir='ltr'>rum</span> <span class='ocrx_word' id='word_1_41' title='bbox 421 835 676 889; x_wconf 82' lang='lat' dir='ltr'>cultores</span> <span class='ocrx_word' id='word_1_42' title='bbox 717 834 784 887; x_wconf 90' lang='lat' dir='ltr'>de</span> <span class='ocrx_word' id='word_1_43' title='bbox 826 831 924 886; x_wconf 89' lang='lat' dir='ltr'>illa</span> <span class='ocrx_word' id='word_1_44' title='bbox 969 830 1250 896; x_wconf 90' lang='lat' dir='ltr'>sentiunt,</span> <span class='ocrx_word' id='word_1_45' title='bbox 1277 829 1542 884; x_wconf 78' lang='lat' dir='ltr'>Fortunae</span> <span class='ocrx_word' id='word_1_46' title='bbox 1599 831 1884 898; x_wconf 80' lang='lat' dir='ltr'>potestate</span> 
     </span>
    </p>
   </div>
   <div class='ocr_carea' id='block_1_8' title="bbox 253 907 1884 971">
    <p class='ocr_par' dir='ltr' id='par_1_8' title="bbox 253 907 1884 971">
     <span class='ocr_line' id='line_1_8' title="bbox 253 907 1884 971; baseline -0.007 0"><span class='ocrx_word' id='word_1_47' title='bbox 253 915 501 971; x_wconf 85' lang='lat' dir='ltr'>selectos.</span> <span class='ocrx_word' id='word_1_48' title='bbox 531 914 676 968; x_wconf 89' lang='lat' dir='ltr'>Nam</span> <span class='ocrx_word' id='word_1_49' title='bbox 709 920 764 968; x_wconf 90' lang='lat' dir='ltr'>et</span> <span class='ocrx_word' id='word_1_50' title='bbox 791 912 885 966; x_wconf 88' lang='lat' dir='ltr'>vir</span> <span class='ocrx_word' id='word_1_51' title='bbox 915 910 1342 966; x_wconf 80' lang='lat' dir='ltr'>disertissimus</span> <span class='ocrx_word' id='word_1_52' title='bbox 1383 909 1692 964; x_wconf 80' lang='lat' dir='ltr'>Sallustius</span> <span class='ocrx_word' id='word_1_53' title='bbox 1711 907 1884 962; x_wconf 90' lang='lat' dir='ltr'>etiam</span> 
     </span>
    </p>
   </div>
   <div class='ocr_carea' id='block_1_9' title="bbox 253 987 1885 1068">
    <p class='ocr_par' dir='ltr' id='par_1_9' title="bbox 253 987 1885 1068">
     <span class='ocr_line' id='line_1_9' title="bbox 253 987 1885 1068; baseline -0.007 -15"><span class='ocrx_word' id='word_1_54' title='bbox 253 999 398 1068; x_wconf 87' lang='lat' dir='ltr'>ipsos</span> <span class='ocrx_word' id='word_1_55' title='bbox 429 997 570 1050; x_wconf 91' lang='lat' dir='ltr'>deos</span> <span class='ocrx_word' id='word_1_56' title='bbox 603 995 868 1050; x_wconf 83' lang='lat' dir='ltr'>fortassis</span> <span class='ocrx_word' id='word_1_57' title='bbox 913 991 1179 1058; x_wconf 87' lang='lat' dir='ltr'>attendit,</span> <span class='ocrx_word' id='word_1_58' title='bbox 1241 1005 1373 1045; x_wconf 92' lang='lat' dir='ltr'>cum</span> <span class='ocrx_word' id='word_1_59' title='bbox 1414 991 1631 1044; x_wconf 87' lang='lat' dir='ltr'>diceret</span> <span class='ocrx_word' id='word_1_60' title='bbox 1662 1004 1674 1043; x_wconf 90' lang='lat'>:</span> <span class='ocrx_word' id='word_1_61' title='bbox 1710 1009 1738 1037; x_wconf 86' lang='lat'><strong><em>«</em></strong></span> <span class='ocrx_word' id='word_1_62' title='bbox 1773 987 1885 1042; x_wconf 90' lang='lat' dir='ltr'>Sed</span> 
     </span>
    </p>
   </div>
   <div class='ocr_carea' id='block_1_10' title="bbox 253 1069 1884 1149">
    <p class='ocr_par' dir='ltr' id='par_1_10' title="bbox 253 1069 1884 1149">
     <span class='ocr_line' id='line_1_10' title="bbox 253 1069 1884 1149; baseline -0.006 -17"><span class='ocrx_word' id='word_1_63' title='bbox 253 1077 497 1149; x_wconf 85' lang='lat' dir='ltr'>profecto</span> <span class='ocrx_word' id='word_1_64' title='bbox 558 1075 816 1130; x_wconf 85' lang='lat' dir='ltr'>Fortuna</span> <span class='ocrx_word' id='word_1_65' title='bbox 868 1074 928 1128; x_wconf 91' lang='lat' dir='ltr'>in</span> <span class='ocrx_word' id='word_1_66' title='bbox 978 1073 1137 1128; x_wconf 90' lang='lat' dir='ltr'>omni</span> <span class='ocrx_word' id='word_1_67' title='bbox 1173 1088 1230 1126; x_wconf 91' lang='lat' dir='ltr'>re</span> <span class='ocrx_word' id='word_1_68' title='bbox 1279 1069 1651 1126; x_wconf 87' lang='lat' dir='ltr'>dominatur:</span> <span class='ocrx_word' id='word_1_69' title='bbox 1685 1086 1752 1124; x_wconf 89' lang='lat' dir='ltr'>ea</span> <span class='ocrx_word' id='word_1_70' title='bbox 1796 1084 1884 1124; x_wconf 86' lang='lat' dir='ltr'>res</span> 
     </span>
    </p>
   </div>
   <div class='ocr_carea' id='block_1_11' title="bbox 256 1148 1886 1224">
    <p class='ocr_par' dir='ltr' id='par_1_11' title="bbox 256 1148 1886 1224">
     <span class='ocr_line' id='line_1_11' title="bbox 256 1148 1886 1224; baseline -0.007 -11"><span class='ocrx_word' id='word_1_71' title='bbox 256 1148 482 1214; x_wconf 80' lang='lat' dir='ltr'>cunctas</span> <span class='ocrx_word' id='word_1_72' title='bbox 515 1172 582 1211; x_wconf 77' lang='lat' dir='ltr'>ex</span> <span class='ocrx_word' id='word_1_73' title='bbox 607 1153 849 1210; x_wconf 91' lang='lat' dir='ltr'>libidine</span> <span class='ocrx_word' id='word_1_74' title='bbox 894 1153 1078 1224; x_wconf 86' lang='lat' dir='ltr'>magis</span> <span class='ocrx_word' id='word_1_75' title='bbox 1129 1167 1306 1223; x_wconf 88' lang='lat' dir='ltr'>quam</span> <span class='ocrx_word' id='word_1_76' title='bbox 1356 1168 1424 1206; x_wconf 85' lang='lat' dir='ltr'>ex</span> <span class='ocrx_word' id='word_1_77' title='bbox 1469 1167 1602 1205; x_wconf 86' lang='lat' dir='ltr'>vero</span> <span class='ocrx_word' id='word_1_78' title='bbox 1634 1148 1886 1204; x_wconf 83' lang='lat' dir='ltr'>celebrat</span> 
     </span>
    </p>
   </div>
   <div class='ocr_carea' id='block_1_12' title="bbox 251 1230 1885 1306">
    <p class='ocr_par' dir='ltr' id='par_1_12' title="bbox 251 1230 1885 1306">
     <span class='ocr_line' id='line_1_12' title="bbox 251 1230 1885 1306; baseline -0.007 -13"><span class='ocrx_word' id='word_1_79' title='bbox 251 1240 621 1305; x_wconf 83' lang='lat' dir='ltr'>obscuratque</span> <span class='ocrx_word' id='word_1_80' title='bbox 649 1234 751 1306; x_wconf 82' lang='grc' dir='ltr'>(α).</span> <span class='ocrx_word' id='word_1_81' title='bbox 774 1256 801 1284; x_wconf 90' lang='grc'><strong>››</strong></span> <span class='ocrx_word' id='word_1_82' title='bbox 824 1234 950 1289; x_wconf 88' lang='lat' dir='ltr'>Non</span> <span class='ocrx_word' id='word_1_83' title='bbox 981 1234 1136 1288; x_wconf 90' lang='lat' dir='ltr'>enim</span> <span class='ocrx_word' id='word_1_84' title='bbox 1179 1235 1424 1302; x_wconf 86' lang='lat' dir='ltr'>possunt</span> <span class='ocrx_word' id='word_1_85' title='bbox 1453 1230 1714 1285; x_wconf 89' lang='lat' dir='ltr'>invenire</span> <span class='ocrx_word' id='word_1_86' title='bbox 1745 1245 1885 1283; x_wconf 73' lang='lat' dir='ltr'>cau-</span> 
     </span>
    </p>
   </div>
   <div class='ocr_carea' id='block_1_13' title="bbox 251 1309 1884 1381">
    <p class='ocr_par' dir='ltr' id='par_1_13' title="bbox 251 1309 1884 1381">
     <span class='ocr_line' id='line_1_13' title="bbox 251 1309 1884 1381; baseline -0.007 -8"><span class='ocrx_word' id='word_1_87' title='bbox 251 1333 359 1373; x_wconf 85' lang='lat' dir='ltr'>sam</span> <span class='ocrx_word' id='word_1_88' title='bbox 385 1333 488 1371; x_wconf 91' lang='lat' dir='ltr'>cur</span> <span class='ocrx_word' id='word_1_89' title='bbox 501 1315 791 1371; x_wconf 89' lang='lat' dir='ltr'>celebrata</span> <span class='ocrx_word' id='word_1_90' title='bbox 812 1313 888 1369; x_wconf 86' lang='lat' dir='ltr'>sit</span> <span class='ocrx_word' id='word_1_91' title='bbox 909 1313 1128 1381; x_wconf 87' lang='lat' dir='ltr'>Venus,</span> <span class='ocrx_word' id='word_1_92' title='bbox 1144 1318 1202 1366; x_wconf 90' lang='lat' dir='ltr'>et</span> <span class='ocrx_word' id='word_1_93' title='bbox 1225 1313 1534 1366; x_wconf 91' lang='lat' dir='ltr'>obscurata</span> <span class='ocrx_word' id='word_1_94' title='bbox 1559 1309 1633 1363; x_wconf 85' lang='lat' dir='ltr'>sit</span> <span class='ocrx_word' id='word_1_95' title='bbox 1656 1310 1884 1370; x_wconf 87' lang='lat' dir='ltr'>Virtus;</span> 
     </span>
    </p>
   </div>
   <div class='ocr_carea' id='block_1_14' title="bbox 249 1389 1887 1454">
    <p class='ocr_par' dir='ltr' id='par_1_14' title="bbox 249 1389 1887 1454">
     <span class='ocr_line' id='line_1_14' title="bbox 249 1389 1887 1454; baseline -0.007 -1"><span class='ocrx_word' id='word_1_96' title='bbox 249 1415 367 1454; x_wconf 88' lang='lat' dir='ltr'>cum</span> <span class='ocrx_word' id='word_1_97' title='bbox 391 1397 698 1452; x_wconf 82' lang='lat' dir='ltr'>ambarum</span> <span class='ocrx_word' id='word_1_98' title='bbox 730 1395 801 1449; x_wconf 91' lang='lat' dir='ltr'>ab</span> <span class='ocrx_word' id='word_1_99' title='bbox 825 1393 956 1449; x_wconf 87' lang='lat' dir='ltr'>istis</span> <span class='ocrx_word' id='word_1_100' title='bbox 973 1400 1310 1449; x_wconf 82' lang='lat' dir='ltr'>consecrata</span> <span class='ocrx_word' id='word_1_101' title='bbox 1341 1392 1461 1446; x_wconf 90' lang='lat' dir='ltr'>sint</span> <span class='ocrx_word' id='word_1_102' title='bbox 1490 1389 1757 1453; x_wconf 90' lang='lat' dir='ltr'>numina,</span> <span class='ocrx_word' id='word_1_103' title='bbox 1785 1403 1887 1442; x_wconf 88' lang='lat' dir='ltr'>nec</span> 
     </span>
    </p>
   </div>
   <div class='ocr_carea' id='block_1_15' title="bbox 250 1467 1889 1549">
    <p class='ocr_par' dir='ltr' id='par_1_15' title="bbox 250 1467 1889 1549">
     <span class='ocr_line' id='line_1_15' title="bbox 250 1467 1889 1549; baseline -0.007 -17"><span class='ocrx_word' id='word_1_104' title='bbox 250 1478 638 1549; x_wconf 88' lang='lat' dir='ltr'>comparanda</span> <span class='ocrx_word' id='word_1_105' title='bbox 667 1474 786 1529; x_wconf 88' lang='lat' dir='ltr'>sint</span> <span class='ocrx_word' id='word_1_106' title='bbox 817 1473 1041 1528; x_wconf 90' lang='lat' dir='ltr'>merita.</span> <span class='ocrx_word' id='word_1_107' title='bbox 1069 1477 1183 1526; x_wconf 82' lang='lat' dir='ltr'>Aut</span> <span class='ocrx_word' id='word_1_108' title='bbox 1213 1473 1260 1526; x_wconf 91' lang='lat' dir='ltr'>si</span> <span class='ocrx_word' id='word_1_109' title='bbox 1302 1470 1411 1525; x_wconf 87' lang='lat' dir='ltr'>hoc</span> <span class='ocrx_word' id='word_1_110' title='bbox 1443 1467 1739 1524; x_wconf 89' lang='lat' dir='ltr'>nobilitari</span> <span class='ocrx_word' id='word_1_111' title='bbox 1773 1481 1889 1521; x_wconf 89' lang='lat' dir='ltr'>me-</span> 
     </span>
    </p>
   </div>
   <div class='ocr_carea' id='block_1_16' title="bbox 251 1549 1886 1627">
    <p class='ocr_par' dir='ltr' id='par_1_16' title="bbox 251 1549 1886 1627">
     <span class='ocr_line' id='line_1_16' title="bbox 251 1549 1886 1627; baseline -0.007 -15"><span class='ocrx_word' id='word_1_112' title='bbox 251 1559 376 1622; x_wconf 85' lang='lat' dir='ltr'>ruit,</span> <span class='ocrx_word' id='word_1_113' title='bbox 412 1557 572 1627; x_wconf 91' lang='lat' dir='ltr'>quod</span> <span class='ocrx_word' id='word_1_114' title='bbox 606 1557 806 1627; x_wconf 87' lang='lat' dir='ltr'>plures</span> <span class='ocrx_word' id='word_1_115' title='bbox 837 1557 1153 1624; x_wconf 87' lang='lat' dir='ltr'>appetunt;</span> <span class='ocrx_word' id='word_1_116' title='bbox 1180 1551 1373 1623; x_wconf 88' lang='lat' dir='ltr'>plures</span> <span class='ocrx_word' id='word_1_117' title='bbox 1413 1551 1568 1604; x_wconf 89' lang='lat' dir='ltr'>enim</span> <span class='ocrx_word' id='word_1_118' title='bbox 1602 1549 1886 1603; x_wconf 88' lang='lat' dir='ltr'>Venerem</span> 
     </span>
    </p>
   </div>
   <div class='ocr_carea' id='block_1_17' title="bbox 249 1629 1885 1708">
    <p class='ocr_par' dir='ltr' id='par_1_17' title="bbox 249 1629 1885 1708">
     <span class='ocr_line' id='line_1_17' title="bbox 249 1629 1885 1708; baseline -0.007 -15"><span class='ocrx_word' id='word_1_119' title='bbox 249 1655 409 1708; x_wconf 87' lang='lat' dir='ltr'>quam</span> <span class='ocrx_word' id='word_1_120' title='bbox 434 1639 721 1692; x_wconf 85' lang='lat' dir='ltr'>Virtutem</span> <span class='ocrx_word' id='word_1_121' title='bbox 741 1635 817 1707; x_wconf 69' lang='grc' dir='ltr'>(ὁ)</span> <span class='ocrx_word' id='word_1_122' title='bbox 840 1653 854 1702; x_wconf 88' lang='grc'>;</span> <span class='ocrx_word' id='word_1_123' title='bbox 877 1651 982 1689; x_wconf 88' lang='lat' dir='ltr'>cur</span> <span class='ocrx_word' id='word_1_124' title='bbox 1029 1632 1320 1688; x_wconf 87' lang='lat' dir='ltr'>celebrata</span> <span class='ocrx_word' id='word_1_125' title='bbox 1350 1636 1440 1688; x_wconf 88' lang='lat' dir='ltr'>est</span> <span class='ocrx_word' id='word_1_126' title='bbox 1468 1631 1576 1686; x_wconf 89' lang='lat' dir='ltr'>dea</span> <span class='ocrx_word' id='word_1_127' title='bbox 1606 1629 1885 1694; x_wconf 85' lang='lat' dir='ltr'>Minerva,</span> 
     </span>
    </p>
   </div>
   <div class='ocr_carea' id='block_1_18' title="bbox 249 1709 1888 1782">
    <p class='ocr_par' dir='ltr' id='par_1_18' title="bbox 249 1709 1888 1782">
     <span class='ocr_line' id='line_1_18' title="bbox 249 1709 1888 1782; baseline -0.007 -9"><span class='ocrx_word' id='word_1_128' title='bbox 249 1725 300 1773; x_wconf 90' lang='lat' dir='ltr'>et</span> <span class='ocrx_word' id='word_1_129' title='bbox 324 1719 637 1774; x_wconf 86' lang='lat' dir='ltr'>obscurata</span> <span class='ocrx_word' id='word_1_130' title='bbox 667 1721 759 1772; x_wconf 90' lang='lat' dir='ltr'>est</span> <span class='ocrx_word' id='word_1_131' title='bbox 798 1715 907 1771; x_wconf 87' lang='lat' dir='ltr'>dea</span> <span class='ocrx_word' id='word_1_132' title='bbox 936 1713 1226 1770; x_wconf 86' lang='lat' dir='ltr'>Pecunia?</span> <span class='ocrx_word' id='word_1_133' title='bbox 1255 1729 1392 1769; x_wconf 90' lang='lat' dir='ltr'>cum</span> <span class='ocrx_word' id='word_1_134' title='bbox 1434 1711 1489 1765; x_wconf 88' lang='lat' dir='ltr'>in</span> <span class='ocrx_word' id='word_1_135' title='bbox 1524 1726 1733 1782; x_wconf 83' lang='lat' dir='ltr'>genere</span> <span class='ocrx_word' id='word_1_136' title='bbox 1781 1709 1888 1763; x_wconf 93' lang='lat' dir='ltr'>hu-</span> 
     </span>
    </p>
   </div>
   <div class='ocr_carea' id='block_1_19' title="bbox 250 1789 1887 1867">
    <p class='ocr_par' dir='ltr' id='par_1_19' title="bbox 250 1789 1887 1867">
     <span class='ocr_line' id='line_1_19' title="bbox 250 1789 1887 1867; baseline -0.007 -15"><span class='ocrx_word' id='word_1_137' title='bbox 250 1814 410 1852; x_wconf 88' lang='lat' dir='ltr'>mano</span> <span class='ocrx_word' id='word_1_138' title='bbox 464 1796 659 1867; x_wconf 89' lang='lat' dir='ltr'>plures</span> <span class='ocrx_word' id='word_1_139' title='bbox 699 1794 917 1851; x_wconf 90' lang='lat' dir='ltr'>alliciat</span> <span class='ocrx_word' id='word_1_140' title='bbox 963 1793 1204 1848; x_wconf 87' lang='lat' dir='ltr'>avaritia</span> <span class='ocrx_word' id='word_1_141' title='bbox 1248 1807 1425 1863; x_wconf 90' lang='lat' dir='ltr'>quam</span> <span class='ocrx_word' id='word_1_142' title='bbox 1462 1790 1707 1862; x_wconf 86' lang='lat' dir='ltr'>peritia;</span> <span class='ocrx_word' id='word_1_143' title='bbox 1740 1789 1887 1842; x_wconf 88' lang='lat' dir='ltr'>etin</span> 
     </span>
    </p>
   </div>
   <div class='ocr_carea' id='block_1_20' title="bbox 248 1867 1886 1947">
    <p class='ocr_par' dir='ltr' id='par_1_20' title="bbox 248 1867 1886 1947">
     <span class='ocr_line' id='line_1_20' title="bbox 248 1867 1886 1947; baseline -0.007 -16"><span class='ocrx_word' id='word_1_144' title='bbox 248 1877 322 1931; x_wconf 89' lang='lat' dir='ltr'>eis</span> <span class='ocrx_word' id='word_1_145' title='bbox 353 1877 500 1947; x_wconf 87' lang='lat' dir='ltr'>ipsis</span> <span class='ocrx_word' id='word_1_146' title='bbox 530 1876 630 1946; x_wconf 90' lang='lat' dir='ltr'>qui</span> <span class='ocrx_word' id='word_1_147' title='bbox 663 1879 801 1930; x_wconf 87' lang='lat' dir='ltr'>sunt</span> <span class='ocrx_word' id='word_1_148' title='bbox 849 1873 1173 1939; x_wconf 79' lang='lat' dir='ltr'>artificiosi,</span> <span class='ocrx_word' id='word_1_149' title='bbox 1205 1889 1334 1927; x_wconf 91' lang='lat' dir='ltr'>raro</span> <span class='ocrx_word' id='word_1_150' title='bbox 1384 1870 1648 1926; x_wconf 87' lang='lat' dir='ltr'>invenias</span> <span class='ocrx_word' id='word_1_151' title='bbox 1696 1867 1886 1922; x_wconf 86' lang='lat' dir='ltr'>homi-</span> 
     </span>
    </p>
   </div>
   <div class='ocr_carea' id='block_1_21' title="bbox 245 1949 1886 2026">
    <p class='ocr_par' dir='ltr' id='par_1_21' title="bbox 245 1949 1886 2026">
     <span class='ocr_line' id='line_1_21' title="bbox 245 1949 1886 2026; baseline -0.007 -14"><span class='ocrx_word' id='word_1_152' title='bbox 245 1973 392 2024; x_wconf 88' lang='lat' dir='ltr'>nem,</span> <span class='ocrx_word' id='word_1_153' title='bbox 428 1957 528 2026; x_wconf 88' lang='lat' dir='ltr'>qui</span> <span class='ocrx_word' id='word_1_154' title='bbox 561 1972 676 2010; x_wconf 91' lang='lat' dir='ltr'>non</span> <span class='ocrx_word' id='word_1_155' title='bbox 709 1955 914 2011; x_wconf 86' lang='lat' dir='ltr'>habeat</span> <span class='ocrx_word' id='word_1_156' title='bbox 944 1958 1126 2009; x_wconf 86' lang='lat' dir='ltr'>artem</span> <span class='ocrx_word' id='word_1_157' title='bbox 1155 1969 1322 2008; x_wconf 88' lang='lat' dir='ltr'>suam</span> <span class='ocrx_word' id='word_1_158' title='bbox 1358 1949 1700 2022; x_wconf 88' lang='lat' dir='ltr'>pecuniaria</span> <span class='ocrx_word' id='word_1_159' title='bbox 1731 1963 1886 2002; x_wconf 83' lang='lat' dir='ltr'>mer-</span> 
     </span>
    </p>
   </div>
   <div class='ocr_carea' id='block_1_22' title="bbox 245 2033 1889 2108">
    <p class='ocr_par' dir='ltr' id='par_1_22' title="bbox 245 2033 1889 2108">
     <span class='ocr_line' id='line_1_22' title="bbox 245 2033 1889 2108; baseline -0.006 -16"><span class='ocrx_word' id='word_1_160' title='bbox 245 2040 374 2093; x_wconf 88' lang='lat' dir='ltr'>cede</span> <span class='ocrx_word' id='word_1_161' title='bbox 405 2036 702 2104; x_wconf 87' lang='lat' dir='ltr'>venalem;</span> <span class='ocrx_word' id='word_1_162' title='bbox 737 2035 1040 2108; x_wconf 89' lang='lat' dir='ltr'>plurisque</span> <span class='ocrx_word' id='word_1_163' title='bbox 1063 2035 1350 2104; x_wconf 85' lang='lat' dir='ltr'>pendatur</span> <span class='ocrx_word' id='word_1_164' title='bbox 1393 2047 1622 2100; x_wconf 86' lang='lat' dir='ltr'>semper</span> <span class='ocrx_word' id='word_1_165' title='bbox 1656 2033 1889 2100; x_wconf 86' lang='lat' dir='ltr'>propter</span> 
     </span>
    </p>
   </div>
   <div class='ocr_carea' id='block_1_23' title="bbox 247 2110 1887 2190">
    <p class='ocr_par' dir='ltr' id='par_1_23' title="bbox 247 2110 1887 2190">
     <span class='ocr_line' id='line_1_23' title="bbox 247 2110 1887 2190; baseline -0.007 -16"><span class='ocrx_word' id='word_1_166' title='bbox 247 2120 392 2189; x_wconf 90' lang='lat' dir='ltr'>quod</span> <span class='ocrx_word' id='word_1_167' title='bbox 433 2118 654 2190; x_wconf 90' lang='lat' dir='ltr'>aliquid</span> <span class='ocrx_word' id='word_1_168' title='bbox 681 2118 958 2188; x_wconf 85' lang='lat' dir='ltr'>fit,quam</span> <span class='ocrx_word' id='word_1_169' title='bbox 982 2116 1042 2170; x_wconf 92' lang='lat' dir='ltr'>id</span> <span class='ocrx_word' id='word_1_170' title='bbox 1073 2115 1226 2186; x_wconf 91' lang='lat' dir='ltr'>quod</span> <span class='ocrx_word' id='word_1_171' title='bbox 1261 2120 1497 2185; x_wconf 86' lang='lat' dir='ltr'>propter</span> <span class='ocrx_word' id='word_1_172' title='bbox 1527 2113 1681 2166; x_wconf 88' lang='lat' dir='ltr'>aliud</span> <span class='ocrx_word' id='word_1_173' title='bbox 1713 2110 1797 2165; x_wconf 81' lang='lat' dir='ltr'>fit.</span> <span class='ocrx_word' id='word_1_174' title='bbox 1830 2110 1887 2162; x_wconf 88' lang='lat' dir='ltr'>Si</span> 
     </span>
    </p>
   </div>
   <div class='ocr_carea' id='block_1_24' title="bbox 236 2191 1888 2270">
    <p class='ocr_par' dir='ltr' id='par_1_24' title="bbox 236 2191 1888 2270">
     <span class='ocr_line' id='line_1_24' title="bbox 236 2191 1888 2270; baseline -0.005 -18"><span class='ocrx_word' id='word_1_175' title='bbox 236 2213 366 2270; x_wconf 87' lang='lat' dir='ltr'>ergo</span> <span class='ocrx_word' id='word_1_176' title='bbox 403 2197 740 2268; x_wconf 87' lang='lat' dir='ltr'>insipientis</span> <span class='ocrx_word' id='word_1_177' title='bbox 769 2196 990 2266; x_wconf 87' lang='lat' dir='ltr'>judicio</span> <span class='ocrx_word' id='word_1_178' title='bbox 1021 2192 1415 2248; x_wconf 84' lang='lat' dir='ltr'>multitudinis</span> <span class='ocrx_word' id='word_1_179' title='bbox 1446 2194 1594 2248; x_wconf 89' lang='lat' dir='ltr'>facta</span> <span class='ocrx_word' id='word_1_180' title='bbox 1636 2196 1727 2246; x_wconf 89' lang='lat' dir='ltr'>est</span> <span class='ocrx_word' id='word_1_181' title='bbox 1755 2191 1888 2244; x_wconf 91' lang='lat' dir='ltr'>deo-</span> 
     </span>
    </p>
   </div>
   <div class='ocr_carea' id='block_1_25' title="bbox 235 2270 1887 2341">
    <p class='ocr_par' dir='ltr' id='par_1_25' title="bbox 235 2270 1887 2341">
     <span class='ocr_line' id='line_1_25' title="bbox 235 2270 1887 2341; baseline -0.006 -9"><span class='ocrx_word' id='word_1_182' title='bbox 235 2293 358 2332; x_wconf 87' lang='lat' dir='ltr'>rum</span> <span class='ocrx_word' id='word_1_183' title='bbox 395 2279 511 2333; x_wconf 90' lang='lat' dir='ltr'>ista</span> <span class='ocrx_word' id='word_1_184' title='bbox 532 2277 789 2341; x_wconf 84' lang='lat' dir='ltr'>selectio,</span> <span class='ocrx_word' id='word_1_185' title='bbox 820 2292 922 2332; x_wconf 88' lang='lat' dir='ltr'>cur</span> <span class='ocrx_word' id='word_1_186' title='bbox 954 2276 1062 2328; x_wconf 90' lang='lat' dir='ltr'>dea</span> <span class='ocrx_word' id='word_1_187' title='bbox 1091 2275 1346 2328; x_wconf 88' lang='lat' dir='ltr'>Pecunia</span> <span class='ocrx_word' id='word_1_188' title='bbox 1381 2273 1646 2327; x_wconf 63' lang='lat' dir='ltr'>Minerva</span> <span class='ocrx_word' id='word_1_189' title='bbox 1682 2270 1887 2341; x_wconf 72' lang='lat' dir='ltr'>praela-</span> 
     </span>
    </p>
   </div>
   <div class='ocr_carea' id='block_1_26' title="bbox 234 2350 1889 2426">
    <p class='ocr_par' dir='ltr' id='par_1_26' title="bbox 234 2350 1889 2426">
     <span class='ocr_line' id='line_1_26' title="bbox 234 2350 1889 2426; baseline -0.005 -14"><span class='ocrx_word' id='word_1_190' title='bbox 234 2361 287 2412; x_wconf 85' lang='lat' dir='ltr'>ta</span> <span class='ocrx_word' id='word_1_191' title='bbox 322 2375 446 2413; x_wconf 90' lang='lat' dir='ltr'>non</span> <span class='ocrx_word' id='word_1_192' title='bbox 477 2363 589 2423; x_wconf 90' lang='lat' dir='ltr'>est,</span> <span class='ocrx_word' id='word_1_193' title='bbox 648 2372 780 2413; x_wconf 93' lang='lat' dir='ltr'>cum</span> <span class='ocrx_word' id='word_1_194' title='bbox 839 2359 1076 2426; x_wconf 89' lang='lat' dir='ltr'>propter</span> <span class='ocrx_word' id='word_1_195' title='bbox 1123 2355 1429 2423; x_wconf 87' lang='lat' dir='ltr'>pecuniam</span> <span class='ocrx_word' id='word_1_196' title='bbox 1479 2352 1599 2407; x_wconf 86' lang='lat' dir='ltr'>sint</span> <span class='ocrx_word' id='word_1_197' title='bbox 1641 2350 1889 2405; x_wconf 85' lang='lat' dir='ltr'>artiﬁces</span> 
     </span>
    </p>
   </div>
   <div class='ocr_carea' id='block_1_27' title="bbox 230 2430 1889 2505">
    <p class='ocr_par' dir='ltr' id='par_1_27' title="bbox 230 2430 1889 2505">
     <span class='ocr_line' id='line_1_27' title="bbox 230 2430 1889 2505; baseline -0.005 -13"><span class='ocrx_word' id='word_1_198' title='bbox 230 2437 402 2493; x_wconf 90' lang='lat' dir='ltr'>multi</span> <span class='ocrx_word' id='word_1_199' title='bbox 425 2439 454 2491; x_wconf 68' lang='grc' dir='ltr'><em>Ἰ</em></span> <span class='ocrx_word' id='word_1_200' title='bbox 501 2438 560 2492; x_wconf 87' lang='lat' dir='ltr'>Si</span> <span class='ocrx_word' id='word_1_201' title='bbox 613 2441 808 2491; x_wconf 89' lang='lat' dir='ltr'>autem</span> <span class='ocrx_word' id='word_1_202' title='bbox 858 2450 1178 2505; x_wconf 89' lang='lat' dir='ltr'>paucorum</span> <span class='ocrx_word' id='word_1_203' title='bbox 1255 2433 1605 2502; x_wconf 88' lang='lat' dir='ltr'>sapientium</span> <span class='ocrx_word' id='word_1_204' title='bbox 1649 2436 1738 2485; x_wconf 90' lang='lat' dir='ltr'>est</span> <span class='ocrx_word' id='word_1_205' title='bbox 1780 2430 1889 2484; x_wconf 91' lang='lat' dir='ltr'>ista</span> 
     </span>
    </p>
   </div>
   <div class='ocr_carea' id='block_1_28' title="bbox 227 2512 1887 2585">
    <p class='ocr_par' dir='ltr' id='par_1_28' title="bbox 227 2512 1887 2585">
     <span class='ocr_line' id='line_1_28' title="bbox 227 2512 1887 2585; baseline -0.004 -14"><span class='ocrx_word' id='word_1_206' title='bbox 227 2518 560 2585; x_wconf 86' lang='lat' dir='ltr'>distinctio,</span> <span class='ocrx_word' id='word_1_207' title='bbox 592 2533 697 2572; x_wconf 89' lang='lat' dir='ltr'>cur</span> <span class='ocrx_word' id='word_1_208' title='bbox 728 2533 842 2571; x_wconf 90' lang='lat' dir='ltr'>non</span> <span class='ocrx_word' id='word_1_209' title='bbox 877 2517 1114 2585; x_wconf 87' lang='lat' dir='ltr'>praelata</span> <span class='ocrx_word' id='word_1_210' title='bbox 1139 2522 1225 2568; x_wconf 90' lang='lat' dir='ltr'>est</span> <span class='ocrx_word' id='word_1_211' title='bbox 1258 2513 1464 2568; x_wconf 89' lang='lat' dir='ltr'>Veneri</span> <span class='ocrx_word' id='word_1_212' title='bbox 1507 2512 1722 2575; x_wconf 85' lang='lat' dir='ltr'>Virtus,</span> <span class='ocrx_word' id='word_1_213' title='bbox 1754 2526 1887 2565; x_wconf 89' lang='lat' dir='ltr'>cum</span> 
     </span>
    </p>
   </div>
   <div class='ocr_carea' id='block_1_29' title="bbox 223 2591 1883 2669">
    <p class='ocr_par' dir='ltr' id='par_1_29' title="bbox 223 2591 1883 2669">
     <span class='ocr_line' id='line_1_29' title="bbox 223 2591 1883 2669; baseline -0.006 -15"><span class='ocrx_word' id='word_1_214' title='bbox 223 2615 355 2654; x_wconf 88' lang='lat' dir='ltr'>eam</span> <span class='ocrx_word' id='word_1_215' title='bbox 430 2599 601 2669; x_wconf 88' lang='lat' dir='ltr'>longe</span> <span class='ocrx_word' id='word_1_216' title='bbox 653 2598 795 2652; x_wconf 90' lang='lat' dir='ltr'>ratio</span> <span class='ocrx_word' id='word_1_217' title='bbox 846 2597 1162 2667; x_wconf 60' lang='lat' dir='ltr'>preferat?</span> <span class='ocrx_word' id='word_1_218' title='bbox 1191 2596 1408 2651; x_wconf 88' lang='lat' dir='ltr'>Saltem</span> <span class='ocrx_word' id='word_1_219' title='bbox 1459 2602 1630 2660; x_wconf 88' lang='lat' dir='ltr'>certe,</span> <span class='ocrx_word' id='word_1_220' title='bbox 1654 2597 1716 2646; x_wconf 90' lang='lat' dir='ltr'>ut</span> <span class='ocrx_word' id='word_1_221' title='bbox 1745 2591 1883 2658; x_wconf 84' lang='lat' dir='ltr'>dixi,</span> 
     </span>
    </p>
   </div>
   <div class='ocr_carea' id='block_1_30' title="bbox 221 2674 1882 2750">
    <p class='ocr_par' dir='ltr' id='par_1_30' title="bbox 221 2674 1882 2750">
     <span class='ocr_line' id='line_1_30' title="bbox 221 2674 1882 2750; baseline -0.004 -18"><span class='ocrx_word' id='word_1_222' title='bbox 221 2679 350 2750; x_wconf 89' lang='lat' dir='ltr'>ipsa</span> <span class='ocrx_word' id='word_1_223' title='bbox 385 2678 663 2744; x_wconf 84' lang='lat' dir='ltr'>Fortuna,</span> <span class='ocrx_word' id='word_1_224' title='bbox 706 2694 854 2749; x_wconf 78' lang='lat' dir='ltr'>quae,</span> <span class='ocrx_word' id='word_1_225' title='bbox 908 2677 1059 2731; x_wconf 86' lang='lat' dir='ltr'>sicut</span> <span class='ocrx_word' id='word_1_226' title='bbox 1089 2680 1297 2748; x_wconf 89' lang='lat' dir='ltr'>putant</span> <span class='ocrx_word' id='word_1_227' title='bbox 1336 2675 1430 2746; x_wconf 89' lang='lat' dir='ltr'>qui</span> <span class='ocrx_word' id='word_1_228' title='bbox 1482 2675 1530 2729; x_wconf 91' lang='lat' dir='ltr'>ei</span> <span class='ocrx_word' id='word_1_229' title='bbox 1567 2674 1882 2744; x_wconf 89' lang='lat' dir='ltr'>plurimum</span> 
     </span>
    </p>
   </div>
   <div class='ocr_carea' id='block_1_31' title="bbox 226 2757 1886 2824">
    <p class='ocr_par' dir='ltr' id='par_1_31' title="bbox 226 2757 1886 2824">
     <span class='ocr_line' id='line_1_31' title="bbox 226 2757 1886 2824; baseline -0.004 -11"><span class='ocrx_word' id='word_1_230' title='bbox 226 2759 520 2824; x_wconf 86' lang='lat' dir='ltr'>tribuunt,</span> <span class='ocrx_word' id='word_1_231' title='bbox 554 2759 610 2811; x_wconf 90' lang='lat' dir='ltr'>in</span> <span class='ocrx_word' id='word_1_232' title='bbox 643 2759 800 2812; x_wconf 88' lang='lat' dir='ltr'>omni</span> <span class='ocrx_word' id='word_1_233' title='bbox 837 2773 895 2812; x_wconf 92' lang='lat' dir='ltr'>re</span> <span class='ocrx_word' id='word_1_234' title='bbox 931 2757 1286 2821; x_wconf 83' lang='lat' dir='ltr'>dominatur,</span> <span class='ocrx_word' id='word_1_235' title='bbox 1318 2761 1373 2810; x_wconf 85' lang='lat' dir='ltr'>et</span> <span class='ocrx_word' id='word_1_236' title='bbox 1419 2769 1508 2809; x_wconf 89' lang='lat' dir='ltr'>res</span> <span class='ocrx_word' id='word_1_237' title='bbox 1555 2757 1793 2808; x_wconf 88' lang='lat' dir='ltr'>cunctas</span> <span class='ocrx_word' id='word_1_238' title='bbox 1817 2769 1886 2806; x_wconf 83' lang='lat' dir='ltr'>ex</span> 
     </span>
    </p>
   </div>
   <div class='ocr_carea' id='block_1_32' title="bbox 227 2836 1881 2908">
    <p class='ocr_par' dir='ltr' id='par_1_32' title="bbox 227 2836 1881 2908">
     <span class='ocr_line' id='line_1_32' title="bbox 227 2836 1881 2908; baseline -0.002 -17"><span class='ocrx_word' id='word_1_239' title='bbox 227 2838 474 2895; x_wconf 86' lang='lat' dir='ltr'>libidine</span> <span class='ocrx_word' id='word_1_240' title='bbox 500 2838 688 2908; x_wconf 82' lang='lat' dir='ltr'>magis</span> <span class='ocrx_word' id='word_1_241' title='bbox 711 2853 883 2908; x_wconf 90' lang='lat' dir='ltr'>quam</span> <span class='ocrx_word' id='word_1_242' title='bbox 919 2852 986 2891; x_wconf 86' lang='lat' dir='ltr'>ex</span> <span class='ocrx_word' id='word_1_243' title='bbox 1018 2853 1150 2891; x_wconf 90' lang='lat' dir='ltr'>vero</span> <span class='ocrx_word' id='word_1_244' title='bbox 1181 2837 1434 2891; x_wconf 88' lang='lat' dir='ltr'>celebrat</span> <span class='ocrx_word' id='word_1_245' title='bbox 1466 2836 1881 2904; x_wconf 87' lang='lat' dir='ltr'>obscuratque;</span> 
     </span>
    </p>
   </div>
   <div class='ocr_carea' id='block_1_33' title="bbox 229 2913 1884 2984">
    <p class='ocr_par' dir='ltr' id='par_1_33' title="bbox 229 2913 1884 2984">
     <span class='ocr_line' id='line_1_33' title="bbox 229 2913 1884 2984; baseline -0.004 -11"><span class='ocrx_word' id='word_1_246' title='bbox 229 2920 277 2974; x_wconf 85' lang='lat' dir='ltr'>si</span> <span class='ocrx_word' id='word_1_247' title='bbox 317 2925 555 2974; x_wconf 88' lang='lat' dir='ltr'>tantum</span> <span class='ocrx_word' id='word_1_248' title='bbox 588 2925 645 2973; x_wconf 89' lang='lat' dir='ltr'>et</span> <span class='ocrx_word' id='word_1_249' title='bbox 677 2919 735 2972; x_wconf 91' lang='lat' dir='ltr'>in</span> <span class='ocrx_word' id='word_1_250' title='bbox 785 2920 922 2972; x_wconf 88' lang='lat' dir='ltr'>deos</span> <span class='ocrx_word' id='word_1_251' title='bbox 969 2919 1170 2984; x_wconf 89' lang='lat' dir='ltr'>valuit,</span> <span class='ocrx_word' id='word_1_252' title='bbox 1203 2921 1267 2971; x_wconf 91' lang='lat' dir='ltr'>ut</span> <span class='ocrx_word' id='word_1_253' title='bbox 1311 2916 1618 2971; x_wconf 85' lang='lat' dir='ltr'>temerario</span> <span class='ocrx_word' id='word_1_254' title='bbox 1660 2913 1884 2982; x_wconf 79' lang='lat' dir='ltr'>judicio</span> 
     </span>
    </p>
   </div>
   <div class='ocr_carea' id='block_1_34' title="bbox 228 2996 1885 3071">
    <p class='ocr_par' dir='ltr' id='par_1_34' title="bbox 228 2996 1885 3071">
     <span class='ocr_line' id='line_1_34' title="bbox 228 2996 1885 3071; baseline -0.005 -15"><span class='ocrx_word' id='word_1_255' title='bbox 228 3017 326 3056; x_wconf 85' lang='lat' dir='ltr'>suo</span> <span class='ocrx_word' id='word_1_256' title='bbox 359 3016 514 3071; x_wconf 90' lang='lat' dir='ltr'>quos</span> <span class='ocrx_word' id='word_1_257' title='bbox 545 2999 715 3054; x_wconf 87' lang='lat' dir='ltr'>vellet</span> <span class='ocrx_word' id='word_1_258' title='bbox 744 2997 1074 3063; x_wconf 90' lang='lat' dir='ltr'>celebraret,</span> <span class='ocrx_word' id='word_1_259' title='bbox 1108 3000 1552 3067; x_wconf 88' lang='lat' dir='ltr'>obscuraretque</span> <span class='ocrx_word' id='word_1_260' title='bbox 1587 3012 1734 3066; x_wconf 90' lang='lat' dir='ltr'>quos</span> <span class='ocrx_word' id='word_1_261' title='bbox 1767 2996 1885 3049; x_wconf 88' lang='lat' dir='ltr'>vel-</span> 
     </span>
    </p>
   </div>
   <div class='ocr_carea' id='block_1_35' title="bbox 231 3079 1885 3154">
    <p class='ocr_par' dir='ltr' id='par_1_35' title="bbox 231 3079 1885 3154">
     <span class='ocr_line' id='line_1_35' title="bbox 231 3079 1885 3154; baseline -0.003 -17"><span class='ocrx_word' id='word_1_262' title='bbox 231 3082 320 3149; x_wconf 86' lang='lat' dir='ltr'>let,</span> <span class='ocrx_word' id='word_1_263' title='bbox 357 3082 720 3154; x_wconf 65' lang='lat' dir='ltr'>priecipuum</span> <span class='ocrx_word' id='word_1_264' title='bbox 756 3081 944 3135; x_wconf 92' lang='lat' dir='ltr'>locum</span> <span class='ocrx_word' id='word_1_265' title='bbox 972 3081 1205 3133; x_wconf 87' lang='lat' dir='ltr'>haberet</span> <span class='ocrx_word' id='word_1_266' title='bbox 1255 3081 1312 3134; x_wconf 90' lang='lat' dir='ltr'>in</span> <span class='ocrx_word' id='word_1_267' title='bbox 1362 3079 1619 3143; x_wconf 87' lang='lat' dir='ltr'>selectis,</span> <span class='ocrx_word' id='word_1_268' title='bbox 1668 3095 1792 3146; x_wconf 63' lang='lat' dir='ltr'>qua</span> <span class='ocrx_word' id='word_1_269' title='bbox 1827 3080 1885 3133; x_wconf 92' lang='lat' dir='ltr'>in</span> 
     </span>
    </p>
   </div>
   <div class='ocr_carea' id='block_1_36' title="bbox 227 3158 1885 3234">
    <p class='ocr_par' dir='ltr' id='par_1_36' title="bbox 227 3158 1885 3234">
     <span class='ocr_line' id='line_1_36' title="bbox 227 3158 1885 3234; baseline -0.002 -19"><span class='ocrx_word' id='word_1_270' title='bbox 227 3162 380 3234; x_wconf 90' lang='lat' dir='ltr'>ipsos</span> <span class='ocrx_word' id='word_1_271' title='bbox 413 3177 649 3233; x_wconf 87' lang='lat' dir='ltr'>quoque</span> <span class='ocrx_word' id='word_1_272' title='bbox 679 3161 819 3216; x_wconf 89' lang='lat' dir='ltr'>deos</span> <span class='ocrx_word' id='word_1_273' title='bbox 849 3165 967 3214; x_wconf 90' lang='lat' dir='ltr'>tam</span> <span class='ocrx_word' id='word_1_274' title='bbox 1005 3159 1300 3228; x_wconf 75' lang='lat' dir='ltr'>praecipuae</span> <span class='ocrx_word' id='word_1_275' title='bbox 1324 3167 1408 3212; x_wconf 90' lang='lat' dir='ltr'>est</span> <span class='ocrx_word' id='word_1_276' title='bbox 1447 3158 1767 3227; x_wconf 87' lang='lat' dir='ltr'>potestatis.</span> <span class='ocrx_word' id='word_1_277' title='bbox 1799 3161 1885 3212; x_wconf 91' lang='lat' dir='ltr'>An</span> 
     </span>
    </p>
   </div>
   <div class='ocr_carea' id='block_1_37' title="bbox 229 3237 1884 3310">
    <p class='ocr_par' dir='ltr' id='par_1_37' title="bbox 229 3237 1884 3310">
     <span class='ocr_line' id='line_1_37' title="bbox 229 3237 1884 3310; baseline -0.003 -13"><span class='ocrx_word' id='word_1_278' title='bbox 229 3247 290 3297; x_wconf 89' lang='lat' dir='ltr'>ut</span> <span class='ocrx_word' id='word_1_279' title='bbox 318 3243 442 3299; x_wconf 89' lang='lat' dir='ltr'>illic</span> <span class='ocrx_word' id='word_1_280' title='bbox 471 3257 604 3297; x_wconf 88' lang='lat' dir='ltr'>esse</span> <span class='ocrx_word' id='word_1_281' title='bbox 639 3257 754 3296; x_wconf 93' lang='lat' dir='ltr'>non</span> <span class='ocrx_word' id='word_1_282' title='bbox 787 3245 1000 3310; x_wconf 91' lang='lat' dir='ltr'>posset,</span> <span class='ocrx_word' id='word_1_283' title='bbox 1026 3239 1169 3294; x_wconf 86' lang='lat' dir='ltr'>nihil</span> <span class='ocrx_word' id='word_1_284' title='bbox 1200 3237 1358 3293; x_wconf 88' lang='lat' dir='ltr'>aliud</span> <span class='ocrx_word' id='word_1_285' title='bbox 1391 3240 1566 3293; x_wconf 90' lang='lat' dir='ltr'>etiam</span> <span class='ocrx_word' id='word_1_286' title='bbox 1600 3239 1730 3309; x_wconf 82' lang='lat' dir='ltr'>ipsa</span> <span class='ocrx_word' id='word_1_287' title='bbox 1753 3239 1884 3293; x_wconf 88' lang='lat' dir='ltr'>For-</span> 
     </span>
    </p>
   </div>
   <div class='ocr_carea' id='block_1_38' title="bbox 230 3318 1884 3391">
    <p class='ocr_par' dir='ltr' id='par_1_38' title="bbox 230 3318 1884 3391">
     <span class='ocr_line' id='line_1_38' title="bbox 230 3318 1884 3391; baseline -0.003 -14"><span class='ocrx_word' id='word_1_288' title='bbox 230 3327 383 3391; x_wconf 86' lang='lat' dir='ltr'>tuna,</span> <span class='ocrx_word' id='word_1_289' title='bbox 402 3324 525 3378; x_wconf 89' lang='lat' dir='ltr'>nisi</span> <span class='ocrx_word' id='word_1_290' title='bbox 548 3322 847 3376; x_wconf 84' lang='lat' dir='ltr'>adversam</span> <span class='ocrx_word' id='word_1_291' title='bbox 873 3319 1126 3390; x_wconf 89' lang='lat' dir='ltr'>putanda</span> <span class='ocrx_word' id='word_1_292' title='bbox 1143 3325 1232 3375; x_wconf 89' lang='lat' dir='ltr'>est</span> <span class='ocrx_word' id='word_1_293' title='bbox 1254 3319 1528 3374; x_wconf 80' lang='lat' dir='ltr'>habuisse</span> <span class='ocrx_word' id='word_1_294' title='bbox 1546 3319 1836 3373; x_wconf 81' lang='lat' dir='ltr'>fortunam</span> <span class='ocrx_word' id='word_1_295' title='bbox 1858 3318 1884 3372; x_wconf 65' lang='grc' dir='ltr'><em>Ἰ</em></span> 
     </span>
    </p>
   </div>
   <div class='ocr_carea' id='block_1_39' title="bbox 223 3398 1882 3474">
    <p class='ocr_par' dir='ltr' id='par_1_39' title="bbox 223 3398 1882 3474">
     <span class='ocr_line' id='line_1_39' title="bbox 223 3398 1882 3474; baseline -0.004 -15"><span class='ocrx_word' id='word_1_296' title='bbox 223 3405 334 3458; x_wconf 84' lang='lat' dir='ltr'>Sibi</span> <span class='ocrx_word' id='word_1_297' title='bbox 365 3419 512 3474; x_wconf 90' lang='lat' dir='ltr'>ergo</span> <span class='ocrx_word' id='word_1_298' title='bbox 546 3403 847 3457; x_wconf 87' lang='lat' dir='ltr'>adversata</span> <span class='ocrx_word' id='word_1_299' title='bbox 873 3406 985 3468; x_wconf 92' lang='lat' dir='ltr'>est,</span> <span class='ocrx_word' id='word_1_300' title='bbox 1017 3415 1137 3469; x_wconf 72' lang='lat' dir='ltr'>quis</span> <span class='ocrx_word' id='word_1_301' title='bbox 1191 3399 1336 3456; x_wconf 91' lang='lat' dir='ltr'>alios</span> <span class='ocrx_word' id='word_1_302' title='bbox 1389 3400 1610 3454; x_wconf 88' lang='lat' dir='ltr'>nobiles</span> <span class='ocrx_word' id='word_1_303' title='bbox 1663 3398 1882 3453; x_wconf 83' lang='lat' dir='ltr'>faciens</span> 
     </span>
    </p>
   </div>
   <div class='ocr_carea' id='block_1_40' title="bbox 230 3485 830 3540">
    <p class='ocr_par' dir='ltr' id='par_1_40' title="bbox 230 3485 830 3540">
     <span class='ocr_line' id='line_1_40' title="bbox 230 3485 830 3540; baseline -0.005 -2"><span class='ocrx_word' id='word_1_304' title='bbox 230 3485 540 3540; x_wconf 84' lang='lat' dir='ltr'>nobilitata</span> <span class='ocrx_word' id='word_1_305' title='bbox 575 3500 689 3537; x_wconf 92' lang='lat' dir='ltr'>non</span> <span class='ocrx_word' id='word_1_306' title='bbox 723 3485 830 3536; x_wconf 90' lang='lat' dir='ltr'>est.</span> 
     </span>
    </p>
   </div>
   <div class='ocr_carea' id='block_1_41' title="bbox 225 3611 1885 3681">
    <p class='ocr_par' dir='ltr' id='par_1_41' title="bbox 225 3611 1885 3681">
     <span class='ocr_line' id='line_1_41' title="bbox 225 3611 1885 3681; baseline -0.002 -11"><span class='ocrx_word' id='word_1_307' title='bbox 225 3618 449 3675; x_wconf 85' lang='lat' dir='ltr'>CAPUT</span> <span class='ocrx_word' id='word_1_308' title='bbox 481 3617 582 3674; x_wconf 89' lang='lat' dir='ltr'>IV.</span> <span class='ocrx_word' id='word_1_309' title='bbox 617 3647 685 3658; x_wconf 90' lang='lat'><strong>—-</strong></span> <span class='ocrx_word' id='word_1_310' title='bbox 719 3616 920 3672; x_wconf 76' lang='lat' dir='ltr'>Melius</span> <span class='ocrx_word' id='word_1_311' title='bbox 963 3623 1147 3672; x_wconf 80' lang='lat' dir='ltr'>actum</span> <span class='ocrx_word' id='word_1_312' title='bbox 1191 3631 1314 3670; x_wconf 83' lang='lat' dir='ltr'>cum</span> <span class='ocrx_word' id='word_1_313' title='bbox 1355 3613 1460 3666; x_wconf 78' lang='lat' dir='ltr'>diis</span> <span class='ocrx_word' id='word_1_314' title='bbox 1503 3611 1885 3681; x_wconf 77' lang='lat' dir='ltr'>inferioribus,</span> 
     </span>
    </p>
   </div>
   <div class='ocr_carea' id='block_1_42' title="bbox 291 3692 1881 3770">
    <p class='ocr_par' dir='ltr' id='par_1_42' title="bbox 291 3692 1881 3770">
     <span class='ocr_line' id='line_1_42' title="bbox 291 3692 1881 3770; baseline -0.006 -15"><span class='ocrx_word' id='word_1_315' title='bbox 291 3701 387 3770; x_wconf 85' lang='lat' dir='ltr'>qui</span> <span class='ocrx_word' id='word_1_316' title='bbox 418 3698 601 3754; x_wconf 79' lang='lat' dir='ltr'>nullis</span> <span class='ocrx_word' id='word_1_317' title='bbox 623 3698 979 3769; x_wconf 79' lang='lat' dir='ltr'>infamentur</span> <span class='ocrx_word' id='word_1_318' title='bbox 1009 3692 1348 3765; x_wconf 75' lang='lat' dir='ltr'>opprobriis,</span> <span class='ocrx_word' id='word_1_319' title='bbox 1381 3708 1547 3762; x_wconf 81' lang='lat' dir='ltr'>quam</span> <span class='ocrx_word' id='word_1_320' title='bbox 1567 3707 1691 3746; x_wconf 86' lang='lat' dir='ltr'>cum</span> <span class='ocrx_word' id='word_1_321' title='bbox 1718 3692 1881 3746; x_wconf 80' lang='lat' dir='ltr'>selec-</span> 
     </span>
    </p>
   </div>
   <div class='ocr_carea' id='block_1_43' title="bbox 290 3772 1668 3852">
    <p class='ocr_par' dir='ltr' id='par_1_43' title="bbox 290 3772 1668 3852">
     <span class='ocr_line' id='line_1_43' title="bbox 290 3772 1668 3852; baseline -0.007 -18"><span class='ocrx_word' id='word_1_322' title='bbox 290 3783 386 3852; x_wconf 79' lang='lat' dir='ltr'>tis,</span> <span class='ocrx_word' id='word_1_323' title='bbox 421 3796 669 3851; x_wconf 85' lang='lat' dir='ltr'>quorum</span> <span class='ocrx_word' id='word_1_324' title='bbox 698 3782 868 3833; x_wconf 62' lang='lat' dir='ltr'>tantae</span> <span class='ocrx_word' id='word_1_325' title='bbox 895 3776 1278 3848; x_wconf 77' lang='lat' dir='ltr'>turpitudines</span> <span class='ocrx_word' id='word_1_326' title='bbox 1307 3772 1668 3827; x_wconf 83' lang='lat' dir='ltr'>celebrentur.</span> 
     </span>
    </p>
   </div>
   <div class='ocr_carea' id='block_1_44' title="bbox 295 3907 1882 3982">
    <p class='ocr_par' dir='ltr' id='par_1_44' title="bbox 295 3907 1882 3982">
     <span class='ocr_line' id='line_1_44' title="bbox 295 3907 1882 3982; baseline -0.007 -8"><span class='ocrx_word' id='word_1_327' title='bbox 295 3917 715 3974; x_wconf 82' lang='lat' dir='ltr'>Gratularetur</span> <span class='ocrx_word' id='word_1_328' title='bbox 745 3918 937 3969; x_wconf 88' lang='lat' dir='ltr'>autem</span> <span class='ocrx_word' id='word_1_329' title='bbox 971 3912 1086 3967; x_wconf 91' lang='lat' dir='ltr'>diis</span> <span class='ocrx_word' id='word_1_330' title='bbox 1136 3911 1264 3966; x_wconf 89' lang='lat' dir='ltr'>istis</span> <span class='ocrx_word' id='word_1_331' title='bbox 1310 3910 1538 3966; x_wconf 88' lang='lat' dir='ltr'>selectis</span> <span class='ocrx_word' id='word_1_332' title='bbox 1570 3907 1882 3982; x_wconf 88' lang='lat' dir='ltr'>quisquam</span> 
     </span>
    </p>
   </div>
   <div class='ocr_carea' id='block_1_45' title="bbox 229 3992 1886 4065">
    <p class='ocr_par' dir='ltr' id='par_1_45' title="bbox 229 3992 1886 4065">
     <span class='ocr_line' id='line_1_45' title="bbox 229 3992 1886 4065; baseline -0.004 -13"><span class='ocrx_word' id='word_1_333' title='bbox 229 4000 564 4056; x_wconf 86' lang='lat' dir='ltr'>nobilitatis</span> <span class='ocrx_word' id='word_1_334' title='bbox 597 4003 654 4054; x_wconf 90' lang='lat' dir='ltr'>et</span> <span class='ocrx_word' id='word_1_335' title='bbox 684 3995 1052 4053; x_wconf 90' lang='lat' dir='ltr'>claritudinis</span> <span class='ocrx_word' id='word_1_336' title='bbox 1101 3995 1410 4065; x_wconf 86' lang='lat' dir='ltr'>appetitor,</span> <span class='ocrx_word' id='word_1_337' title='bbox 1445 4002 1496 4047; x_wconf 92' lang='lat' dir='ltr'>et</span> <span class='ocrx_word' id='word_1_338' title='bbox 1527 4009 1626 4047; x_wconf 90' lang='lat' dir='ltr'>eos</span> <span class='ocrx_word' id='word_1_339' title='bbox 1673 3992 1886 4047; x_wconf 88' lang='lat' dir='ltr'>diceret</span> 
     </span>
    </p>
   </div>
   <div class='ocr_carea' id='block_1_46' title="bbox 230 4072 1884 4146">
    <p class='ocr_par' dir='ltr' id='par_1_46' title="bbox 230 4072 1884 4146">
     <span class='ocr_line' id='line_1_46' title="bbox 230 4072 1884 4146; baseline -0.004 -14"><span class='ocrx_word' id='word_1_340' title='bbox 230 4080 588 4146; x_wconf 86' lang='lat' dir='ltr'>fortunatos,</span> <span class='ocrx_word' id='word_1_341' title='bbox 624 4078 669 4133; x_wconf 90' lang='lat' dir='ltr'>si</span> <span class='ocrx_word' id='word_1_342' title='bbox 703 4094 817 4132; x_wconf 92' lang='lat' dir='ltr'>non</span> <span class='ocrx_word' id='word_1_343' title='bbox 849 4092 948 4130; x_wconf 89' lang='lat' dir='ltr'>eos</span> <span class='ocrx_word' id='word_1_344' title='bbox 982 4074 1170 4144; x_wconf 87' lang='lat' dir='ltr'>magis</span> <span class='ocrx_word' id='word_1_345' title='bbox 1211 4073 1280 4126; x_wconf 89' lang='lat' dir='ltr'>ad</span> <span class='ocrx_word' id='word_1_346' title='bbox 1325 4073 1573 4142; x_wconf 89' lang='lat' dir='ltr'>injurias</span> <span class='ocrx_word' id='word_1_347' title='bbox 1606 4087 1778 4142; x_wconf 89' lang='lat' dir='ltr'>quam</span> <span class='ocrx_word' id='word_1_348' title='bbox 1814 4072 1884 4126; x_wconf 92' lang='lat' dir='ltr'>ad</span> 
     </span>
    </p>
   </div>
   <div class='ocr_carea' id='block_1_47' title="bbox 227 4150 1883 4217">
    <p class='ocr_par' dir='ltr' id='par_1_47' title="bbox 227 4150 1883 4217">
     <span class='ocr_line' id='line_1_47' title="bbox 227 4150 1883 4217; baseline -0.005 -3"><span class='ocrx_word' id='word_1_349' title='bbox 227 4161 479 4217; x_wconf 87' lang='lat' dir='ltr'>honores</span> <span class='ocrx_word' id='word_1_350' title='bbox 504 4159 752 4216; x_wconf 86' lang='lat' dir='ltr'>selectos</span> <span class='ocrx_word' id='word_1_351' title='bbox 774 4154 1172 4210; x_wconf 88' lang='lat' dir='ltr'>videret.Nam</span> <span class='ocrx_word' id='word_1_352' title='bbox 1195 4151 1352 4206; x_wconf 88' lang='lat' dir='ltr'>illam</span> <span class='ocrx_word' id='word_1_353' title='bbox 1373 4154 1628 4206; x_wconf 86' lang='lat' dir='ltr'>intimam</span> <span class='ocrx_word' id='word_1_354' title='bbox 1653 4150 1883 4205; x_wconf 88' lang='lat' dir='ltr'>turbam</span> 
     </span>
    </p>
   </div>
   <div class='ocr_carea' id='block_1_48' title="bbox 228 4230 1882 4313">
    <p class='ocr_par' dir='ltr' id='par_1_48' title="bbox 228 4230 1882 4313">
     <span class='ocr_line' id='line_1_48' title="bbox 228 4230 1882 4313; baseline -0.004 -22"><span class='ocrx_word' id='word_1_355' title='bbox 228 4243 347 4310; x_wconf 88' lang='lat' dir='ltr'>ipsa</span> <span class='ocrx_word' id='word_1_356' title='bbox 377 4239 730 4313; x_wconf 82' lang='lat' dir='ltr'>ignobilitas</span> <span class='ocrx_word' id='word_1_357' title='bbox 765 4237 921 4303; x_wconf 81' lang='lat' dir='ltr'>texit,</span> <span class='ocrx_word' id='word_1_358' title='bbox 957 4252 1026 4290; x_wconf 89' lang='lat' dir='ltr'>ne</span> <span class='ocrx_word' id='word_1_359' title='bbox 1046 4235 1393 4289; x_wconf 85' lang='lat' dir='ltr'>obrueretur</span> <span class='ocrx_word' id='word_1_360' title='bbox 1413 4231 1756 4304; x_wconf 87' lang='lat' dir='ltr'>opprobriis.</span> <span class='ocrx_word' id='word_1_361' title='bbox 1786 4230 1882 4285; x_wconf 83' lang='lat' dir='ltr'>Ri-</span> 
     </span>
    </p>
   </div>
   <div class='ocr_carea' id='block_1_49' title="bbox 224 4313 1888 4392">
    <p class='ocr_par' dir='ltr' id='par_1_49' title="bbox 224 4313 1888 4392">
     <span class='ocr_line' id='line_1_49' title="bbox 224 4313 1888 4392; baseline -0.005 -19"><span class='ocrx_word' id='word_1_362' title='bbox 224 4322 427 4377; x_wconf 90' lang='lat' dir='ltr'>demus</span> <span class='ocrx_word' id='word_1_363' title='bbox 463 4321 733 4392; x_wconf 88' lang='lat' dir='ltr'>quidem,</span> <span class='ocrx_word' id='word_1_364' title='bbox 765 4333 898 4371; x_wconf 90' lang='lat' dir='ltr'>cum</span> <span class='ocrx_word' id='word_1_365' title='bbox 933 4333 1032 4371; x_wconf 87' lang='lat' dir='ltr'>eos</span> <span class='ocrx_word' id='word_1_366' title='bbox 1062 4314 1328 4369; x_wconf 84' lang='lat' dir='ltr'>videmus</span> <span class='ocrx_word' id='word_1_367' title='bbox 1356 4313 1646 4384; x_wconf 80' lang='lat' dir='ltr'>figmentis</span> <span class='ocrx_word' id='word_1_368' title='bbox 1673 4313 1888 4366; x_wconf 87' lang='lat' dir='ltr'>huma-</span> 
     </span>
    </p>
   </div>
   <div class='ocr_carea' id='block_1_50' title="bbox 225 4392 1885 4474">
    <p class='ocr_par' dir='ltr' id='par_1_50' title="bbox 225 4392 1885 4474">
     <span class='ocr_line' id='line_1_50' title="bbox 225 4392 1885 4474; baseline -0.005 -20"><span class='ocrx_word' id='word_1_369' title='bbox 225 4418 427 4458; x_wconf 89' lang='lat' dir='ltr'>narum</span> <span class='ocrx_word' id='word_1_370' title='bbox 467 4400 821 4474; x_wconf 88' lang='lat' dir='ltr'>opinionum</span> <span class='ocrx_word' id='word_1_371' title='bbox 855 4395 1080 4469; x_wconf 86' lang='lat' dir='ltr'>partitis</span> <span class='ocrx_word' id='word_1_372' title='bbox 1109 4396 1262 4450; x_wconf 90' lang='lat' dir='ltr'>inter</span> <span class='ocrx_word' id='word_1_373' title='bbox 1291 4410 1354 4450; x_wconf 93' lang='lat' dir='ltr'>se</span> <span class='ocrx_word' id='word_1_374' title='bbox 1385 4393 1660 4464; x_wconf 89' lang='lat' dir='ltr'>operibus</span> <span class='ocrx_word' id='word_1_375' title='bbox 1683 4392 1885 4446; x_wconf 88' lang='lat' dir='ltr'>distri-</span> 
     </span>
    </p>
   </div>
   <div class='ocr_carea' id='block_1_51' title="bbox 224 4473 1880 4552">
    <p class='ocr_par' dir='ltr' id='par_1_51' title="bbox 224 4473 1880 4552">
     <span class='ocr_line' id='line_1_51' title="bbox 224 4473 1880 4552; baseline -0.006 -16"><span class='ocrx_word' id='word_1_376' title='bbox 224 4481 414 4550; x_wconf 88' lang='lat' dir='ltr'>butos,</span> <span class='ocrx_word' id='word_1_377' title='bbox 454 4473 742 4552; x_wconf 75' lang='lat' dir='ltr'>tanquam</span> <span class='ocrx_word' id='word_1_378' title='bbox 795 4474 1273 4534; x_wconf 65' lang='lat' dir='ltr'>minuscularios2</span> <span class='ocrx_word' id='word_1_379' title='bbox 1326 4473 1696 4545; x_wconf 83' lang='lat' dir='ltr'>vectigalium</span> <span class='ocrx_word' id='word_1_380' title='bbox 1743 4489 1880 4527; x_wconf 86' lang='lat' dir='ltr'>con-</span> 
     </span>
    </p>
   </div>
   <div class='ocr_carea' id='block_1_52' title="bbox 224 4553 1880 4631">
    <p class='ocr_par' dir='ltr' id='par_1_52' title="bbox 224 4553 1880 4631">
     <span class='ocr_line' id='line_1_52' title="bbox 224 4553 1880 4631; baseline -0.005 -15"><span class='ocrx_word' id='word_1_381' title='bbox 224 4563 526 4631; x_wconf 87' lang='lat' dir='ltr'>ductores,</span> <span class='ocrx_word' id='word_1_382' title='bbox 546 4561 632 4616; x_wconf 88' lang='lat' dir='ltr'>vel</span> <span class='ocrx_word' id='word_1_383' title='bbox 658 4569 931 4630; x_wconf 91' lang='lat' dir='ltr'>tanquam</span> <span class='ocrx_word' id='word_1_384' title='bbox 957 4557 1192 4627; x_wconf 83' lang='lat' dir='ltr'>Opifices</span> <span class='ocrx_word' id='word_1_385' title='bbox 1216 4556 1274 4608; x_wconf 91' lang='lat' dir='ltr'>in</span> <span class='ocrx_word' id='word_1_386' title='bbox 1299 4554 1426 4609; x_wconf 91' lang='lat' dir='ltr'>vico</span> <span class='ocrx_word' id='word_1_387' title='bbox 1448 4553 1880 4625; x_wconf 85' lang='lat' dir='ltr'>argentario(c),</span> 
     </span>
    </p>
   </div>
   <div class='ocr_carea' id='block_1_53' title="bbox 226 4635 1885 4707">
    <p class='ocr_par' dir='ltr' id='par_1_53' title="bbox 226 4635 1885 4707">
     <span class='ocr_line' id='line_1_53' title="bbox 226 4635 1885 4707; baseline -0.005 -12"><span class='ocrx_word' id='word_1_388' title='bbox 226 4643 313 4697; x_wconf 88' lang='lat' dir='ltr'>ubi</span> <span class='ocrx_word' id='word_1_389' title='bbox 348 4659 551 4698; x_wconf 87' lang='lat' dir='ltr'>unum</span> <span class='ocrx_word' id='word_1_390' title='bbox 583 4639 885 4695; x_wconf 89' lang='lat' dir='ltr'>vasculum</span> <span class='ocrx_word' id='word_1_391' title='bbox 916 4641 979 4692; x_wconf 89' lang='lat' dir='ltr'>ut</span> <span class='ocrx_word' id='word_1_392' title='bbox 997 4637 1312 4707; x_wconf 90' lang='lat' dir='ltr'>perfectum</span> <span class='ocrx_word' id='word_1_393' title='bbox 1336 4638 1516 4694; x_wconf 84' lang='lat' dir='ltr'>exeat.</span> <span class='ocrx_word' id='word_1_394' title='bbox 1543 4649 1642 4704; x_wconf 88' lang='lat' dir='ltr'>per</span> <span class='ocrx_word' id='word_1_395' title='bbox 1665 4635 1885 4687; x_wconf 88' lang='lat' dir='ltr'>multos</span> 
     </span>
    </p>
   </div>
   <div class='ocr_carea' id='block_1_54' title="bbox 224 4714 1881 4787">
    <p class='ocr_par' dir='ltr' id='par_1_54' title="bbox 224 4714 1881 4787">
     <span class='ocr_line' id='line_1_54' title="bbox 224 4714 1881 4787; baseline -0.005 -11"><span class='ocrx_word' id='word_1_396' title='bbox 224 4725 480 4780; x_wconf 85' lang='lat' dir='ltr'>artiﬁces</span> <span class='ocrx_word' id='word_1_397' title='bbox 513 4720 750 4787; x_wconf 88' lang='lat' dir='ltr'>transit,</span> <span class='ocrx_word' id='word_1_398' title='bbox 781 4735 910 4775; x_wconf 92' lang='lat' dir='ltr'>cum</span> <span class='ocrx_word' id='word_1_399' title='bbox 944 4717 1014 4774; x_wconf 89' lang='lat' dir='ltr'>ab</span> <span class='ocrx_word' id='word_1_400' title='bbox 1037 4733 1152 4772; x_wconf 91' lang='lat' dir='ltr'>uno</span> <span class='ocrx_word' id='word_1_401' title='bbox 1172 4715 1420 4786; x_wconf 89' lang='lat' dir='ltr'>perfecto</span> <span class='ocrx_word' id='word_1_402' title='bbox 1444 4714 1641 4784; x_wconf 77' lang='lat' dir='ltr'>perfici</span> <span class='ocrx_word' id='word_1_403' title='bbox 1666 4719 1881 4783; x_wconf 90' lang='lat' dir='ltr'>posset.</span> 
     </span>
    </p>
   </div>
   <div class='ocr_carea' id='block_1_55' title="bbox 283 4901 1885 4972">
    <p class='ocr_par' dir='ltr' id='par_1_55' title="bbox 283 4901 1885 4972">
     <span class='ocr_line' id='line_1_55' title="bbox 283 4901 1885 4972; baseline -0.013 -6"><span class='ocrx_word' id='word_1_404' title='bbox 283 4920 299 4951; x_wconf 75' lang='grc' dir='ltr'>ί</span> <span class='ocrx_word' id='word_1_405' title='bbox 323 4918 481 4972; x_wconf 77' lang='lat' dir='ltr'>Lov.,</span> <span class='ocrx_word' id='word_1_406' title='bbox 509 4928 628 4964; x_wconf 80' lang='lat' dir='ltr'>non</span> <span class='ocrx_word' id='word_1_407' title='bbox 665 4908 1050 4960; x_wconf 77' lang='lat' dir='ltr'>irrationabili</span> <span class='ocrx_word' id='word_1_408' title='bbox 1078 4923 1093 4955; x_wconf 80' lang='lat'>.°</span> <span class='ocrx_word' id='word_1_409' title='bbox 1124 4907 1310 4972; x_wconf 79' lang='lat' dir='ltr'>Melius</span> <span class='ocrx_word' id='word_1_410' title='bbox 1338 4903 1466 4972; x_wconf 76' lang='lat' dir='ltr'>editi</span> <span class='ocrx_word' id='word_1_411' title='bbox 1505 4901 1615 4972; x_wconf 73' lang='lat' dir='ltr'>alii,</span> <span class='ocrx_word' id='word_1_412' title='bbox 1649 4915 1759 4972; x_wconf 75' lang='grc' dir='ltr'>ηρη</span> <span class='ocrx_word' id='word_1_413' title='bbox 1790 4915 1885 4972; x_wconf 47' lang='lat' dir='ltr'>ra:</span> 
     </span>
    </p>
   </div>
   <div class='ocr_carea' id='block_1_56' title="bbox 227 4963 1887 5035">
    <p class='ocr_par' dir='ltr' id='par_1_56' title="bbox 227 4963 1887 5035">
     <span class='ocr_line' id='line_1_56' title="bbox 227 4963 1887 5035; baseline -0.01 -10"><span class='ocrx_word' id='word_1_414' title='bbox 227 4963 493 5026; x_wconf 46' lang='lat' dir='ltr'>tionnbili</span> <span class='ocrx_word' id='word_1_415' title='bbox 516 4963 547 5030; x_wconf 14' lang='lat'>7:</span> <span class='ocrx_word' id='word_1_416' title='bbox 576 4973 997 5035; x_wconf 80' lang='lat' dir='ltr'>suffragantibus</span> <span class='ocrx_word' id='word_1_417' title='bbox 1036 4967 1430 5035; x_wconf 83' lang='lat' dir='ltr'>manuscriptis,</span> <span class='ocrx_word' id='word_1_418' title='bbox 1460 4964 1548 5026; x_wconf 89' lang='lat' dir='ltr'>qui</span> <span class='ocrx_word' id='word_1_419' title='bbox 1580 4963 1739 5026; x_wconf 84' lang='lat' dir='ltr'>paulo</span> <span class='ocrx_word' id='word_1_420' title='bbox 1768 4963 1887 5025; x_wconf 88' lang='lat' dir='ltr'>post</span> 
     </span>
    </p>
   </div>
   <div class='ocr_carea' id='block_1_57' title="bbox 223 5033 1289 5098">
    <p class='ocr_par' dir='ltr' id='par_1_57' title="bbox 223 5033 1289 5098">
     <span class='ocr_line' id='line_1_57' title="bbox 223 5033 1289 5098; baseline -0.009 -11"><span class='ocrx_word' id='word_1_421' title='bbox 223 5040 349 5098; x_wconf 89' lang='lat' dir='ltr'>loco,</span> <span class='ocrx_word' id='word_1_422' title='bbox 388 5039 708 5095; x_wconf 78' lang='lat' dir='ltr'>acciderit;</span> <span class='ocrx_word' id='word_1_423' title='bbox 744 5033 964 5090; x_wconf 77' lang='lat' dir='ltr'>habent,</span> <span class='ocrx_word' id='word_1_424' title='bbox 997 5033 1289 5098; x_wconf 72' lang='lat' dir='ltr'>accederet.</span> 
     </span>
    </p>
   </div>
   <div class='ocr_carea' id='block_1_58' title="bbox 281 5088 1883 5162">
    <p class='ocr_par' dir='ltr' id='par_1_58' title="bbox 281 5088 1883 5162">
     <span class='ocr_line' id='line_1_58' title="bbox 281 5088 1883 5162; baseline -0.014 -7"><span class='ocrx_word' id='word_1_425' title='bbox 281 5088 498 5162; x_wconf 13' lang='lat' dir='ltr'>737L071,</span> <span class='ocrx_word' id='word_1_426' title='bbox 532 5088 1396 5162; x_wconf 36' lang='lat' dir='ltr'>minu&#39;tularios;Vind:__Am.-l§r.</span> <span class='ocrx_word' id='word_1_427' title='bbox 1429 5090 1710 5162; x_wconf 40' lang='lat' dir='ltr'>et_al‘iquot</span> <span class='ocrx_word' id='word_1_428' title='bbox 1741 5088 1883 5162; x_wconf 45' lang='lat' dir='ltr'>Mss...</span> 
     </span>
    </p>
   </div>
   <div class='ocr_carea' id='block_1_59' title="bbox 224 5148 1885 5216">
    <p class='ocr_par' dir='ltr' id='par_1_59' title="bbox 224 5148 1885 5216">
     <span class='ocr_line' id='line_1_59' title="bbox 224 5148 1885 5216; baseline -0.011 -2"><span class='ocrx_word' id='word_1_429' title='bbox 224 5148 720 5216; x_wconf 48' lang='lat' dir='ltr'>muizléez’cterios.</span> <span class='ocrx_word' id='word_1_430' title='bbox 753 5161 856 5209; x_wconf 86' lang='lat' dir='ltr'>Alii</span> <span class='ocrx_word' id='word_1_431' title='bbox 886 5162 1089 5209; x_wconf 77' lang='lat' dir='ltr'>veteres</span> <span class='ocrx_word' id='word_1_432' title='bbox 1118 5156 1258 5215; x_wconf 88' lang='lat' dir='ltr'>libri,</span> <span class='ocrx_word' id='word_1_433' title='bbox 1291 5155 1376 5203; x_wconf 88' lang='lat' dir='ltr'>hic</span> <span class='ocrx_word' id='word_1_434' title='bbox 1404 5155 1456 5202; x_wconf 88' lang='lat' dir='ltr'>et</span> <span class='ocrx_word' id='word_1_435' title='bbox 1482 5148 1640 5212; x_wconf 76' lang='lat' dir='ltr'>infra,</span> <span class='ocrx_word' id='word_1_436' title='bbox 1661 5163 1772 5211; x_wconf 82' lang='lat' dir='ltr'>cap.</span> <span class='ocrx_word' id='word_1_437' title='bbox 1808 5148 1885 5205; x_wconf 79' lang='lat' dir='ltr'>tt,</span> 
     </span>
    </p>
   </div>
   <div class='ocr_carea' id='block_1_60' title="bbox 224 5227 706 5278">
    <p class='ocr_par' dir='ltr' id='par_1_60' title="bbox 224 5227 706 5278">
     <span class='ocr_line' id='line_1_60' title="bbox 224 5227 706 5278; baseline -0.008 -2"><span class='ocrx_word' id='word_1_438' title='bbox 224 5227 706 5278; x_wconf 76' lang='lat' dir='ltr'>minuscularios.</span> 
     </span>
    </p>
   </div>
   <div class='ocr_carea' id='block_1_61' title="bbox 277 5281 1159 5346">
    <p class='ocr_par' dir='ltr' id='par_1_61' title="bbox 277 5281 1159 5346">
     <span class='ocr_line' id='line_1_61' title="bbox 277 5281 1159 5346; baseline -0.011 -8"><span class='ocrx_word' id='word_1_439' title='bbox 277 5301 350 5345; x_wconf 68' lang='lat' dir='ltr'>ta)</span> <span class='ocrx_word' id='word_1_440' title='bbox 385 5294 452 5341; x_wconf 82' lang='lat' dir='ltr'>In</span> <span class='ocrx_word' id='word_1_441' title='bbox 487 5291 635 5339; x_wconf 85' lang='lat' dir='ltr'>Bello</span> <span class='ocrx_word' id='word_1_442' title='bbox 665 5287 940 5346; x_wconf 86' lang='lat' dir='ltr'>Catilinae,</span> <span class='ocrx_word' id='word_1_443' title='bbox 971 5297 1083 5345; x_wconf 90' lang='lat' dir='ltr'>cap.</span> <span class='ocrx_word' id='word_1_444' title='bbox 1113 5281 1159 5329; x_wconf 92' lang='lat'>8.</span> 
     </span>
    </p>
   </div>
   <div class='ocr_carea' id='block_1_62' title="bbox 279 5355 1881 5415">
    <p class='ocr_par' dir='ltr' id='par_1_62' title="bbox 279 5355 1881 5415">
     <span class='ocr_line' id='line_1_62' title="bbox 279 5355 1881 5415; baseline 0.002 -3"><span class='ocrx_word' id='word_1_445' title='bbox 279 5357 348 5415; x_wconf 70' lang='grc' dir='ltr'>(ὁ)</span> <span class='ocrx_word' id='word_1_446' title='bbox 379 5355 655 5404; x_wconf 70' lang='lat' dir='ltr'>Subaudi.</span> <span class='ocrx_word' id='word_1_447' title='bbox 692 5358 976 5415; x_wconf 60' lang='lat' dir='ltr'>appc‘tuﬂt-</span> <span class='ocrx_word' id='word_1_448' title='bbox 1097 5408 1144 5415; x_wconf 80' lang='lat'>-.</span> <span class='ocrx_word' id='word_1_449' title='bbox 1419 5405 1428 5415; x_wconf 95' lang='lat'>.</span> <span class='ocrx_word' id='word_1_450' title='bbox 1539 5404 1550 5415; x_wconf 92' lang='lat'>.</span> <span class='ocrx_word' id='word_1_451' title='bbox 1677 5401 1715 5415; x_wconf 63' lang='lat'>,.</span> 
     </span>
    </p>
   </div>
   <div class='ocr_carea' id='block_1_63' title="bbox 267 5399 1886 5477">
    <p class='ocr_par' dir='ltr' id='par_1_63' title="bbox 267 5399 1886 5477">
     <span class='ocr_line' id='line_1_63' title="bbox 267 5399 1886 5477; baseline -0.014 -9"><span class='ocrx_word' id='word_1_452' title='bbox 267 5399 705 5477; x_wconf 35' lang='lat' dir='ltr'>(cities—imitmur</span> <span class='ocrx_word' id='word_1_453' title='bbox 729 5399 818 5463; x_wconf 69' lang='lat' dir='ltr'>hic</span> <span class='ocrx_word' id='word_1_454' title='bbox 852 5413 1002 5460; x_wconf 82' lang='lat' dir='ltr'>vicus</span> <span class='ocrx_word' id='word_1_455' title='bbox 1031 5408 1178 5458; x_wconf 86' lang='lat' dir='ltr'>urbis</span> <span class='ocrx_word' id='word_1_456' title='bbox 1216 5419 1374 5468; x_wconf 86' lang='lat' dir='ltr'>quem</span> <span class='ocrx_word' id='word_1_457' title='bbox 1416 5401 1719 5452; x_wconf 87' lang='lat' dir='ltr'>incolebant</span> <span class='ocrx_word' id='word_1_458' title='bbox 1749 5399 1886 5447; x_wconf 85' lang='lat' dir='ltr'>fabri</span> 
     </span>
    </p>
   </div>
   <div class='ocr_carea' id='block_1_64' title="bbox 219 5480 626 5542">
    <p class='ocr_par' dir='ltr' id='par_1_64' title="bbox 219 5480 626 5542">
     <span class='ocr_line' id='line_1_64' title="bbox 219 5480 626 5542; baseline -0.002 -15"><span class='ocrx_word' id='word_1_459' title='bbox 219 5481 545 5542; x_wconf 76' lang='lat' dir='ltr'>argentarii.</span> <span class='ocrx_word' id='word_1_460' title='bbox 579 5480 626 5526; x_wconf 84' lang='grc' dir='ltr'><strong>Μ</strong></span> 
     </span>
    </p>
   </div>
   <div class='ocr_carea' id='block_1_65' title="bbox 1562 295 2263 362">
    <p class='ocr_par' dir='ltr' id='par_1_65' title="bbox 1562 295 2263 362">
     <span class='ocr_line' id='line_1_65' title="bbox 1562 295 2263 362; baseline -0.01 0"><span class='ocrx_word' id='word_1_461' title='bbox 1562 299 1801 362; x_wconf 85' lang='lat' dir='ltr'><strong>LIBER</strong></span> <span class='ocrx_word' id='word_1_462' title='bbox 1842 295 2238 358; x_wconf 88' lang='lat' dir='ltr'>SEPTIMUS</span> <span class='ocrx_word' id='word_1_463' title='bbox 2251 343 2263 355; x_wconf 92' lang='lat'>.</span> 
     </span>
    </p>
   </div>
   <div class='ocr_carea' id='block_1_66' title="bbox 3521 304 3638 365">
    <p class='ocr_par' dir='ltr' id='par_1_66' title="bbox 3521 304 3638 365">
     <span class='ocr_line' id='line_1_66' title="bbox 3521 304 3638 365; baseline 0.009 -1"><span class='ocrx_word' id='word_1_464' title='bbox 3521 304 3638 365; x_wconf 76' lang='grc'>198</span> 
     </span>
    </p>
   </div>
   <div class='ocr_carea' id='block_1_67' title="bbox 1990 423 3640 498">
    <p class='ocr_par' dir='ltr' id='par_1_67' title="bbox 1990 423 3640 498">
     <span class='ocr_line' id='line_1_67' title="bbox 1990 423 3640 498; baseline 0.004 -20"><span class='ocrx_word' id='word_1_465' title='bbox 1990 423 2100 478; x_wconf 89' lang='lat' dir='ltr'>Sed</span> <span class='ocrx_word' id='word_1_466' title='bbox 2135 423 2307 479; x_wconf 89' lang='lat' dir='ltr'>aliter</span> <span class='ocrx_word' id='word_1_467' title='bbox 2336 441 2449 481; x_wconf 90' lang='lat' dir='ltr'>non</span> <span class='ocrx_word' id='word_1_468' title='bbox 2483 428 2748 498; x_wconf 91' lang='lat' dir='ltr'>putatum</span> <span class='ocrx_word' id='word_1_469' title='bbox 2778 429 2866 482; x_wconf 90' lang='lat' dir='ltr'>est</span> <span class='ocrx_word' id='word_1_470' title='bbox 2889 425 3254 498; x_wconf 88' lang='lat' dir='ltr'>cperantium</span> <span class='ocrx_word' id='word_1_471' title='bbox 3276 428 3640 485; x_wconf 89' lang='lat' dir='ltr'>multitudini</span> 
     </span>
    </p>
   </div>
   <div class='ocr_carea' id='block_1_68' title="bbox 1990 505 3636 580">
    <p class='ocr_par' dir='ltr' id='par_1_68' title="bbox 1990 505 3636 580">
     <span class='ocr_line' id='line_1_68' title="bbox 1990 505 3636 580; baseline 0.005 -22"><span class='ocrx_word' id='word_1_472' title='bbox 1990 506 2440 575; x_wconf 89' lang='lat' dir='ltr'>consulendum,</span> <span class='ocrx_word' id='word_1_473' title='bbox 2475 505 2582 560; x_wconf 92' lang='lat' dir='ltr'>nisi</span> <span class='ocrx_word' id='word_1_474' title='bbox 2617 510 2682 560; x_wconf 91' lang='lat' dir='ltr'>ut</span> <span class='ocrx_word' id='word_1_475' title='bbox 2712 506 2974 577; x_wconf 88' lang='lat' dir='ltr'>singulas</span> <span class='ocrx_word' id='word_1_476' title='bbox 3028 507 3168 562; x_wconf 89' lang='lat' dir='ltr'>artis</span> <span class='ocrx_word' id='word_1_477' title='bbox 3201 513 3393 580; x_wconf 87' lang='lat' dir='ltr'>partes</span> <span class='ocrx_word' id='word_1_478' title='bbox 3424 509 3537 566; x_wconf 91' lang='lat' dir='ltr'>cito</span> <span class='ocrx_word' id='word_1_479' title='bbox 3569 527 3636 567; x_wconf 85' lang='lat' dir='ltr'>ac</span> 
     </span>
    </p>
   </div>
   <div class='ocr_carea' id='block_1_69' title="bbox 1994 586 3638 658">
    <p class='ocr_par' dir='ltr' id='par_1_69' title="bbox 1994 586 3638 658">
     <span class='ocr_line' id='line_1_69' title="bbox 1994 586 3638 658; baseline 0.004 -18"><span class='ocrx_word' id='word_1_480' title='bbox 1994 586 2158 642; x_wconf 78' lang='lat' dir='ltr'>facile</span> <span class='ocrx_word' id='word_1_481' title='bbox 2190 587 2483 642; x_wconf 82' lang='lat' dir='ltr'>discerent</span> <span class='ocrx_word' id='word_1_482' title='bbox 2513 587 2752 658; x_wconf 89' lang='lat' dir='ltr'>singuli,</span> <span class='ocrx_word' id='word_1_483' title='bbox 2784 604 2853 641; x_wconf 90' lang='lat' dir='ltr'>ne</span> <span class='ocrx_word' id='word_1_484' title='bbox 2876 603 3079 643; x_wconf 91' lang='lat' dir='ltr'>omnes</span> <span class='ocrx_word' id='word_1_485' title='bbox 3103 589 3162 643; x_wconf 90' lang='lat' dir='ltr'>in</span> <span class='ocrx_word' id='word_1_486' title='bbox 3195 595 3314 644; x_wconf 89' lang='lat' dir='ltr'>arte</span> <span class='ocrx_word' id='word_1_487' title='bbox 3340 607 3454 646; x_wconf 87' lang='lat' dir='ltr'>una</span> <span class='ocrx_word' id='word_1_488' title='bbox 3478 594 3638 648; x_wconf 86' lang='lat' dir='ltr'>tarde</span> 
     </span>
    </p>
   </div>
   <div class='ocr_carea' id='block_1_70' title="bbox 1991 667 3633 738">
    <p class='ocr_par' dir='ltr' id='par_1_70' title="bbox 1991 667 3633 738">
     <span class='ocr_line' id='line_1_70' title="bbox 1991 667 3633 738; baseline 0.004 -17"><span class='ocrx_word' id='word_1_489' title='bbox 1991 684 2057 721; x_wconf 89' lang='lat' dir='ltr'>ac</span> <span class='ocrx_word' id='word_1_490' title='bbox 2087 667 2323 721; x_wconf 81' lang='lat' dir='ltr'>difﬁcile</span> <span class='ocrx_word' id='word_1_491' title='bbox 2355 672 2694 738; x_wconf 81' lang='lat' dir='ltr'>cogerentur</span> <span class='ocrx_word' id='word_1_492' title='bbox 2733 683 2857 724; x_wconf 89' lang='lat' dir='ltr'>esse</span> <span class='ocrx_word' id='word_1_493' title='bbox 2907 669 3162 738; x_wconf 83' lang='lat' dir='ltr'>perfecti.</span> <span class='ocrx_word' id='word_1_494' title='bbox 3215 670 3633 728; x_wconf 86' lang='lat' dir='ltr'>Verumtamen</span> 
     </span>
    </p>
   </div>
   <div class='ocr_carea' id='block_1_71' title="bbox 1988 747 3630 823">
    <p class='ocr_par' dir='ltr' id='par_1_71' title="bbox 1988 747 3630 823">
     <span class='ocr_line' id='line_1_71' title="bbox 1988 747 3630 823; baseline 0.005 -21"><span class='ocrx_word' id='word_1_495' title='bbox 1988 747 2080 802; x_wconf 85' lang='lat' dir='ltr'>vix</span> <span class='ocrx_word' id='word_1_496' title='bbox 2111 748 2416 817; x_wconf 85' lang='lat' dir='ltr'>quisquam</span> <span class='ocrx_word' id='word_1_497' title='bbox 2462 749 2749 818; x_wconf 86' lang='lat' dir='ltr'>reperitur</span> <span class='ocrx_word' id='word_1_498' title='bbox 2792 749 3036 804; x_wconf 89' lang='lat' dir='ltr'>deorum</span> <span class='ocrx_word' id='word_1_499' title='bbox 3095 767 3208 805; x_wconf 89' lang='lat' dir='ltr'>non</span> <span class='ocrx_word' id='word_1_500' title='bbox 3260 752 3630 823; x_wconf 89' lang='lat' dir='ltr'>selectorum,</span> 
     </span>
    </p>
   </div>
   <div class='ocr_carea' id='block_1_72' title="bbox 1990 829 3638 905">
    <p class='ocr_par' dir='ltr' id='par_1_72' title="bbox 1990 829 3638 905">
     <span class='ocr_line' id='line_1_72' title="bbox 1990 829 3638 905; baseline 0.007 -23"><span class='ocrx_word' id='word_1_501' title='bbox 1990 830 2087 901; x_wconf 89' lang='lat' dir='ltr'>qui</span> <span class='ocrx_word' id='word_1_502' title='bbox 2135 829 2332 900; x_wconf 88' lang='lat' dir='ltr'>aliquo</span> <span class='ocrx_word' id='word_1_503' title='bbox 2392 831 2634 885; x_wconf 85' lang='lat' dir='ltr'>crimine</span> <span class='ocrx_word' id='word_1_504' title='bbox 2695 831 2913 886; x_wconf 84' lang='lat' dir='ltr'>famam</span> <span class='ocrx_word' id='word_1_505' title='bbox 2971 833 3145 888; x_wconf 84' lang='lat' dir='ltr'>traxit</span> <span class='ocrx_word' id='word_1_506' title='bbox 3194 835 3512 905; x_wconf 86' lang='lat' dir='ltr'>infamem;</span> <span class='ocrx_word' id='word_1_507' title='bbox 3546 839 3638 893; x_wconf 83' lang='lat' dir='ltr'>vix</span> 
     </span>
    </p>
   </div>
   <div class='ocr_carea' id='block_1_73' title="bbox 1990 909 3633 982">
    <p class='ocr_par' dir='ltr' id='par_1_73' title="bbox 1990 909 3633 982">
     <span class='ocr_line' id='line_1_73' title="bbox 1990 909 3633 982; baseline 0.005 -17"><span class='ocrx_word' id='word_1_508' title='bbox 1990 918 2180 965; x_wconf 87' lang='lat' dir='ltr'>autem</span> <span class='ocrx_word' id='word_1_509' title='bbox 2215 909 2556 964; x_wconf 76' lang='lat' dir='ltr'>selectorum</span> <span class='ocrx_word' id='word_1_510' title='bbox 2591 911 2905 980; x_wconf 81' lang='lat' dir='ltr'>quispiam,</span> <span class='ocrx_word' id='word_1_511' title='bbox 2951 912 3047 982; x_wconf 92' lang='lat' dir='ltr'>qui</span> <span class='ocrx_word' id='word_1_512' title='bbox 3100 929 3214 968; x_wconf 88' lang='lat' dir='ltr'>non</span> <span class='ocrx_word' id='word_1_513' title='bbox 3245 914 3303 969; x_wconf 91' lang='lat' dir='ltr'>in</span> <span class='ocrx_word' id='word_1_514' title='bbox 3344 931 3406 970; x_wconf 89' lang='lat' dir='ltr'>se</span> <span class='ocrx_word' id='word_1_515' title='bbox 3438 923 3633 972; x_wconf 86' lang='lat' dir='ltr'>notam</span> 
     </span>
    </p>
   </div>
   <div class='ocr_carea' id='block_1_74' title="bbox 1989 989 3636 1062">
    <p class='ocr_par' dir='ltr' id='par_1_74' title="bbox 1989 989 3636 1062">
     <span class='ocr_line' id='line_1_74' title="bbox 1989 989 3636 1062; baseline 0.005 -17"><span class='ocrx_word' id='word_1_516' title='bbox 1989 989 2354 1047; x_wconf 73' lang='lat' dir='ltr'>contumelias</span> <span class='ocrx_word' id='word_1_517' title='bbox 2387 991 2632 1062; x_wconf 86' lang='lat' dir='ltr'>insignis</span> <span class='ocrx_word' id='word_1_518' title='bbox 2667 994 2971 1061; x_wconf 89' lang='lat' dir='ltr'>acceperit.</span> <span class='ocrx_word' id='word_1_519' title='bbox 3022 993 3110 1047; x_wconf 91' lang='lat' dir='ltr'>Illi</span> <span class='ocrx_word' id='word_1_520' title='bbox 3146 995 3215 1048; x_wconf 92' lang='lat' dir='ltr'>ad</span> <span class='ocrx_word' id='word_1_521' title='bbox 3248 993 3494 1050; x_wconf 89' lang='lat' dir='ltr'>istorum</span> <span class='ocrx_word' id='word_1_522' title='bbox 3528 998 3636 1052; x_wconf 92' lang='lat' dir='ltr'>hu-</span> 
     </span>
    </p>
   </div>
   <div class='ocr_carea' id='block_1_75' title="bbox 1991 1072 3640 1141">
    <p class='ocr_par' dir='ltr' id='par_1_75' title="bbox 1991 1072 3640 1141">
     <span class='ocr_line' id='line_1_75' title="bbox 1991 1072 3640 1141; baseline 0.005 -16"><span class='ocrx_word' id='word_1_523' title='bbox 1991 1072 2150 1126; x_wconf 86' lang='lat' dir='ltr'>milia</span> <span class='ocrx_word' id='word_1_524' title='bbox 2181 1088 2353 1141; x_wconf 79' lang='lat' dir='ltr'>opera</span> <span class='ocrx_word' id='word_1_525' title='bbox 2380 1072 2830 1140; x_wconf 87' lang='lat' dir='ltr'>descenderunt,</span> <span class='ocrx_word' id='word_1_526' title='bbox 2865 1073 2960 1129; x_wconf 86' lang='lat' dir='ltr'>isti</span> <span class='ocrx_word' id='word_1_527' title='bbox 3007 1075 3066 1128; x_wconf 92' lang='lat' dir='ltr'>in</span> <span class='ocrx_word' id='word_1_528' title='bbox 3099 1073 3332 1130; x_wconf 88' lang='lat' dir='ltr'>illorum</span> <span class='ocrx_word' id='word_1_529' title='bbox 3365 1078 3640 1134; x_wconf 88' lang='lat' dir='ltr'>sublimia</span> 
     </span>
    </p>
   </div>
   <div class='ocr_carea' id='block_1_76' title="bbox 1991 1151 3635 1224">
    <p class='ocr_par' dir='ltr' id='par_1_76' title="bbox 1991 1151 3635 1224">
     <span class='ocr_line' id='line_1_76' title="bbox 1991 1151 3635 1224; baseline 0.004 -18"><span class='ocrx_word' id='word_1_530' title='bbox 1991 1151 2239 1206; x_wconf 88' lang='lat' dir='ltr'>crimina</span> <span class='ocrx_word' id='word_1_531' title='bbox 2270 1168 2384 1206; x_wconf 91' lang='lat' dir='ltr'>non</span> <span class='ocrx_word' id='word_1_532' title='bbox 2419 1156 2717 1207; x_wconf 87' lang='lat' dir='ltr'>venerunt.</span> <span class='ocrx_word' id='word_1_533' title='bbox 2757 1158 2836 1208; x_wconf 92' lang='lat' dir='ltr'>De</span> <span class='ocrx_word' id='word_1_534' title='bbox 2883 1152 3031 1207; x_wconf 85' lang='lat' dir='ltr'>Jano</span> <span class='ocrx_word' id='word_1_535' title='bbox 3076 1154 3309 1224; x_wconf 88' lang='lat' dir='ltr'>quidem</span> <span class='ocrx_word' id='word_1_536' title='bbox 3344 1173 3458 1211; x_wconf 90' lang='lat' dir='ltr'>non</span> <span class='ocrx_word' id='word_1_537' title='bbox 3491 1157 3635 1212; x_wconf 89' lang='lat' dir='ltr'>mihi</span> 
     </span>
    </p>
   </div>
   <div class='ocr_carea' id='block_1_77' title="bbox 1992 1233 3636 1309">
    <p class='ocr_par' dir='ltr' id='par_1_77' title="bbox 1992 1233 3636 1309">
     <span class='ocr_line' id='line_1_77' title="bbox 1992 1233 3636 1309; baseline 0.003 -21"><span class='ocrx_word' id='word_1_538' title='bbox 1992 1233 2161 1288; x_wconf 87' lang='lat' dir='ltr'>facile</span> <span class='ocrx_word' id='word_1_539' title='bbox 2193 1235 2517 1304; x_wconf 88' lang='lat' dir='ltr'>quidquam</span> <span class='ocrx_word' id='word_1_540' title='bbox 2550 1234 2823 1301; x_wconf 89' lang='lat' dir='ltr'>occurrit,</span> <span class='ocrx_word' id='word_1_541' title='bbox 2859 1235 3011 1306; x_wconf 85' lang='lat' dir='ltr'>quod</span> <span class='ocrx_word' id='word_1_542' title='bbox 3069 1235 3139 1288; x_wconf 86' lang='lat' dir='ltr'>ad</span> <span class='ocrx_word' id='word_1_543' title='bbox 3192 1237 3466 1304; x_wconf 88' lang='lat' dir='ltr'>probrum</span> <span class='ocrx_word' id='word_1_544' title='bbox 3504 1255 3636 1309; x_wconf 88' lang='lat' dir='ltr'>per-</span> 
     </span>
    </p>
   </div>
   <div class='ocr_carea' id='block_1_78' title="bbox 1990 1313 3640 1381">
    <p class='ocr_par' dir='ltr' id='par_1_78' title="bbox 1990 1313 3640 1381">
     <span class='ocr_line' id='line_1_78' title="bbox 1990 1313 3640 1381; baseline 0.003 -12"><span class='ocrx_word' id='word_1_545' title='bbox 1990 1315 2209 1369; x_wconf 88' lang='lat' dir='ltr'>tineat:</span> <span class='ocrx_word' id='word_1_546' title='bbox 2240 1321 2293 1368; x_wconf 87' lang='lat' dir='ltr'>et</span> <span class='ocrx_word' id='word_1_547' title='bbox 2327 1316 2568 1369; x_wconf 84' lang='lat' dir='ltr'>fortasse</span> <span class='ocrx_word' id='word_1_548' title='bbox 2619 1315 2752 1368; x_wconf 87' lang='lat' dir='ltr'>talis</span> <span class='ocrx_word' id='word_1_549' title='bbox 2786 1316 2975 1381; x_wconf 88' lang='lat' dir='ltr'>fuerit,</span> <span class='ocrx_word' id='word_1_550' title='bbox 3022 1313 3396 1371; x_wconf 89' lang='lat' dir='ltr'>innocentius</span> <span class='ocrx_word' id='word_1_551' title='bbox 3436 1318 3640 1374; x_wconf 85' lang='lat' dir='ltr'>vixerit</span> 
     </span>
    </p>
   </div>
   <div class='ocr_carea' id='block_1_79' title="bbox 1991 1393 3636 1464">
    <p class='ocr_par' dir='ltr' id='par_1_79' title="bbox 1991 1393 3636 1464">
     <span class='ocr_line' id='line_1_79' title="bbox 1991 1393 3636 1464; baseline 0.004 -17"><span class='ocrx_word' id='word_1_552' title='bbox 1991 1397 2048 1448; x_wconf 88' lang='lat' dir='ltr'>et</span> <span class='ocrx_word' id='word_1_553' title='bbox 2068 1411 2101 1447; x_wconf 91' lang='lat' dir='ltr'>a</span> <span class='ocrx_word' id='word_1_554' title='bbox 2130 1393 2483 1448; x_wconf 89' lang='lat' dir='ltr'>facinoribus</span> <span class='ocrx_word' id='word_1_555' title='bbox 2507 1393 2856 1464; x_wconf 84' lang='lat' dir='ltr'>ﬂagitiisque</span> <span class='ocrx_word' id='word_1_556' title='bbox 2883 1395 3179 1449; x_wconf 86' lang='lat' dir='ltr'>remotius.</span> <span class='ocrx_word' id='word_1_557' title='bbox 3204 1398 3518 1452; x_wconf 86' lang='lat' dir='ltr'>Saturnum</span> <span class='ocrx_word' id='word_1_558' title='bbox 3547 1399 3636 1454; x_wconf 89' lang='lat' dir='ltr'>fu-</span> 
     </span>
    </p>
   </div>
   <div class='ocr_carea' id='block_1_80' title="bbox 1993 1473 3641 1546">
    <p class='ocr_par' dir='ltr' id='par_1_80' title="bbox 1993 1473 3641 1546">
     <span class='ocr_line' id='line_1_80' title="bbox 1993 1473 3641 1546; baseline 0.005 -20"><span class='ocrx_word' id='word_1_559' title='bbox 1993 1474 2243 1544; x_wconf 79' lang='lat' dir='ltr'>gientem</span> <span class='ocrx_word' id='word_1_560' title='bbox 2277 1473 2566 1544; x_wconf 85' lang='lat' dir='ltr'>benignus</span> <span class='ocrx_word' id='word_1_561' title='bbox 2589 1476 2805 1543; x_wconf 85' lang='lat' dir='ltr'>excepit</span> <span class='ocrx_word' id='word_1_562' title='bbox 2831 1490 2843 1527; x_wconf 93' lang='lat'>:</span> <span class='ocrx_word' id='word_1_563' title='bbox 2877 1490 3005 1530; x_wconf 91' lang='lat' dir='ltr'>cum</span> <span class='ocrx_word' id='word_1_564' title='bbox 3031 1475 3258 1545; x_wconf 89' lang='lat' dir='ltr'>hospite</span> <span class='ocrx_word' id='word_1_565' title='bbox 3281 1477 3531 1546; x_wconf 87' lang='lat' dir='ltr'>partitus</span> <span class='ocrx_word' id='word_1_566' title='bbox 3552 1482 3641 1535; x_wconf 87' lang='lat' dir='ltr'>est</span> 
     </span>
    </p>
   </div>
   <div class='ocr_carea' id='block_1_81' title="bbox 1994 1553 3634 1626">
    <p class='ocr_par' dir='ltr' id='par_1_81' title="bbox 1994 1553 3634 1626">
     <span class='ocr_line' id='line_1_81' title="bbox 1994 1553 3634 1626; baseline 0.004 -20"><span class='ocrx_word' id='word_1_567' title='bbox 1994 1570 2264 1624; x_wconf 87' lang='lat' dir='ltr'>regnum,</span> <span class='ocrx_word' id='word_1_568' title='bbox 2300 1559 2360 1609; x_wconf 90' lang='lat' dir='ltr'>ut</span> <span class='ocrx_word' id='word_1_569' title='bbox 2389 1555 2565 1608; x_wconf 89' lang='lat' dir='ltr'>etiam</span> <span class='ocrx_word' id='word_1_570' title='bbox 2599 1553 2859 1608; x_wconf 87' lang='lat' dir='ltr'>civitates</span> <span class='ocrx_word' id='word_1_571' title='bbox 2893 1555 3152 1626; x_wconf 85' lang='lat' dir='ltr'>singulas</span> <span class='ocrx_word' id='word_1_572' title='bbox 3185 1556 3500 1611; x_wconf 88' lang='lat' dir='ltr'>conderent</span> <span class='ocrx_word' id='word_1_573' title='bbox 3527 1561 3634 1626; x_wconf 84' lang='lat' dir='ltr'>(a).</span> 
     </span>
    </p>
   </div>
   <div class='ocr_carea' id='block_1_82' title="bbox 1991 1632 3638 1698">
    <p class='ocr_par' dir='ltr' id='par_1_82' title="bbox 1991 1632 3638 1698">
     <span class='ocr_line' id='line_1_82' title="bbox 1991 1632 3638 1698; baseline 0.004 -12"><span class='ocrx_word' id='word_1_574' title='bbox 1991 1632 2097 1688; x_wconf 90' lang='lat' dir='ltr'>iste</span> <span class='ocrx_word' id='word_1_575' title='bbox 2125 1632 2482 1698; x_wconf 83' lang='lat' dir='ltr'>Janiculum,</span> <span class='ocrx_word' id='word_1_576' title='bbox 2517 1632 2612 1687; x_wconf 90' lang='lat' dir='ltr'>ille</span> <span class='ocrx_word' id='word_1_577' title='bbox 2661 1633 3018 1690; x_wconf 84' lang='lat' dir='ltr'>Saturniam.</span> <span class='ocrx_word' id='word_1_578' title='bbox 3069 1636 3177 1690; x_wconf 90' lang='lat' dir='ltr'>Sed</span> <span class='ocrx_word' id='word_1_579' title='bbox 3227 1635 3324 1691; x_wconf 89' lang='lat' dir='ltr'>isti</span> <span class='ocrx_word' id='word_1_580' title='bbox 3374 1637 3431 1692; x_wconf 89' lang='lat' dir='ltr'>in</span> <span class='ocrx_word' id='word_1_581' title='bbox 3477 1639 3638 1692; x_wconf 89' lang='lat' dir='ltr'>cultu</span> 
     </span>
    </p>
   </div>
   <div class='ocr_carea' id='block_1_83' title="bbox 1994 1713 3639 1786">
    <p class='ocr_par' dir='ltr' id='par_1_83' title="bbox 1994 1713 3639 1786">
     <span class='ocr_line' id='line_1_83' title="bbox 1994 1713 3639 1786; baseline 0.002 -17"><span class='ocrx_word' id='word_1_582' title='bbox 1994 1713 2233 1769; x_wconf 91' lang='lat' dir='ltr'>deorum</span> <span class='ocrx_word' id='word_1_583' title='bbox 2262 1715 2451 1769; x_wconf 92' lang='lat' dir='ltr'>omnis</span> <span class='ocrx_word' id='word_1_584' title='bbox 2486 1713 2782 1769; x_wconf 89' lang='lat' dir='ltr'>dedecoris</span> <span class='ocrx_word' id='word_1_585' title='bbox 2812 1715 3184 1786; x_wconf 88' lang='lat' dir='ltr'>appetitores,</span> <span class='ocrx_word' id='word_1_586' title='bbox 3238 1717 3407 1785; x_wconf 89' lang='lat' dir='ltr'>cujus</span> <span class='ocrx_word' id='word_1_587' title='bbox 3461 1717 3639 1773; x_wconf 90' lang='lat' dir='ltr'>vitam</span> 
     </span>
    </p>
   </div>
   <div class='ocr_carea' id='block_1_84' title="bbox 1995 1793 3642 1861">
    <p class='ocr_par' dir='ltr' id='par_1_84' title="bbox 1995 1793 3642 1861">
     <span class='ocr_line' id='line_1_84' title="bbox 1995 1793 3642 1861; baseline 0.004 -16"><span class='ocrx_word' id='word_1_588' title='bbox 1995 1793 2430 1861; x_wconf 89' lang='lat' dir='ltr'>minusturpem</span> <span class='ocrx_word' id='word_1_589' title='bbox 2456 1793 2818 1859; x_wconf 88' lang='lat' dir='ltr'>invenerunt,</span> <span class='ocrx_word' id='word_1_590' title='bbox 2843 1809 2970 1848; x_wconf 91' lang='lat' dir='ltr'>eum</span> <span class='ocrx_word' id='word_1_591' title='bbox 2995 1793 3293 1848; x_wconf 88' lang='lat' dir='ltr'>simulacri</span> <span class='ocrx_word' id='word_1_592' title='bbox 3315 1801 3642 1851; x_wconf 88' lang='lat' dir='ltr'>monstrosa</span> 
     </span>
    </p>
   </div>
   <div class='ocr_carea' id='block_1_85' title="bbox 1994 1873 3639 1944">
    <p class='ocr_par' dir='ltr' id='par_1_85' title="bbox 1994 1873 3639 1944">
     <span class='ocr_line' id='line_1_85' title="bbox 1994 1873 3639 1944; baseline 0.004 -16"><span class='ocrx_word' id='word_1_593' title='bbox 1994 1873 2351 1928; x_wconf 84' lang='lat' dir='ltr'>deformitate</span> <span class='ocrx_word' id='word_1_594' title='bbox 2382 1878 2722 1942; x_wconf 88' lang='lat' dir='ltr'>turparunt;</span> <span class='ocrx_word' id='word_1_595' title='bbox 2755 1891 2910 1930; x_wconf 91' lang='lat' dir='ltr'>nunc</span> <span class='ocrx_word' id='word_1_596' title='bbox 2959 1891 3084 1930; x_wconf 91' lang='lat' dir='ltr'>eum</span> <span class='ocrx_word' id='word_1_597' title='bbox 3119 1875 3448 1944; x_wconf 87' lang='lat' dir='ltr'>bifrontem,</span> <span class='ocrx_word' id='word_1_598' title='bbox 3483 1895 3639 1934; x_wconf 90' lang='lat' dir='ltr'>nunc</span> 
     </span>
    </p>
   </div>
   <div class='ocr_carea' id='block_1_86' title="bbox 1993 1952 3638 2027">
    <p class='ocr_par' dir='ltr' id='par_1_86' title="bbox 1993 1952 3638 2027">
     <span class='ocr_line' id='line_1_86' title="bbox 1993 1952 3638 2027; baseline 0.005 -20"><span class='ocrx_word' id='word_1_599' title='bbox 1993 1952 2166 2007; x_wconf 86' lang='lat' dir='ltr'>etiam</span> <span class='ocrx_word' id='word_1_600' title='bbox 2213 1953 2690 2021; x_wconf 90' lang='lat' dir='ltr'>quadrifrontem,</span> <span class='ocrx_word' id='word_1_601' title='bbox 2725 1959 3002 2027; x_wconf 87' lang='lat' dir='ltr'>tanquam</span> <span class='ocrx_word' id='word_1_602' title='bbox 3056 1957 3379 2025; x_wconf 86' lang='lat' dir='ltr'>geminum,</span> <span class='ocrx_word' id='word_1_603' title='bbox 3423 1959 3638 2015; x_wconf 84' lang='lat' dir='ltr'>facien-</span> 
     </span>
    </p>
   </div>
   <div class='ocr_carea' id='block_1_87' title="bbox 1993 2032 3640 2107">
    <p class='ocr_par' dir='ltr' id='par_1_87' title="bbox 1993 2032 3640 2107">
     <span class='ocr_line' id='line_1_87' title="bbox 1993 2032 3640 2107; baseline 0.005 -21"><span class='ocrx_word' id='word_1_604' title='bbox 1993 2037 2101 2087; x_wconf 79' lang='lat' dir='ltr'>tes.</span> <span class='ocrx_word' id='word_1_605' title='bbox 2126 2034 2212 2085; x_wconf 85' lang='lat' dir='ltr'>An</span> <span class='ocrx_word' id='word_1_606' title='bbox 2247 2032 2386 2087; x_wconf 89' lang='lat' dir='ltr'>forte</span> <span class='ocrx_word' id='word_1_607' title='bbox 2417 2032 2744 2101; x_wconf 87' lang='lat' dir='ltr'>voluerunt,</span> <span class='ocrx_word' id='word_1_608' title='bbox 2781 2041 2864 2103; x_wconf 89' lang='lat' dir='ltr'>ut,</span> <span class='ocrx_word' id='word_1_609' title='bbox 2888 2038 3161 2106; x_wconf 91' lang='lat' dir='ltr'>quoniam</span> <span class='ocrx_word' id='word_1_610' title='bbox 3189 2037 3417 2107; x_wconf 84' lang='lat' dir='ltr'>plurimi</span> <span class='ocrx_word' id='word_1_611' title='bbox 3445 2040 3523 2093; x_wconf 92' lang='lat' dir='ltr'>dii</span> <span class='ocrx_word' id='word_1_612' title='bbox 3549 2056 3640 2094; x_wconf 87' lang='lat' dir='ltr'>se-</span> 
     </span>
    </p>
   </div>
   <div class='ocr_carea' id='block_1_88' title="bbox 1996 2112 3638 2186">
    <p class='ocr_par' dir='ltr' id='par_1_88' title="bbox 1996 2112 3638 2186">
     <span class='ocr_line' id='line_1_88' title="bbox 1996 2112 3638 2186; baseline 0.004 -20"><span class='ocrx_word' id='word_1_613' title='bbox 1996 2112 2126 2168; x_wconf 89' lang='lat' dir='ltr'>lecti</span> <span class='ocrx_word' id='word_1_614' title='bbox 2177 2113 2573 2169; x_wconf 88' lang='lat' dir='ltr'>erubescenda</span> <span class='ocrx_word' id='word_1_615' title='bbox 2602 2121 2979 2186; x_wconf 86' lang='lat' dir='ltr'>perpetrando</span> <span class='ocrx_word' id='word_1_616' title='bbox 3018 2119 3335 2172; x_wconf 86' lang='lat' dir='ltr'>amiserant</span> <span class='ocrx_word' id='word_1_617' title='bbox 3367 2120 3638 2186; x_wconf 86' lang='lat' dir='ltr'>frontem,</span> 
     </span>
    </p>
   </div>
   <div class='ocr_carea' id='block_1_89' title="bbox 1995 2193 3640 2270">
    <p class='ocr_par' dir='ltr' id='par_1_89' title="bbox 1995 2193 3640 2270">
     <span class='ocr_line' id='line_1_89' title="bbox 1995 2193 3640 2270; baseline 0.003 -24"><span class='ocrx_word' id='word_1_618' title='bbox 1995 2197 2209 2263; x_wconf 89' lang='lat' dir='ltr'>quanto</span> <span class='ocrx_word' id='word_1_619' title='bbox 2241 2193 2350 2247; x_wconf 89' lang='lat' dir='ltr'>iste</span> <span class='ocrx_word' id='word_1_620' title='bbox 2377 2193 2742 2250; x_wconf 89' lang='lat' dir='ltr'>innocentior</span> <span class='ocrx_word' id='word_1_621' title='bbox 2770 2200 2940 2265; x_wconf 89' lang='lat' dir='ltr'>esset,</span> <span class='ocrx_word' id='word_1_622' title='bbox 2975 2200 3138 2252; x_wconf 88' lang='lat' dir='ltr'>tanto</span> <span class='ocrx_word' id='word_1_623' title='bbox 3190 2198 3503 2253; x_wconf 85' lang='lat' dir='ltr'>frontosior</span> <span class='ocrx_word' id='word_1_624' title='bbox 3532 2215 3640 2270; x_wconf 85' lang='lat' dir='ltr'>ap-</span> 
     </span>
    </p>
   </div>
   <div class='ocr_carea' id='block_1_90' title="bbox 1997 2282 2273 2354">
    <p class='ocr_par' dir='ltr' id='par_1_90' title="bbox 1997 2282 2273 2354">
     <span class='ocr_line' id='line_1_90' title="bbox 1997 2282 2273 2354; baseline -0.007 -16"><span class='ocrx_word' id='word_1_625' title='bbox 1997 2287 2224 2354; x_wconf 89' lang='lat' dir='ltr'>pareret</span> <span class='ocrx_word' id='word_1_626' title='bbox 2246 2282 2273 2336; x_wconf 72' lang='lat'>‘2</span> 
     </span>
    </p>
   </div>
   <div class='ocr_carea' id='block_1_91' title="bbox 1994 2439 3639 2510">
    <p class='ocr_par' dir='ltr' id='par_1_91' title="bbox 1994 2439 3639 2510">
     <span class='ocr_line' id='line_1_91' title="bbox 1994 2439 3639 2510; baseline 0.003 -16"><span class='ocrx_word' id='word_1_627' title='bbox 1994 2439 2234 2494; x_wconf 82' lang='lat' dir='ltr'>CAPUT</span> <span class='ocrx_word' id='word_1_628' title='bbox 2273 2439 2342 2493; x_wconf 92' lang='lat' dir='ltr'>V.</span> <span class='ocrx_word' id='word_1_629' title='bbox 2376 2470 2443 2480; x_wconf 87' lang='lat'>-——</span> <span class='ocrx_word' id='word_1_630' title='bbox 2475 2441 2549 2494; x_wconf 88' lang='lat' dir='ltr'>De</span> <span class='ocrx_word' id='word_1_631' title='bbox 2596 2443 2947 2510; x_wconf 80' lang='lat' dir='ltr'>Paganorum</span> <span class='ocrx_word' id='word_1_632' title='bbox 3027 2442 3318 2498; x_wconf 75' lang='lat' dir='ltr'>secretiore</span> <span class='ocrx_word' id='word_1_633' title='bbox 3388 2443 3639 2500; x_wconf 75' lang='lat' dir='ltr'>doctrina</span> 
     </span>
    </p>
   </div>
   <div class='ocr_carea' id='block_1_92' title="bbox 2453 2520 3160 2592">
    <p class='ocr_par' dir='ltr' id='par_1_92' title="bbox 2453 2520 3160 2592">
     <span class='ocr_line' id='line_1_92' title="bbox 2453 2520 3160 2592; baseline 0.011 -20"><span class='ocrx_word' id='word_1_634' title='bbox 2453 2521 2805 2592; x_wconf 77' lang='lat' dir='ltr'>physicisque</span> <span class='ocrx_word' id='word_1_635' title='bbox 2833 2520 3160 2580; x_wconf 78' lang='lat' dir='ltr'>rationibus.</span> 
     </span>
    </p>
   </div>
   <div class='ocr_carea' id='block_1_93' title="bbox 2063 2679 3629 2752">
    <p class='ocr_par' dir='ltr' id='par_1_93' title="bbox 2063 2679 3629 2752">
     <span class='ocr_line' id='line_1_93' title="bbox 2063 2679 3629 2752; baseline 0.002 -17"><span class='ocrx_word' id='word_1_636' title='bbox 2063 2679 2175 2735; x_wconf 90' lang='lat' dir='ltr'>Sed</span> <span class='ocrx_word' id='word_1_637' title='bbox 2205 2679 2461 2750; x_wconf 83' lang='lat' dir='ltr'>ipsorum</span> <span class='ocrx_word' id='word_1_638' title='bbox 2495 2679 2684 2751; x_wconf 91' lang='lat' dir='ltr'>potius</span> <span class='ocrx_word' id='word_1_639' title='bbox 2706 2679 3211 2751; x_wconf 89' lang='lat' dir='ltr'>interpretationes</span> <span class='ocrx_word' id='word_1_640' title='bbox 3232 2679 3503 2752; x_wconf 81' lang='lat' dir='ltr'>physicas</span> <span class='ocrx_word' id='word_1_641' title='bbox 3526 2698 3629 2738; x_wconf 91' lang='lat' dir='ltr'>au-</span> 
     </span>
    </p>
   </div>
   <div class='ocr_carea' id='block_1_94' title="bbox 1992 2759 3633 2833">
    <p class='ocr_par' dir='ltr' id='par_1_94' title="bbox 1992 2759 3633 2833">
     <span class='ocr_line' id='line_1_94' title="bbox 1992 2759 3633 2833; baseline 0.005 -21"><span class='ocrx_word' id='word_1_642' title='bbox 1992 2759 2246 2828; x_wconf 89' lang='lat' dir='ltr'>diamus,</span> <span class='ocrx_word' id='word_1_643' title='bbox 2304 2761 2516 2830; x_wconf 88' lang='lat' dir='ltr'>quibus</span> <span class='ocrx_word' id='word_1_644' title='bbox 2567 2760 2982 2831; x_wconf 87' lang='lat' dir='ltr'>turpitudinem</span> <span class='ocrx_word' id='word_1_645' title='bbox 3039 2761 3355 2817; x_wconf 90' lang='lat' dir='ltr'>miserrimi</span> <span class='ocrx_word' id='word_1_646' title='bbox 3397 2765 3633 2833; x_wconf 87' lang='lat' dir='ltr'>erroris,</span> 
     </span>
    </p>
   </div>
   <div class='ocr_carea' id='block_1_95' title="bbox 1993 2841 3634 2914">
    <p class='ocr_par' dir='ltr' id='par_1_95' title="bbox 1993 2841 3634 2914">
     <span class='ocr_line' id='line_1_95' title="bbox 1993 2841 3634 2914; baseline 0.004 -21"><span class='ocrx_word' id='word_1_647' title='bbox 1993 2841 2149 2895; x_wconf 87' lang='lat' dir='ltr'>velut</span> <span class='ocrx_word' id='word_1_648' title='bbox 2179 2842 2402 2897; x_wconf 87' lang='lat' dir='ltr'>altioris</span> <span class='ocrx_word' id='word_1_649' title='bbox 2457 2841 2734 2896; x_wconf 81' lang='lat' dir='ltr'>doctrinae</span> <span class='ocrx_word' id='word_1_650' title='bbox 2785 2843 2997 2914; x_wconf 87' lang='lat' dir='ltr'>specie,</span> <span class='ocrx_word' id='word_1_651' title='bbox 3041 2841 3297 2898; x_wconf 87' lang='lat' dir='ltr'>colorare</span> <span class='ocrx_word' id='word_1_652' title='bbox 3324 2851 3634 2901; x_wconf 87' lang='lat' dir='ltr'>conantur.</span> 
     </span>
    </p>
   </div>
   <div class='ocr_carea' id='block_1_96' title="bbox 1995 2922 3688 2993">
    <p class='ocr_par' dir='ltr' id='par_1_96' title="bbox 1995 2922 3688 2993">
     <span class='ocr_line' id='line_1_96' title="bbox 1995 2922 3688 2993; baseline 0.002 -16"><span class='ocrx_word' id='word_1_653' title='bbox 1995 2922 2253 2977; x_wconf 89' lang='lat' dir='ltr'>Primum</span> <span class='ocrx_word' id='word_1_654' title='bbox 2285 2939 2382 2978; x_wconf 89' lang='lat' dir='ltr'>eas</span> <span class='ocrx_word' id='word_1_655' title='bbox 2401 2922 2908 2993; x_wconf 88' lang='lat' dir='ltr'>interpretationes</span> <span class='ocrx_word' id='word_1_656' title='bbox 2931 2924 3012 2980; x_wconf 77' lang='lat' dir='ltr'>sic</span> <span class='ocrx_word' id='word_1_657' title='bbox 3033 2924 3210 2980; x_wconf 84' lang='lat' dir='ltr'>Varro</span> <span class='ocrx_word' id='word_1_658' title='bbox 3236 2927 3629 2993; x_wconf 83' lang='lat' dir='ltr'>commendat,</span> <span class='ocrx_word' id='word_1_659' title='bbox 3685 2963 3688 2972; x_wconf 88' lang='grc'><strong><em>-</em></strong></span> 
     </span>
    </p>
   </div>
   <div class='ocr_carea' id='block_1_97' title="bbox 1994 3005 3635 3077">
    <p class='ocr_par' dir='ltr' id='par_1_97' title="bbox 1994 3005 3635 3077">
     <span class='ocr_line' id='line_1_97' title="bbox 1994 3005 3635 3077; baseline 0.002 -20"><span class='ocrx_word' id='word_1_660' title='bbox 1994 3008 2057 3058; x_wconf 91' lang='lat' dir='ltr'>ut</span> <span class='ocrx_word' id='word_1_661' title='bbox 2103 3005 2254 3058; x_wconf 89' lang='lat' dir='ltr'>dicat</span> <span class='ocrx_word' id='word_1_662' title='bbox 2303 3007 2575 3076; x_wconf 90' lang='lat' dir='ltr'>antiquos</span> <span class='ocrx_word' id='word_1_663' title='bbox 2625 3005 2941 3063; x_wconf 86' lang='lat' dir='ltr'>simulacra</span> <span class='ocrx_word' id='word_1_664' title='bbox 2988 3008 3226 3062; x_wconf 91' lang='lat' dir='ltr'>deorum</span> <span class='ocrx_word' id='word_1_665' title='bbox 3275 3011 3331 3060; x_wconf 90' lang='lat' dir='ltr'>et</span> <span class='ocrx_word' id='word_1_666' title='bbox 3377 3007 3635 3077; x_wconf 82' lang='lat' dir='ltr'>insignia</span> 
     </span>
    </p>
   </div>
   <div class='ocr_carea' id='block_1_98' title="bbox 1992 3087 3634 3158">
    <p class='ocr_par' dir='ltr' id='par_1_98' title="bbox 1992 3087 3634 3158">
     <span class='ocr_line' id='line_1_98' title="bbox 1992 3087 3634 3158; baseline 0.001 -18"><span class='ocrx_word' id='word_1_667' title='bbox 1992 3093 2354 3158; x_wconf 89' lang='lat' dir='ltr'>ornatusque</span> <span class='ocrx_word' id='word_1_668' title='bbox 2382 3088 2657 3152; x_wconf 83' lang='lat' dir='ltr'>ﬁnxisse;</span> <span class='ocrx_word' id='word_1_669' title='bbox 2691 3103 2817 3158; x_wconf 73' lang='lat' dir='ltr'>quae</span> <span class='ocrx_word' id='word_1_670' title='bbox 2858 3104 2985 3143; x_wconf 90' lang='lat' dir='ltr'>cum</span> <span class='ocrx_word' id='word_1_671' title='bbox 3038 3087 3222 3144; x_wconf 90' lang='lat' dir='ltr'>oculis</span> <span class='ocrx_word' id='word_1_672' title='bbox 3268 3088 3634 3142; x_wconf 82' lang='lat' dir='ltr'>animadver-</span> 
     </span>
    </p>
   </div>
   <div class='ocr_carea' id='block_1_99' title="bbox 1993 3167 3639 3240">
    <p class='ocr_par' dir='ltr' id='par_1_99' title="bbox 1993 3167 3639 3240">
     <span class='ocr_line' id='line_1_99' title="bbox 1993 3167 3639 3240; baseline 0.001 -19"><span class='ocrx_word' id='word_1_673' title='bbox 1993 3167 2201 3221; x_wconf 89' lang='lat' dir='ltr'>tissent</span> <span class='ocrx_word' id='word_1_674' title='bbox 2229 3168 2285 3220; x_wconf 91' lang='lat' dir='ltr'>hi</span> <span class='ocrx_word' id='word_1_675' title='bbox 2319 3169 2415 3238; x_wconf 92' lang='lat' dir='ltr'>qui</span> <span class='ocrx_word' id='word_1_676' title='bbox 2445 3170 2702 3223; x_wconf 85' lang='lat' dir='ltr'>adissent</span> <span class='ocrx_word' id='word_1_677' title='bbox 2750 3168 3024 3223; x_wconf 65' lang='lat' dir='ltr'>doctrinae</span> <span class='ocrx_word' id='word_1_678' title='bbox 3070 3167 3365 3239; x_wconf 82' lang='lat' dir='ltr'>mysteria,</span> <span class='ocrx_word' id='word_1_679' title='bbox 3398 3173 3639 3240; x_wconf 87' lang='lat' dir='ltr'>possent</span> 
     </span>
    </p>
   </div>
   <div class='ocr_carea' id='block_1_100' title="bbox 1994 3249 3634 3319">
    <p class='ocr_par' dir='ltr' id='par_1_100' title="bbox 1994 3249 3634 3319">
     <span class='ocr_line' id='line_1_100' title="bbox 1994 3249 3634 3319; baseline 0.002 -20"><span class='ocrx_word' id='word_1_680' title='bbox 1994 3249 2252 3301; x_wconf 76' lang='lat' dir='ltr'>animam</span> <span class='ocrx_word' id='word_1_681' title='bbox 2286 3250 2487 3303; x_wconf 89' lang='lat' dir='ltr'>mundi</span> <span class='ocrx_word' id='word_1_682' title='bbox 2523 3266 2589 3304; x_wconf 93' lang='lat' dir='ltr'>ac</span> <span class='ocrx_word' id='word_1_683' title='bbox 2621 3254 2813 3319; x_wconf 86' lang='lat' dir='ltr'>partes</span> <span class='ocrx_word' id='word_1_684' title='bbox 2857 3250 3006 3317; x_wconf 84' lang='lat' dir='ltr'>ejus,</span> <span class='ocrx_word' id='word_1_685' title='bbox 3045 3249 3102 3302; x_wconf 92' lang='lat' dir='ltr'>id</span> <span class='ocrx_word' id='word_1_686' title='bbox 3137 3252 3224 3303; x_wconf 90' lang='lat' dir='ltr'>est</span> <span class='ocrx_word' id='word_1_687' title='bbox 3281 3249 3418 3303; x_wconf 88' lang='lat' dir='ltr'>deos</span> <span class='ocrx_word' id='word_1_688' title='bbox 3455 3265 3634 3316; x_wconf 78' lang='lat' dir='ltr'>veros,</span> 
     </span>
    </p>
   </div>
   <div class='ocr_carea' id='block_1_101' title="bbox 1992 3327 3634 3404">
    <p class='ocr_par' dir='ltr' id='par_1_101' title="bbox 1992 3327 3634 3404">
     <span class='ocr_line' id='line_1_101' title="bbox 1992 3327 3634 3404; baseline 0.002 -23"><span class='ocrx_word' id='word_1_689' title='bbox 1992 3327 2186 3383; x_wconf 88' lang='lat' dir='ltr'>animo</span> <span class='ocrx_word' id='word_1_690' title='bbox 2221 3329 2451 3386; x_wconf 87' lang='lat' dir='ltr'>videre:</span> <span class='ocrx_word' id='word_1_691' title='bbox 2486 3349 2734 3404; x_wconf 89' lang='lat' dir='ltr'>quorum</span> <span class='ocrx_word' id='word_1_692' title='bbox 2785 3331 2884 3400; x_wconf 90' lang='lat' dir='ltr'>qui</span> <span class='ocrx_word' id='word_1_693' title='bbox 2934 3329 3248 3383; x_wconf 88' lang='lat' dir='ltr'>simulacra</span> <span class='ocrx_word' id='word_1_694' title='bbox 3297 3330 3490 3398; x_wconf 89' lang='lat' dir='ltr'>specie</span> <span class='ocrx_word' id='word_1_695' title='bbox 3532 3329 3634 3384; x_wconf 88' lang='lat' dir='ltr'>ho-</span> 
     </span>
    </p>
   </div>
   <div class='ocr_carea' id='block_1_102' title="bbox 1994 3406 3632 3477">
    <p class='ocr_par' dir='ltr' id='par_1_102' title="bbox 1994 3406 3632 3477">
     <span class='ocr_line' id='line_1_102' title="bbox 1994 3406 3632 3477; baseline 0 -16"><span class='ocrx_word' id='word_1_696' title='bbox 1994 3406 2172 3462; x_wconf 88' lang='lat' dir='ltr'>minis</span> <span class='ocrx_word' id='word_1_697' title='bbox 2205 3411 2486 3475; x_wconf 71' lang='lat' dir='ltr'>f‘ecerunt,</span> <span class='ocrx_word' id='word_1_698' title='bbox 2523 3415 2627 3466; x_wconf 89' lang='lat' dir='ltr'>hoc</span> <span class='ocrx_word' id='word_1_699' title='bbox 2654 3415 2833 3469; x_wconf 92' lang='lat' dir='ltr'>videri</span> <span class='ocrx_word' id='word_1_700' title='bbox 2858 3414 3087 3467; x_wconf 87' lang='lat' dir='ltr'>secutos</span> <span class='ocrx_word' id='word_1_701' title='bbox 3111 3407 3264 3477; x_wconf 92' lang='lat' dir='ltr'>quod</span> <span class='ocrx_word' id='word_1_702' title='bbox 3306 3409 3632 3462; x_wconf 87' lang='lat' dir='ltr'>mortalium</span> 
     </span>
    </p>
   </div>
   <div class='ocr_carea' id='block_1_103' title="bbox 1992 3486 3637 3562">
    <p class='ocr_par' dir='ltr' id='par_1_103' title="bbox 1992 3486 3637 3562">
     <span class='ocr_line' id='line_1_103' title="bbox 1992 3486 3637 3562; baseline 0.001 -23"><span class='ocrx_word' id='word_1_703' title='bbox 1992 3487 2226 3541; x_wconf 87' lang='lat' dir='ltr'>animus</span> <span class='ocrx_word' id='word_1_704' title='bbox 2260 3491 2358 3558; x_wconf 90' lang='lat' dir='ltr'>qui</span> <span class='ocrx_word' id='word_1_705' title='bbox 2392 3496 2479 3543; x_wconf 86' lang='lat' dir='ltr'>est</span> <span class='ocrx_word' id='word_1_706' title='bbox 2510 3492 2567 3545; x_wconf 89' lang='lat' dir='ltr'>in</span> <span class='ocrx_word' id='word_1_707' title='bbox 2602 3508 2840 3562; x_wconf 87' lang='lat' dir='ltr'>corpore</span> <span class='ocrx_word' id='word_1_708' title='bbox 2871 3492 3152 3551; x_wconf 89' lang='lat' dir='ltr'>humano,</span> <span class='ocrx_word' id='word_1_709' title='bbox 3187 3486 3531 3540; x_wconf 87' lang='lat' dir='ltr'>simillimus</span> <span class='ocrx_word' id='word_1_710' title='bbox 3549 3493 3637 3541; x_wconf 88' lang='lat' dir='ltr'>est</span> 
     </span>
    </p>
   </div>
   <div class='ocr_carea' id='block_1_104' title="bbox 1991 3568 3638 3642">
    <p class='ocr_par' dir='ltr' id='par_1_104' title="bbox 1991 3568 3638 3642">
     <span class='ocr_line' id='line_1_104' title="bbox 1991 3568 3638 3642; baseline -0.002 -21"><span class='ocrx_word' id='word_1_711' title='bbox 1991 3568 2340 3622; x_wconf 88' lang='lat' dir='ltr'>immortalis</span> <span class='ocrx_word' id='word_1_712' title='bbox 2370 3571 2548 3624; x_wconf 89' lang='lat' dir='ltr'>animi</span> <span class='ocrx_word' id='word_1_713' title='bbox 2576 3572 2690 3641; x_wconf 86' lang='lat' dir='ltr'>(b):</span> <span class='ocrx_word' id='word_1_714' title='bbox 2725 3577 3004 3642; x_wconf 87' lang='lat' dir='ltr'>tanquam</span> <span class='ocrx_word' id='word_1_715' title='bbox 3039 3568 3086 3620; x_wconf 90' lang='lat' dir='ltr'>si</span> <span class='ocrx_word' id='word_1_716' title='bbox 3119 3581 3251 3617; x_wconf 87' lang='lat' dir='ltr'>vasa</span> <span class='ocrx_word' id='word_1_717' title='bbox 3284 3571 3638 3632; x_wconf 89' lang='lat' dir='ltr'>ponerentur</span> 
     </span>
    </p>
   </div>
   <div class='ocr_carea' id='block_1_105' title="bbox 1990 3644 3637 3715">
    <p class='ocr_par' dir='ltr' id='par_1_105' title="bbox 1990 3644 3637 3715">
     <span class='ocr_line' id='line_1_105' title="bbox 1990 3644 3637 3715; baseline -0.002 -14"><span class='ocrx_word' id='word_1_718' title='bbox 1990 3662 2164 3701; x_wconf 89' lang='lat' dir='ltr'>causa</span> <span class='ocrx_word' id='word_1_719' title='bbox 2196 3649 2585 3705; x_wconf 75' lang='lat' dir='ltr'>notandorum</span> <span class='ocrx_word' id='word_1_720' title='bbox 2619 3651 2883 3715; x_wconf 91' lang='lat' dir='ltr'>deorum,</span> <span class='ocrx_word' id='word_1_721' title='bbox 2933 3653 2989 3702; x_wconf 89' lang='lat' dir='ltr'>et</span> <span class='ocrx_word' id='word_1_722' title='bbox 3020 3647 3078 3699; x_wconf 92' lang='lat' dir='ltr'>in</span> <span class='ocrx_word' id='word_1_723' title='bbox 3110 3644 3298 3697; x_wconf 86' lang='lat' dir='ltr'>Liberi</span> <span class='ocrx_word' id='word_1_724' title='bbox 3331 3648 3446 3697; x_wconf 79' lang='lat' dir='ltr'>aede</span> <span class='ocrx_word' id='word_1_725' title='bbox 3478 3661 3637 3698; x_wconf 87' lang='lat' dir='ltr'>ocno-</span> 
     </span>
    </p>
   </div>
   <div class='ocr_carea' id='block_1_106' title="bbox 1990 3722 3637 3799">
    <p class='ocr_par' dir='ltr' id='par_1_106' title="bbox 1990 3722 3637 3799">
     <span class='ocr_line' id='line_1_106' title="bbox 1990 3722 3637 3799; baseline -0.002 -20"><span class='ocrx_word' id='word_1_726' title='bbox 1990 3726 2239 3797; x_wconf 89' lang='lat' dir='ltr'>pborum</span> <span class='ocrx_word' id='word_1_727' title='bbox 2275 3727 2596 3796; x_wconf 86' lang='lat' dir='ltr'>sisteretur,</span> <span class='ocrx_word' id='word_1_728' title='bbox 2629 3731 2778 3799; x_wconf 89' lang='lat' dir='ltr'>quod</span> <span class='ocrx_word' id='word_1_729' title='bbox 2813 3727 3168 3798; x_wconf 85' lang='lat' dir='ltr'>significaret</span> <span class='ocrx_word' id='word_1_730' title='bbox 3196 3722 3421 3787; x_wconf 90' lang='lat' dir='ltr'>vinum,</span> <span class='ocrx_word' id='word_1_731' title='bbox 3448 3739 3550 3793; x_wconf 86' lang='lat' dir='ltr'>per</span> <span class='ocrx_word' id='word_1_732' title='bbox 3581 3723 3637 3777; x_wconf 90' lang='lat' dir='ltr'>id</span> 
     </span>
    </p>
   </div>
   <div class='ocr_carea' id='block_1_107' title="bbox 1994 3802 3632 3879">
    <p class='ocr_par' dir='ltr' id='par_1_107' title="bbox 1994 3802 3632 3879">
     <span class='ocr_line' id='line_1_107' title="bbox 1994 3802 3632 3879; baseline -0.003 -18"><span class='ocrx_word' id='word_1_733' title='bbox 1994 3807 2148 3878; x_wconf 89' lang='lat' dir='ltr'>quod</span> <span class='ocrx_word' id='word_1_734' title='bbox 2182 3808 2439 3861; x_wconf 89' lang='lat' dir='ltr'>continet</span> <span class='ocrx_word' id='word_1_735' title='bbox 2469 3807 2523 3861; x_wconf 90' lang='lat' dir='ltr'>id</span> <span class='ocrx_word' id='word_1_736' title='bbox 2555 3811 2707 3879; x_wconf 90' lang='lat' dir='ltr'>quod</span> <span class='ocrx_word' id='word_1_737' title='bbox 2742 3809 3108 3864; x_wconf 89' lang='lat' dir='ltr'>continetur:</span> <span class='ocrx_word' id='word_1_738' title='bbox 3143 3803 3224 3855; x_wconf 86' lang='lat' dir='ltr'>ita</span> <span class='ocrx_word' id='word_1_739' title='bbox 3259 3817 3358 3871; x_wconf 91' lang='lat' dir='ltr'>per</span> <span class='ocrx_word' id='word_1_740' title='bbox 3389 3802 3632 3858; x_wconf 88' lang='lat' dir='ltr'>simula-</span> 
     </span>
    </p>
   </div>
   <div class='ocr_carea' id='block_1_108' title="bbox 1991 3883 3637 3958">
    <p class='ocr_par' dir='ltr' id='par_1_108' title="bbox 1991 3883 3637 3958">
     <span class='ocr_line' id='line_1_108' title="bbox 1991 3883 3637 3958; baseline -0.004 -17"><span class='ocrx_word' id='word_1_741' title='bbox 1991 3904 2154 3942; x_wconf 90' lang='lat' dir='ltr'>crum</span> <span class='ocrx_word' id='word_1_742' title='bbox 2190 3889 2342 3958; x_wconf 91' lang='lat' dir='ltr'>quod</span> <span class='ocrx_word' id='word_1_743' title='bbox 2379 3888 2626 3943; x_wconf 90' lang='lat' dir='ltr'>formam</span> <span class='ocrx_word' id='word_1_744' title='bbox 2660 3889 2898 3945; x_wconf 89' lang='lat' dir='ltr'>haberet</span> <span class='ocrx_word' id='word_1_745' title='bbox 2928 3888 3272 3945; x_wconf 85' lang='lat' dir='ltr'>humanam,</span> <span class='ocrx_word' id='word_1_746' title='bbox 3321 3883 3637 3949; x_wconf 65' lang='lat' dir='ltr'>significari</span> 
     </span>
    </p>
   </div>
   <div class='ocr_carea' id='block_1_109' title="bbox 1990 3963 3640 4041">
    <p class='ocr_par' dir='ltr' id='par_1_109' title="bbox 1990 3963 3640 4041">
     <span class='ocr_line' id='line_1_109' title="bbox 1990 3963 3640 4041; baseline -0.002 -19"><span class='ocrx_word' id='word_1_747' title='bbox 1990 3969 2246 4022; x_wconf 91' lang='lat' dir='ltr'>animam</span> <span class='ocrx_word' id='word_1_748' title='bbox 2281 3968 2640 4036; x_wconf 85' lang='lat' dir='ltr'>rationalem,</span> <span class='ocrx_word' id='word_1_749' title='bbox 2672 3969 2828 4041; x_wconf 91' lang='lat' dir='ltr'>quod</span> <span class='ocrx_word' id='word_1_750' title='bbox 2859 3987 2924 4024; x_wconf 93' lang='lat' dir='ltr'>eo</span> <span class='ocrx_word' id='word_1_751' title='bbox 2956 3968 3112 4022; x_wconf 83' lang='lat' dir='ltr'>velut</span> <span class='ocrx_word' id='word_1_752' title='bbox 3130 3985 3264 4024; x_wconf 83' lang='lat' dir='ltr'>vase</span> <span class='ocrx_word' id='word_1_753' title='bbox 3291 3970 3498 4022; x_wconf 86' lang='lat' dir='ltr'>natura</span> <span class='ocrx_word' id='word_1_754' title='bbox 3529 3963 3640 4018; x_wconf 89' lang='lat' dir='ltr'>ista</span> 
     </span>
    </p>
   </div>
   <div class='ocr_carea' id='block_1_110' title="bbox 1991 4049 3636 4121">
    <p class='ocr_par' dir='ltr' id='par_1_110' title="bbox 1991 4049 3636 4121">
     <span class='ocr_line' id='line_1_110' title="bbox 1991 4049 3636 4121; baseline -0.001 -18"><span class='ocrx_word' id='word_1_755' title='bbox 1991 4049 2172 4104; x_wconf 88' lang='lat' dir='ltr'>soleat</span> <span class='ocrx_word' id='word_1_756' title='bbox 2203 4050 2511 4117; x_wconf 88' lang='lat' dir='ltr'>contineri,</span> <span class='ocrx_word' id='word_1_757' title='bbox 2544 4053 2712 4121; x_wconf 90' lang='lat' dir='ltr'>cujus</span> <span class='ocrx_word' id='word_1_758' title='bbox 2743 4057 2962 4106; x_wconf 59' lang='lat' dir='ltr'>natura;</span> <span class='ocrx_word' id='word_1_759' title='bbox 3016 4051 3191 4106; x_wconf 90' lang='lat' dir='ltr'>deum</span> <span class='ocrx_word' id='word_1_760' title='bbox 3241 4049 3445 4106; x_wconf 89' lang='lat' dir='ltr'>volunt</span> <span class='ocrx_word' id='word_1_761' title='bbox 3486 4061 3636 4111; x_wconf 89' lang='lat' dir='ltr'>esse,</span> 
     </span>
    </p>
   </div>
   <div class='ocr_carea' id='block_1_111' title="bbox 1991 4129 3636 4206">
    <p class='ocr_par' dir='ltr' id='par_1_111' title="bbox 1991 4129 3636 4206">
     <span class='ocr_line' id='line_1_111' title="bbox 1991 4129 3636 4206; baseline 0 -21"><span class='ocrx_word' id='word_1_762' title='bbox 1991 4130 2076 4185; x_wconf 90' lang='lat' dir='ltr'>vel</span> <span class='ocrx_word' id='word_1_763' title='bbox 2107 4132 2262 4187; x_wconf 87' lang='lat' dir='ltr'>deos.</span> <span class='ocrx_word' id='word_1_764' title='bbox 2298 4131 2426 4187; x_wconf 78' lang='lat' dir='ltr'>Haec</span> <span class='ocrx_word' id='word_1_765' title='bbox 2457 4138 2598 4188; x_wconf 89' lang='lat' dir='ltr'>sunt</span> <span class='ocrx_word' id='word_1_766' title='bbox 2629 4135 2898 4205; x_wconf 81' lang='lat' dir='ltr'>mysteria</span> <span class='ocrx_word' id='word_1_767' title='bbox 2933 4133 3228 4203; x_wconf 64' lang='lat' dir='ltr'>doctrinae,</span> <span class='ocrx_word' id='word_1_768' title='bbox 3255 4149 3381 4206; x_wconf 83' lang='lat' dir='ltr'>quae</span> <span class='ocrx_word' id='word_1_769' title='bbox 3411 4129 3519 4184; x_wconf 87' lang='lat' dir='ltr'>iste</span> <span class='ocrx_word' id='word_1_770' title='bbox 3552 4130 3636 4185; x_wconf 90' lang='lat' dir='ltr'>vir</span> 
     </span>
    </p>
   </div>
   <div class='ocr_carea' id='block_1_112' title="bbox 1989 4211 3635 4283">
    <p class='ocr_par' dir='ltr' id='par_1_112' title="bbox 1989 4211 3635 4283">
     <span class='ocr_line' id='line_1_112' title="bbox 1989 4211 3635 4283; baseline -0.001 -20"><span class='ocrx_word' id='word_1_771' title='bbox 1989 4211 2360 4267; x_wconf 90' lang='lat' dir='ltr'>doctissimus</span> <span class='ocrx_word' id='word_1_772' title='bbox 2403 4218 2820 4283; x_wconf 86' lang='lat' dir='ltr'>penetraverat,</span> <span class='ocrx_word' id='word_1_773' title='bbox 2857 4215 3007 4268; x_wconf 79' lang='lat' dir='ltr'>unde</span> <span class='ocrx_word' id='word_1_774' title='bbox 3048 4212 3105 4268; x_wconf 92' lang='lat' dir='ltr'>in</span> <span class='ocrx_word' id='word_1_775' title='bbox 3143 4214 3332 4269; x_wconf 90' lang='lat' dir='ltr'>lucem</span> <span class='ocrx_word' id='word_1_776' title='bbox 3361 4213 3473 4266; x_wconf 85' lang='lat' dir='ltr'>ista</span> <span class='ocrx_word' id='word_1_777' title='bbox 3505 4224 3635 4274; x_wconf 89' lang='lat' dir='ltr'>pro-</span> 
     </span>
    </p>
   </div>
   <div class='ocr_carea' id='block_1_113' title="bbox 1990 4291 3637 4362">
    <p class='ocr_par' dir='ltr' id='par_1_113' title="bbox 1990 4291 3637 4362">
     <span class='ocr_line' id='line_1_113' title="bbox 1990 4291 3637 4362; baseline 0 -18"><span class='ocrx_word' id='word_1_778' title='bbox 1990 4291 2181 4346; x_wconf 88' lang='lat' dir='ltr'>ferret.</span> <span class='ocrx_word' id='word_1_779' title='bbox 2216 4293 2348 4361; x_wconf 91' lang='lat' dir='ltr'>Sed,</span> <span class='ocrx_word' id='word_1_780' title='bbox 2383 4311 2415 4350; x_wconf 92' lang='grc' dir='ltr'>ο</span> <span class='ocrx_word' id='word_1_781' title='bbox 2448 4294 2622 4348; x_wconf 92' lang='lat' dir='ltr'>homo</span> <span class='ocrx_word' id='word_1_782' title='bbox 2673 4296 3031 4362; x_wconf 88' lang='lat' dir='ltr'>acutissime,</span> <span class='ocrx_word' id='word_1_783' title='bbox 3082 4311 3223 4349; x_wconf 88' lang='lat' dir='ltr'>num</span> <span class='ocrx_word' id='word_1_784' title='bbox 3261 4296 3317 4350; x_wconf 91' lang='lat' dir='ltr'>in</span> <span class='ocrx_word' id='word_1_785' title='bbox 3353 4292 3480 4347; x_wconf 87' lang='lat' dir='ltr'>istis</span> <span class='ocrx_word' id='word_1_786' title='bbox 3504 4292 3637 4344; x_wconf 83' lang='lat' dir='ltr'>doc-</span> 
     </span>
    </p>
   </div>
   <div class='ocr_carea' id='block_1_114' title="bbox 1989 4371 3632 4448">
    <p class='ocr_par' dir='ltr' id='par_1_114' title="bbox 1989 4371 3632 4448">
     <span class='ocr_line' id='line_1_114' title="bbox 1989 4371 3632 4448; baseline 0.002 -23"><span class='ocrx_word' id='word_1_787' title='bbox 1989 4371 2155 4426; x_wconf 73' lang='lat' dir='ltr'>trinae</span> <span class='ocrx_word' id='word_1_788' title='bbox 2189 4374 2480 4444; x_wconf 82' lang='lat' dir='ltr'>mysteriis</span> <span class='ocrx_word' id='word_1_789' title='bbox 2524 4375 2681 4429; x_wconf 89' lang='lat' dir='ltr'>illam</span> <span class='ocrx_word' id='word_1_790' title='bbox 2725 4375 3092 4448; x_wconf 82' lang='lat' dir='ltr'>prudentiam</span> <span class='ocrx_word' id='word_1_791' title='bbox 3145 4374 3469 4447; x_wconf 86' lang='lat' dir='ltr'>perdidisti,</span> <span class='ocrx_word' id='word_1_792' title='bbox 3519 4385 3632 4441; x_wconf 69' lang='lat' dir='ltr'>qua</span> 
     </span>
    </p>
   </div>
   <div class='ocr_carea' id='block_1_115' title="bbox 1989 4450 3630 4528">
    <p class='ocr_par' dir='ltr' id='par_1_115' title="bbox 1989 4450 3630 4528">
     <span class='ocr_line' id='line_1_115' title="bbox 1989 4450 3630 4528; baseline 0.001 -23"><span class='ocrx_word' id='word_1_793' title='bbox 1989 4452 2093 4505; x_wconf 91' lang='lat' dir='ltr'>tibi</span> <span class='ocrx_word' id='word_1_794' title='bbox 2131 4455 2319 4508; x_wconf 87' lang='lat' dir='ltr'>sobrie</span> <span class='ocrx_word' id='word_1_795' title='bbox 2351 4455 2537 4510; x_wconf 90' lang='lat' dir='ltr'>visum</span> <span class='ocrx_word' id='word_1_796' title='bbox 2569 4459 2677 4524; x_wconf 85' lang='lat' dir='ltr'>est,</span> <span class='ocrx_word' id='word_1_797' title='bbox 2711 4455 2862 4526; x_wconf 91' lang='lat' dir='ltr'>quod</span> <span class='ocrx_word' id='word_1_798' title='bbox 2892 4455 2970 4510; x_wconf 83' lang='lat' dir='ltr'>&#39;hi</span> <span class='ocrx_word' id='word_1_799' title='bbox 3019 4458 3120 4527; x_wconf 90' lang='lat' dir='ltr'>qui</span> <span class='ocrx_word' id='word_1_800' title='bbox 3171 4457 3343 4528; x_wconf 90' lang='lat' dir='ltr'>primi</span> <span class='ocrx_word' id='word_1_801' title='bbox 3399 4450 3630 4526; x_wconf 80' lang='lat' dir='ltr'>populis</span> 
     </span>
    </p>
   </div>
   <div class='ocr_carea' id='block_1_116' title="bbox 1990 4534 3633 4607">
    <p class='ocr_par' dir='ltr' id='par_1_116' title="bbox 1990 4534 3633 4607">
     <span class='ocr_line' id='line_1_116' title="bbox 1990 4534 3633 4607; baseline -0.002 -19"><span class='ocrx_word' id='word_1_802' title='bbox 1990 4534 2307 4590; x_wconf 85' lang='lat' dir='ltr'>simulacra</span> <span class='ocrx_word' id='word_1_803' title='bbox 2369 4539 2814 4607; x_wconf 89' lang='lat' dir='ltr'>constituerunt,</span> <span class='ocrx_word' id='word_1_804' title='bbox 2870 4544 2926 4591; x_wconf 90' lang='lat' dir='ltr'>et</span> <span class='ocrx_word' id='word_1_805' title='bbox 2986 4547 3201 4593; x_wconf 81' lang='lat' dir='ltr'>metum</span> <span class='ocrx_word' id='word_1_806' title='bbox 3255 4536 3633 4607; x_wconf 88' lang='lat' dir='ltr'>dempserunt</span> 
     </span>
    </p>
   </div>
   <div class='ocr_carea' id='block_1_117' title="bbox 1989 4614 3633 4687">
    <p class='ocr_par' dir='ltr' id='par_1_117' title="bbox 1989 4614 3633 4687">
     <span class='ocr_line' id='line_1_117' title="bbox 1989 4614 3633 4687; baseline -0.002 -18"><span class='ocrx_word' id='word_1_807' title='bbox 1989 4614 2211 4670; x_wconf 90' lang='lat' dir='ltr'>civibus</span> <span class='ocrx_word' id='word_1_808' title='bbox 2260 4617 2404 4682; x_wconf 80' lang='lat' dir='ltr'>suis,</span> <span class='ocrx_word' id='word_1_809' title='bbox 2456 4623 2512 4671; x_wconf 88' lang='lat' dir='ltr'>et</span> <span class='ocrx_word' id='word_1_810' title='bbox 2559 4634 2812 4673; x_wconf 87' lang='lat' dir='ltr'>errorem</span> <span class='ocrx_word' id='word_1_811' title='bbox 2865 4619 3236 4687; x_wconf 85' lang='lat' dir='ltr'>addiderunt,</span> <span class='ocrx_word' id='word_1_812' title='bbox 3297 4619 3633 4685; x_wconf 87' lang='lat' dir='ltr'>castiusque</span> 
     </span>
    </p>
   </div>
   <div class='ocr_carea' id='block_1_118' title="bbox 1988 4695 3633 4752">
    <p class='ocr_par' dir='ltr' id='par_1_118' title="bbox 1988 4695 3633 4752">
     <span class='ocr_line' id='line_1_118' title="bbox 1988 4695 3633 4752; baseline 0.001 -4"><span class='ocrx_word' id='word_1_813' title='bbox 1988 4695 2124 4750; x_wconf 88' lang='lat' dir='ltr'>deos</span> <span class='ocrx_word' id='word_1_814' title='bbox 2155 4697 2281 4751; x_wconf 85' lang='lat' dir='ltr'>sine</span> <span class='ocrx_word' id='word_1_815' title='bbox 2311 4697 2640 4752; x_wconf 87' lang='lat' dir='ltr'>simulacris</span> <span class='ocrx_word' id='word_1_816' title='bbox 2670 4703 2888 4752; x_wconf 80' lang='lat' dir='ltr'>veteres</span> <span class='ocrx_word' id='word_1_817' title='bbox 2923 4698 3258 4751; x_wconf 79' lang='lat' dir='ltr'>observasse</span> <span class='ocrx_word' id='word_1_818' title='bbox 3291 4699 3578 4751; x_wconf 82' lang='lat' dir='ltr'>Romanos</span> <span class='ocrx_word' id='word_1_819' title='bbox 3607 4697 3633 4750; x_wconf 64' lang='lat' dir='ltr'>if</span> 
     </span>
    </p>
   </div>
   <div class='ocr_carea' id='block_1_119' title="bbox 1989 4775 3633 4844">
    <p class='ocr_par' dir='ltr' id='par_1_119' title="bbox 1989 4775 3633 4844">
     <span class='ocr_line' id='line_1_119' title="bbox 1989 4775 3633 4844; baseline 0 -14"><span class='ocrx_word' id='word_1_820' title='bbox 1989 4775 2047 4830; x_wconf 91' lang='lat' dir='ltr'>hi</span> <span class='ocrx_word' id='word_1_821' title='bbox 2078 4777 2230 4830; x_wconf 91' lang='lat' dir='ltr'>enim</span> <span class='ocrx_word' id='word_1_822' title='bbox 2267 4778 2368 4832; x_wconf 89' lang='lat' dir='ltr'>tibi</span> <span class='ocrx_word' id='word_1_823' title='bbox 2393 4778 2630 4833; x_wconf 87' lang='lat' dir='ltr'>fuerunt</span> <span class='ocrx_word' id='word_1_824' title='bbox 2659 4785 2942 4840; x_wconf 88' lang='lat' dir='ltr'>auctores,</span> <span class='ocrx_word' id='word_1_825' title='bbox 2975 4782 3035 4828; x_wconf 90' lang='lat' dir='ltr'>ut</span> <span class='ocrx_word' id='word_1_826' title='bbox 3059 4778 3177 4829; x_wconf 80' lang='lat' dir='ltr'>haec</span> <span class='ocrx_word' id='word_1_827' title='bbox 3203 4782 3407 4829; x_wconf 89' lang='lat' dir='ltr'>contra</span> <span class='ocrx_word' id='word_1_828' title='bbox 3443 4781 3633 4844; x_wconf 77' lang='lat' dir='ltr'>poste-</span> 
     </span>
    </p>
   </div>
   <div class='ocr_carea' id='block_1_120' title="bbox 1990 4851 3636 4912">
    <p class='ocr_par' dir='ltr' id='par_1_120' title="bbox 1990 4851 3636 4912">
     <span class='ocr_line' id='line_1_120' title="bbox 1990 4851 3636 4912; baseline -0.001 -4"><span class='ocrx_word' id='word_1_829' title='bbox 1990 4857 2168 4912; x_wconf 85' lang='lat' dir='ltr'>riores</span> <span class='ocrx_word' id='word_1_830' title='bbox 2200 4858 2490 4912; x_wconf 82' lang='lat' dir='ltr'>Romanos</span> <span class='ocrx_word' id='word_1_831' title='bbox 2522 4858 2714 4910; x_wconf 89' lang='lat' dir='ltr'>dicere</span> <span class='ocrx_word' id='word_1_832' title='bbox 2734 4855 2998 4909; x_wconf 88' lang='lat' dir='ltr'>auderes.</span> <span class='ocrx_word' id='word_1_833' title='bbox 3034 4853 3174 4905; x_wconf 86' lang='lat' dir='ltr'>Nam</span> <span class='ocrx_word' id='word_1_834' title='bbox 3205 4854 3250 4905; x_wconf 84' lang='lat' dir='ltr'>si</span> <span class='ocrx_word' id='word_1_835' title='bbox 3277 4857 3334 4905; x_wconf 90' lang='lat' dir='ltr'>et</span> <span class='ocrx_word' id='word_1_836' title='bbox 3366 4851 3449 4904; x_wconf 90' lang='lat' dir='ltr'>illi</span> <span class='ocrx_word' id='word_1_837' title='bbox 3479 4854 3636 4906; x_wconf 86' lang='lat' dir='ltr'>anti—</span> 
     </span>
    </p>
   </div>
   <div class='ocr_carea' id='block_1_121' title="bbox 1990 4931 3634 5007">
    <p class='ocr_par' dir='ltr' id='par_1_121' title="bbox 1990 4931 3634 5007">
     <span class='ocr_line' id='line_1_121' title="bbox 1990 4931 3634 5007; baseline -0.003 -17"><span class='ocrx_word' id='word_1_838' title='bbox 1990 4937 2259 5007; x_wconf 89' lang='lat' dir='ltr'>quissimi</span> <span class='ocrx_word' id='word_1_839' title='bbox 2284 4934 2950 4999; x_wconf 87' lang='lat' dir='ltr'>simulacracoluissent,</span> <span class='ocrx_word' id='word_1_840' title='bbox 2972 4932 3232 4986; x_wconf 79' lang='lat' dir='ltr'>fortassis</span> <span class='ocrx_word' id='word_1_841' title='bbox 3257 4936 3443 4985; x_wconf 86' lang='lat' dir='ltr'>totum</span> <span class='ocrx_word' id='word_1_842' title='bbox 3461 4931 3634 4986; x_wconf 89' lang='lat' dir='ltr'>istum</span> 
     </span>
    </p>
   </div>
   <div class='ocr_carea' id='block_1_122' title="bbox 1990 5011 3629 5078">
    <p class='ocr_par' dir='ltr' id='par_1_122' title="bbox 1990 5011 3629 5078">
     <span class='ocr_line' id='line_1_122' title="bbox 1990 5011 3629 5078; baseline -0.003 -6"><span class='ocrx_word' id='word_1_843' title='bbox 1990 5033 2228 5073; x_wconf 90' lang='lat' dir='ltr'>sensum</span> <span class='ocrx_word' id='word_1_844' title='bbox 2263 5019 2329 5072; x_wconf 90' lang='lat' dir='ltr'>de</span> <span class='ocrx_word' id='word_1_845' title='bbox 2370 5015 2701 5071; x_wconf 88' lang='lat' dir='ltr'>simulacris</span> <span class='ocrx_word' id='word_1_846' title='bbox 2749 5029 2864 5068; x_wconf 91' lang='lat' dir='ltr'>non</span> <span class='ocrx_word' id='word_1_847' title='bbox 2915 5013 3361 5078; x_wconf 87' lang='lat' dir='ltr'>constituendis,</span> <span class='ocrx_word' id='word_1_848' title='bbox 3395 5011 3629 5067; x_wconf 89' lang='lat' dir='ltr'>interim</span> 
     </span>
    </p>
   </div>
   <div class='ocr_carea' id='block_1_123' title="bbox 1988 5094 3635 5164">
    <p class='ocr_par' dir='ltr' id='par_1_123' title="bbox 1988 5094 3635 5164">
     <span class='ocr_line' id='line_1_123' title="bbox 1988 5094 3635 5164; baseline -0.004 -11"><span class='ocrx_word' id='word_1_849' title='bbox 1988 5098 2234 5162; x_wconf 78' lang='lat' dir='ltr'>verum‘,</span> <span class='ocrx_word' id='word_1_850' title='bbox 2270 5097 2497 5151; x_wconf 88' lang='lat' dir='ltr'>timoris</span> <span class='ocrx_word' id='word_1_851' title='bbox 2543 5094 2775 5150; x_wconf 86' lang='lat' dir='ltr'>silentio</span> <span class='ocrx_word' id='word_1_852' title='bbox 2827 5109 3139 5164; x_wconf 89' lang='lat' dir='ltr'>premeres,</span> <span class='ocrx_word' id='word_1_853' title='bbox 3176 5100 3227 5146; x_wconf 91' lang='lat' dir='ltr'>et</span> <span class='ocrx_word' id='word_1_854' title='bbox 3261 5095 3317 5147; x_wconf 90' lang='lat' dir='ltr'>in</span> <span class='ocrx_word' id='word_1_855' title='bbox 3354 5094 3635 5164; x_wconf 82' lang='lat' dir='ltr'>hujusce-</span> 
     </span>
    </p>
   </div>
   <div class='ocr_carea' id='block_1_124' title="bbox 2059 5315 3323 5376">
    <p class='ocr_par' dir='ltr' id='par_1_124' title="bbox 2059 5315 3323 5376">
     <span class='ocr_line' id='line_1_124' title="bbox 2059 5315 3323 5376; baseline -0.001 -11"><span class='ocrx_word' id='word_1_856' title='bbox 2059 5323 2070 5354; x_wconf 83' lang='grc'>¹</span> <span class='ocrx_word' id='word_1_857' title='bbox 2099 5318 2256 5368; x_wconf 87' lang='lat' dir='ltr'>Editi.</span> <span class='ocrx_word' id='word_1_858' title='bbox 2290 5316 2423 5363; x_wconf 76' lang='lat' dir='ltr'>veri.</span> <span class='ocrx_word' id='word_1_859' title='bbox 2460 5315 2809 5374; x_wconf 80' lang='lat' dir='ltr'>Corriguntur</span> <span class='ocrx_word' id='word_1_860' title='bbox 2836 5327 2902 5363; x_wconf 80' lang='lat' dir='ltr'>ex</span> <span class='ocrx_word' id='word_1_861' title='bbox 2930 5317 3323 5376; x_wconf 83' lang='lat' dir='ltr'>manuscriptis.</span> 
     </span>
    </p>
   </div>
   <div class='ocr_carea' id='block_1_125' title="bbox 2057 5378 3264 5442">
    <p class='ocr_par' dir='ltr' id='par_1_125' title="bbox 2057 5378 3264 5442">
     <span class='ocr_line' id='line_1_125' title="bbox 2057 5378 3264 5442; baseline -0.002 -13"><span class='ocrx_word' id='word_1_862' title='bbox 2057 5382 2124 5442; x_wconf 85' lang='grc' dir='ltr'>(α)</span> <span class='ocrx_word' id='word_1_863' title='bbox 2152 5381 2348 5442; x_wconf 79' lang='lat' dir='ltr'>Virgil.,</span> <span class='ocrx_word' id='word_1_864' title='bbox 2383 5379 2473 5426; x_wconf 82' lang='lat' dir='ltr'>lib.</span> <span class='ocrx_word' id='word_1_865' title='bbox 2507 5381 2553 5442; x_wconf 73' lang='lat'>8,</span> <span class='ocrx_word' id='word_1_866' title='bbox 2587 5379 2818 5436; x_wconf 68' lang='lat' dir='ltr'>zEueid.,</span> <span class='ocrx_word' id='word_1_867' title='bbox 2851 5392 2986 5428; x_wconf 84' lang='lat' dir='ltr'>vers.</span> <span class='ocrx_word' id='word_1_868' title='bbox 3018 5379 3127 5434; x_wconf 70' lang='lat'>357,</span> <span class='ocrx_word' id='word_1_869' title='bbox 3153 5378 3264 5427; x_wconf 79' lang='grc'>358.</span> 
     </span>
    </p>
   </div>
   <div class='ocr_carea' id='block_1_126' title="bbox 2052 5440 3427 5503">
    <p class='ocr_par' dir='ltr' id='par_1_126' title="bbox 2052 5440 3427 5503">
     <span class='ocr_line' id='line_1_126' title="bbox 2052 5440 3427 5503; baseline 0.001 -15"><span class='ocrx_word' id='word_1_870' title='bbox 2052 5440 2124 5503; x_wconf 75' lang='grc' dir='ltr'>(ὁ)</span> <span class='ocrx_word' id='word_1_871' title='bbox 2155 5440 2270 5490; x_wconf 70' lang='grc' dir='ltr'>νὶίῖ.</span> <span class='ocrx_word' id='word_1_872' title='bbox 2305 5442 2491 5500; x_wconf 53' lang='lat' dir='ltr'>Cicer,</span> <span class='ocrx_word' id='word_1_873' title='bbox 2521 5441 2731 5492; x_wconf 88' lang='lat' dir='ltr'>Tuscul.</span> <span class='ocrx_word' id='word_1_874' title='bbox 2765 5442 2971 5499; x_wconf 91' lang='lat' dir='ltr'>Quaest.</span> <span class='ocrx_word' id='word_1_875' title='bbox 3005 5442 3096 5491; x_wconf 91' lang='lat' dir='ltr'>lib.</span> <span class='ocrx_word' id='word_1_876' title='bbox 3128 5442 3174 5488; x_wconf 83' lang='grc'>5.</span> <span class='ocrx_word' id='word_1_877' title='bbox 3207 5454 3319 5502; x_wconf 84' lang='lat' dir='ltr'>cap.</span> <span class='ocrx_word' id='word_1_878' title='bbox 3354 5440 3427 5490; x_wconf 89' lang='grc'>13.</span> 
     </span>
    </p>
   </div>
  </div>
