4128 6184
408 331 522 393 199

412 465 569 521 modi
602 458 940 534 perniciosis
970 455 1252 525 vanisque
1299 447 1611 534 figmentis
1639 443 1917 534 mysteria
1943 442 2053 533 ista

415 523 690 602 doctrinae
722 539 1029 612 loquacius
1078 543 1131 589 et
1160 523 1388 587 elatius
1422 527 1802 612 praedicarcs.
1848 523 2057 612 Anima

414 631 614 683 tamen
643 628 740 678 tua
786 605 902 676 tam
955 620 1122 673 docta
1152 618 1210 667 et
1241 609 1543 681 ingeniosa
1569 608 1690 678 (ubi
1721 611 1776 660 te
1808 605 2055 659 multum

417 706 706 774 dolemus)
753 717 853 772 per
899 700 1016 753 haec
1077 693 1351 774 mysteria
1419 689 1688 745 doctrinae
1750 687 1815 741 ad
1876 686 2054 774 Deum

417 787 639 848 suum‘,
671 766 727 837 id
755 766 847 835 est
878 795 910 832 a
941 791 1054 846 quo
1089 773 1237 828 facta
1280 776 1388 839 est,
1440 785 1554 824 non
1588 784 1727 848 cum
1762 782 1875 836 quo
1910 766 2060 820 facta

357 863 360 866 ’
419 870 534 932 est;
573 847 676 918 nec
707 861 872 928 cujus
902 854 1107 928 portio,
1161 854 1257 908 sed
1309 853 1477 920 cujus
1500 847 1771 932 conditio
1802 854 1923 913 est;
1955 860 2060 932 nec

420 926 636 1017 quiest
663 926 925 996 omnium
959 935 1175 1017 anima,
1212 934 1317 1017 sed
1344 932 1443 1004 qui
1472 930 1900 1017 -fecit_omnem.
1934 926 2062 1017 ani-

421 1007 594 1087 mum,
630 1037 745 1091 quo
777 1018 898 1073 solo
931 1016 1259 1071 illustrante
1289 1013 1349 1066 fit
1391 1011 1590 1067 anima
1637 1010 1822 1072 beata,
1855 1007 1903 1061 si
1934 1008 2062 1091 ejus

420 1102 610 1174 gratiae
645 1087 758 1154 non
783 1098 857 1154 sit
879 1098 1129 1168 ingrata,
1154 1094 1310 1150 nullo
1336 1092 1507 1146 modo
1532 1087 2059 1174 potuit‘pervenire.

417 1170 632 1239 Verum
669 1183 783 1237 ista
815 1178 1095 1251 mysteria
1125 1174 1400 1232 doctrinae
1448 1171 1646 1244 qualia
1689 1170 1846 1251 sint,
1877 1185 2062 1240 quan-

421 1266 582 1334 tique
613 1250 936 1333 pendenda,
980 1275 1106 1329 quae
1139 1259 1466 1327 sequuntur
1484 1253 1804 1308 ostendent.
1834 1250 2067 1334 Fatetur

420 1333 650 1401 interim
699 1345 784 1397 vir
836 1344 939 1396 iste
999 1340 1396 1405 doctissimus,
1449 1336 1700 1389 animam
1747 1333 1950 1388 mundi
2002 1347 2066 1385 ac

423 1430 616 1499 partes
649 1425 776 1493 ejus
801 1437 929 1476 esse
951 1435 1119 1474 veros
1141 1419 1277 1472 deos
1309 1433 1321 1470 :
1350 1417 1500 1499 unde
1520 1413 1864 1499 intelligitur
1885 1417 2064 1493 totam

424 1493 549 1576 ejus
578 1502 953 1574 theologiam,
987 1517 1113 1554 eam
1148 1499 1334 1568 ipsam
1361 1496 1580 1551 scilicet
1602 1493 1950 1557 naturalem,
1973 1500 2066 1545 cul

424 1573 749 1659 plurimum
782 1582 1008 1649 tribuit,
1042 1594 1224 1650 usque
1258 1579 1327 1633 ad
1353 1578 1563 1632 animm
1589 1573 1882 1659 rationalis
1907 1580 2071 1626 natu-

424 1654 547 1723 ram
583 1683 642 1720 se
673 1663 978 1720 extendere
1012 1661 1288 1730 potuisse.
1324 1659 1402 1713 De
1445 1654 1700 1711 naturali
1741 1655 1892 1708 enim
1928 1669 2072 1722 pau—

425 1749 661 1804 cissima
692 1743 1072 1816 praeloquitur
1104 1742 1159 1795 in
1188 1741 1297 1795 hoc
1319 1740 1468 1794 libro
1493 1738 1583 1794 :in
1609 1752 1722 1807 quo
1745 1735 2071 1816 videbimus

424 1837 621 1885 utrum
655 1815 758 1898 per
807 1824 1316 1894 interpretationes
1367 1817 1788 1892 pbysiologicas
1819 1817 1887 1871 ad
1923 1815 2072 1898 hanc

424 1895 757 1968 naturalem
808 1905 990 1978 possit
1039 1905 1248 1959 referre
1318 1900 1568 1965 civilem,
1623 1914 1795 1969 quam
1844 1897 1912 1950 de
1961 1895 2073 1950 diis

427 1993 661 2049 selectis
694 1988 962 2043 ultimam
995 1985 1248 2056 scripsit.
1281 1983 1441 2046 Quod
1467 1980 1812 2052 sipotuerit,
1833 1983 1950 2032 tota
1976 1993 2074 2030 na-

426 2072 640 2128 turalis
673 2070 818 2124 erit:
852 2072 906 2122 et
938 2067 1077 2137 quid
1113 2081 1257 2135 opus
1288 2069 1409 2118 erat
1438 2062 1509 2117 ab
1540 2078 1604 2116 ea
1652 2059 1877 2115 civilem
1917 2065 2076 2112 tanta

428 2171 566 2209 cura
589 2147 983 2206 distinctionis
1034 2143 1400 2216 adjungere?
1431 2143 1484 2196 Si
1535 2145 1729 2196 autem
1763 2145 1920 2194 recto
1954 2138 2075 2192 dis-

429 2232 676 2291 crimine
711 2236 974 2300 separata
1004 2235 1088 2282 est
1116 2244 1129 2293 ;
1154 2227 1388 2297 quando
1417 2240 1520 2278 nec
1541 2223 1654 2278 ista
1675 2238 1810 2276 vera
1831 2226 1916 2274 est
1947 2235 2075 2290 quae

432 2315 520 2372 illi
551 2311 836 2368 naturalis
870 2308 1091 2381 placet;
1123 2306 1382 2378 pervenit
1412 2305 1567 2360 enim
1627 2317 1808 2374 usque
1856 2303 1922 2355 ad
1959 2300 2078 2381 ani-

435 2411 614 2460 mam,
651 2409 764 2446 non
798 2380 984 2460 usque
1014 2389 1084 2442 ad
1118 2403 1315 2442 verum
1369 2386 1548 2440 Deum
1582 2383 1677 2454 qui
1710 2381 1843 2437 fecit
1873 2386 1928 2436 et
1957 2380 2079 2435 ani-

432 2491 588 2532 mam
623 2491 635 2528 :
668 2479 884 2543 quanto
934 2473 1022 2524 est
1068 2466 1346 2538 abjeclior
1393 2469 1451 2520 et
1502 2463 1700 2519 falsior
1731 2463 1841 2517 ista
1872 2461 2078 2527 civilis,

430 2573 560 2628 quae
583 2553 834 2608 maxime
855 2549 1007 2604 circa
1029 2563 1335 2628 corporum
1357 2550 1444 2600 est
1465 2547 1746 2613 occupata
1771 2546 2038 2628 naturam
2065 2554 2078 2592 :

429 2622 580 2694 sicut
609 2634 746 2705 ipsas
769 2627 1272 2700 interpretationes
1295 2628 1442 2696 ejus,
1466 2642 1533 2680 ex
1568 2625 1780 2692 quibus
1799 2622 2080 2705 fqugaedam

434 2702 788 2773 necessario‘I
811 2724 1266 2766 commemorare
1291 2724 1383 2762 me
1404 2709 1650 2776 oportet,
1669 2709 1830 2758 tanta
1850 2703 1919 2756 ab
1939 2702 2082 2771 ipsis

435 2795 732 2867 exquisitae
747 2797 803 2847 et
824 2791 1134 2847 enucleatas
1161 2788 1464 2860 diligentia
1482 2785 1966 2840 demonstrabunt
1987 2785 2013 2837 ’ἔ

436 2931 672 2989 CAPUT
705 2931 797 2984 Vl.
833 2959 896 2970 —-
929 2929 1002 2982 De
1027 2926 1288 2998 opinione
1323 2923 1600 2986 Varronis,
1648 2937 1756 2992 qua
1786 2919 2085 2975 arbitratus

510 3016 587 3068 est
615 3013 784 3066 Deum
804 3025 872 3062 an
883 3011 1054 3063 imam
1073 3022 1184 3061 esse
1205 3003 1416 3071 mundi,
1434 3003 1532 3072 qui
1551 3006 1737 3056 tamen
1757 3000 1815 3055 in
1836 3001 2086 3068 partibus

510 3091 626 3148 suis
657 3090 850 3145 habeat
872 3090 1088 3143 animus
1122 3085 1346 3148 multas,
1377 3099 1611 3154 quorum
1653 3080 1846 3136 divina
1881 3084 2087 3135 natura

481 3177 603 3229 'sit.

511 3312 665 3368 Dicit
687 3325 823 3381 ergo
842 3308 994 3362 idem
1015 3305 1194 3358 Varro
1219 3301 1409 3356 adhuc
1432 3300 1500 3354 de
1521 3297 1773 3381 naturali
1798 3294 2088 3381 theologia

440 3375 828 3466 praeloqueris,
859 3389 1029 3441 deum
1053 3400 1115 3440 se
1137 3381 1555 3466 arbitrariesse
1578 3378 1831 3433 animam
1859 3375 2086 3466 mundi,

442 3458 611 3547 quem
639 3458 820 3529 δι’ωοί
849 3471 1056 3523 vocant
1075 3464 1300 3535 κόσμον,
1324 3466 1378 3517 et
1402 3461 1558 3516 hunc
1580 3461 1772 3547 ipsum
1808 3458 2087 3547 mundum

443 3537 569 3611 esse
599 3555 774 3608 deum
802 3568 814 3604 :
850 3550 949 3605 sed
984 3549 1135 3603 sicut
1157 3544 1454 3599 hominem
1488 3540 1836 3607 sapientem,
1867 3555 1996 3593 cum
2017 3537 2092 3592 sit

442 3654 510 3695 ex
541 3649 779 3704 corpore
817 3635 872 3686 et
903 3629 1122 3691 animo,
1154 3631 1346 3681 tamen
1380 3627 1449 3679 ab
1482 3624 1680 3704 animo
1712 3621 1824 3676 dici
1858 3619 2091 3690 sapien-

441 3723 597 3783 tem;
631 3701 712 3768 ita
743 3711 1026 3767 mundum
1065 3709 1239 3762 deum
1272 3705 1384 3761 dici
1421 3704 1492 3759 ab
1517 3702 1734 3770 animo,
1761 3717 1896 3756 cum
1929 3701 2093 3783 sitex

445 3780 643 3854 animo
674 3799 732 3850 et
762 3807 1021 3864 corpore.
1057 3789 1160 3844 Hic
1190 3788 1419 3842 videtur
1448 3800 1682 3856 quoquo
1716 3783 1886 3864 modo
1912 3780 2092 3864 conli-

443 3878 553 3935 teri
585 3892 770 3932 unum
804 3861 982 3929 Deum
1013 3889 1028 3937 ;
1061 3869 1162 3925 sed
1195 3875 1259 3924 ut
1289 3866 1486 3937 plures
1535 3865 1707 3920 etiam
1741 3861 2089 3927 introducat,

447 3958 716 4030 adjungit
739 3955 1020 4010 mundum
1055 3949 1234 4030 dividi
1268 3948 1328 4030 in
1365 3949 1512 4030 duas
1561 3948 1771 4030 partes,
1803 3941 2009 4030 caelum
2037 3945 2095 3996 et

447 4024 700 4104 terram;
753 4040 809 4088 et
865 4031 1076 4086 ccelum
1137 4027 1428 4093 bifariam,
1490 4025 1551 4078 in
1581 4024 1790 4078 aethera
1824 4025 1880 4075 et
1928 4036 2090 4089 aera;

451 4125 663 4175 terram
691 4102 831 4169 vero
861 4112 921 4166 in
953 4126 1163 4180 aquam
1197 4111 1252 4163 et
1283 4106 1527 4159 humum
1556 4119 1570 4158 :
1604 4118 1633 4156 e
1683 4102 1896 4171 quibus
1927 4118 2094 4156 sum-

452 4214 616 4252 mum
649 4210 777 4249 esse
807 4191 1043 4257 mthera,
1076 4187 1396 4243 secundum
1421 4200 1572 4250 aera,
1602 4182 1830 4237 tertiam
1860 4197 2092 4252 aquam,

449 4276 712 4332 infimam
744 4276 998 4326 terram:
1037 4285 1179 4335 quas
1220 4280 1424 4319 omnes
1458 4268 1648 4332 partes
1697 4266 1948 4331 quatuor
1978 4262 2099 4317 ani-

451 4369 678 4412 marum
702 4367 829 4407 esse
853 4351 1072 4420 plenas,
1098 4351 1152 4402 in
1179 4345 1394 4399 mthere
1416 4349 1473 4399 et
1494 4358 1624 4397 aere
1655 4341 2096 4407 immortalium,

451 4437 509 4491 in
543 4450 696 4504 aqua
725 4437 780 4485 et
809 4434 960 4484 terra
993 4425 1326 4480 mortalium
1355 4441 1367 4490 ;
1399 4425 1471 4478 ab
1505 4438 1736 4478 summo
1769 4426 1962 4476 autem
1988 4421 2097 4476 cir-

451 4502 746 4571 cuitiicmli
782 4511 850 4565 ad
886 4507 1170 4564 circulum
1224 4505 1374 4559 lunae
1406 4504 1685 4559 aethereas
1713 4502 1939 4556 animas
1971 4519 2099 4560 esse

453 4604 610 4652 astra
641 4610 706 4648 ac
739 4590 954 4658 stellas,
989 4588 1112 4644 eos3
1143 4585 1405 4641 coclestes
1455 4584 1592 4639 deos
1641 4600 1754 4638 non
1803 4584 1974 4638 modo
2006 4584 2096 4637 in-

452 4676 631 4742 telligi
665 4689 809 4742 esse,
835 4672 932 4727 sed
968 4669 1142 4725 etiam
1160 4667 1334 4722 videri
1360 4683 1370 4720 :
1406 4664 1724 4720 interlunae
1747 4681 1877 4719 vero
1896 4680 2099 4736 gyrum

456 4762 513 4814 et
535 4756 862 4813 nimborum
912 4768 977 4806 ac
1025 4753 1327 4805 ventorum
1372 4746 1677 4803 cacumina
1725 4761 1924 4801 aereas
1973 4761 2103 4801 esse

459 4839 706 4903 animas,
741 4835 839 4890 sed
871 4850 966 4888 eas
996 4829 1214 4896 animo,
1250 4845 1362 4884 non
1385 4826 1571 4883 oculis
1593 4827 1770 4883 videri
1798 4845 1811 4891 ;
1836 4835 1887 4880 et
1908 4825 2100 4880 vocari

458 4921 686 4982 heroas,
721 4923 775 4971 et
806 4914 974 4980 lares,
1009 4917 1066 4967 et
1095 4910 1313 4978 genios.
1348 4913 1480 4964 Haec
1509 4914 1594 4962 est
1625 4906 1890 4961 videlicet
1919 4905 2106 4960 brevi-

458 5005 546 5055 ter
577 4999 634 5052 in
663 4998 779 5051 ista
810 4992 1222 5064 praelocutione
1265 4988 1556 5060 proposita
1601 4986 1889 5057 theologia
1932 4993 2103 5040 natu-

463 5082 622 5148 ralis,
655 5095 781 5149 quae
815 5091 927 5130 non
955 5074 1091 5129 huic
1115 5081 1361 5140 tantum,
1393 5072 1493 5126 sed
1518 5069 1715 5125 multis
1739 5069 2103 5140 philosophis

461 5160 716 5234 placuit:
747 5158 818 5212 de
847 5172 963 5226 qua
993 5157 1132 5207 tunc
1163 5151 1503 5223 diligentius
1546 5149 1952 5206 disserendum
1988 5153 2097 5215 est,

534 5417 546 5448 ¹
594 5412 678 5460 Sic
706 5408 858 5456 Vind.
909 5407 1025 5454 Am.
1058 5406 1109 5452 et
1150 5403 1270 5452 Mss.
1310 5405 1375 5449 At
1403 5403 1485 5449 Er.
1531 5404 1583 5450 et
1626 5401 1772 5453 Lov.,
1822 5399 1894 5447 ad
1931 5401 2106 5449 Deum

469 5489 774 5520 summum.

531 5536 553 5569 ²
584 5537 736 5584 Vind.
768 5536 882 5582 Am.
914 5532 996 5578 Er.
1035 5532 1087 5578 et
1116 5529 1257 5582 Mss,
1290 5526 1618 5574 necessaria.

528 5596 550 5631 3
578 5596 732 5652 Editi,
765 5609 980 5657 easque.
1003 5594 1070 5642 At
1100 5592 1337 5655 plerique
1365 5590 1512 5643 Mss,
1544 5603 1647 5638 eos.

1458 314 1560 374 DE
1603 308 1966 373 CIVITATE
2009 307 2159 382 DEI,
2211 307 2272 369 S.
2321 308 2754 372 AUGUSTINI

3694 313 3811 376 200

2163 457 2294 496 cum
2329 442 2397 496 de
2421 441 2595 510 civili,
2630 446 2913 513 quantum
2965 443 3034 498 ad
3087 444 3223 500 deos
3273 445 3522 503 selectos
3583 449 3812 522 attinet,

2165 522 2488 592 opitulante
2522 525 2636 578 Deo
2666 539 2824 589 vero,
2858 524 3010 594 quod
3057 529 3238 581 restat
3269 525 3598 598 implevero.

2165 665 2395 722 CAPUT
2429 667 2552 722 VII.
2587 698 2652 709 -—-
2683 669 2774 723 An
2805 670 3144 726 rationabile
3171 672 3359 740 fuerit,
3385 673 3587 728 Ianum
3615 677 3667 729 et
3693 676 3816 732 Ter-

2475 750 2688 804 minum
2721 751 2777 805 in
2807 750 2913 806 duo
2961 752 3193 806 numina
3222 754 3497 823 separari.

2238 887 2416 940 Janus
2458 885 2655 957 igitur,
2705 905 2738 943 a
2782 905 2895 959 quo
2942 890 3192 960 sumpsit
3251 891 3578 960 exordium,
3627 910 3819 965 quaero

2169 967 2437 1038 quisnam
2471 968 2594 1022 sit?
2624 968 3047 1039 Respondetur,
3070 972 3321 1026 Mundus
3344 977 3450 1026 est.
3475 972 3674 1030 Brevis
3697 975 3820 1032 haec

2171 1049 2342 1118 plane
2381 1057 2466 1102 est
2495 1055 2668 1120 atque
2698 1059 2895 1120 aperta
2919 1052 3234 1122 responsio.
3267 1052 3381 1106 Cur
3406 1069 3542 1124 ergo
3575 1056 3645 1109 ad
3679 1072 3813 1111 eum

2172 1128 2448 1183 dicuntur
2479 1145 2670 1183 rerum
2705 1129 2871 1184 initia
2903 1131 3213 1202 pertinere,
3251 1131 3395 1187 fines
3419 1149 3550 1189 vero
3578 1136 3649 1189 ad
3676 1136 3821 1193 alte-

2172 1224 2324 1273 rum,
2359 1223 2532 1278 quem
2558 1209 2894 1264 Terminum
2927 1210 3180 1265 vocant?
3210 1212 3353 1267 Nam
3389 1218 3621 1285 propter
3656 1218 3822 1274 mitia

2172 1297 2227 1346 et
2248 1290 2390 1344 ﬁnes
2422 1290 2647 1345 duobus
2679 1293 2809 1347 istis
2832 1293 2945 1348 diis
2968 1295 3116 1348 duos
3136 1310 3364 1349 menses
3391 1295 3694 1366 perhibent
3727 1300 3826 1355 de-

2176 1371 2396 1425 dicatos
2429 1371 2524 1441 (a),
2551 1376 2757 1440 praeter
2786 1371 2914 1427 illos
2944 1374 3141 1429 decem
3171 1373 3385 1444 quibus
3414 1392 3598 1447 usque
3624 1377 3699 1432 ad
3717 1379 3826 1434 De-

2175 1451 2467 1506 cembrem
2502 1457 2675 1522 caput
2704 1457 2792 1506 est
2823 1453 3097 1518 Martius;
3129 1453 3478 1508 Januarium
3508 1456 3678 1522 Jano,
3727 1459 3827 1513 Fe-

2177 1531 2477 1584 bruarium
2513 1531 2809 1586 Termino.
2844 1533 2978 1588 Ideo
3007 1533 3355 1588 Terminalia
3386 1536 3590 1590 eodem
3625 1553 3825 1595 mense

2177 1612 2487 1667 Februario
2520 1611 2798 1668 celebrari
2819 1613 3187 1682 dicunt,cum
3210 1614 3275 1668 ﬁt
3294 1631 3526 1670 sacrum
3553 1631 3827 1689 purgato-

2179 1691 2352 1757 rium,
2383 1693 2532 1761 quod
2567 1699 2773 1746 vocant
2794 1693 3084 1748 Eebruum
3103 1693 3120 1727 ί
3149 1713 3162 1762 ;
3190 1696 3346 1750 unde
3370 1699 3590 1752 mensis
3615 1715 3828 1756 nomen

2180 1770 2401 1841 accepit
2429 1771 2524 1841 (b).
2569 1771 2866 1843 Numquid
2901 1789 3038 1844 ergo
3065 1775 3134 1828 ed
3171 1776 3479 1842 mundum,
3514 1779 3613 1849 qui
3643 1779 3830 1836 Janus

2181 1856 2289 1916 est,
2324 1852 2493 1906 initia
2535 1868 2726 1907 rerum
2761 1855 3072 1923 pertinent,
3097 1859 3154 1910 et
3184 1857 3329 1910 ﬁnes
3367 1874 3480 1912 non
3514 1861 3829 1930 pertinent,

2181 1938 2247 1988 ut
2270 1932 2415 1987 alter
2435 1931 2550 1987 illis
2572 1934 2716 1989 deus
2739 1935 3166 2005 praeﬁceretur?
3189 1936 3392 1993 Nonne
3412 1940 3610 1995 omnia
3631 1958 3754 2010 quae
3771 1944 3829 1998 in

2182 2013 2292 2068 hoc
2324 2014 2535 2068 mundo
2567 2013 2690 2068 ﬁeri
2712 2016 2927 2084 dicunt,
2956 2016 3014 2070 in
3038 2016 3146 2071 hoc
3176 2018 3350 2072 etiam
3385 2022 3600 2076 mundo
3631 2024 3834 2078 termi-

2185 2094 2310 2148 nari
2345 2094 2798 2160 fatentur?Quaa
2847 2103 2935 2151 est
2984 2097 3092 2152 ista
3139 2098 3389 2165 vanitas,
3436 2100 3492 2156 in
3544 2119 3714 2174 opere
3745 2104 3833 2159 illi

2185 2175 2320 2228 dare
2354 2179 2694 2242 potestatem
2727 2176 3056 2243 dimidiam,
3083 2177 3141 2232 in
3175 2178 3484 2236 simulacro
3506 2182 3708 2237 faciem
3727 2185 3838 2240 du-

2189 2255 2340 2324 plam
2369 2255 2396 2309 ‘2
2429 2254 2630 2311 Nonne
2663 2257 2836 2311 istum
2859 2258 3170 2314 bifrontem
3197 2260 3381 2315 multo
3404 2262 3724 2331 elegantius
3746 2265 3836 2319 in-

2187 2339 2659 2404 terpretarentur,
2687 2336 2737 2390 si
2768 2337 3040 2392 eumdem
3072 2343 3128 2393 et
3155 2338 3372 2395 Janum
3395 2344 3454 2396 et
3481 2341 3824 2399 Terminum

2188 2415 2443 2470 dicerent
2466 2432 2478 2480 ;
2500 2420 2670 2485 atque
2691 2416 2874 2471 initiis
2899 2434 3074 2472 unam
3099 2419 3325 2486 faciem,
3352 2421 3570 2477 finibus
3591 2422 3832 2480 alteram

2188 2496 2439 2552 darent?
2469 2497 2745 2566 quoniam
2778 2497 2878 2568 qui
2901 2505 3190 2568 operatur,
3215 2505 3530 2571 utrumque
3551 2502 3721 2559 debet
3742 2505 3834 2558 in-

2188 2576 2446 2633 tendere.
2480 2579 2543 2630 In
2577 2575 2733 2630 omni
2764 2577 2916 2631 enim
2952 2582 3110 2632 motu
3145 2579 3392 2634 actionis
3432 2597 3554 2635 sua;
3593 2583 3689 2652 qui
3721 2600 3836 2639 non

2191 2656 2430 2726 respicit
2458 2654 2712 2723 initium,
2747 2673 2859 2712 non
2886 2657 3165 2728 prospicit
3189 2657 3388 2715 ﬁnem.
3416 2659 3578 2717 Unde
3601 2679 3839 2719 necesse

2192 2742 2282 2792 est
2311 2755 2344 2791 a
2376 2735 2658 2791 memoria
2677 2738 3021 2808 respiciente
3049 2739 3434 2810 prospiciens2
3455 2748 3840 2799 connectatur

2192 2815 2457 2872 intentio.
2492 2817 2636 2871 Nam
2666 2818 2757 2872 cui
2790 2820 3060 2873 exciderit
3087 2821 3239 2889 quod
3265 2821 3519 2891 coeperit,
3546 2825 3840 2892 quomodo

2193 2897 2359 2952 ﬁniat
2391 2913 2505 2950 non
2537 2897 2806 2952 inveniet.
2843 2898 3006 2961 Quod
3057 2898 3106 2953 si
3155 2899 3330 2954 vitam
3372 2901 3596 2956 beatam
3630 2901 3689 2955 in
3723 2903 3840 2959 hoc

2195 2979 2414 3034 mundo
2446 2976 2707 3032 inchoari
2732 2983 3024 3048 putarent,
3047 2985 3209 3035 extra
3230 2982 3516 3037 mundum
3542 2982 3764 3053 perfici,
3783 2990 3844 3041 et

2194 3061 2322 3115 ideo
2343 3058 2512 3122 Jano,
2529 3057 2585 3111 id
2609 3063 2700 3113 est
2729 3059 3168 3127 mundo,solam
3196 3061 3491 3116 initiorum
3515 3061 3842 3120 tribuerent

2194 3142 2586 3211 potestatem;
2621 3138 2874 3207 profecto
2924 3140 2974 3194 ei
3023 3147 3424 3211 praeponerent
3469 3142 3837 3214 Terminum,

2196 3233 2448 3288 eumque
2477 3236 2509 3271 a
2540 3217 2650 3272 diis
2699 3217 2925 3274 selectis
2957 3235 3076 3274 non
3107 3221 3450 3276 alienarent.
3483 3223 3835 3295 Quanquam

2195 3300 2370 3354 etiam
2403 3314 2558 3352 nunc
2590 3314 2723 3352 cum
2757 3297 2816 3353 in
2849 3297 2979 3354 istis
3011 3298 3240 3354 duobus
3289 3300 3400 3356 diis
3449 3301 3614 3356 initia
3639 3319 3836 3359 rerum

2194 3381 2604 3452 temporalium
2666 3381 2922 3450 finesque
2978 3386 3323 3448 tractantur,
3388 3385 3657 3440 Termino
3717 3387 3844 3441 dari

2198 3463 2396 3519 debuit
2430 3463 2560 3534 plus
2592 3462 2843 3520 honoris.
2878 3464 3061 3535 Major
3113 3465 3267 3520 enim
3311 3465 3508 3522 laetitia
3552 3473 3659 3536 est,
3706 3485 3842 3524 cum

2199 3560 2291 3600 res
2326 3560 2568 3616 quaeque
2601 3543 2902 3615 perficitur
2929 3561 2940 3597 :
2972 3543 3384 3602 sollicitudinis
3429 3552 3622 3603 autem
3673 3549 3848 3618 plena

2201 3630 2340 3680 sunt
2370 3632 2570 3694 coepta,
2605 3624 2788 3678 donec
2821 3624 3210 3695 perducantur
3235 3627 3306 3680 ad
3333 3627 3527 3695 finem,
3552 3643 3722 3698 quem
3745 3629 3850 3699 qui

2201 3704 2423 3777 aliquid
2484 3705 2709 3776 incipit,
2780 3705 3033 3760 maxime
3083 3706 3321 3777 appetit,
3373 3708 3649 3776 intendit,
3709 3724 3854 3763 exs-

2203 3790 2424 3857 pectat,
2453 3789 2720 3856 exoptat;
2756 3800 2860 3840 nec
2892 3784 2963 3840 de
2991 3801 3051 3840 re
3083 3785 3369 3842 inchoata.
3425 3787 3534 3842 nisi
3569 3788 3853 3845 termine-

2201 3872 2319 3934 tur,
2352 3864 2622 3923 exsultat.

2201 4011 2435 4069 CAPUT
2469 4011 2619 4066 VIII.
2655 4043 2719 4052 —
2752 4011 2825 4068 0b
2857 4028 3023 4082 quam
3070 4027 3295 4067 causam
3340 4014 3571 4069 cultores
3599 4014 3729 4070 lani
3761 4013 3852 4068 bi-

2271 4097 2513 4162 frontem
2561 4092 2860 4163 imaginem
2902 4096 3076 4164 ipsiu:
3122 4092 3409 4163 ﬁnxerint,
3460 4113 3627 4166 quam
3657 4098 3852 4151 tamen

2273 4177 2442 4228 etiam
2471 4173 2910 4246 quadrifrontem
2937 4174 3118 4230 videri
3145 4175 3352 4230 volunt.

2275 4321 2378 4375 Sed
2408 4321 2528 4390 jam
2562 4319 2831 4375 bifrontis
2851 4319 3148 4376 simulacri
3171 4319 3569 4392 interpretatio
3592 4320 3853 4392 profera-

2207 4407 2322 4458 tur.
2357 4407 2506 4457 Duas
2536 4419 2667 4457 eum
2701 4402 2875 4457 facies
2921 4406 3056 4456 ante
3086 4407 3143 4456 et
3175 4410 3324 4456 retro
3371 4401 3586 4456 habere
3620 4401 3854 4465 dicunt,

2206 4485 2357 4556 quod
2419 4485 2608 4539 hiatus
2658 4488 2874 4552 noster,
2933 4499 3064 4538 cum
3125 4501 3189 4538 os
3248 4485 3565 4553 aperimus,
3625 4481 3854 4538 mundo

2208 4564 2419 4620 similis
2450 4567 2747 4620 videatur:
2780 4565 2932 4618 unde
2984 4568 3042 4618 et
3092 4562 3345 4632 palatum
3397 4562 3577 4618 Graeci
3623 4559 3858 4634 οὐρανὸν

2209 4645 2505 4716 appellant
2534 4663 2547 4712 ;
2579 4648 2636 4699 et
2666 4643 2949 4709 nonnulli,
2994 4643 3204 4714 inquit,
3228 4650 3400 4712 poetae
3426 4641 3616 4696 Latini
3639 4641 3856 4697 caslum

2209 4732 2558 4783 vocaverunt
2589 4725 2885 4797 palatum:
2919 4742 2952 4779 a
2981 4741 3095 4795 quo
3120 4725 3280 4779 hiatu
3304 4723 3441 4788 oris,
3471 4729 3528 4777 et
3553 4725 3703 4778 foras
3724 4738 3862 4778 esse

2209 4810 2429 4864 aditum
2463 4809 2531 4864 ad
2566 4809 2770 4863 dentes
2800 4823 3018 4874 versus,
3053 4807 3416 4862 etintrorsus
3433 4805 3503 4860 ad
3528 4805 3726 4860 fauces
3748 4806 3858 4876 (a).

2281 5083 2293 5113 ι
2327 5079 2508 5128 Plures
2537 5082 2590 5127 et
2617 5077 2848 5140 optimae
2865 5079 3024 5126 notae
3040 5077 3388 5139 manuscripti
3406 5090 3524 5140 cum
3554 5076 3712 5140 Vind.
3739 5077 3863 5125 Am.

2211 5144 2264 5190 et
2292 5142 2396 5201 Er,
2432 5141 2686 5189 Februm.
2720 5141 2830 5188 Non
2859 5141 2997 5188 male
3024 5141 3282 5194 fortassis,
3317 5139 3526 5188 tametsi
3555 5139 3699 5200 apud
3727 5139 3866 5201 Var-

2213 5200 2414 5266 ronem,
2445 5203 2590 5284 lib.‘5
2609 5204 2672 5252 de
2688 5203 2856 5284 latina
2875 5204 3078 5284 Eingua
3104 5202 3606 5284 legaturzFebruum
3629 5200 3870 5250 Sabinis

2212 5273 2671 5329 purgamentum,
2704 5275 2753 5313 et
2789 5266 2850 5313 in
2881 5266 3073 5314 Sacris
3101 5266 3312 5314 nostri:
3339 5266 3584 5313 verbum.

2277 5331 2298 5364 2
2330 5331 2414 5379 Sic
2443 5343 2624 5378 omnes
2653 5329 3018 5392 manuscripti.
3049 5343 3276 5389 quorum
3325 5341 3468 5377 unus
3513 5329 3692 5375 tamen
3724 5327 3870 5386 loco,

2217 5393 2571 5454 prospiciens,
2602 5393 2780 5449 habet,
2805 5393 3214 5452 prospicientis.
3246 5393 3314 5438 At
3353 5391 3498 5445 editi,
3545 5403 3758 5438 necesse
3790 5400 3876 5438 est

2217 5465 2276 5502 ut
2311 5456 2608 5503 nteriiorioe
2638 5455 2953 5514 respicienti
2975 5455 3343 5516 prospiciens,
3376 5457 3473 5503 etc.

2283 5523 2358 5579 (a)
2384 5519 2653 5567 Plutarch.
2677 5518 2731 5566 in
2763 5519 2944 5566 Numa.

2278 5581 2344 5642 (ὁ)
2377 5581 2642 5630 Plutarch.
2677 5579 2808 5628 ibid.
