4128 6184
225 297 316 358 201
1538 292 1767 354 LIBER
1809 288 2207 354 SEPTIMUS

221 427 346 484 Ecce
392 440 509 496 quo
565 428 877 499 perductus
933 433 1018 486 est
1074 429 1334 484 mundus
1393 431 1630 500 propter
1669 424 1844 498 palati

224 506 387 564 nostri
417 507 788 576 vocabulum,
819 509 904 564 vel
934 525 1210 582 graecum,
1240 508 1330 564 vel
1357 509 1664 579 poeticum.
1699 505 1847 569 Quid

224 592 400 644 autem
433 587 542 644 hoc
574 589 644 644 ad
677 590 952 655 animam,
985 590 1126 662 quid
1174 591 1246 645 ad
1299 590 1474 644 vitam
1526 593 1800 642 aeternam
1822 587 1850 638 ?

226 667 447 736 Propter
467 669 620 724 solas
643 669 858 726 salivas
872 671 1097 726 colatur
1117 670 1210 726 hic
1232 671 1396 736 deus,
1414 669 1622 740 quibus
1643 665 1847 737 partim

227 747 544 820 glutiendis,
605 749 815 820 partim
872 750 1245 822 exspuendis,
1306 751 1415 806 sub
1471 748 1612 804 caelo
1671 743 1848 817 palati

225 837 456 900 utraque
488 829 761 898 panditur
781 831 988 901 janua.
1022 832 1168 898 Quid
1205 835 1292 887 est
1322 847 1492 902 porro
1517 828 1850 893 absurdius,

229 927 386 982 quam
420 911 477 965 in
509 909 635 980 ipso
668 913 885 968 mundo
918 930 1032 970 non
1064 914 1323 969 invenire
1373 915 1518 969 duas
1545 914 1757 982 januas
1783 925 1852 964 ex

228 992 450 1046 adverso
483 991 648 1055 sitas.
675 1009 778 1064 per
807 1009 951 1065 quas
981 997 1068 1050 vel
1094 995 1361 1049 admittat
1413 995 1483 1048 ad
1523 1009 1585 1047 se
1635 990 1854 1060 aliquid

227 1070 387 1132 intro,
425 1069 506 1123 vel
545 1071 775 1125 emittat
805 1088 836 1126 a
867 1087 927 1127 se
975 1073 1165 1140 foras;
1197 1077 1254 1127 et
1299 1073 1370 1127 de
1419 1076 1615 1126 nostro
1655 1083 1749 1124 ore
1799 1071 1857 1123 et

228 1153 468 1218 gutture,
502 1165 752 1219 quorum
777 1150 1222 1206 similitudinem
1248 1152 1503 1205 mundus
1522 1167 1637 1205 non
1662 1148 1854 1213 habet,

227 1227 570 1283 vellemundi
585 1229 967 1286 simulacrum
990 1247 1335 1302 componere
1355 1231 1416 1286 in
1436 1231 1609 1296 Jano,
1626 1233 1858 1299 propter

225 1308 403 1364 solum
452 1309 732 1381 palatum,
780 1312 952 1383 cujus
1008 1313 1453 1368 similitudinem
1510 1311 1692 1366 Janus
1744 1324 1858 1363 non

223 1387 438 1444 habet?
483 1388 627 1444 Cum
675 1406 804 1446 vero
852 1407 985 1446 eum
1036 1393 1254 1448 faciunt
1301 1390 1763 1463 quadrifrontem
1806 1391 1862 1442 et

221 1469 415 1524 Janum
433 1468 729 1539 geminum
745 1470 1062 1541 appellant,
1082 1474 1151 1527 ad
1175 1477 1426 1542 quatuor
1447 1469 1649 1525 mundi
1670 1472 1863 1539 partes

225 1548 325 1604 hoc
353 1548 832 1620 interpretantur,
865 1551 1030 1621 quasi
1071 1551 1291 1621 aliquid
1343 1553 1559 1620 spectet
1605 1547 1862 1603 mundus

225 1627 556 1695 foras,sicut
582 1645 682 1699 per
701 1645 905 1685 omnes
930 1631 1104 1685 facies
1123 1629 1330 1687 Janus.
1346 1630 1583 1695 Deinde,
1603 1628 1652 1684 si
1679 1627 1863 1683 Janus

224 1712 306 1764 est
335 1709 615 1773 mundus,
647 1713 704 1765 et
734 1709 994 1766 mundus
1023 1715 1272 1782 quatuor
1304 1711 1568 1782 partibus
1609 1709 1861 1776 constat,

223 1787 428 1844 falsum
460 1793 549 1845 est
577 1789 955 1846 simulacrum
977 1791 1104 1846 Jani
1127 1789 1418 1846 bifrontis‘
1447 1806 1460 1845 :
1495 1793 1597 1844 aut
1618 1789 1665 1842 si
1691 1803 1861 1858 prop-

223 1874 374 1926 terea
402 1886 602 1926 verum
650 1876 760 1938 est,
809 1873 945 1944 quia
993 1872 1167 1928 etiam
1219 1871 1452 1927 nomine
1504 1869 1758 1926 Orientis
1807 1870 1868 1922 et

227 1951 552 2006 Occidentis
581 1955 739 2007 totus
779 1953 922 2008 solet
954 1953 1210 2008 mundus
1262 1951 1528 2023 intelligi,
1577 1947 1865 2019 numquid

221 2047 348 2087 cum
386 2033 534 2087 duas
569 2037 760 2103 partes
802 2033 947 2089 alias
989 2033 1366 2090 nominamus
1412 2028 1860 2102 Septemtrionis

221 2116 273 2165 et
301 2111 527 2178 Austri,
558 2114 708 2167 sicut
739 2113 901 2168 illum
934 2113 1395 2184 quadrifrontem
1447 2112 1650 2166 dicunt
1679 2108 1864 2181 gemi-

216 2207 356 2246 num
391 2191 633 2256 Janum,
666 2192 744 2246 ita
775 2193 1082 2263 quisquam
1135 2194 1436 2264 geminum
1481 2193 1746 2246 dicturus
1776 2195 1868 2244 est

215 2271 565 2326 mundum?
608 2272 734 2326 Non
819 2271 1039 2327 habent
1114 2274 1354 2328 omnino
1404 2273 1558 2327 unde
1616 2277 1868 2342 quatuor

203 2351 449 2420 januns,
481 2367 609 2422 quae.
638 2349 997 2406 intrantibus
1029 2356 1086 2406 et
1117 2352 1459 2406 exeuntibus
1501 2355 1753 2421 pateant,
1778 2349 1866 2402 in-

209 2435 626 2502 terpretentur
672 2430 742 2484 ad
806 2430 1009 2484 mundi
1060 2429 1560 2495 similitudinem;
1600 2429 1750 2483 sicut
1799 2427 1870 2480 de

210 2509 481 2564 bifronle
511 2507 666 2578 quod
697 2509 956 2564 dicerent
985 2510 1190 2565 saltem
1223 2510 1281 2564 in
1314 2526 1411 2564 ore
1435 2507 1694 2564 hominis
1714 2506 1872 2560 inve-

207 2598 475 2655 nerunt;
510 2589 616 2644 nisi
648 2589 954 2661 Neptunus
988 2591 1128 2646 forte
1168 2591 1467 2646 subveniat
1513 2595 1570 2646 et
1613 2588 1870 2661 porrigat

207 2672 464 2740 piscem,
500 2670 595 2724 cui
625 2678 833 2740 praeter
865 2671 1082 2726 hiatum
1124 2671 1242 2726 oris
1291 2677 1348 2726 et
1396 2673 1648 2742 gutturis
1696 2668 1868 2724 etiam

208 2751 418 2806 dextra
469 2754 528 2804 et
564 2749 807 2804 sinistra
856 2751 1049 2806 fauces
1095 2756 1315 2822 patent.
1364 2756 1436 2806 Et
1475 2756 1667 2805 tamen
1720 2749 1869 2804 hanc

207 2830 536 2885 vanitatem
570 2844 673 2898 per
705 2833 780 2883 tot
803 2831 1018 2899 januas
1050 2830 1212 2886 nulla
1258 2831 1454 2899 ell‘ugit
1505 2831 1723 2898 anima,
1757 2828 1869 2884 nisi

210 2927 334 2980 qua;
377 2908 550 2964 audit
579 2907 895 2964 Veritatem
945 2910 1262 2978 dicentem,
1318 2912 1424 2982 Ego
1464 2927 1584 2966 sum
1622 2911 1863 2981 junua‘.

207 2990 399 3058 (Joan.
435 3006 494 3052 Χ,
526 2987 603 3059 9).

207 3070 446 3127 CAPUT
477 3069 576 3125 IX.
608 3101 675 3109 —
707 3071 795 3127 De
822 3073 966 3128 lovis
985 3075 1271 3143 potestate,
1291 3078 1454 3145 atque
1479 3073 1718 3144 eiusdem
1746 3088 1873 3128 cum

748 3152 890 3207 lano
918 3155 1347 3221 comparatione.

273 3233 322 3285 1.
357 3231 577 3288 Jovem
610 3235 828 3300 autem,
862 3233 963 3303 qui
1011 3236 1187 3289 etiam
1237 3233 1464 3305 Jupiter
1504 3232 1720 3288 dicitur
1775 3232 1872 3302 (b),

206 3327 381 3382 quem
418 3313 612 3368 velint
643 3311 912 3385 intelligi,
937 3319 1247 3384 exponant.
1270 3319 1418 3370 Deus
1449 3312 1873 3385 est,inquiunt,

206 3391 439 3448 habens
473 3395 823 3462 potestatem
855 3407 1188 3460 causarum,
1222 3394 1439 3465 quibus
1470 3392 1688 3463 aliquid
1719 3391 1786 3444 fit
1817 3391 1876 3444 in

210 3475 460 3528 mundo.
501 3472 624 3528 Hoc
655 3488 831 3543 quam
866 3489 1147 3545 magnum
1179 3475 1276 3542 sit,
1313 3472 1719 3529 nobilissimus
1750 3469 1876 3523 Vir-

209 3549 331 3622 gilii
363 3567 594 3608 versus
623 3551 719 3607 ille
749 3557 997 3608 testatur
1029 3571 1042 3608 :

276 3641 434 3690 Felix
465 3640 568 3704 qui
596 3641 770 3704 potuit
796 3655 973 3692 rerum
1001 3653 1313 3704 cognoscere
1342 3652 1545 3704 causas.

885 3699 1108 3766 (Georg.
1156 3703 1248 3751 lib.
1280 3702 1328 3761 2,
1360 3717 1494 3750 vers.
1526 3699 1664 3761 490.)

207 3785 313 3840 Sed
347 3802 465 3840 cur
488 3785 544 3841 ei
576 3786 926 3856 praaponitur
946 3783 1148 3849 Janus,
1184 3782 1288 3837 hoc
1321 3782 1489 3836 nobis
1517 3781 1605 3834 vir
1634 3777 1732 3834 ille
1752 3793 1883 3834 acu-

210 3865 487 3920 tissimus
541 3865 1038 3935 doctissimusque
1089 3865 1456 3934 respondeat.
1495 3859 1766 3929 Quoniam
1791 3875 1882 3930 pe-

203 3962 297 4001 ne:
325 3949 574 4014 Janum,
598 3946 811 4017 inquit,
844 3953 971 4001 sunt
1000 3947 1204 4016 prima,
1234 3959 1395 4014 penes
1425 3946 1612 3998 Jovem
1641 3957 1878 3996 summa.

204 4025 400 4085 Merito
450 4043 598 4099 ergo
654 4044 753 4083 rex
817 4027 1068 4083 omnium
1125 4028 1341 4098 Jupiter
1387 4026 1646 4080 habetur.
1688 4024 1885 4078 Prima

203 4111 347 4164 enim
381 4110 704 4165 vincuntur
741 4125 774 4164 α
803 4107 1034 4164 summis
1065 4126 1084 4161 :
1114 4110 1246 4178 quia
1291 4108 1413 4162 licet
1441 4108 1627 4177 prima
1674 4119 1882 4175 pretee-

207 4186 339 4243 dant
395 4197 683 4259 tempore,
715 4204 931 4243 summa
978 4190 1237 4258 superant
1269 4188 1556 4254 dignitate.
1590 4186 1698 4240 Sed
1734 4189 1884 4240 recte

205 4266 309 4325 hoc
337 4272 677 4340 diceretur,
709 4270 759 4325 si
794 4269 1077 4325 factorum
1114 4269 1300 4338 prima
1331 4268 1802 4323 discernerentur
1829 4270 1888 4323 et

206 4365 450 4408 summa
493 4369 509 4419 ;
539 4350 693 4406 sicut
723 4351 956 4405 initium
983 4349 1115 4404 facti
1140 4353 1229 4404 est
1249 4348 1557 4418 proficisci,
1581 4365 1883 4403 summum

209 4435 533 4504 pervenire
570 4450 584 4500 ;
637 4433 870 4488 initium
921 4431 1054 4487 facti
1095 4430 1358 4500 incceptio
1409 4429 1696 4500 discendi,
1729 4445 1887 4486 sum-

205 4529 366 4570 mum
405 4511 726 4586 perceptio
758 4510 1078 4567 doctrinm:
1112 4524 1178 4564 ac
1208 4510 1290 4564 sic
1313 4507 1372 4563 in
1404 4508 1678 4564 omnibus
1701 4509 1890 4579 prima

207 4600 344 4650 sunt
400 4592 612 4657 initia,
647 4591 983 4661 summique
1031 4593 1171 4645 sunt
1201 4590 1222 4623 ³
1264 4589 1430 4645 ﬁnes.
1465 4589 1571 4642 Sed
1614 4589 1739 4657 jam
1781 4587 1889 4642 hoc

209 4677 537 4749 negotium
583 4675 740 4729 inter
791 4672 1008 4729 Janum
1059 4669 1889 4749 Terminumquerdiscussum

207 4748 311 4815 est.
345 4762 576 4814 Causae
600 4759 797 4810 autem
830 4769 957 4824 quae
989 4751 1202 4807 dantur
1223 4748 1702 4816 Jovi,el'ﬁcientia
1732 4755 1889 4812 sunt,

207 4852 319 4892 non
366 4838 602 4893 eﬂ'ecta
635 4852 649 4891 :
699 4850 888 4905 neque
920 4831 1037 4889 ullo
1086 4831 1256 4887 modo
1306 4829 1429 4884 fieri
1469 4832 1674 4899 potest,
1709 4832 1771 4881 ut
1801 4828 1891 4880 vel

205 4921 492 4991 tempore
543 4914 979 4987 praeveniantur
1010 4929 1043 4967 a
1081 4911 1248 4966 factis
1294 4908 1545 4991 initiisve
1578 4908 1890 4991 factorum.

205 4986 464 5071 Sam-per
525 4986 688 5052 enim
723 4993 882 5066 prior
919 5001 1005 5049 est
1049 5007 1143 5047 res
1193 5005 1320 5061 quas
1370 4989 1528 5058 facit,
1561 5002 1732 5057 quam
1793 4986 1895 5042 illa

269 5193 284 5224 ι
319 5188 482 5236 Editi
518 5187 662 5248 post,
693 5185 834 5234 Jani
863 5183 1139 5244 bifrontis,
1172 5182 1393 5240 addunt,
1413 5181 1550 5244 quia
1577 5183 1762 5248 Janus
1793 5183 1896 5231 etsi

211 5245 586 5312 euandri/'0?”
631 5248 861 5312 legitur,
920 5259 1214 5312 nunquam.
1273 5253 1453 5312 tamen
1514 5245 1894 5308 quadriianus

210 5307 542 5362 invenitur
575 5325 588 5369 ;
619 5307 760 5372 quod
793 5323 827 5358 a
854 5307 1230 5368 manuscriptis
1263 5307 1428 5356 abest.

271 5377 293 5410 ²
326 5377 426 5425 Sic
458 5375 599 5423 Mss.
635 5372 771 5421 Εᾶὶιὶ
802 5386 942 5425 vero.
971 5384 1302 5430 summaque
1332 5377 1483 5416 sunt.

267 5438 350 5499 (α)
385 5438 532 5499 Vid.
565 5435 794 5484 Ennium
828 5435 969 5496 apud
997 5434 1313 5499 Ciceronem,
1336 5432 1428 5499 lib.
1461 5432 1582 5499 gde
1604 5432 1716 5481 Nat.
1750 5433 1892 5499 deor:

269 5495 336 5566 (ὸ)
374 5498 570 5566 Jovi:
598 5506 647 5545 et
679 5495 908 5566 Jupiter
935 5496 1153 5566 perinde
1181 5495 1427 5566 inurecto
1453 5495 1728 5566 dicebatur
1759 5508 1770 5544 :
1806 5496 1896 5566 sed

206 5556 335 5614 usus
367 5565 620 5613 demum
649 5556 899 5619 obtinuit,
935 5556 1016 5608 'ut
1060 5559 1117 5607 in
1173 5557 1388 5620 obliquo
1433 5556 1606 5614 lovis,
1654 5559 1709 5607 in
1755 5561 1896 5609 recto

211 5627 456 5690 Jupiter
494 5624 788 5674 diceretur.

569 5713 833 5776 Parnon
885 5711 1036 5774 XLI.

3475 301 3597 361 202

1961 442 2086 497 qus:
2133 426 2217 482 fit.
2244 429 2601 498 Quapropter
2649 427 2698 483 si
2744 428 2813 483 ad
2847 427 3059 484 Janum
3111 429 3402 500 pertinent
3432 431 3599 488 initia

1961 505 2266 573 factorum,
2286 523 2393 561 non
2423 507 2550 561 ideo
2585 507 2774 576 priora
2804 511 2943 562 sunt
2963 507 3350 565 efficientibus
3384 511 3598 580 causis,

1963 600 2108 656 quas
2161 586 2288 640 Jovi
2325 587 2605 641 tribuunt.
2640 587 2801 642 Sicut
2845 589 2997 642 enim
3032 588 3175 643 nihil
3226 590 3308 654 fit,
3342 590 3423 646 ita
3455 591 3601 646 nihil

1964 665 2270 720 inchoatur
2303 671 2366 721 ut
2397 667 2516 736 fiat,
2541 667 2695 737 quod
2732 683 2845 722 non
2889 667 3104 722 faciens
3151 683 3326 724 causa
3355 687 3603 741 praeces-

1964 745 2125 800 serit.
2160 745 2326 801 Hunc
2377 763 2517 802 sane
2565 753 2760 814 deum,
2796 763 2974 818 penes
3004 764 3176 818 quem
3233 755 3370 804 sunt
3399 767 3638 824 omnes‘

1965 840 2152 879 causae
2200 826 2477 879 factarum
2528 827 2787 880 omnium
2833 832 3168 882 naturarum
3221 830 3604 886 naturalium-

1965 919 2074 973 que
2130 920 2344 972 rerum,
2379 905 2423 959 si
2480 908 2678 960 Jovem
2727 906 2922 975 populi
2971 906 3286 975 appellant,
3317 917 3371 964 et
3428 911 3607 967 tantis

1967 985 2342 1040 contumeliis
2380 989 2618 1056 tamque
2657 984 2923 1040 scelestis
2983 986 3491 1044 criminationibus
3521 1006 3610 1044 co-

1969 1062 2120 1133 lunt,
2153 1063 2388 1120 tetriore
2419 1063 2723 1136 sacrilegio
2766 1080 2893 1120 sese
2935 1064 3326 1135 obstringunt,
3355 1083 3526 1137 quam
3558 1066 3606 1122 si

1970 1161 2208 1216 prorsus
2241 1145 2469 1200 nullum
2512 1151 2783 1217 putarent
2812 1146 3005 1200 deum.
3039 1145 3202 1201 Unde
3242 1149 3427 1204 satius
3457 1155 3614 1207 esset

1970 1224 2051 1279 eis
2094 1225 2274 1280 alium
2327 1226 2582 1296 aliquem
2622 1226 2782 1281 Jovis
2841 1225 3075 1282 nomine
3123 1243 3485 1298 nuncupare,
3521 1232 3614 1286 di-

1971 1317 2152 1373 gnum
2185 1305 2454 1374 turpibus
2499 1309 2556 1359 et
2595 1305 2899 1375 ﬂagitiosis
2933 1304 3274 1370 honoribus,
3310 1310 3616 1379 supposito

1971 1396 2119 1437 vano
2167 1383 2445 1453 ﬁgmento
2501 1385 2653 1455 quod
2707 1385 2897 1454 potius
2945 1385 3415 1457 blasphemarent
3447 1388 3618 1460 (sicut

1973 1463 2222 1518 Saturno
2272 1465 2488 1520 dicitur
2541 1465 2879 1536 suppositus
2923 1465 3092 1534 lapis,
3124 1482 3293 1536 quem
3339 1484 3436 1537 pro
3496 1469 3616 1526 filio

1975 1542 2319 1613 devoraret),
2354 1561 2524 1616 quam
2556 1546 2732 1601 istum
2765 1545 2938 1600 deum
2971 1546 3163 1602 dicere
3210 1551 3267 1602 et
3312 1551 3617 1606 tonantem

1976 1626 2031 1676 et
2078 1623 2528 1691 adulterantem,
2561 1630 2617 1681 et
2668 1630 2854 1680 totum
2889 1628 3173 1681 mundum
3221 1632 3515 1698 regentem
3564 1637 3620 1684 et

1977 1719 2078 1774 per
2099 1707 2186 1758 tot
2217 1709 2421 1775 stupra
2455 1707 2840 1774 difﬂuentem,
2872 1710 2929 1761 et
2973 1711 3317 1762 naturarum
3355 1709 3618 1765 omnium

1977 1784 2447 1856 naturaliumque
2500 1803 2692 1841 rerum
2743 1802 2951 1843 causas
2991 1803 3256 1844 summas
3305 1787 3619 1846 habentem

1976 1872 2032 1921 et
2063 1883 2198 1921 suas
2228 1883 2431 1922 causas
2464 1867 2645 1922 bonas
2677 1884 2789 1922 non
2819 1867 3149 1924 habentem.

2046 1948 2100 2001 2.
2134 1947 2352 2002 Deinde
2385 1965 2596 2018 quaero,
2629 1964 2798 2019 quem
2842 1950 2966 2020 jam
3024 1950 3219 2006 locum
3268 1951 3420 2008 inter
3475 1953 3616 2008 deos

1977 2028 2114 2084 huic
2169 2027 2296 2082 Jovi
2346 2028 2620 2096 tribuant,
2665 2029 2713 2084 si
2767 2033 2946 2085 Janus
3001 2035 3086 2086 est
3135 2033 3410 2087 mundus.
3471 2037 3621 2089 Deos

1977 2109 2133 2165 enim
2165 2124 2330 2164 veros
2361 2108 2618 2164 animam
2653 2110 2854 2164 mundi
2887 2127 2953 2166 ac
2983 2114 3176 2181 partes
3207 2111 3335 2182 ejus
3387 2112 3493 2167 iste
3522 2113 3620 2168 de-

1979 2189 2197 2244 finivit:
2241 2206 2305 2244 ac
2341 2205 2440 2260 per
2471 2190 2578 2245 hoc
2619 2190 2902 2261 quidquid
2937 2191 3046 2246 hoc
3098 2209 3209 2246 non
3246 2196 3355 2257 est,
3390 2208 3505 2247 non
3537 2195 3623 2248 est

1978 2271 2181 2341 utique
2213 2270 2686 2326 secundumistos
2722 2286 2889 2325 verus
2920 2271 3082 2325 deus.
3128 2272 3276 2327 Num
3325 2271 3505 2343 igitur
3543 2271 3624 2328 ita

1978 2351 2189 2406 dicturi
2237 2357 2370 2405 sunt
2401 2350 2601 2405 Jovem
2652 2351 2907 2405 animam
2943 2352 3169 2416 mundi,
3203 2357 3266 2405 ut
3310 2355 3495 2406 Janus
3545 2351 3624 2407 sit

1981 2448 2192 2504 corpus
2249 2432 2400 2501 ejus,
2422 2430 2480 2485 id
2533 2435 2622 2485 est
2661 2430 2769 2486 iste
2809 2431 3056 2487 visibilis
3097 2433 3403 2487 mundus?
3435 2433 3548 2488 Hoc
3571 2431 3621 2488 si

1980 2514 2202 2578 dicunt,
2237 2529 2352 2567 non
2383 2512 2492 2566 erit
2542 2512 3039 2582 quemadmodum
3072 2512 3285 2568 Janum
3337 2512 3511 2568 deum
3540 2511 3623 2567 di-

1979 2597 2149 2660 cant;
2183 2592 2459 2665 quoniam
2497 2593 2703 2647 mundi
2731 2607 2944 2664 corpus
2974 2608 3087 2647 non
3120 2597 3209 2647 est
3237 2593 3379 2648 deus
3407 2591 3494 2648 vel
3526 2607 3625 2648 se-

1979 2675 2236 2730 cundum
2283 2673 2461 2745 ipsos,
2495 2674 2591 2729 sed
2643 2673 2841 2728 anima
2881 2673 3085 2728 mundi
3118 2689 3182 2728 ac
3231 2677 3423 2743 partes
3472 2673 3620 2742 ejus.

1980 2753 2144 2810 Unde
2170 2754 2531 2825 apertissime
2552 2753 2705 2808 idem
2728 2753 2890 2820 dicit,
2916 2756 3081 2808 deum
3115 2769 3176 2808 se
3198 2751 3464 2808 arbitrari
3495 2767 3624 2807 esse

1981 2834 2227 2891 animam
2290 2835 2513 2901 mundi,
2556 2838 2611 2889 et
2660 2834 2817 2889 hunc
2872 2833 3066 2906 ipsum
3127 2834 3414 2889 mundum
3493 2849 3623 2888 esse

1981 2916 2155 2971 deum
2187 2933 2199 2969 :
2233 2916 2333 2971 sed
2367 2916 2521 2972 sicut
2552 2915 2856 2971 hominum
2888 2915 3234 2987 sapientem,
3267 2931 3400 2970 cum
3448 2913 3525 2969 sit
3555 2929 3624 2969 ex

1983 2996 2178 3052 animo
2209 3000 2264 3051 et
2293 3011 2550 3068 corpore,
2571 3001 2766 3052 tamen
2799 3011 2867 3051 ex
2899 2997 3094 3051 animo
3117 2995 3228 3052 dici
3261 2997 3581 3067 sapientem
3608 3011 3623 3060 ;

1983 3076 2068 3130 ita
2099 3076 2386 3130 mundum
2420 3077 2592 3130 deum
2629 3076 2741 3130 dici
2767 3076 2840 3132 ab
2869 3075 3090 3145 animo,
3120 3091 3252 3131 cum
3289 3074 3360 3130 sit
3390 3091 3458 3130 ex
3500 3074 3625 3129 ani-

1985 3173 2081 3212 mo
2111 3161 2168 3211 et
2222 3172 2476 3226 corpore.
2511 3156 2709 3212 Solum
2761 3157 2956 3227 itaque
3000 3156 3203 3212 mundi
3252 3172 3460 3226 corpus
3511 3171 3625 3210 non

1985 3241 2072 3292 est
2118 3237 2262 3292 deus
2318 3254 2331 3293 :
2392 3237 2493 3293 sed
2537 3244 2635 3290 aut
2666 3237 2790 3293 sola
2847 3237 3045 3292 anima
3091 3237 3242 3306 ejus,
3291 3240 3393 3292 aut
3450 3233 3631 3291 simul

1987 3331 2196 3388 corpus
2223 3321 2280 3373 et
2310 3317 2542 3372 animus
2575 3333 2587 3381 ;
2620 3317 2701 3373 ita
2731 3326 2924 3373 tamen
2957 3323 3020 3372 ut
3050 3333 3164 3373 non
3197 3317 3276 3372 sit
3306 3334 3338 3372 a
3368 3332 3629 3387 corpore,

1989 3397 2088 3451 sed
2120 3397 2191 3451 ab
2225 3397 2419 3453 animo
2452 3399 2614 3452 deus.
2649 3397 2709 3451 Si
2757 3414 2892 3468 ergo
2926 3401 3112 3453 Janus
3141 3400 3231 3452 est
3262 3397 3543 3464 mundus,
3575 3399 3634 3451 et

1989 3476 2134 3530 deus
2164 3484 2249 3530 est
2278 3477 2482 3543 Janus,
2518 3476 2806 3546 numquid
2838 3476 3036 3532 Jovem
3068 3480 3132 3530 ut
3167 3477 3310 3530 deus
3341 3492 3470 3531 esse
3501 3491 3634 3545 pos-

1990 3554 2087 3621 sit,
2121 3553 2374 3626 aliquam
2409 3559 2629 3625 partem
2661 3554 2789 3610 Jani
2810 3571 2934 3610 esse
2973 3554 3182 3609 dicturi
3216 3555 3404 3608 sunt?
3453 3554 3635 3623 Magis

1991 3636 2141 3692 enim
2207 3635 2332 3690 Jovi
2411 3636 2746 3691 universum
2811 3636 3002 3692 solent
3077 3635 3331 3690 tribuere
3401 3651 3414 3691 :
3484 3633 3639 3690 unde

1992 3722 2102 3783 est,

2561 3825 2709 3873 Jovis
2741 3823 2922 3874 omnia
2948 3824 3105 3886 plena
3132 3824 3232 3886 (a).

1995 3925 2144 3996 Ergo
2173 3927 2229 3979 et
2255 3921 2478 3986 Jovem,
2513 3925 2577 3976 ut
2605 3922 2746 3977 deus
2776 3922 2869 3990 sit,
2894 3927 2950 3977 et
2972 3921 3224 3977 maxime
3255 3935 3350 3975 rex
3373 3919 3639 3989 deorum,

1995 4021 2108 4059 non
2143 4003 2321 4060 alium
2354 4010 2594 4074 possunt
2625 4003 2955 4058 existimare
3003 4018 3177 4072 quam
3213 4001 3497 4056 mundum
3531 4017 3544 4067 ;
3578 4006 3643 4058 ut

1996 4087 2108 4141 diis
2139 4085 2358 4140 caeteris
2407 4084 2730 4140 secundum
2766 4085 2904 4139 istos
2955 4085 3079 4138 suis
3120 4082 3386 4154 partibus
3419 4087 3636 4151 regnet.

1997 4171 2059 4224 In
2093 4169 2242 4224 hanc
2273 4168 2622 4224 sententiam
2657 4167 2829 4222 etiam
2865 4167 3148 4236 quosdam
3199 4182 3399 4221 versus
3429 4164 3642 4220 Valerii

1995 4251 2199 4306 Sorani
2250 4251 2319 4321 (ὁ)
2371 4248 2606 4320 exponit
2663 4249 2814 4303 idem
2855 4247 3055 4312 Varro,
3082 4247 3138 4301 in
3172 4262 3238 4302 eo
3286 4245 3435 4302 libro
3467 4262 3642 4317 quem

1996 4349 2257 4388 seorsum
2311 4331 2382 4386 ab
2434 4329 2562 4386 istis
2612 4329 2684 4385 de
2734 4327 2894 4386 cultu
2953 4329 3192 4384 deorum
3239 4327 3494 4399 scripsit;
3548 4325 3644 4398 qui

1995 4428 2192 4467 versus
2216 4411 2274 4466 hi
2307 4415 2448 4466 sunt
2484 4427 2496 4466 :

2059 4518 2304 4580 Juppiter
2335 4519 2686 4580 omnipotens,
2718 4531 2937 4580 regnum
2963 4529 3245 4579 rerumque
3272 4514 3534 4578 deumque
3565 4518 3580 4551 1

2061 4581 2386 4641 Progenitor,
2420 4580 2757 4643 genitrixque
2789 4581 2964 4635 deum,
2996 4582 3125 4630 deus
3155 4593 3312 4639 unus,
3355 4582 3409 4628 et
3445 4591 3643 4628 omnes.

1997 4680 2380 4751 Exponuntur
2410 4684 2602 4733 autem
2630 4679 2687 4732 in
2721 4679 2923 4733 eodem
2957 4677 3125 4744 libro,
3161 4679 3239 4731 ita
3262 4680 3326 4732 ut
3356 4692 3482 4731 cum
3520 4694 3645 4731 ma-

2001 4775 2121 4814 rem
2170 4759 2592 4825 existimarent,
2626 4759 2725 4828 qui
2767 4774 2966 4812 semen
3025 4758 3334 4821 emitteret,
3368 4755 3642 4810 feminam

2001 4857 2123 4910 qute
2166 4839 2486 4911 acciperet;
2546 4838 2868 4907 Jovemque
2906 4852 3034 4891 esse
3067 4835 3370 4901 mundum,
3403 4836 3461 4887 et
3508 4849 3643 4888 eum

2001 4919 2198 4973 omnia
2226 4920 2447 4975 semina
2478 4933 2546 4972 ex
2596 4933 2657 4970 se
2701 4917 2988 4982 emittere,
3017 4918 3074 4970 et
3121 4913 3181 4969 in
3228 4929 3288 4968 se
3339 4912 3640 4983 recipere:

2004 4999 2119 5066 Qua
2167 5014 2362 5064 causa,
2394 4995 2607 5066 inquit,
2639 4993 2858 5064 scripsit
2889 4994 3154 5063 Soranus,
3204 4994 3421 5066 Jupiter
3449 5007 3642 5064 proge-

2067 5182 2082 5214 1
2116 5178 2268 5226 Vind.
2304 5177 2418 5225 Am.
2452 5179 2504 5225 et
2531 5176 2634 5232 Er.,
2658 5191 2896 5234 regnum
2927 5192 3032 5226 rex
3062 5177 3176 5237 ipse
3205 5178 3459 5239 deusque.

2063 5243 2137 5298 (α)
2171 5241 2319 5290 Hunc
2347 5253 2563 5288 versum
2595 5239 2848 5298 Virgilius
2896 5241 2952 5288 iu
2987 5235 3172 5302 Ecloga
3218 5241 3263 5294 3,
3306 5235 3548 5302 vers.760,
3580 5249 3646 5285 ex

2001 5305 2261 5368 principio
2290 5305 2775 5368 Phaeuomenorum
2812 5303 2961 5351 Arati
3007 5301 3296 5368 transtulit.
3345 5301 3488 5348 Dixit
3518 5313 3644 5368 vero

2001 5364 2198 5416 Aratus
2226 5367 2379 5414 Jovis
2412 5365 2602 5412 omnia
2631 5366 2796 5425 plena
2825 5379 2955 5418 esse.
3001 5379 3066 5413 ex
3113 5365 3407 5413 Stoicorum
3450 5364 3642 5419 mente,

2002 5432 2094 5492 qui
2123 5427 2494 5488 intelligebant
2536 5427 2771 5475 animam
2817 5428 3003 5477 mundi
3051 5428 3361 5476 universum
3406 5426 3506 5475 hoc
3531 5439 3645 5488 per-

2005 5491 2195 5540 meare.
2229 5491 2468 5538 Lancuen.

2075 5555 2138 5616 (ὁ)
2170 5553 2284 5601 Vid.
2317 5551 2608 5616 Cicer._lib._
2632 5549 2759 5616 3_de
2797 5552 2961 5607 Orat.
2992 5564 3088 5614 cep
3139 5549 3195 5597 11
3227 5564 3242 5608 ;
3281 5549 3436 5609 Plin.,
3473 5551 3565 5600 lib.
3595 5550 3646 5609 3,

2005 5613 2138 5666 Hist.
2170 5617 2303 5678 nat.,
2339 5628 2451 5678 cap.
2484 5613 2530 5671 5,
2561 5614 2630 5664 al.
2662 5614 2710 5665 9.

3101 5701 3320 5786 (Sept)
