4158 6192
306 338 425 398 205

305 468 542 526 CAPUT
573 468 712 525 XIII.
743 499 811 509 —-
858 468 1016 536 Quod
1077 466 1210 523 dum
1254 469 1550 537 exponitur
1592 465 1723 538 quid
1763 465 1951 520 Satur-

375 558 505 668 gus,
537 541 733 665 guidve
760 539 832 594 sit
863 541 1086 608 Genius,
1128 545 1350 611 uterque
1378 555 1520 594 unus
1567 540 1786 610 Jupiter
1837 551 1950 592 esse

409 629 536 670 acea
566 629 655 667 ur.

377 713 488 768 Sed
523 711 665 784 quid
696 712 766 768 de
821 711 929 767 hoc
969 711 1104 767 Jove
1152 710 1339 782 plura,
1372 710 1446 766 ad
1481 726 1654 781 quem
1707 709 1948 763 fortasse

307 793 496 850 caeteri
530 793 815 848 referendi
848 796 1004 859 sunt,
1032 796 1096 846 ut
1142 792 1334 848 inanis
1366 793 1664 846 remaneat
1710 789 1946 843 deorum

309 873 504 945 opinio
557 873 966 945 plurimorum,
1010 889 1144 928 cum
1190 873 1283 927 hic
1333 872 1457 942 ipse
1515 871 1593 927 sit
1645 886 1849 926 omnes
1880 871 1948 937 1;

310 955 429 1010 sive
474 954 707 1024 quando
741 957 928 1024 partes
975 953 1102 1023 ejus
1143 952 1230 1007 vel
1267 958 1574 1023 potestates
1613 951 1952 1006 existiman-

307 1040 421 1102 tur,
458 1035 576 1090 sive
605 1049 737 1088 cum
768 1033 854 1089 vis
895 1033 1126 1098 animai,
1149 1048 1321 1104 quam
1363 1037 1568 1103 putant
1598 1046 1702 1103 per
1742 1033 1953 1085 cuncta

310 1117 603 1177 diffusam.
637 1131 706 1171 ex
737 1115 998 1186 partibus
1019 1114 1188 1172 molis
1219 1115 1415 1186 hujus,
1441 1115 1497 1169 in
1533 1130 1675 1186 quas
1704 1112 1952 1168 visibilis

310 1199 571 1253 mundus
619 1197 728 1252 iste
758 1197 1079 1269 consurgit,
1111 1200 1168 1251 et
1206 1195 1517 1265 multiplici
1572 1193 1950 1250 administra-

308 1279 468 1334 tione
497 1283 741 1344 natura,
783 1277 950 1348 quasi
1007 1275 1262 1348 plurium
1303 1277 1544 1331 deorum
1585 1274 1819 1330 nomina
1853 1287 1954 1330 ac-

309 1357 512 1429 cepit?
567 1357 716 1423 Quid
769 1361 856 1412 est
886 1356 1044 1412 enim
1075 1360 1132 1411 et
1167 1359 1455 1411 Saturnus
1479 1354 1507 1408 ?
1538 1355 1702 1417 Unus,
1738 1352 1950 1424 inquit,

307 1439 372 1495 de
410 1439 753 1510 principibus
795 1437 948 1502 deus,
989 1453 1153 1509 penes
1180 1452 1339 1508 quem
1381 1437 1662 1492 sationum
1708 1435 1954 1491 omnium

305 1521 622 1577 dominatus
672 1525 772 1576 est.
805 1519 1010 1577 Nonne
1066 1517 1348 1589 expositio
1394 1532 1668 1574 versuum
1716 1514 1951 1570 illorum

306 1601 521 1658 Valerii
552 1601 755 1658 Sorani
788 1601 872 1656 sic
903 1615 966 1656 se
1005 1599 1202 1667 habet,
1234 1600 1432 1654 Jovem
1466 1615 1592 1654 esse
1642 1597 1950 1664 mundum,

304 1687 362 1739 et
392 1699 528 1738 eum
560 1681 760 1738 omnia
780 1680 1009 1737 semina
1027 1697 1094 1736 ex
1123 1696 1186 1736 se
1219 1679 1501 1746 emittere,
1531 1684 1588 1734 et
1617 1678 1678 1734 in
1701 1695 1764 1734 se
1795 1677 1951 1734 reci-

306 1765 480 1835 pere?
500 1764 622 1834 Ipse
651 1763 936 1834 estigitur
961 1778 1138 1833 penes
1163 1778 1336 1833 quem
1365 1761 1662 1817 sationum
1685 1761 1949 1816 omnium

305 1843 644 1901 dominatus
670 1851 776 1899 est.
809 1843 954 1906 Quid
1007 1848 1094 1898 est
1125 1842 1342 1898 Genius
1363 1843 1390 1896 ‘?
1421 1843 1580 1910 Deus,
1610 1842 1822 1913 inquit,
1856 1841 1955 1912 qui

305 1928 627 1997 praepositus
657 1929 736 1980 est
781 1940 844 1980 ac
878 1923 991 1980 vim
1021 1924 1178 1980 habet
1206 1927 1456 1981 omnium
1499 1939 1686 1979 rerum
1716 1924 1954 1994 gignen-

309 2006 529 2061 darum.
563 2006 744 2070 Quem
807 2005 987 2062 alium
1048 2005 1201 2060 hanc
1246 2005 1364 2060 vim
1425 2006 1634 2059 habere
1687 2007 1950 2071 credunt,

309 2103 484 2158 quam
519 2087 825 2153 mundum,
857 2085 950 2142 cui
982 2085 1203 2141 dictum
1235 2090 1344 2154 est,
1383 2087 1614 2155 Jupiter
1641 2083 1956 2154 progenitor

309 2168 698 2237 genitrimque?
746 2167 815 2222 Et
869 2183 1002 2223 cum
1035 2166 1150 2222 alio
1207 2165 1332 2220 loco
1365 2165 1610 2220 Genium
1660 2163 1801 2218 dicit
1830 2175 1956 2216 esse

313 2248 774 2319 uniuscujusque
818 2249 1082 2303 animum
1125 2244 1489 2310 rationalem,
1543 2250 1600 2299 et
1649 2243 1780 2298 ideo
1829 2257 1958 2297 esse

307 2329 574 2399 singulos
603 2327 1188 2400 singulorum,talem
1221 2330 1416 2381 autem
1452 2326 1653 2381 mundi
1687 2325 1955 2380 animum

307 2410 480 2466 deum
513 2426 676 2476 esse;
712 2410 782 2464 ad
815 2408 923 2463 hoc
972 2407 1124 2463 idem
1175 2408 1377 2478 utique
1423 2410 1673 2469 revocat,
1705 2410 1771 2460 ut
1832 2410 1956 2460 tan-

304 2505 486 2560 quam
521 2488 871 2543 universalis
893 2487 1100 2557 genius
1151 2487 1274 2556 ipse
1304 2485 1507 2540 mundi
1557 2486 1789 2540 animus
1831 2498 1959 2539 esse

299 2570 603 2623 credatur.
640 2568 741 2622 llic
793 2570 878 2621 est
935 2565 1113 2638 igitur
1169 2581 1340 2636 quem
1389 2565 1686 2638 appellant
1729 2565 1957 2620 Jovem.

300 2649 458 2706 Nam
491 2647 539 2702 si
585 2646 776 2702 omnis
818 2645 1026 2717 genius
1057 2648 1220 2711 deus,
1255 2653 1307 2700 et
1339 2646 1532 2701 omnis
1573 2645 1674 2700 viri
1725 2644 1958 2700 animus

300 2727 536 2799 genius,
573 2726 835 2796 sequitur
883 2732 948 2782 ut
988 2727 1065 2782 sit
1111 2725 1298 2780 omnis
1339 2725 1445 2781 viri
1479 2727 1710 2780 animus
1745 2727 1890 2781 deus
1939 2741 1953 2781 :

308 2807 466 2878 quod
510 2806 560 2861 si
593 2810 653 2861 et
710 2807 868 2877 ipsos
918 2806 1225 2861 abhorrere
1274 2806 1606 2861 absurditas
1644 2807 1772 2878 ipsa
1805 2821 1960 2862 com-

308 2887 488 2957 pellit,
521 2891 704 2942 restat
735 2895 791 2941 ut
830 2901 958 2940 eum
987 2885 1357 2957 singulariter
1386 2894 1439 2942 et
1469 2885 1816 2941 excellenter
1867 2886 1957 2941 di-

309 2974 447 3025 cant
475 2969 650 3024 deum
692 2967 943 3034 genium,
978 2984 1147 3039 quem
1181 2967 1382 3023 dicunt
1413 2969 1618 3023 mundi
1668 2967 1958 3034 animum,

313 3065 380 3104 ac
415 3065 512 3121 per
546 3048 655 3103 hoc
685 3047 907 3103 Jovem.

411 3157 639 3214 CAPUT
679 3154 821 3212 XIV.
852 3187 921 3196 -—
951 3156 1022 3212 De
1053 3155 1309 3211 Mercurii
1337 3163 1388 3212 et
1418 3156 1607 3212 Martis
1633 3155 1858 3226 ofﬁciis.

388 3254 738 3312 Mercurium
777 3271 910 3312 vero
942 3259 999 3310 et
1050 3258 1289 3312 Martem
1340 3255 1632 3326 quomodo
1687 3254 1962 3309 referrent

316 3337 383 3393 ad
419 3336 646 3407 aliquas
677 3340 868 3408 partes
900 3336 1102 3391 mundi
1132 3340 1188 3390 et
1218 3353 1391 3406 opera
1421 3335 1544 3406 Dei,
1568 3351 1691 3405 quae
1725 3339 1862 3390 sunt
1901 3334 1961 3390 in

313 3415 642 3484 elementis,
705 3431 820 3471 non
877 3414 1219 3470 invenerunt
1265 3431 1279 3481 ;
1339 3421 1395 3470 et
1440 3415 1569 3470 ideo
1609 3431 1707 3470 eos
1756 3413 1962 3469 saltem

312 3497 587 3568 operibus
645 3495 959 3551 hominum
1018 3499 1478 3565 praeposuerunt,
1529 3493 1961 3550 sermocinandi

313 3584 374 3634 et
407 3577 790 3650 belligerandi
839 3577 1221 3633 administros
1263 3577 1305 3631 ³.
1338 3577 1592 3639 Quorum
1643 3575 1965 3630 Mercurius

315 3659 364 3714 si
420 3660 710 3715 sermonis
742 3657 915 3713 etiam
967 3657 1210 3712 deorum
1269 3661 1613 3727 potestatem
1649 3654 1816 3727 gerit,
1854 3653 1965 3725 ipsi

316 3757 550 3813 quoque
609 3739 730 3811 regi
802 3740 1045 3795 deorum
1119 3738 1476 3806 dominatur,
1527 3737 1576 3792 si
1641 3736 1964 3792 secundum

318 3823 450 3892 ejus
493 3819 802 3876 arbitrium
852 3819 1078 3890 Jupiter
1126 3817 1406 3889 loquitur,
1440 3821 1542 3872 aut
1589 3816 1866 3883 loquendi
1897 3816 1967 3870 ab

319 3905 422 3960 illo
463 3904 684 3972 accepit
742 3901 1074 3957 facultatem
1126 3916 1139 3955 :
1201 3900 1353 3971 quod
1388 3899 1588 3971 utique
1646 3898 1965 3953 absurdum

320 3990 433 4042 est.
466 3985 527 4040 Si
558 3988 756 4038 autem
790 3982 874 4038 illi
909 3982 1150 4038 humani
1181 3985 1408 4036 tantum
1443 3981 1732 4035 sermonis
1782 3984 1973 4050 potes-

323 4072 414 4121 tas
455 4064 679 4120 tributa
729 4062 1086 4133 perhibetur,
1119 4078 1234 4117 non
1267 4065 1355 4117 est
1392 4061 1669 4116 credibile
1726 4059 1797 4114 ad
1856 4058 1969 4114 lac-

320 4147 531 4202 tandos
570 4161 850 4211 mamma,
885 4160 996 4200 non
1045 4142 1236 4198 solum
1271 4159 1498 4214 pueros,
1532 4141 1634 4197 sed
1663 4145 1835 4196 etiam
1869 4156 1970 4211 pe-

323 4243 479 4295 cora,
515 4226 670 4280 unde
702 4224 992 4280 Ruminus
1031 4223 1473 4294 cognominatus
1504 4231 1608 4291 est,
1637 4221 1838 4277 Jovem
1873 4223 1972 4277 de-

321 4309 608 4365 scendere
638 4305 908 4370 voluisse,
941 4309 998 4360 et
1025 4321 1227 4361 curam
1268 4304 1453 4359 nostri
1512 4306 1820 4366 sermonis,
1855 4319 1971 4374 quo

323 4389 637 4461 pecoribus
665 4385 1092 4452 antecellimus,
1124 4387 1192 4440 ad
1227 4401 1288 4440 se
1319 4383 1607 4455 pertinere
1661 4383 1921 4438 noluisse
1955 4399 1968 4437 :

324 4485 394 4524 ac
428 4484 524 4539 per
556 4469 668 4523 hoc
714 4467 869 4523 idem
927 4465 1051 4536 ipse
1080 4469 1169 4520 est
1215 4464 1375 4521 Jovis
1425 4468 1599 4535 atque
1628 4463 1971 4518 Mercurius.

322 4550 488 4613 Quod
522 4549 571 4604 si
605 4563 797 4604 sermo
837 4547 963 4618 ipse
1019 4545 1232 4602 dicitur
1279 4561 1406 4601 esse
1449 4545 1791 4611 Mercurius,
1826 4542 1977 4600 sicut

323 4647 397 4687 ea
447 4647 576 4701 qua
630 4630 701 4685 de
743 4626 843 4683 illo
891 4628 1368 4699 interpretantur,
1402 4626 1724 4681 ostendunt
1771 4626 1976 4694 :(nam

323 4711 462 4766 ideo
492 4707 838 4774 Mercurius,
871 4708 1037 4779 quasi
1077 4706 1304 4763 medius
1356 4721 1598 4762 currens
1639 4704 1852 4759 dicitur
1883 4721 1980 4774 ap-

325 4787 611 4860 pellatus,
643 4788 796 4859 quod
834 4803 1041 4860 ,sermo
1090 4789 1288 4842 currat
1324 4785 1478 4841 inter
1531 4784 1800 4839 homines
1853 4799 1981 4838 me-

328 4851 470 4925 dius
501 4851 621 4938 (a)}
655 4851 784 4922 ideo
817 4851 1008 4941 Ερμῆς
1031 4881 1238 4938 graece,
1271 4864 1423 4937 quod
1453 4879 1641 4920 sermo
1675 4861 1759 4919 vel
1799 4862 1979 4918 inter-

328 4949 607 5022 pretatio,
678 4964 806 5019 qua
873 4948 1073 5017 utique
1141 4947 1210 5000 ad
1284 4960 1615 5001 sermonem
1713 4945 1979 5014 pertinet,

327 5026 599 5103 ἑρμηνεία
630 5027 888 5084 dicitur:
933 5027 1060 5084 ideo
1109 5035 1162 5082 et
1198 5026 1489 5082 mercibus
1533 5041 1801 5098 praeesse,
1847 5025 1986 5096 quia

325 5110 484 5165 inter
516 5108 832 5164 vendentes
857 5111 916 5163 et
944 5113 1202 5163 ementes
1234 5123 1425 5162 sermo
1459 5107 1521 5160 fit
1551 5106 1777 5160 medius
1815 5130 1828 5172 ;
1865 5104 1986 5160 alas

328 5191 466 5264 ejus
497 5189 559 5245 in
608 5188 796 5260 capite
852 5192 911 5244 et
952 5187 1197 5260 pedibus
1255 5187 1586 5258 significare
1616 5184 1638 5220 ³
1695 5186 1985 5242 volucrem

405 5364 424 5399 1
455 5361 640 5411 Plures
666 5362 813 5420 Mam,
844 5359 954 5421 ipsi
981 5360 1100 5409 sint
1128 5375 1336 5408 omnes.

404 5424 427 5496 ξ
453 5424 552 5496 _S_ic
571 5425 704 5496 MSS.
735 5425 808 5496 At
834 5423 981 5496 editi,
1012 5424 1318 5496 ministros.
1367 5484 1377 5496 ⁸
1408 5483 1420 5495 ⁸

397 5489 421 5522 ³
453 5487 700 5560 SicMss:
721 5489 794 5560 At
821 5487 987 5560 editi;
1020 5487 1148 5560 ideo
1177 5486 1296 5534 alas
1325 5485 1377 5533 ei
1400 5485 1462 5533 in
1491 5485 1666 5548 capite
1695 5493 1743 5533 et
1761 5485 1992 5548 pedibus

317 5559 576 5615 ponunt,
613 5550 854 5599 colentes
883 5550 1222 5612 signiﬁcare.

400 5615 482 5686 (α)
529 5614 681 5676 Apud
731 5613 928 5662 Arnob.
980 5615 1165 5663 contra
1208 5611 1361 5661 Gent.
1394 5610 1487 5659 lib.
1543 5609 1592 5668 3,
1636 5610 1800 5675 quasi
1829 5610 1995 5661 medi-

323 5691 410 5728 ου
423 5690 574 5726 ηαδ.

1634 327 1867 391 LIBER
1915 325 2333 391 SEPTIMUS.

3587 341 3703 403 206

2064 463 2197 547 ferri
2229 481 2332 536 per
2374 484 2508 525 aera
2555 486 2924 540 sermonem;
2976 473 3495 542 nuntiumdictum,
3555 491 3707 547 quo-

2067 544 2222 600 niam
2257 563 2356 617 per
2378 564 2707 606 sermonem
2739 552 2937 607 omnia
2974 556 3218 625 cogitata
3257 544 3655 621 enuntientur)
3691 572 3706 612 :

2065 625 2113 706 si
2142 642 2278 696 ergo
2300 629 2614 687 Mercurius
2644 632 2768 702 ipse
2807 649 3000 687 sermo
3040 639 3146 702 est,
3179 637 3350 690 etiam
3392 635 3538 706 ipsis
3570 652 3705 692 con-

2066 705 2389 777 fitentibus,
2424 712 2568 767 deus
2601 730 2713 767 non
2747 719 2850 768 est.
2883 714 2990 768 Sed
3021 731 3150 769 cum
3184 717 3292 770 sibi
3316 705 3454 772 deos
3482 718 3706 772 faciunt

2065 800 2184 847 eos.
2227 790 2325 860 qui
2377 795 2518 846 nec‘
2570 793 2862 848 daemones
2919 799 3077 860 sunt,
3140 795 3458 852 immundis
3489 797 3711 868 suppli-

2066 868 2250 922 cando
2300 869 2621 940 spiritibus,
2680 873 3049 941 possidentur
3079 874 3152 928 ab
3185 875 3267 928 eis
3299 875 3399 944 qui
3449 893 3561 931 non
3595 875 3699 942 dii,

2067 947 2164 1001 sed
2219 948 2512 1006 daemones
2561 959 2717 1007 sunt.
2763 953 2904 1008 Item
2939 957 3078 1024 quia
3118 970 3222 1008 nec
3253 955 3416 1009 Marti
3474 955 3707 1021 aliquod

2067 1029 2422 1086 elementum
2450 1033 2534 1087 vel
2570 1039 2789 1104 partem
2828 1034 3032 1088 mundi
3077 1032 3336 1089 invenire
3377 1039 3710 1104 potuerunt,

2069 1108 2169 1163 ubi
2226 1116 2417 1182 ageret
2474 1129 2645 1182 Opera
2704 1115 3156 1185 qualiacumque
3232 1120 3472 1181 naturae,
3537 1116 3713 1170 deum

2069 1188 2206 1244 belli
2255 1207 2377 1247 esse
2424 1191 2716 1260 dixerunt,
2750 1195 2902 1264 quod
2949 1211 3095 1264 cpus
3144 1201 3235 1249 est
3283 1194 3613 1259 hominum,
3663 1200 3723 1250 et

2067 1271 2322 1342 optabile
2351 1272 2436 1328 eis
2468 1290 2582 1329 non
2614 1279 2719 1330 est.
2753 1275 2810 1330 Si
2842 1291 2978 1347 ergo
3012 1291 3207 1346 pacem
3241 1281 3581 1348 perpetuam
3616 1276 3721 1333 Fe-

2067 1349 2258 1406 licitas
2282 1353 2464 1420 daret,
2498 1353 2653 1410 Mars
2693 1355 2830 1426 quid
2867 1360 3062 1427 ageret
3091 1373 3205 1411 non
3245 1355 3503 1412 haberet.
3536 1357 3593 1410 Si
3620 1373 3721 1412 au-

2069 1434 2184 1486 tem
2218 1431 2417 1503 ipsum
2461 1434 2678 1490 bellum
2711 1441 2800 1491 est
2854 1436 3026 1502 Mars,
3059 1437 3213 1492 sicut
3261 1452 3454 1492 sermo
3485 1436 3716 1493 Mercu-

2069 1513 2227 1582 rius;
2262 1515 2486 1572 utinam
2519 1534 2692 1589 quam
2735 1519 3112 1574 manifestum
3165 1523 3251 1575 est
3281 1519 3435 1590 quod
3471 1535 3584 1574 non
3640 1518 3720 1574 sit

2069 1593 2230 1729 Eleus,
2265 1601 2384 1652 tam
2420 1615 2532 1654 non
2566 1599 2639 1653 sit
2670 1599 2963 1656 etbellum
2996 1601 3152 1671 quod
3189 1599 3270 1656 vel
3309 1599 3451 1656 falso
3480 1604 3718 1656 vocetur

2109 1691 2232 1729 eus.

2109 1691 2232 1732 eus.

2068 1804 2299 1880 CAPUT
2330 1805 2444 1860 XV.
2479 1838 2542 1848 —-
2603 1809 2672 1865 De
2718 1809 2894 1865 stellis
2937 1809 3286 1880 quibusdam,
3320 1826 3456 1880 quas
3501 1809 3720 1880 Pagani

2265 1878 2494 1934 deorum
2521 1896 2745 1936 suorum
2769 1878 3084 1938 nominibus
3106 1878 3518 1954 nuncuparunt.

2139 2000 2258 2056 Nisi
2306 2003 2450 2058 forte
2501 2003 2611 2059 illis
2643 2005 2822 2062 stella:
2879 2014 3012 2062 sunt
3060 2007 3115 2061 bi
3173 2006 3275 2074 dii,
3310 2023 3456 2079 quas
3515 2023 3717 2063 eorum

2069 2081 2431 2149 appellavere
2464 2085 2801 2140 nominibus
2830 2103 2842 2141 :
2872 2103 3004 2141 nam
3035 2087 3261 2142 stellam
3287 2087 3599 2157 quamdam
3632 2103 3728 2142 vo-

2068 2166 2202 2214 cant
2235 2161 2610 2230 Mercurium,
2639 2165 2948 2233 quamdam
2983 2166 3183 2220 itidem
3214 2169 3473 2221 Martem.
3509 2166 3616 2220 Sed
3646 2166 3727 2221 ibi

2069 2243 2156 2292 est
2187 2244 2243 2294 et
2290 2240 2392 2294 illa
2421 2257 2591 2309 quam
2614 2249 2822 2298 vocant
2848 2248 3046 2299 Jovem
3075 2262 3089 2310 ;
3125 2251 3182 2299 et
3204 2252 3402 2299 tamen
3436 2245 3517 2299 eis
3548 2261 3720 2300 mun-

2071 2319 2180 2374 dus
2213 2323 2303 2373 est
2330 2319 2492 2374 Jovis
2523 2336 2536 2374 ε
2572 2321 2647 2374 ibi
2673 2338 2849 2392 quam
2887 2329 3094 2379 vocant
3124 2324 3444 2379 Saturnum
3480 2341 3492 2391 ;
3540 2330 3596 2380 et
3627 2331 3715 2380 la-

2075 2415 2206 2454 men
2238 2399 2288 2454 ei
2331 2404 2608 2470 praterea
2638 2401 2659 2435 ²
2690 2403 2832 2456 dant
2863 2421 2976 2458 non
3021 2421 3256 2475 parvam
3299 2406 3717 2473 substantiam,

2071 2480 2335 2536 omnium
2387 2480 2648 2536 videlicet
2699 2482 2989 2538 seminum
3024 2501 3037 2540 :
3071 2484 3152 2540 ibi
3200 2489 3290 2540 est
3347 2489 3404 2540 et
3459 2484 3558 2539 illa
3587 2501 3714 2540 om-

2073 2562 2238 2617 nium
2290 2561 2640 2629 clarissima,
2674 2579 2805 2635 quas
2845 2565 2918 2619 ab
2975 2565 3059 2620 eis
3090 2565 3420 2637 appellatur
3467 2564 3664 2622 Venus
3698 2581 3712 2632 ;

2070 2647 2128 2697 et
2162 2647 2358 2697 tamen
2391 2643 2656 2697 eamdem
2690 2644 2965 2699 Venerem
2989 2661 3117 2700 esse
3146 2647 3319 2701 etiam
3357 2646 3576 2701 Lunam
3615 2660 3711 2700 vo-

2072 2722 2202 2777 lunt
2232 2739 2245 2776 :
2280 2721 2546 2793 quamvis
2575 2725 2643 2779 de
2690 2723 2790 2779 illo
2841 2725 3278 2797 fulgentissima
3308 2727 3496 2782 sidere
3553 2725 3710 2798 apud

2071 2819 2167 2859 eos
2199 2809 2478 2874 tanquam
2501 2805 2570 2859 de
2603 2805 2753 2860 malo
2796 2821 2969 2863 aureo
2998 2807 3152 2862 Juno
3207 2808 3520 2880 Venusque
3571 2824 3707 2864 con-

2069 2885 2331 2940 tendant.
2392 2885 2717 2942 Luciferum
2775 2888 2931 2944 enim
2989 2890 3228 2960 quidam
3285 2891 3546 2957 Veneris,
3593 2889 3720 2962 qui-

2071 2967 2203 3021 dam
2245 2966 2452 3022 dicunt
2511 2983 2638 3023 esse
2679 2968 2928 3024 Junonis
2979 2987 2993 3026 :
3044 2971 3166 3039 sed,
3199 2977 3262 3026 ut
3317 2972 3486 3040 solet,
3519 2969 3718 3026 Venus

2069 3049 2268 3104 vincit.
2305 3049 2448 3105 Nam
2484 3049 2664 3105 multo
2701 3050 2896 3121 plures
2926 3067 3052 3106 eam
3088 3051 3315 3107 stellam
3353 3051 3563 3107 Veneri
3613 3050 3718 3106 tri-

2071 3129 2285 3198 buunt,
2315 3129 2399 3184 ita
2430 3135 2494 3184 ut
2522 3130 2613 3185 vix
2652 3147 2853 3186 eorum
2888 3132 3203 3203 quisquam
3247 3132 3584 3204 reperiatur,
3619 3131 3722 3202 qui

2073 3209 2226 3266 aliud
2261 3211 2548 3281 opinetur.
2580 3211 2717 3274 Quis
2748 3218 2939 3269 autem
2974 3231 3087 3268 non
3135 3213 3336 3280 rideat,
3367 3231 3499 3270 cum
3533 3228 3722 3285 regem

2073 3290 2332 3346 omnium
2365 3291 2565 3348 Jovem
2600 3292 2817 3360 dicant,
2853 3294 3008 3364 quod
3041 3294 3062 3328 ³
3094 3292 3262 3348 stella
3293 3295 3419 3363 ejus
3453 3293 3524 3349 ab
3556 3292 3725 3348 stella

2075 3371 2310 3426 Veneris
2366 3376 2526 3427 tanta
2575 3371 2824 3428 vincitur
2880 3373 3144 3429 claritate
3166 3373 3194 3428 ?
3227 3380 3384 3430 tanto
3417 3374 3564 3429 enim
3595 3387 3722 3429 esse

2077 3450 2278 3506 debuit
2307 3451 2526 3507 caeteris
2578 3452 2680 3506 illa
2727 3453 3057 3523 fulgentior,
3092 3460 3309 3523 quanto
3339 3458 3429 3509 est
3469 3454 3588 3521 ipse
3619 3470 3724 3524 po-

2077 3532 2303 3588 tentior.
2333 3533 2705 3604 Respondent
2744 3533 2869 3588 ideo
2915 3534 3000 3588 sic
3048 3534 3250 3599 videri,
3284 3533 3422 3604 quia
3467 3533 3566 3588 illa
3598 3550 3724 3603 qua

2078 3616 2317 3684 putatur
2345 3613 2670 3681 obscurior,
2703 3613 2964 3683 snperior
2995 3623 3078 3669 est
3102 3619 3275 3685 atque
3305 3631 3336 3668 a
3357 3614 3526 3668 terris
3555 3612 3727 3683 longe

2079 3691 2373 3748 remotior.
2407 3691 2468 3745 Si
2502 3708 2636 3763 ergo
2677 3694 3040 3760 superiorem
3086 3693 3279 3748 locum
3326 3693 3512 3763 major
3543 3691 3737 3761 digni-

2079 3777 2168 3828 tas
2201 3771 2435 3839 meruit,
2469 3787 2648 3842 quare
2694 3771 2974 3826 Saturnus
3006 3769 3086 3826 ibi
3134 3777 3221 3828 est
3249 3771 3390 3827 Jove
3421 3770 3736 3842 superior?

2080 3871 2152 3908 an
2198 3853 2422 3908 vanitas
2481 3851 2708 3918 fabulae,
2759 3867 2883 3923 quas
2925 3867 3120 3923 regem
3169 3852 3371 3908 Jovem
3420 3853 3576 3918 facit,
3618 3868 3732 3908 non

2082 3932 2272 4006 potuit
2330 3947 2515 4004 usque
2570 3933 2638 3986 ad
2700 3931 2892 3988 sidera
2943 3933 3362 4004 pervenire;et
3413 3933 3563 4004 quod
3617 3947 3734 3988 non

2083 4013 2265 4068 valuit
2313 4013 2593 4069 Saturnus
2646 4013 2707 4069 in
2765 4029 2941 4084 regno
3000 4031 3128 4079 suo,
3164 4029 3351 4085 neque
3400 4014 3458 4068 in
3499 4011 3731 4084 Capito-

2083 4096 2159 4152 lio
2207 4096 2306 4167 (a),
2365 4095 2571 4151 saltem
2632 4103 2715 4150 est
2759 4097 3082 4166 permissus
3133 4097 3394 4152 obtinere
3421 4093 3482 4150 in
3539 4094 3729 4150 ccelo‘?

2082 4177 2269 4241 Quare
2313 4185 2502 4232 autem
2534 4175 2714 4233 Janus
2745 4194 2860 4232 non
2893 4177 3112 4248 accepit
3157 4177 3411 4248 aliquam
3447 4175 3670 4231 stellam
3700 4173 3728 4229 ?

2083 4259 2140 4313 Si
2192 4265 2489 4329 pr0pterea
2540 4258 2678 4328 quia
2728 4258 2981 4314 mundus
3031 4263 3140 4327 est,
3172 4264 3228 4313 et
3258 4273 3463 4312 omnes
3521 4257 3576 4310 in
3631 4255 3730 4310 illo

2085 4348 2250 4405 sunt;
2285 4344 2340 4391 et
2367 4337 2522 4393 Jovis
2557 4339 2809 4393 mundus
2831 4344 2942 4407 est,
2963 4342 3018 4393 et
3047 4338 3222 4394 habet
3252 4343 3469 4393 tamen.
3503 4338 3586 4391 An
3621 4337 3732 4391 iste

2085 4434 2318 4474 causam
2370 4433 2536 4472 suam
2595 4419 2923 4488 composuit
2981 4424 3044 4473 ut
3103 4417 3306 4489 potuit,
3339 4424 3397 4473 et
3456 4433 3555 4488 pro
3616 4431 3734 4471 una

2086 4497 2256 4554 stella
2285 4514 2461 4569 quam
2497 4514 2609 4553 non
2653 4499 2830 4554 habet
2866 4498 3017 4554 inter
3064 4499 3280 4563 sidera,
3311 4502 3398 4553 tot
3437 4497 3609 4552 facies
3640 4514 3732 4550 ac-

2088 4579 2239 4651 cepit
2260 4580 2320 4634 in
2354 4579 2550 4634 terra?
2571 4579 2788 4635 Deinde
2821 4580 2867 4634 si
2905 4584 3138 4650 propter
3167 4578 3320 4635 solas
3361 4577 3560 4634 stellas
3593 4577 3738 4632 Mer-

2089 4660 2317 4717 curium
2361 4664 2415 4716 et
2476 4659 2720 4715 Martem
2780 4668 2973 4732 partes
3017 4661 3222 4716 mundi
3273 4663 3499 4729 putant,
3533 4662 3596 4711 ut
3641 4673 3740 4712 eos

2090 4741 2230 4796 deos
2260 4741 2471 4796 habere
2522 4741 2770 4810 possint,
2807 4740 2940 4810 quia
2973 4740 3173 4808 utique
3214 4753 3404 4793 sermo
3436 4742 3492 4791 et
3521 4736 3740 4791 bellum

2091 4836 2206 4875 non
2239 4823 2376 4875 sunt
2407 4824 2600 4890 partes
2642 4819 2872 4884 mundi,
2906 4819 3002 4874 sed
3037 4822 3202 4872 actus
3244 4816 3551 4871 hominum
3587 4833 3601 4879 ;
3638 4831 3743 4869 cur

2091 4899 2267 4955 Arieti
2308 4904 2364 4954 et
2394 4899 2586 4953 Tauro
2619 4903 2674 4953 et
2702 4898 2921 4953 Cancro
2965 4901 3020 4952 et
3068 4895 3368 4966 Scorpioni
3401 4893 3740 4965 ceterisque

2094 4978 2460 5048 hujusmodi,
2531 4993 2656 5047 quas
2734 4975 2989 5031 omlestia
3055 4979 3224 5044 signa
3283 4978 3614 5040 numerant,
3683 4976 3742 5028 et

2095 5059 2282 5114 stellis
2308 5075 2422 5114 non
2455 5057 2729 5129 singulis,
2765 5058 2861 5112 sed
2896 5058 3130 5130 singula
3161 5057 3426 5130 pluribus
3448 5059 3739 5121 constant,

2161 5239 2177 5272 1
2208 5235 2497 5293 Particulo,
2527 5248 2644 5291 nec,
2676 5233 2745 5283 ab
2776 5231 2861 5280 Er.
2897 5234 2950 5282 et
2976 5233 3102 5282 Lov.
3137 5233 3334 5283 omissa
3378 5231 3465 5282 hic
3491 5230 3593 5280 fuit
3622 5241 3633 5278 :
3666 5241 3751 5279 re-

2099 5299 2344 5349 stituitur
2376 5312 2444 5347 ex
2473 5297 2624 5346 Vind.
2659 5297 2776 5344 Am.
2807 5297 2860 5344 et
2887 5295 3010 5344 Mss.

2164 5363 2186 5394 ²
2221 5361 2305 5410 Sic
2333 5361 2457 5409 Mss.
2489 5360 2626 5407 Εᾱὶιὶ
2655 5372 2800 5419 vero,
2823 5367 3052 5419 praeter
3080 5374 3218 5406 eam.

2166 5425 2186 5457 ³
2218 5423 2342 5470 Sola
2373 5422 2534 5470 editio
2564 5422 2685 5484 Lov.
2718 5434 2829 5483 pro,
2861 5423 3023 5484 quod,
3056 5422 3234 5476 habet,
3259 5433 3403 5469 eum.

2169 5486 2238 5547 (a)
2277 5485 2398 5532 Non
2429 5483 2610 5547 caluit
2639 5480 2930 5532 Saturnus
2971 5480 3034 5532 in
3061 5499 3229 5547 regno
3276 5497 3394 5537 suo,
3426 5481 3519 5544 qui
3543 5480 3749 5547 Videli-

2101 5544 2184 5597 cet
2209 5544 2238 5595 e
2267 5547 2420 5595 Creta
2445 5546 2628 5607 pulsus
2657 5559 2690 5595 a
2717 5547 2829 5596 filio
2866 5547 2996 5597 Jove
3042 5546 3238 5595 dicitur
3266 5557 3279 5594 :
3312 5559 3485 5607 neque
3534 5544 3596 5593 in
3647 5547 3742 5596 σαρ-

2141 5609 2315 5664 itolio,
2346 5609 2472 5672 quia
2504 5621 2624 5660 cum
2659 5608 2968 5659 incaluisset
2997 5609 3187 5672 collem
3229 5607 3613 5672 Capitolinum,
3649 5609 3743 5672 ubi

2143 5670 2598 5722 aturniaiconditn
2625 5675 2755 5730 erat,
2785 5674 2970 5734 postea
2997 5671 3145 5721 collis
3177 5670 3267 5722 ille
3296 5670 3442 5721 sacer
3469 5672 3571 5720 fuit
3600 5671 3735 5722 Jovi.
