4128 6184
467 330 586 394 207

459 463 844 534 superiusque
877 464 1004 519 istis
1039 466 1054 498 ί
1090 464 1143 518 in
1193 480 1421 519 summo
1470 463 1613 520 ccelo
1645 464 1953 534 perhibent
1984 463 2098 518 col-

459 545 666 609 locata,
702 545 797 598 ubi
829 546 1187 600 constantior
1219 548 1412 599 motus
1445 544 1815 599 inerrabilem
1850 549 2108 599 meatum

462 623 754 678 sideribus
814 626 1046 695 praebet,
1076 624 1266 679 nullas
1317 641 1469 692 aras,
1503 625 1667 680 nulla
1709 641 1893 692 sacra,
1951 623 2113 679 nulla

463 704 685 774 templa
725 705 982 758 fecerunt
1014 723 1027 771 ;
1064 721 1168 759 nec
1202 706 1362 774 deos,
1393 721 1510 759 non
1543 706 1672 759 dico
1703 705 1857 760 inter
1886 705 1992 760 hos
2023 721 2113 759 se-

465 785 665 850 lectos,
700 785 799 840 sed
820 800 889 839 ne
923 787 1073 840 inter
1104 784 1234 840 illos
1267 785 1502 855 quidem
1526 785 1694 854 quasi
1726 783 1978 856 plebeios
2007 785 2112 840 ha—

467 869 738 924 buerunt.

471 1025 699 1082 CAPUT
731 1029 883 1083 XVI.
916 1059 983 1068 —
1027 1029 1100 1082 De
1143 1029 1433 1100 Appolline
1488 1038 1542 1084 et
1580 1031 1761 1083 Diana
1798 1028 2114 1098 exterisque

542 1107 752 1164 selectis
782 1107 910 1171 diis,
945 1124 1075 1178 quos
1103 1114 1292 1180 partes
1316 1109 1512 1164 mundi
1541 1125 1652 1165 esse
1686 1109 1993 1164 voluerunt.

546 1232 873 1304 Apollinem
908 1233 1177 1305 quamvis
1207 1235 1590 1290 divinatorem
1622 1243 1677 1290 et
1709 1235 1999 1289 medicum
2026 1249 2118 1288 ve-

473 1314 601 1380 lint,
637 1319 833 1368 tamen
884 1321 947 1368 ut
1002 1314 1058 1368 in
1092 1313 1292 1385 aliqua
1323 1321 1482 1385 parte
1515 1315 1717 1370 mundi
1767 1318 2114 1378 statuerent,

474 1396 661 1465 ipsum
689 1395 864 1449 etiam
895 1394 1076 1450 solem
1102 1410 1230 1450 esse
1261 1396 1568 1464 dixerunt;
1609 1396 1963 1466 Dianamque
1989 1410 2115 1463 ger-

477 1491 707 1529 manam
734 1476 859 1544 ejus
891 1474 1156 1530 similiter
1185 1475 1381 1530 lunam
1425 1481 1481 1531 et
1519 1477 1739 1531 viarum
1789 1475 2116 1547 praesidem.

475 1554 637 1610 Unde
669 1561 724 1610 et
769 1556 1053 1626 virginem
1085 1555 1306 1622 volunt,
1335 1558 1486 1626 quod
1523 1557 1613 1610 via
1657 1556 1800 1610 nihil
1834 1557 2020 1626 pariat
2048 1556 2070 1589 ²
2103 1570 2116 1608 :

474 1644 530 1690 et
561 1638 688 1690 ideo
722 1637 926 1690 ambos
977 1637 1219 1708 sagittas
1263 1638 1493 1705 habere,
1526 1640 1679 1708 quod
1732 1638 1859 1702 ipsa
1888 1638 2002 1692 duo
2036 1636 2116 1691 si-

472 1718 610 1771 dera
640 1719 710 1771 de
740 1717 880 1772 cmlo
913 1717 1103 1772 radios
1146 1724 1328 1773 terras
1363 1735 1540 1788 usque
1584 1719 1945 1787 pertendant.
1981 1716 2121 1771 Vul-

473 1814 686 1852 canum
744 1797 944 1852 volunt
1003 1799 1196 1869 ignem
1260 1801 1486 1865 mundi,
1548 1799 1882 1870 Neptunum
1936 1815 2120 1869 aquas

474 1879 703 1942 mundi,
741 1879 925 1932 Ditem
979 1884 1226 1947 patrem,
1265 1879 1370 1933 hoc
1418 1885 1508 1934 est
1563 1883 1797 1939 Orcum.
1832 1885 2120 1933 terrenam

476 1964 532 2013 et
570 1959 833 2013 inﬁmam
869 1967 1091 2027 partem
1155 1959 1381 2013 mundi.
1439 1959 1706 2013 Liberum
1752 1965 1808 2014 et
1857 1959 2121 2013 Cererem

476 2045 822 2109 praeponunt
861 2039 1203 2109 seminibus,
1235 2042 1322 2094 vel
1364 2039 1530 2094 illum
1565 2039 1924 2106 masculinis,
1960 2039 2120 2092 illam

477 2121 813 2186 femininis;
872 2121 962 2174 vel
1017 2119 1180 2174 illum
1216 2121 1451 2190 liquori,
1479 2120 1640 2175 illam
1692 2137 1822 2175 vero
1872 2118 2121 2174 ariditati

474 2200 766 2254 seminum
817 2199 912 2270 (a).
965 2200 1033 2253 Et.
1083 2199 1186 2254 hoc
1247 2201 1444 2268 utique
1501 2206 1686 2256 totum
1748 2202 1994 2255 refertur
2049 2199 2120 2252 ad

475 2281 782 2347 mundum,
816 2280 873 2334 id
919 2286 1006 2334 est
1055 2281 1123 2334 ad
1169 2281 1392 2347 Jovem,
1427 2282 1528 2351 qui
1589 2286 1887 2350 propterea
1931 2281 2120 2334 dictus

471 2365 558 2415 est
593 2357 924 2426 Progenitor
948 2359 1322 2430 genitrixque,
1355 2361 1510 2429 quod
1557 2361 1751 2415 omnia
1797 2360 2023 2414 semina
2052 2375 2121 2413 ex

471 2455 531 2495 se
587 2442 899 2506 emitteret,
952 2444 1010 2493 et
1069 2441 1125 2492 in
1171 2455 1232 2494 se
1277 2442 1576 2511 reciperet.
1638 2440 2118 2510 Quandoquidem

471 2521 645 2575 etiam
697 2519 940 2574 Matrem
977 2535 1248 2590 magnam
1293 2521 1556 2575 eamdem
1588 2519 1849 2576 Cererem
1898 2519 2120 2584 volunt,

473 2616 648 2672 quam
695 2600 841 2655 nihil
889 2598 1046 2653 aliud
1095 2600 1297 2656 dicunt
1338 2617 1462 2655 esse
1491 2617 1667 2671 quam
1699 2605 1938 2666 terram,
1965 2616 2123 2656 eam-

473 2697 583 2750 que
645 2680 946 2751 perhibent
992 2685 1047 2733 et
1095 2680 1402 2734 lunonem.
1448 2686 1511 2733 Et
1549 2681 1674 2735 ideo
1723 2681 1773 2734 ei
1832 2682 2122 2741 secunda

475 2776 683 2813 causas
712 2775 901 2813 rerum
936 2759 1203 2812 tribuunt
1230 2776 1240 2810 :
1265 2775 1392 2813 cum
1421 2765 1614 2813 tamen
1633 2761 1757 2814 Jovi
1785 2761 1852 2814 sit
1880 2761 2120 2823 dictum,

476 2840 795 2907 Progenitor
836 2838 1190 2908 genitrixque
1219 2838 1379 2892 deum
1410 2856 1426 2892 :
1462 2839 1600 2908 quia
1649 2842 1972 2894 secundum
2024 2856 2124 2895 eos

475 2923 636 2972 totus
669 2917 789 2987 ipse
823 2916 1082 2971 mundus
1105 2923 1192 2972 est
1216 2917 1391 2973 Jovis.
1428 2918 1743 2973 Minervam
1769 2919 1960 2984 etiam,
1986 2921 2124 2989 quia

475 3014 600 3052 eam
633 2996 909 3051 humanis
932 2997 1157 3052 artibus
1187 2997 1208 3030 ³
1252 3003 1704 3068 praeposuerunt,
1737 3014 1840 3053 nec
1887 2999 2122 3053 invene-

472 3083 605 3133 runt
640 3075 733 3130 vel
790 3075 1020 3130 stellam
1069 3077 1164 3130 ubi
1199 3093 1326 3132 eam
1381 3083 1682 3147 ponerent,
1716 3078 1982 3132 eamdem
2032 3083 2116 3132 vel

471 3169 758 3210 summum
789 3154 1006 3210 aethera
1037 3154 1123 3210 vel
1159 3155 1327 3210 etiam
1352 3154 1546 3210 lunam
1577 3171 1704 3210 esse
1735 3156 2002 3210 dixerunt
2023 3157 2118 3226 (ὑ),

469 3234 706 3290 Vestam
764 3250 994 3306 quoque
1050 3233 1239 3304 ipsam
1291 3240 1596 3306 propterea
1653 3236 1884 3290 dearum
1933 3238 2114 3289 maxi-

469 3331 624 3370 mam
686 3319 1054 3386 putaverunt,
1107 3317 1260 3385 quod
1324 3316 1452 3386 ipsa
1483 3315 1557 3370 sit
1607 3324 1798 3381 terra;
1856 3315 2118 3386 quamvis

463 3396 657 3466 ignem
692 3395 894 3450 mundi
929 3395 1198 3450 leviorem
1231 3396 1329 3465 qui
1365 3398 1613 3467 pertinet
1647 3395 1719 3451 ad
1751 3412 1895 3450 usus
1926 3395 2116 3451 homi-

465 3492 608 3530 num
643 3474 862 3543 faciles,
897 3492 1011 3530 non
1055 3475 1456 3531 violentiorem
1493 3475 1682 3547 qualis
1730 3476 1976 3531 Vulcani
2007 3481 2114 3545 est,

465 3559 515 3612 ei
573 3557 972 3627 deputandum
1022 3572 1150 3612 esse
1208 3557 1583 3612 crediderunt
1614 3557 1700 3627 (c).
1737 3561 1816 3612 Ac
1876 3573 1976 3627 per
2008 3558 2115 3613 hoc

466 3655 666 3694 omnes
700 3639 841 3694 istos
875 3638 1119 3694 selectos
1157 3639 1297 3693 deos
1332 3639 1487 3694 hunc
1518 3654 1648 3694 esse
1684 3639 1969 3694 mundum
2017 3655 2113 3694 vo-

465 3720 612 3790 lunt,
647 3721 702 3774 in
735 3720 1081 3789 quibusdam
1115 3720 1476 3790 universum,
1511 3719 1568 3773 in
1602 3721 1954 3789 quibusdam
1988 3737 2115 3789 par-

465 3806 550 3856 tes
578 3803 702 3871 ejus
736 3818 749 3856 :
786 3800 1114 3856 universum
1161 3801 1313 3856 sicut
1341 3800 1540 3856 Jovem
1578 3818 1591 3867 ;
1629 3804 1824 3871 partes
1879 3803 2030 3869 ejus,
2055 3805 2115 3854 ut

463 3882 734 3948 Genium,
768 3885 834 3934 ut
865 3880 1104 3935 Matrem
1137 3896 1431 3951 magnam,
1468 3889 1530 3935 ut
1569 3880 1761 3935 Solem
1784 3889 1837 3934 et
1869 3885 2110 3946 Lunam,

466 3959 554 4015 vel
599 3961 792 4032 potius
836 3961 854 3992 ’δ
906 3959 1228 4031 Apollinem
1275 3967 1328 4013 et
1380 3960 1642 4014 Dianam.
1677 3959 1744 4012 Et
1801 3958 2114 4029 aliquando

471 4056 651 4093 unum
685 4039 858 4093 deum
894 4054 980 4092 res
1013 4038 1229 4107 plures,
1263 4037 1579 4107 aliquando
1614 4054 1789 4092 unam
1823 4053 1941 4091 rem
1976 4039 2113 4093 deos

468 4119 663 4187 plures
711 4116 950 4171 faciunt.
986 4117 1126 4170 Nam
1181 4132 1334 4171 unus
1367 4118 1510 4171 deus
1545 4132 1636 4172 res
1697 4117 1893 4187 plures
1952 4123 2111 4186 sunt,

469 4198 617 4251 sicut
644 4197 764 4266 ipse
794 4196 1068 4265 Jupiter:
1103 4203 1156 4249 et
1190 4196 1445 4250 mundus
1477 4197 1629 4251 enim
1667 4204 1820 4251 totus
1860 4197 2112 4266 Jupiter,

467 4282 523 4330 et
550 4275 731 4330 solum
762 4276 972 4329 coelum
1003 4275 1258 4346 Jupiter,
1293 4280 1349 4330 et
1380 4276 1503 4332 sola
1535 4275 1704 4331 stella
1751 4275 1977 4344 JUpiter
2007 4277 2110 4332 lia-

463 4357 637 4411 betur
665 4360 722 4410 et
760 4355 992 4409 dicitur.
1028 4355 1459 4424 ltemqueJuno
1491 4357 1875 4412 secundarum
1909 4372 2110 4413 causa-

465 4453 594 4490 rum
627 4435 888 4502 domina,
922 4442 978 4490 et
1005 4435 1153 4489 Juno
1187 4452 1302 4501 aer,
1336 4441 1392 4489 et
1419 4438 1567 4490 Juno
1616 4442 1790 4504 terra,
1825 4443 1879 4492 et
1908 4438 1954 4490 si
2005 4439 2110 4494 Ve-

465 4531 660 4570 nerem
720 4516 976 4569 vinceret
1004 4513 1224 4579 5,]uno
1284 4516 1473 4570 stella.
1521 4516 1802 4571 Similiter
1857 4519 2110 4574 Minerva

463 4612 733 4651 summus
765 4594 964 4661 either,
999 4599 1054 4649 et
1087 4594 1345 4651 Minerva
1376 4595 1572 4650 itidem
1602 4595 1762 4664 luna,
1787 4615 1960 4667 quam
1984 4615 2110 4655 esse

463 4678 524 4732 in
555 4674 787 4732 aetheris
811 4674 1015 4732 infimo
1049 4675 1231 4731 limite
1253 4675 1607 4731 existimant.
1627 4675 1810 4731 Unam
1838 4694 1965 4734 vero
1989 4695 2106 4735 rem

530 4864 728 4940 idiom,
761 4864 913 4912 ista:
962 4862 1401 4914 dissentientibus
1445 4863 1601 4912 editis
1646 4863 1768 4911 aliis
1814 4865 1866 4912 et
1920 4877 2105 4912 manu-

464 4929 781 5062 Βϐῗῖἓεέομθ.
809 4988 1041 5038 editione
1076 4990 1225 5044 L0\'.,
1272 4991 1407 5052 quia
1455 4989 1599 5041 nihil
1639 4989 1835 5054 pariat
1864 5005 1880 5039 :
1909 4989 2105 5041 omisso

465 5054 646 5105 verbo,
680 5054 788 5100 via.

527 5120 548 5151 3
583 5116 677 5164 Ms.
708 5113 849 5168 2050,
882 5115 1177 5163 mentibus.
1209 5115 1276 5163 M.

526 5180 548 5214 ι
577 5180 722 5236 Mss,
754 5186 814 5225 ut
851 5179 1033 5226 Solem
1063 5177 1144 5224 vel
1177 5178 1398 5225 Lunam.
1424 5195 1442 5236 ;
1464 5186 1524 5225 ut
1552 5180 1757 5239 potius,
1787 5181 1883 5226 etc.

527 5245 546 5276 ⁵
588 5242 859 5294 Vinceret,
897 5243 1026 5300 puta
1054 5239 1108 5286 in
1139 5241 1476 5289 contentione
1522 5241 1585 5288 de
1631 5241 1862 5287 Lucifero
1913 5239 2097 5294 sidere,

462 5306 622 5378 quod,
643 5305 733 5378 .uti
767 5305 936 5365 capite
958 5304 1226 5364 superiore
1256 5305 1520 5354 observat.
1543 5303 1758 5364 quidam
1787 5303 1968 5350 dicunt
1988 5316 2102 5350 esse

461 5367 741 5492 “agnati.
776 5429 1083 5485 Varronem,
1113 5429 1177 5492 de
1207 5427 1350 5488 Ling.
1383 5429 1474 5477 lat.
1509 5428 1600 5475 lib.
1635 5426 1762 5492 3,7§§
1780 5426 1858 5492 6_6,
1895 5425 1971 5474 59.

519 5489 590 5552 (b)
624 5493 767 5540 Cont.
798 5492 1100 5545 Eusebium,
1153 5490 1390 5551 Praepar.
1426 5492 1621 5549 Evang.
1659 5489 1749 5536 lib.
1795 5489 1840 5544 3,
1875 5503 1987 5550 cap.
2023 5489 2097 5543 ll,

491 5553 642 5601 allice
675 5569 707 5601 a
752 5557 903 5603 nobis
951 5555 1286 5607 translatum,
1342 5553 1821 5600 De'monstrations
1872 5552 2099 5614 e’vangé-

455 5566 642 5664 gallica
675 5569 707 5601 a
752 5566 903 5603 nonis
951 5566 989 5603 tr

482 5614 656 5677 iques,
689 5619 814 5664 tom.
849 5617 891 5664 1.
925 5618 989 5663 Μ.

516 5675 586 5742 (ο)
623 5677 737 5726 Vid.
769 5679 1025 5737 Lactant,,
1055 5679 1147 5728 lib.
1185 5677 1206 5725 1
1241 5677 1439 5739 Instit.,
1465 5690 1579 5742 cap.
1616 5675 1688 5726 l2.

1527 330 1627 390 DE
1672 329 2033 390 CIVITATE
2079 329 2228 397 DEI,
2277 331 2340 389 S.
2394 328 2820 392 AUGUSTINI

3745 330 3863 389 208

2213 464 2351 519 deos
2380 463 2575 535 plures
2623 466 2702 520 ita
2735 465 2974 521 faciunt.
3010 465 3077 520 Et
3104 463 3291 520 Janus
3347 466 3436 518 est
3485 463 3765 530 mundus,
3806 469 3868 520 et

2213 543 2442 679 .(llupiter
2474 561 2486 598 :
2523 545 2607 602 sic
2636 551 2693 600 et
2718 546 2870 601 Juno
2911 550 3001 600 est
3031 551 3204 612 terra,
3237 548 3294 599 et
3329 547 3511 598 Mater
3541 560 3774 615 magna,
3809 549 3866 599 et

2261 641 2407 679 eres.

2261 641 2407 681 61'08.

2217 762 2441 822 CAPUT
2465 763 2638 819 XVII.
2676 794 2742 804 --
2775 764 2933 832 Quod
2982 765 3147 818 etiam
3185 763 3298 833 ipse
3355 765 3521 819 Varro
3578 763 3865 834 opiniones

2466 861 2605 900 suas
2633 844 2698 901 de
2728 844 2835 899 diis
2874 844 3254 916 pronuntiarit
3295 845 3608 916 ambiguas.

2292 979 2358 1034 Et
2388 980 2540 1034 sicut
2568 980 2708 1050 haec,
2743 995 2869 1052 quas
2901 979 3145 1051 exempli
3179 981 3358 1051 gratia
3399 981 3864 1049 commemoravi,

2219 1059 2300 1114 ita
2346 1069 2550 1116 cetera
2595 1077 2712 1116 non
2769 1061 3082 1132 explicant,
3116 1062 3212 1116 sed
3269 1063 3462 1132 potius
3518 1060 3862 1131 implicant;

2221 1140 2374 1196 sicut
2430 1141 2680 1212 impetus
2725 1142 3066 1197 errabundas
3111 1141 3402 1210 Opinionis
3440 1141 3757 1213 impulerit,
3789 1141 3871 1196 ita

2221 1220 2334 1275 huc
2365 1227 2536 1292 atque
2566 1222 2724 1290 illuc,
2761 1223 2891 1278 hinc
2917 1228 3094 1294 atque
3143 1222 3304 1279 illinc
3345 1223 3612 1278 insiliunt
3642 1232 3695 1278 et
3726 1223 3871 1277 resi-

2221 1302 2374 1357 liunt
2405 1320 2417 1358 :
2456 1310 2518 1358 ut
2549 1305 2672 1374 ipse
2722 1302 2895 1358 Varro
2927 1305 2998 1359 de
3049 1305 3322 1359 omnibus
3371 1303 3656 1373 dubitare,
3690 1319 3870 1373 quam

2221 1381 2439 1453 aliquid
2502 1385 2793 1440 afﬁrmare
2848 1385 3136 1439 maluerit.
3171 1384 3314 1439 Nam
3367 1385 3544 1439 trium
3577 1393 3866 1440 extremo-

2223 1479 2353 1516 rum
2381 1464 2631 1534 primum
2664 1474 2795 1519 cum
2817 1465 2886 1519 de
2916 1463 3028 1519 diis
3058 1465 3232 1519 certis
3262 1463 3609 1519 absolvisset
3632 1465 3868 1531 librum,

2223 1543 2281 1596 in
2315 1542 2490 1598 altero
2549 1545 2620 1599 de
2677 1545 2789 1600 diis
2849 1545 3085 1599 incertis
3137 1544 3329 1600 dicere
3386 1545 3707 1614 ingressus,
3741 1545 3870 1599 ait:

2227 1622 2359 1676 Cum
2389 1623 2450 1677 in
2482 1625 2580 1680 hoc
2608 1625 2790 1680 libello
2825 1625 3018 1680 dubius
3047 1625 3112 1680 de
3143 1627 3254 1679 diis
3294 1625 3576 1696 opiniones
3618 1641 3870 1696 posuero,

2224 1705 2548 1774 reprehendi
2602 1723 2711 1762 non
2757 1706 2935 1760 debeo.
2994 1705 3104 1775 Qui
3155 1708 3302 1761 enim
3357 1707 3574 1776 putabit
3619 1706 3873 1776 judicari

2225 1797 2468 1854 aporlere
2517 1792 2566 1841 et
2595 1803 2762 1858 posse,
2795 1803 2920 1842 cum
2953 1787 3214 1853 audierit,
3245 1786 3410 1856 [aciet
3442 1787 3556 1858 ipse
3583 1805 3602 1840 :
3659 1804 3755 1855 ego
3785 1790 3872 1844 ci-

2226 1868 2334 1919 tius
2365 1866 2588 1936 perduci
2631 1883 2874 1938 possum,
2909 1874 2968 1922 ut
3000 1870 3060 1922 in
3104 1870 3286 1939 primo
3316 1868 3457 1922 libro
3504 1883 3627 1938 qua
3654 1868 3778 1923 dixi
3809 1872 3873 1924 in

2226 1946 2628 2002 dubitationem
2651 1964 2910 2013 reuocem,
2943 1964 3104 2019 quam
3137 1949 3199 2002 in
3229 1947 3328 2002 hoc
3365 1962 3490 2018 quae
3536 1950 3874 2018 perscribam

2225 2030 2412 2082 omnia
2441 2036 2499 2083 ut
2527 2030 2597 2083 ad
2639 2030 2886 2099 aliquam
2943 2028 3188 2099 dirigam
3232 2045 3508 2083 summam
3540 2032 3579 2084 ί.
3614 2028 3698 2084 Ita
3756 2045 3875 2083 non

2228 2108 2412 2163 solum
2464 2108 2640 2164 istum
2691 2110 2761 2164 de
2799 2109 2908 2166 uiis
2942 2109 3202 2174 incertis,
3236 2109 3339 2164 sed
3369 2109 3542 2164 etiam
3602 2109 3763 2163 illum
3799 2110 3874 2164 de

2227 2191 2398 2245 certis
2433 2191 2564 2244 fecit
2611 2191 2919 2246 incertum.
2955 2193 3015 2245 In
3067 2191 3234 2244 tertio
3267 2206 3434 2261 porro
3489 2191 3598 2245 isto
3656 2190 3725 2244 de
3757 2191 3876 2244 diis

2227 2269 2472 2335 selectis,
2508 2275 2884 2341 posteaquam
2917 2270 3270 2342 praelocutus
3299 2276 3383 2324 est
3413 2270 3561 2340 quod
3605 2287 3671 2324 ex
3704 2275 3874 2324 natu-

2227 2350 2334 2404 rali
2363 2350 2646 2421 theologia
2683 2350 3158 2422 praeloquendum
3215 2350 3457 2420 putavit,
3490 2348 3869 2421 ingressurus

2226 2431 2398 2501 hujus
2431 2433 2615 2487 civilis
2647 2432 2948 2504 theologica
2981 2433 3266 2487 vanitates
3314 2439 3370 2487 et
3418 2433 3673 2488 insanias
3705 2449 3868 2487 men-

2227 2513 2396 2568 daces
2430 2515 2526 2583 (a),
2556 2514 2654 2568 ubi
2687 2529 2816 2568 eum
2849 2530 2960 2568 non
2995 2514 3184 2568 solum
3218 2529 3333 2568 non
3376 2514 3627 2568 ducebat
3674 2529 3867 2568 rerum

2227 2594 2462 2654 veritas,
2500 2596 2598 2648 sed
2631 2594 2806 2648 etiam
2840 2594 3131 2663 majorum
3167 2594 3467 2664 premebat
3505 2593 3820 2648 auctoritas
3856 2608 3868 2648 :

2228 2674 2299 2728 De
2330 2675 2460 2740 diis,
2494 2674 2707 2744 inquit,
2737 2674 2932 2744 populi
2953 2675 3185 2730 Romani
3201 2674 3458 2744 publicis,
3495 2674 3693 2743 quibus
3719 2675 3873 2730 mdes

2226 2754 2630 2819 dedicaverunt,
2662 2770 2856 2825 eosque
2898 2755 3154 2824 pluribus
3195 2757 3367 2824 signis
3396 2764 3617 2808 ornatos
3649 2765 3878 2809 natave-

2227 2844 2378 2898 runt,
2410 2837 2466 2887 in
2501 2835 2602 2888 hoc
2630 2835 2770 2888 libro
2799 2835 3034 2888 scribam
3055 2851 3075 2895 ,'
3105 2833 3216 2899 sed,
3250 2839 3306 2888 ut
3334 2835 3678 2902 XenOplumes
3710 2837 3877 2889 Coto-

2227 2915 2456 2984 phonius
2511 2915 2720 2981 scribit,
2753 2915 2886 2985 quid
2941 2926 3145 2984 putem,
3185 2930 3292 2969 non
3354 2917 3482 2984 quid
3525 2914 3877 2976 contendam,

2223 3011 2448 3064 ponam.
2500 2996 2750 3048 Hominis
2799 3005 2876 3049 est
2914 2999 3062 3049 enim
3112 2995 3232 3050 hazc
3278 2997 3515 3065 opinari,
3569 2995 3663 3048 Dei
3708 2995 3881 3050 scire.

2231 3075 2440 3129 Rerum
2473 3075 2651 3145 igitur
2683 3093 2795 3130 non
2845 3076 3424 3146 comprehcnsarum,
3461 3091 3562 3130 nec
3605 3075 3884 3129 ﬁrmissi-

2227 3172 2319 3210 me
2351 3156 2725 3223 creditarum,
2759 3158 2857 3212 sed
2892 3157 3259 3226 Opinatarum
3318 3161 3370 3210 et
3423 3157 3882 3212 dubitandarum

2225 3253 2548 3292 sermonem
2582 3239 2841 3306 trepidus
2884 3237 3206 3308 pollicetur,
3238 3237 3502 3292 dicturus
3533 3255 3593 3292 ea
3644 3255 3770 3308 quae
3806 3237 3883 3294 ah

2223 3317 2558 3374 hominibus
2587 3319 2856 3374 instituta
2888 3325 3043 3373 sunt.
3080 3320 3273 3390 Neque
3318 3318 3497 3387 enim,
3530 3321 3680 3374 sicut
3727 3319 3883 3374 scie-

2224 3401 2319 3454 bat
2349 3417 2476 3455 esse
2508 3401 2817 3465 mundum,
2851 3415 2978 3454 esse
3027 3399 3232 3454 caelum
3284 3405 3342 3453 et
3391 3403 3628 3465 terram,
3661 3398 3875 3454 ccelum

2223 3480 2515 3534 sideribus
2579 3478 2885 3549 fulgidum,
2947 3484 3156 3532 terram
3218 3479 3541 3533 seminibus
3601 3478 3874 3545 fertilem,

2219 3565 2388 3628 atque
2423 3560 2755 3631 huiusmodi
2795 3564 3020 3623 caetera,
3053 3560 3206 3614 sicut
3238 3559 3386 3613 hanc
3435 3563 3616 3613 totam
3652 3558 3874 3614 molem

2220 3647 2394 3710 atque
2426 3649 2691 3695 naturam
2726 3641 2778 3692 vi
2815 3640 3065 3709 quadam
3099 3639 3373 3693 invisibili
3415 3655 3480 3693 ac
3525 3639 3878 3710 praepotenti

2222 3722 2339 3790 regi
2363 3729 2533 3791 atque
2558 3719 2958 3775 administrari
2995 3723 3152 3774 certa
3182 3719 3362 3773 animi
3395 3720 3711 3773 stabilitate
3741 3735 3876 3775 cre-

2221 3801 2398 3854 debat
2431 3817 2444 3866 ;
2479 3803 2556 3854 ita
2589 3807 2803 3870 poterat
2839 3799 3131 3853 afﬁrmare
3183 3799 3252 3852 de
3281 3798 3450 3866 Jano,
3485 3799 3637 3869 quod
3695 3815 3878 3854 mun-

2220 3881 2330 3933 dus
2363 3880 2482 3950 ipse
2514 3884 2707 3946 esset;
2735 3888 2834 3934 aut
2865 3881 2932 3933 de
2963 3879 3214 3933 Saturno
3259 3879 3537 3944 invenire,
3571 3881 3876 3948 quomodo

2221 3967 2279 4018 et
2308 3960 2466 4015 Jovis
2500 3965 2657 4030 pater
2687 3964 2840 4014 esset
2870 3959 3064 4014 etJovi
3097 3959 3364 4029 regnanti
3397 3958 3418 3992 ²
3451 3957 3720 4013 subditus
3749 3958 3880 4014 fac-

2221 4040 2314 4094 ius
2347 4047 2519 4106 esset,
2552 4045 2609 4094 et
2649 4045 2851 4094 caztera
2881 4037 3034 4093 talia.

2219 4175 2450 4231 CAPUT
2503 4175 2696 4230 XVIII.
2732 4207 2799 4215 —
2841 4176 2967 4243 Qui:
3007 4173 3327 4231 credibilior
3386 4191 3549 4230 causa
3601 4177 3696 4245 sit,
3754 4193 3880 4248 qua

2596 4273 2752 4312 error
2781 4259 3130 4325 Paganitatis
3171 4256 3475 4311 inoleverit.

2291 4394 2368 4448 De
2399 4392 2614 4463 quibus
2645 4392 2975 4448 credibilior
3004 4393 3264 4448 redditur
3293 4392 3462 4458 ratio,
3494 4407 3629 4448 cum
3661 4392 3879 4464 perhi-

2216 4475 2430 4530 bentur
2462 4473 2725 4528 homines
2760 4474 2956 4541 fuisse,
2995 4479 3051 4528 et
3085 4473 3401 4544 unicuique
3429 4489 3628 4529 eorum
3661 4473 3732 4527 ab
3771 4473 3878 4528 his

2216 4556 2310 4627 qui
2363 4571 2458 4611 eos
2507 4555 2795 4610 adulando
2845 4555 2983 4610 deos
3036 4570 3163 4610 esse
3194 4553 3522 4622 voluerunt,
3555 4571 3622 4610 ex
3681 4555 3821 4623 ejus
3857 4556 3881 4590 ²

2213 4637 2468 4708 ingenio,
2501 4637 2782 4705 moribus,
2811 4636 3057 4704 actibus,
3091 4636 3346 4704 casibus,
3380 4653 3547 4691 sacra
3572 4641 3629 4690 et
3651 4635 3880 4694 solem-

2214 4719 2311 4773 nia
2369 4718 2702 4784 constituta,
2736 4727 2906 4787 atque
2961 4717 3079 4770 haec
3138 4717 3417 4785 paulatim
3473 4732 3575 4788 per
3623 4717 3876 4774 animas

2210 4799 2511 4854 hominum
2544 4799 2906 4852 deemonibus
2928 4795 3152 4850 similes
3185 4802 3239 4850 et
3271 4795 3623 4850 ludicrarum
3649 4812 3861 4852 rerum

2210 4881 2408 4935 avidas
2455 4878 2781 4947 irrependo,
2835 4876 3004 4946 longe
3036 4875 3260 4947 lateque
3307 4875 3538 4946 vulgata
3567 4877 3607 4940 ‘,
3640 4892 3877 4932 ornau-

2212 4962 2364 5016 tibus
2407 4976 2473 5013 ea
2507 4958 2824 5013 mendaciis
2874 4962 3194 5026 poetarum,
3228 4965 3280 5010 et
3311 4957 3380 5010 ad
3436 4973 3504 5012 ea
3551 4955 3878 5014 fallacibus

2210 5039 2515 5110 spiritibus
2546 5037 2983 5094 seducentibus.
3015 5036 3266 5092 Facilius
3291 5037 3451 5092 enim
3487 5036 3610 5092 fieri
3643 5038 3877 5107 potuit,

2275 5240 2289 5272 1
2338 5235 2479 5290 Mss,
2525 5233 2902 5296 praescribunt
2935 5233 3142 5293 omnia,
3197 5241 3254 5281 ut
3302 5231 3554 5294 aliquam
3604 5231 3876 5292 dirigam

2206 5313 2508 5350 summam.
2541 5297 2751 5354 omisso,
2785 5298 2868 5344 ad.

2274 5365 2295 5398 2
2326 5362 2409 5410 Sic
2439 5361 2605 5409 nostri
2637 5361 2791 5408 Codd.
2827 5361 2883 5407 ln
2915 5359 2986 5419 13.,
3038 5368 3086 5406 et
3136 5358 3438 5420 regnanti;
3481 5357 3677 5406 omissa
3709 5370 3881 5415 voce,

2214 5425 2360 5474 Jovi.
2392 5425 2457 5471 Μ.

2273 5488 2292 5519 ³
2324 5491 2402 5534 Er.
2435 5488 2486 5534 et
2518 5487 2662 5542 Lov,,
2696 5500 2764 5532 ea:
2793 5499 3002 5532 eorum.
3035 5485 3102 5532 At
3129 5483 3252 5533 Mss.
3303 5498 3373 5532 ea:
3414 5483 3556 5543 ejus,
3598 5483 3740 5545 quod
3777 5497 3882 5534 re-

2206 5550 2374 5597 fertur
2402 5549 2485 5603 ad,
2519 5548 2842 5610 unicuique.

2271 5611 2293 5644 ι
2327 5611 2482 5671 Editi,
2516 5609 2844 5672 vulgarunt.
2876 5609 3236 5660 Emendantur
3269 5623 3302 5658 a
3322 5609 3447 5665 Mss.

2275 5674 2344 5739 (a)
2380 5674 2582 5723 Alludit
2609 5671 2675 5724 ad
2711 5671 2848 5723 Psal.
2880 5686 3034 5732 xxxix,
3090 5673 3139 5725 5.
