4128 6184
275 318 392 382 209

268 453 332 505 ut
355 448 594 520 juvenis
633 447 851 519 impius
883 448 968 505 vel
1001 450 1072 505 ab
1113 449 1292 519 impio
1323 455 1484 523 patre
1512 452 1758 510 interfici
1810 472 1923 511 me-

268 534 442 585 tuens
472 535 530 584 et
559 531 762 586 avidus
795 531 954 602 regni
983 538 1204 602 patrem
1239 532 1472 600 pelleret
1517 551 1713 606 regno,
1746 552 1923 607 quam

265 612 346 678 id,
372 613 529 682 quod
562 611 667 667 iste
709 611 1145 681 interpretatur,
1171 613 1300 667 ideo
1343 614 1658 669 Saturnum
1706 623 1921 685 patrem

266 708 301 747 a
327 690 469 746 Jove
509 691 630 746 tilio
689 697 1054 761 superatum,
1090 693 1243 762 quod
1294 699 1428 748 ante
1467 699 1555 749 est
1585 711 1763 749 causa
1793 712 1924 767 quas

264 772 518 841 pertinet
549 772 618 825 ad
651 771 874 836 Jovem,
908 788 1080 840 quam
1132 787 1332 828 semen
1365 775 1519 844 quod
1572 775 1818 845 pertinet
1849 779 1920 833 ad

263 852 606 907 Saturnum.
641 851 699 906 Si
735 851 891 906 enim
928 851 1035 907 hoc
1066 853 1146 907 ita
1175 857 1346 920 esset,
1383 871 1682 925 nunquam
1728 857 1923 912 Satur-

263 947 379 987 nus
424 931 580 1002 prior
626 931 861 996 fuisset,
897 948 1002 986 nec
1049 937 1213 1002 pater
1251 933 1412 989 Jovis
1470 940 1643 991 esset.
1688 937 1925 1007 Semper

261 1013 425 1070 enim
456 1029 654 1069 semen
685 1030 862 1070 causa
884 1013 1298 1084 praecedit,nec
1333 1031 1589 1083 un-iuam
1613 1024 1924 1088 generatur

260 1110 332 1150 ex
355 1094 712 1150 semine.Sec
736 1111 867 1150 cum
885 1099 1171 1150 conantur
1185 1095 1534 1151 vanissimas
1558 1098 1784 1154 fabulas
1803 1099 1922 1154 sive

262 1175 567 1232 hominum
600 1192 689 1231 res
720 1182 914 1246 gestas
948 1176 1106 1230 velut
1162 1177 1526 1232 naturalibus
1576 1179 1920 1250 interpreta-

261 1257 526 1312 tionibus
545 1256 849 1322 honorare,
881 1257 1060 1312 etiam
1092 1256 1350 1312 homines
1371 1259 1696 1314 acutissimi
1727 1264 1918 1316 tantas

261 1339 568 1410 patiuntur
613 1338 934 1410 angustias,
968 1343 1030 1394 ut
1075 1354 1277 1394 eorum
1317 1356 1550 1412 quoque
1597 1342 1918 1398 vanitatem

257 1419 457 1474 dolere
489 1435 788 1490 cogamur.

351 1556 584 1614 CAPUT
614 1560 771 1616 XIX.
804 1588 873 1600 —-
920 1562 998 1615 De
1046 1559 1609 1630 interpretationibus,
1651 1563 1848 1634 quibus

523 1639 740 1696 colendi
767 1639 1002 1696 Saturni
1029 1639 1177 1695 ratio
1219 1643 1581 1698 concinnatur
1612 1643 1651 1698 ί.

335 1775 676 1840 Saturnum,
700 1774 911 1846 inquit,
959 1774 1251 1840 dixerunt,
1293 1792 1418 1847 qua
1451 1781 1585 1832 nata
1616 1794 1684 1834 ex
1714 1794 1780 1835 eo
1828 1796 1912 1836 es

257 1859 414 1918 sent,
446 1854 687 1908 solitum
721 1853 997 1908 devorare
1030 1871 1043 1919 ;
1081 1855 1234 1926 quod
1267 1871 1333 1909 eo
1358 1858 1604 1926 semina,
1629 1859 1782 1914 unde
1805 1877 1915 1915 na-

258 1939 587 1998 scerentur,
637 1933 906 1988 redirent.
961 1935 1028 1988 Et
1062 1935 1214 2004 quod
1271 1934 1354 1989 illi
1398 1952 1500 2005 pro
1557 1937 1696 1993 Jove
1745 1939 1916 2010 gleba

260 2014 496 2083 objecta
539 2018 628 2068 est
667 2014 1012 2082 devoranda,
1047 2014 1363 2084 significat,
1397 2018 1608 2087 inquit,
1645 2020 1916 2075 manibus

257 2093 543 2148 humanis
592 2093 756 2148 obrui
799 2101 1014 2163 coeptas
1063 2095 1306 2150 serendo
1358 2095 1566 2166 fruges.
1601 2105 1914 2170 antequam

257 2175 488 2229 utilitas
528 2174 734 2230 arandi
782 2180 937 2230 esset
991 2175 1245 2231 inventa.
1281 2176 1570 2234 Saturnus
1619 2195 1755 2250 ergo
1804 2181 1914 2235 dici

265 2257 480 2311 debuit
508 2255 638 2326 ipsa
695 2261 870 2321 terra,
903 2273 1019 2312 non
1052 2257 1277 2312 semina
1316 2274 1328 2311 :
1365 2258 1488 2329 ipsa
1541 2259 1699 2314 enim
1770 2278 1914 2332 quo-

251 2335 580 2390 dammodo
613 2334 848 2388 devorat
879 2351 1003 2405 quae
1027 2336 1436 2404 genueritcum
1471 2354 1539 2393 ex
1571 2355 1637 2393 ea
1660 2345 1794 2393 nata
1827 2357 1915 2395 se-

249 2415 424 2470 mina
455 2416 514 2467 in
548 2428 678 2468 eam
711 2429 912 2468 rursus
945 2415 1273 2484 recipienda
1307 2417 1598 2472 redierint.
1635 2420 1702 2472 Et
1757 2423 1913 2490 quod

247 2511 368 2566 pro
410 2494 555 2548 Jove
581 2492 868 2562 accepisse
910 2493 1125 2548 dicitur
1157 2495 1410 2565 glebam,
1444 2499 1583 2568 quid
1618 2498 1726 2552 hoc
1751 2501 1819 2553 ad
1857 2501 1911 2555 id

243 2572 449 2639 valet,
475 2573 626 2642 quod
653 2571 913 2626 manibus
935 2572 1232 2628 hominum
1257 2592 1453 2630 semen
1490 2577 1656 2646 gleba
1679 2594 1916 2648 coeper-

249 2660 394 2710 tum
429 2652 872 2721 est?Numquid
905 2653 1030 2707 ideo
1059 2671 1168 2708 non
1200 2663 1303 2720 est,
1338 2662 1399 2710 ut
1425 2662 1647 2724 caetera,
1673 2659 1916 2714 devora-

255 2742 417 2800 tum,
450 2732 610 2804 quod
641 2732 810 2802 gleba
830 2739 1156 2804 coopertum
1191 2739 1327 2791 est?
1357 2739 1440 2792 Ita
1471 2739 1624 2793 enim
1659 2740 1768 2795 hoc
1799 2742 1917 2795 dic-

255 2821 392 2870 tum
421 2819 531 2880 est,
567 2813 732 2884 quasi
766 2814 860 2882 qui
892 2813 1119 2885 glebam
1156 2818 1447 2887 opposuit,
1483 2835 1680 2874 semen
1712 2821 1913 2876 abstu-

255 2893 418 2960 lerit,
454 2894 866 2948 sicutSaturno
897 2893 1206 2963 perhibent
1235 2895 1424 2951 oblata
1453 2897 1620 2969 gleba
1651 2900 1912 2956 ablatum

251 2977 466 3029 Jovem
494 2989 510 3040 ;
542 2989 609 3029 ac
650 2989 765 3028 non
796 2973 982 3044 potius
1013 2973 1182 3044 gleba
1237 2991 1433 3031 semen
1485 2978 1795 3049 operiendo
1827 2981 1913 3036 fe-

257 3052 408 3109 cerit
447 3052 594 3107 illud
645 3052 978 3124 diligentius
1009 3055 1293 3110 devorari.
1328 3055 1545 3112 Deinde
1593 3059 1706 3114 isto
1741 3062 1909 3115 modo

257 3151 470 3190 semen
502 3139 591 3188 est
617 3133 862 3204 Jupiter,
889 3151 1004 3190 non
1044 3137 1287 3192 seminis
1317 3153 1514 3206 causa,
1547 3141 1698 3210 quod
1736 3141 1910 3211 paulo

256 3222 398 3271 ante
428 3213 748 3270 dicebatur.
782 3215 889 3269 Sed
924 3214 1066 3286 quid
1089 3216 1303 3271 faciant
1335 3216 1624 3285 homines,
1650 3221 1745 3292 qui
1779 3235 1909 3276 cum

256 3313 356 3352 res
387 3296 601 3351 stultas
638 3297 1114 3367 interpretantur,
1147 3313 1264 3352 non
1313 3297 1616 3354 inveniunt
1645 3301 1780 3372 quid
1815 3318 1911 3356 sa-

253 3377 495 3449 pienter
543 3375 814 3431 dicatur?
873 3375 1096 3432 Falcem
1158 3377 1348 3445 habet,
1411 3379 1621 3451 inquit,
1674 3387 1912 3452 propter

255 3455 700 3528 agriculturam.
752 3456 914 3512 Certe
972 3455 1071 3512 illo
1137 3463 1418 3530 regnante
1478 3462 1733 3516 nondum
1789 3465 1912 3516 erat

255 3535 636 3610 agricultura,
670 3541 725 3590 et
779 3536 907 3592 ideo
958 3538 1153 3608 priora
1211 3540 1333 3609 ejus
1388 3544 1652 3611 tempora
1710 3541 1904 3613 perhi-

253 3617 500 3681 bentur,
524 3617 672 3672 sicut
703 3616 857 3671 idem
887 3617 1008 3687 ipse
1038 3617 1280 3674 fabellas
1309 3620 1742 3690 interpretatur,
1776 3620 1911 3691 quia

255 3696 440 3768 primi
498 3695 760 3752 homines
807 3712 876 3750 ex
933 3697 1023 3752 his
1080 3697 1340 3753 vivebant
1407 3700 1750 3770 seminibus,
1783 3717 1909 3771 quae

254 3784 420 3834 terra
471 3782 676 3847 sponte
718 3777 1011 3848 gignebat.
1047 3784 1132 3833 An
1183 3779 1386 3834 falcem
1422 3786 1648 3852 sceptro
1691 3781 1910 3851 perdito

255 3855 510 3927 accepit,
545 3859 628 3925 ut,
664 3856 764 3926 qui
799 3855 1002 3926 primis
1035 3857 1395 3925 temporibus
1429 3875 1528 3914 rex
1558 3860 1739 3915 fuerat
1769 3860 1911 3914 otio-

257 3955 391 4003 sus,
455 3937 574 3992 ﬁlio
629 3941 908 4006 regnante
963 3938 1123 3992 fieret
1175 3939 1473 4008 operarius
1524 3940 1849 3997 laboriosus
1883 3942 1910 3996 ‘?

255 4017 485 4074 Deinde
508 4017 634 4071 ideo
665 4016 803 4071 dicit
826 4032 858 4069 a
881 4015 1235 4086 quibusdam
1268 4035 1479 4090 pueros
1507 4021 1556 4076 ei
1581 4020 1779 4076 solitos
1810 4022 1913 4076 im.

260 4098 499 4165 molari,
531 4095 679 4153 sicut
733 4113 766 4152 a
806 4095 998 4152 Pmnis
1040 4096 1134 4168 (α),
1170 4105 1224 4152 et
1277 4116 1310 4152 a
1339 4101 1693 4170 quibusdam
1737 4103 1910 4158 etiam

256 4182 542 4250 majores,
575 4178 777 4235 sicuta
798 4177 1000 4245 Gallis,
1034 4179 1170 4249 quia
1191 4181 1450 4236 omnium
1485 4183 1775 4238 seminum
1807 4200 1911 4254 op-

259 4261 477 4317 timum
511 4264 600 4316 est
628 4275 814 4330 genus
859 4257 1196 4315 humanum.
1231 4260 1310 4315 De
1343 4261 1446 4317 hac
1503 4264 1914 4320 crudelissima

257 4340 520 4396 vanitate
552 4339 689 4410 quid
722 4354 869 4409 opus
919 4343 1009 4393 est
1062 4340 1226 4410 plura
1274 4341 1462 4398 dicere
1491 4343 1519 4397 ?
1547 4345 1664 4400 Hoc
1720 4347 1912 4416 potius

259 4422 638 4476 advertamus
681 4423 854 4488 atque
900 4423 1224 4487 teneamus,
1250 4421 1354 4476 has
1408 4424 1912 4495 interpretationes

258 4519 380 4558 non
415 4501 613 4556 referri
647 4501 716 4555 ad
752 4515 954 4555 verum
1005 4501 1209 4571 Deum,
1255 4503 1463 4572 vivam,
1497 4507 1911 4575 incorpoream,

260 4580 935 4650 incommutabilemque
967 4585 1261 4652 naturam,
1291 4603 1321 4640 a
1354 4601 1468 4656 quo
1509 4585 1625 4639 vita
1664 4587 1720 4640 in
1752 4591 1913 4641 aeter-

259 4677 408 4716 num
447 4659 612 4716 beata
660 4660 953 4731 poscenda
1011 4666 1138 4729 est;
1183 4664 1285 4719 sed
1343 4681 1541 4720 earum
1593 4681 1722 4720 esse
1772 4666 1917 4720 ﬁnes

257 4743 322 4797 in
408 4741 584 4796 rebus
672 4745 1094 4816 corporalibus,
1158 4746 1596 4816 temporalibus,
1669 4746 1917 4801 mutabi-

263 4822 430 4876 libus
500 4825 674 4892 atque
744 4826 1112 4882 mortalibus.
1176 4825 1335 4889 Quod
1393 4826 1638 4892 leum,
1706 4825 1914 4896 inquit,

264 4908 493 4973 patrem
573 4902 859 4961 Saturnus
933 4912 1221 4962 castrasse
1282 4906 1340 4960 in
1400 4905 1611 4961 fabulis
1687 4907 1913 4975 dicitur,

261 4983 376 5038 hoc
435 4980 728 5053 signiﬁcat
775 5001 952 5057 penes
1004 4987 1345 5054 Saturnum,
1399 5001 1516 5041 non
1575 5002 1749 5057 penes
1785 4990 1915 5044 Cae-

259 5062 415 5128 lum,
452 5077 650 5118 semen
709 5079 839 5120 esse
891 5065 1174 5121 divinum.
1209 5066 1328 5121 Hoc
1387 5071 1708 5138 propterea,
1742 5083 1919 5140 quan-

259 5148 390 5198 tum
453 5141 703 5216 intelligi
737 5145 930 5212 datur,
987 5145 1124 5217 quia
1157 5147 1300 5202 nihil
1359 5147 1414 5201 in
1449 5147 1591 5202 coelo
1622 5148 1689 5203 de
1744 5149 1916 5203 semi-

259 5221 445 5279 nibus
493 5223 766 5279 nascitur.
827 5227 938 5281 Sed
987 5241 1137 5292 ecce,
1187 5227 1470 5284 Saturnus
1531 5227 1580 5283 si
1636 5225 1774 5282 Coeli
1832 5231 1922 5282 est

261 5303 449 5372 filius,
480 5304 636 5357 Jovis
684 5308 773 5360 est
817 5306 993 5362 filius.
1045 5307 1260 5363 Coalurn
1311 5311 1465 5364 enim
1517 5323 1643 5362 esse
1693 5307 1916 5376 Jovem,

335 5486 349 5517 ι
390 5481 456 5529 In
485 5481 686 5531 editis:
735 5482 978 5531 Saturni
1025 5501 1253 5533 causam
1301 5488 1771 5535 ratiocinantur:

269 5545 596 5675 “Etiam.
634 5606 821 5675 Euseb.
853 5607 1095 5675 91:99pm.
1128 5623 1329 5675 evang._
1351 5611 1444 5658 lib.
1473 5611 1522 5672 4,
1571 5624 1684 5675 cap.
1718 5611 1794 5666 16,
1828 5613 1925 5660 De'-

269 5673 682 5717 monstrationa
711 5669 1121 5733 e‘vangéliéuea,
1152 5669 1291 5722 tom:
1311 5673 1356 5722 1.
1393 5675 1458 5722 Μ.

1817 5501 1925 5538 σοι’-

1612 328 1850 391 LIBER
1893 330 2312 395 SEPTIMUS.

3567 354 3686 412 210

2033 459 2588 550 innumerabiliter‘
2649 474 2701 522 et
2758 467 3065 541 diligenter
3110 474 3406 532 afﬁrmant
3468 479 3566 550 (α).
3601 483 3685 536 Ila

2031 537 2161 628 ista,
2197 559 2331 628 quia
2358 561 2389 597 a
2421 546 2655 600 veritate
2688 563 2801 602 non
2827 537 3086 618 veniunt,
3115 556 3452 628 plerumque
3472 537 3682 614 etnul-

2030 618 2085 708 lo
2135 622 2470 708 impellente
2509 643 2566 708 se
2616 627 2742 696 ipsa
2773 618 3134 687 subvertant.
3169 618 3374 706 Kpdvov
3421 639 3685 708 appella-

2033 703 2353 787 tumdicit,
2378 706 2531 787 quod
2565 723 2751 776 graeco
2773 710 3050 765 vocabulo
3083 703 3371 783 significat
3401 703 3681 787 temporis

2033 781 2289 866 spatium
2325 799 2337 834 :
2371 786 2494 866 sine
2526 802 2640 856 quo
2683 804 2904 856 semen,
2940 781 3165 861 inquit,
3190 811 3302 848 non
3339 781 3681 866 potest-esse

2030 859 2367 945 fecundum.
2403 864 2530 918 Haec
2555 872 2611 919 et
2642 867 2756 921 alia
2789 869 2859 922 de
2891 859 3148 927 Saturno
3171 859 3352 929 multa
3381 876 3678 945 dicuntur,

2032 944 2088 994 et
2117 942 2185 995 ad
2220 958 2418 997 semen
2469 946 2666 999 omnia
2718 948 3068 1005 referuntur.
3101 953 3210 1007 Sed
3245 955 3446 1009 saltem
3478 942 3676 1012 Satur;

2033 1037 2144 1076 nus
2176 1024 2498 1079 seminibus
2521 1042 2648 1080 cum
2684 1031 2848 1082 tanta
2881 1029 2989 1084 ista
3025 1037 3309 1101 potestate
3335 1037 3628 1092 sufficeret
3663 1054 3675 1091 :

2032 1103 2170 1173 quid
2204 1105 2272 1157 ad
2309 1103 2428 1159 hac
2459 1104 2536 1158 dii
2583 1105 2680 1160 alii
2718 1108 3118 1177 requiruntur,
3152 1114 3398 1169 maxime
3428 1115 3596 1171 Liber
3623 1122 3680 1172 et

2032 1182 2253 1251 Libera,
2289 1185 2343 1238 id
2393 1189 2482 1240 est
2520 1185 2733 1241 Ceres?
2783 1189 2861 1242 De
2892 1190 3109 1260 quibus
3144 1208 3368 1258 rursus,
3410 1195 3562 1264 quod
3605 1197 3676 1250 ad

2027 1280 2236 1400 (siement
2264 1266 2488 1332 attinet,
2523 1271 2683 1322 tanta
2725 1268 2886 1336 dicit,
2923 1271 3091 1341 quasi
3125 1273 3194 1327 de
3237 1274 3481 1330 Saturno
3531 1275 3676 1331 nihil

2069 1361 2208 1400 ixeri
2244 1388 2256 1400 .

2069 1361 2256 1400 lXBI‘lt.

2156 1531 2392 1589 CAPUT
2423 1535 2540 1590 XX.
2577 1566 2645 1575 —
2685 1536 2758 1591 De
2786 1538 2960 1591 sacris
2991 1537 3201 1594 Cereris
3249 1538 3539 1595 Eleusinae.

2100 1729 2158 1782 In
2193 1726 2412 1782 Cereris
2444 1731 2640 1782 autem
2675 1728 2854 1782 sacris
2890 1728 3278 1799 praedicantur
3322 1727 3420 1784 illa
3447 1727 3672 1784 Eleusi—

2027 1809 2122 1863 nia
2152 1809 2194 1875 ’,
2229 1825 2354 1879 quae
2395 1809 2548 1878 apud
2587 1808 2970 1863 Athenienses
3022 1808 3386 1864 nobilissima
3417 1809 3672 1864 fuerunt.

2023 1890 2103 1946 De
2133 1890 2348 1960 quibus
2382 1890 2486 1945 iste
2519 1889 2664 1945 nihil
2709 1888 3143 1960 interpretatur,
3179 1891 3293 1946 nisi
3325 1891 3482 1962 quod
3531 1891 3669 1944 atti-

2026 1977 2121 2026 net
2151 1971 2218 2024 ad
2274 1972 2650 2038 frumentum,
2685 1970 2838 2042 quod
2886 1973 3052 2024 Ceres
3084 1971 3321 2040 invenit,
3345 1976 3402 2026 et
3431 1971 3499 2024 ad
3541 1970 3675 2024 Pro-

2025 2051 2342 2119 serpinam,
2393 2068 2567 2122 quam
2619 2051 2878 2120 rapiente
2924 2049 3067 2105 Orco
3119 2051 3389 2122 perdidit.
3425 2051 3492 2105 Et
3523 2050 3674 2106 hanc

2026 2132 2210 2202 ipsum
2269 2131 2405 2186 dicit
2462 2131 2790 2197 significare
2849 2131 3262 2185 fecunditatem
3322 2131 3664 2184 seminum:

2027 2228 2155 2280 quis
2205 2228 2337 2265 cum
2398 2210 2679 2265 defuisset
2727 2211 2978 2279 quodam
3027 2216 3305 2280 tempore,
3348 2210 3671 2277 eademque

2026 2290 2327 2345 sterilitate
2360 2301 2506 2344 terra
2537 2295 2819 2356 mcereret,
2854 2294 3108 2343 exortam
3149 2305 3279 2343 esse
3309 2287 3672 2356 opinionem,

2025 2370 2176 2439 quod
2239 2371 2415 2424 filiam
2465 2369 2710 2435 Cereris,
2747 2368 2801 2422 id
2859 2373 2946 2422 est
2986 2370 3172 2438 ipsam
3226 2367 3669 2435 fecunditatem,

2027 2467 2152 2521 quae
2209 2467 2242 2505 a
2274 2451 2662 2521 proserpendo
2722 2448 3061 2516 Proserpina
3092 2448 3245 2501 dicta
3283 2453 3457 2514 esset,
3491 2447 3672 2502 Orcus

2025 2531 2355 2598 abstulerat,
2389 2537 2445 2586 et
2488 2530 2641 2601 apud
2685 2531 2903 2585 inferos
2952 2528 3281 2582 detinuerat
3329 2544 3341 2580 :
3403 2543 3529 2597 qua
3584 2542 3673 2580 res

2026 2629 2157 2667 cum
2190 2613 2395 2666 fuisset
2435 2611 2593 2665 luctu
2646 2608 2878 2678 publico
2923 2607 3233 2675 celebrata,
3268 2606 3404 2678 quia
3463 2621 3667 2660 rursus

2024 2695 2220 2747 eadem
2239 2691 2568 2746 fecunditas
2593 2688 3144 2758 rediit,Proserpina
3167 2689 3392 2742 reddita
3415 2693 3666 2741 exortam

2023 2787 2151 2827 esse
2188 2771 2469 2839 laetitiam,
2502 2775 2557 2824 et
2588 2786 2655 2823 ex
2685 2768 2795 2824 hoc
2826 2769 3113 2824 solemnia
3144 2768 3483 2823 constituta.
3518 2764 3670 2819 Dicit

2024 2851 2231 2908 deinde
2264 2852 2449 2906 multa
2491 2851 2543 2906 in
2577 2849 2870 2922 mysteriis
2908 2850 3034 2918 ejus
3074 2848 3245 2916 tradi,
3279 2862 3405 2919 quze
3454 2845 3564 2900 nisi
3598 2844 3671 2899 ad

2024 2934 2255 3005 frugum
2284 2932 2674 2988 inventionem
2700 2948 2815 2986 non
2848 2930 3196 3002 pertineant.

2020 3119 2254 3175 CAPUT
2285 3119 2427 3175 XXI.
2470 3151 2536 3161 —
2578 3122 2649 3176 De
2699 3117 3040 3191 turpitudine
3069 3131 3382 3181 sacrorum,
3413 3128 3538 3186 quw
3579 3115 3666 3168 Li-

2541 3203 2663 3258 bero
2693 3201 3129 3256 celebrabantur.

2087 3392 2218 3447 Jam
2251 3404 2384 3444 vero
2421 3385 2607 3442 Liberi
2636 3399 2818 3446 sacra,
2843 3397 3014 3451 quem
3045 3379 3288 3449 liquidis
3317 3375 3665 3440 seminibus,

2019 3487 2085 3527 ac
2117 3485 2217 3539 per
2264 3469 2372 3522 hoc
2407 3482 2520 3521 non
2566 3462 2756 3519 solum
2801 3460 3124 3539 liquoribus
3174 3460 3488 3522 fructuum,
3523 3470 3662 3524 quo-

2020 3538 2146 3606 rum
2188 3545 2618 3619 quodammodo
2658 3540 2978 3612 primatum
3028 3538 3226 3619 vinum
3259 3538 3664 3619 tenet,_verum

2019 3613 2549 3687 etiam—seminibus
2578 3619 2915 3678 animalium
2952 3617 3350 3687 praefecerunt,
3375 3613 3447 3666 ad
3481 3627 3665 3678 quan-

2019 3720 2137 3768 tam
2162 3705 2582 3778 turpitudinem
2607 3698 2991 3772 pervenerint,
3016 3693 3422 3778 pigetquidem
3451 3690 3662 3752 dicere,

2022 3776 2568 3865 prepter'sermonis
2588 3779 3008 3865 longi-tudinem
3035 3794 3048 3843 ;
3079 3776 3180 3865 sed
3205 3777 3438 3865 propter
3467 3787 3664 3865 super.

2020 3855 2156 3930 bam
2191 3871 2431 3925 istorum
2475 3861 2886 3918 hebetudinem
2921 3873 3034 3911 non
3068 3856 3243 3925 piget.
3277 3855 3431 3908 Inter
3460 3856 3667 3906 caetera

2022 3970 2148 4025 quas
2200 3944 2656 4025 praatermittere,
2699 3937 2989 4025 quoniam
3019 3936 3204 4025 multa
3260 3940 3414 4025 sunt,
3451 3946 3665 4025 cogor;

2021 4008 2078 4088 iii
2119 4008 2293 4087 Italiae
2334 4023 2602 4096 compitis
2636 4008 2902 4092 quaedam
2935 4016 3076 4071 dicit
3106 4029 3272 4096 sacra
3301 4011 3478 4096 Liberi
3514 4008 3668 4096 cele-

2021 4115 2181 4169 brata
2211 4125 2346 4166 cum
2380 4092 2542 4162 tanta
2575 4101 2805 4160 licentia
2837 4095 3238 4170 turpitudinis,
3298 4098 3365 4149 ut
3417 4093 3476 4148 in
3541 4092 3670 4160 ejus

2021 4194 2295 4250 honorem
2330 4186 2598 4259 pudenda
2650 4183 2842 4238 virilia
2882 4179 3418 4259 colerenturpnon
3461 4171 3668 4259 saltem

2023 4251 2390 4344 aliquantum
2431 4265 2842 4322 verecundiore
2873 4268 3114 4344 secreto,
3149 4258 3243 4312 sed
3267 4256 3326 4310 in
3364 4251 3670 4344 propatulo

2023 4339 2349 4411 exsultante
2379 4348 2659 4419 nequitia.
2694 4345 2839 4400 Nam
2872 4342 2983 4396 hoc
3013 4348 3179 4410 turpe
3212 4339 3530 4419 membrum
3570 4349 3672 4419 per

2027 4435 2216 4491 Liberi
2247 4433 2369 4487 dies
2402 4415 2581 4485 festos
2612 4442 2744 4481 cum
2774 4425 2993 4479 honore
3024 4436 3232 4491 magno
3264 4417 3546 4490 plostellis
3570 4415 3671 4470 im-

2027 4519 2302 4586 positum,
2340 4512 2503 4584 prius
2535 4525 2666 4563 rure
2710 4509 2765 4559 in
2808 4502 3100 4588 compitis,
3132 4506 3188 4555 et
3242 4515 3428 4588 usque
3460 4497 3518 4588 in
3571 4513 3673 4588 ur:-

2027 4579 2156 4652 bem
2192 4579 2394 4665 postea
2424 4590 2777 4646 vectabatur.
2812 4586 2876 4641 1n
2910 4583 3122 4665 oppido
3158 4586 3353 4665 autem
3385 4579 3622 4665 Lavinio
3651 4579 3673 4612 ³

2031 4676 2129 4732 uni
2191 4656 2394 4729 Libero
2435 4675 2593 4726 totus
2637 4667 2858 4722 mensis
2908 4663 3295 4726 tribuebatur,
3327 4658 3494 4727 cujus
3545 4656 3673 4710 die-

2029 4758 2140 4812 bus
2170 4771 2372 4810 omnes
2403 4752 2596 4807 verbis
2627 4743 3100 4818 flagitiosissimis
3132 4744 3455 4801 uterentur,
3490 4735 3674 4790 donec

2028 4837 2174 4892 illud
2207 4835 2531 4891 membrum
2568 4846 2667 4900 per
2701 4830 2888 4882 forum
2937 4824 3328 4900 transvectum
3364 4821 3553 4900 esset,
3587 4819 3674 4900 at-

2031 4935 2140 4991 que
2162 4918 2223 4973 in
2255 4917 2378 4971 loco
2409 4928 2515 4968 suo
2548 4895 2890 4980 quiesceret.
2925 4902 3028 4957 Cui
3069 4899 3329 4953 membro
3361 4895 3675 4949 inhonesto

2097 5175 2112 5208 ί
2149 5173 2294 5225 Lov.,
2330 5161 2794 5222 immutabiliter;
2831 5156 3264 5210 dissentientibus
3291 5152 3448 5205 editis
3475 5149 3596 5200 aliis
3623 5152 3677 5200 et

2033 5233 2422 5296 manuscript-is.
2456 5293 2502 5296 μ
2630 5291 2670 5296 Η
2708 5288 2764 5296 ω
2824 5287 2838 5296 _
2911 5287 2921 5296 Δ
3078 5286 3087 5296 ,
3124 5285 3146 5296 _
3310 5274 3494 5296 mm“.

2095 5279 2428 5348 E—éé'iéfféi
2455 5293 2576 5342 Mss.
2613 5291 2680 5338 At
2708 5287 2860 5336 Vind.
2896 5287 3011 5334 Am.
3044 5286 3096 5333 et
3124 5285 3272 5336 Lov.,
3301 5279 3591 5348 Eleusina.

2096 5364 2117 5395 3
2148 5339 2364 5420 “Aliquot
2378 5339 2800 5420 whilsstavino.
2833 5349 2936 5398 Sed
2966 5349 3120 5420 longe
3153 5348 3329 5418 plures
3352 5339 3567 5420 prebea-
3580 5350 3671 5420 ne:

2032 5403 2578 5479 tae,"i&‘;.3éii6f.tn
2625 5416 2765 5479 forte
2773 5476 2789 5479 _
2821 5426 2945 5479 pro_._
2991 5403 3302 5479 Ιίαῖιιῷίηο-
3327 5403 3676 5479 ,ἕβφηαῼζφ

2347 5461 2725 5543 legere-estin
2739 5461 2951 5543 lloi‘atii
2997 5461 3555 5543 Carmin‘un‘iul‘ihrgg:
3575 5461 3676 5543 ego

2032 5527 2720 5601 '3.vD)e7Lauuvii
2749 5542 2802 5588 et
2828 5535 3036 5601 Lavinii
3063 5531 3240 5601 Oppidi
3265 5527 3565 5578 differentia
3590 5528 3675 5576 di-

2035 5594 2114 5692 ei
2157 5609 2403 5692 ἓίεξρξιίιξξι
2541 5599 2968 5692 aziwma}
2982 5594 3223 5692 ροδέληίέ·

2096 5652 2560 5730 ἱαῖ’ῧῖἆ“ἶυεόὺ.,
2590 5665 2688 5716 loc.
2720 5652 2830 5724 cit.,
2860 5652 3030 5717 lib.3,
3061 5652 3210 5721 capp.
3242 5653 3292 5717 3,
3323 5652 3397 5703 10.
3429 5652 3496 5701 M.
