4128 6184
411 319 524 380 211

406 447 907 506 matremfamilias
988 449 1474 506 honestissimam
1540 449 1733 520 palam
1785 463 2061 503 coronam

403 544 639 584 necesse
695 535 818 584 erat
875 529 1191 599 imponere.
1222 531 1313 584 Sic
1370 529 1640 585 videlicet
1696 529 1863 584 Liber
1902 528 2046 582 deus

403 608 727 680 placandus
761 610 948 664 fuerat
995 608 1368 677 proventibus
1400 610 1686 663 seminum
1724 617 1737 649 1
1775 625 1788 664 :
1841 607 1923 662 sic
1973 606 2044 661 ab

396 689 552 758 agris
578 687 883 743 fascinatio
917 688 1269 758 repellenda,
1306 694 1370 742 ut
1402 695 1665 744 matrona
1714 690 1899 744 facere
1952 704 2050 742 co-

395 772 631 838 geretur
663 767 718 822 in
754 768 1011 838 publico,
1045 770 1196 838 quod
1227 785 1328 823 nec
1364 768 1652 834 meretrix,
1687 769 1734 823 si
1772 773 2046 823 matronis

398 854 751 918 spectarent,
778 848 1030 918 permitti
1065 848 1268 904 debuit
1299 849 1357 904 in
1389 849 1632 904 theatro.
1659 850 1894 919 Propter
1926 849 2047 903 haec

401 928 687 984 Saturnus
719 927 879 982 solus
910 928 1168 982 creditus
1201 946 1313 984 non
1347 940 1431 985 est
1462 930 1734 985 sufﬁcere
1766 946 1932 1000 posse
1962 944 2048 984 se-

403 1008 684 1074 minibus,
721 1014 783 1062 ut
812 1010 1146 1066 occasiones
1178 1009 1754 1080 multiplicandorum
1805 1012 2048 1065 deorum

403 1087 714 1142 immunda
769 1089 967 1144 anima
1027 1091 1324 1160 reperiret,
1366 1092 1534 1146 etab
1576 1107 1690 1146 uno
1747 1107 1876 1147 vero
1933 1091 2048 1145 Deo

406 1167 612 1223 merito
635 1168 1019 1225 immunditiaa
1052 1171 1351 1239 destituta,
1376 1186 1441 1226 ac
1474 1187 1571 1242 per
1604 1170 1820 1227 multos
1871 1171 2050 1226 falsos

405 1249 680 1306 aviditate
729 1252 964 1322 majoris
1011 1253 1398 1307 immunditiis
1431 1253 1764 1324 prostituta,
1806 1252 1916 1308 ista
1962 1269 2053 1307 sa-

407 1328 640 1399 crilegia
670 1347 831 1386 sacra
880 1332 1222 1399 nominaret,
1255 1348 1494 1404 seseque
1541 1347 1885 1404 spurcorum
1935 1333 2050 1388 daa-

401 1425 648 1546 1I)nonum
676 1411 860 1468 turbis
908 1412 1347 1470 conviolandam
1381 1414 1872 1486 polluendamque
1902 1431 2045 1486 pras-

443 1498 581 1546 eret.
801 1533 816 1540 -

443 1498 581 1548 eret.

394 1599 626 1656 CAPUT
656 1601 824 1658 XXII.
857 1633 926 1642 —-
950 1603 1020 1657 De
1054 1603 1325 1674 Neptuno,
1347 1613 1401 1658 et
1431 1603 1679 1668 Salacia,
1715 1619 1776 1658 ac
1804 1602 2047 1657 Venilia.

466 1715 598 1770 Jam
625 1716 819 1786 utique
854 1717 1105 1772 habebat
1135 1718 1420 1774 Salaciam
1450 1719 1754 1789 Neptunus
1789 1735 2048 1786 uxorem,

401 1811 575 1866 quam
607 1795 943 1851 inferiorem
977 1814 1190 1869 aquam
1227 1798 1402 1854 maris
1445 1814 1568 1854 esse
1599 1799 1867 1854 dixerunt
1899 1817 1914 1867 ;
1957 1805 2052 1853 ut-

397 1875 530 1947 quid
565 1876 650 1932 illi
698 1880 975 1948 adjuncta
1017 1884 1106 1934 est
1144 1883 1202 1934 et
1233 1879 1475 1947 Venilia,
1521 1880 1633 1936 nisi
1678 1884 1742 1936 ut
1771 1881 1897 1936 sine
1933 1879 2052 1935 ulla

403 1973 582 2011 causa
613 1959 1077 2014 necessariorum
1113 1976 1427 2029 sacrorum,
1459 1959 1580 2016 sola
1631 1960 1873 2016 libidine
1921 1961 2050 2016 ani-

370 2088 373 2090 _
402 2052 510 2091 mm
542 2038 886 2108 prostitutae,
920 2039 1409 2110 multiplicarelur
1432 2040 1697 2096 invitatio
1729 2041 2052 2096 damonio—

402 2135 534 2173 rum
561 2117 588 2172 ?
617 2119 726 2173 Sed
766 2121 1082 2190 proferatur
1123 2122 1527 2193 interpretatio
1575 2121 1862 2192 praeclarae
1894 2123 2056 2178 theo-

400 2195 594 2270 logica,
627 2216 752 2272 qua:
794 2217 900 2256 nos
931 2203 1003 2256 ab
1035 2202 1144 2256 ista
1193 2203 1640 2272 reprehensione
1689 2203 1916 2258 reddita
1966 2221 2052 2259 ra-

406 2281 562 2337 tione
598 2286 944 2351 compescat.
977 2281 1222 2350 Venilia,
1256 2283 1466 2355 inquit,
1496 2285 1652 2338 unda
1685 2287 1791 2347 est.
1823 2301 1949 2355 quae
1980 2285 2052 2339 ad

408 2359 570 2416 littus
608 2363 770 2416 venit
801 2379 815 2430 ;
867 2362 1108 2433 Salacia,
1145 2380 1272 2434 quae
1301 2364 1358 2419 in
1411 2365 1597 2420 salum
1635 2366 1780 2422 redit
1809 2366 1907 2437 (a).
1942 2367 2056 2420 Cur

407 2457 544 2514 ergo
573 2443 690 2497 deae
717 2443 864 2499 fiunt
893 2445 1042 2515 duae,
1065 2462 1198 2501 cum
1233 2447 1310 2502 sit
1332 2463 1446 2502 una
1470 2447 1625 2502 unda
1655 2463 1782 2518 quae
1817 2450 1969 2503 venit
1995 2452 2052 2503 et

405 2522 602 2578 redit?
632 2523 848 2594 Nempe
876 2523 1005 2595 ipsa
1035 2530 1124 2581 est
1153 2533 1478 2583 exmstuans
1509 2529 1567 2582 in
1601 2529 1782 2583 multa
1812 2531 2052 2583 numina

404 2599 582 2658 libido
612 2619 842 2658 vesana.
886 2603 1158 2667 Quamvis
1188 2608 1343 2661 enim
1391 2624 1540 2677 aqua
1581 2625 1695 2664 non
1727 2608 2052 2678 geminetur

404 2699 530 2754 qua:
563 2683 604 2738 it
634 2687 692 2739 et
737 2685 884 2740 redit
916 2702 929 2751 ;
964 2686 1144 2756 hujus
1176 2697 1372 2742 tamen
1405 2689 1708 2745 occasione
1759 2690 2049 2755 vanitatis,

403 2764 633 2818 duobus
683 2765 989 2820 daemoniis
1047 2767 1329 2835 invitatis,
1361 2769 1618 2840 amplius
1664 2771 1858 2825 anima
1891 2787 2052 2826 com-

400 2842 752 2908 maculatur,
785 2861 916 2914 quas
953 2846 1015 2913 it,
1048 2852 1104 2901 et
1151 2863 1264 2902 non
1309 2849 1476 2904 redit.
1505 2850 1704 2913 Qumso
1737 2851 2046 2918 te,’Varro,

407 2927 495 2980 vel
526 2941 643 2992 vos,
679 2925 779 2996 qui
822 2933 940 2982 tam
975 2929 1278 2984 doctorum
1312 2929 1616 2987 hominum
1650 2932 1786 2988 talia
1831 2935 2046 3003 scripta

400 3005 648 3076 legistis,
681 3011 738 3062 et
783 3005 1002 3078 aliquid
1039 3025 1314 3081 magnum
1355 3027 1458 3068 vos
1488 3013 1765 3068 didicisse
1787 3013 2047 3084 jactatis,

403 3085 866 3156 interpretamini
912 3087 1042 3151 hoc.
1090 3091 1221 3145 nolo
1262 3091 1452 3147 dicere
1511 3093 1834 3148 secundum
1886 3093 2046 3149 illam

404 3169 681 3220 aeternam
732 3166 1389 3241 incomtnutahilemque
1437 3177 1730 3237 naturam,
1762 3173 1859 3244 qui
1893 3175 2048 3229 solus

405 3250 492 3302 est
515 3244 704 3313 Deus;
738 3247 839 3302 sed
880 3249 1088 3304 saltem
1123 3251 1443 3305 secundum
1503 3251 1761 3307 animam
1819 3253 2046 3322 mundi,

405 3329 463 3382 et
494 3332 689 3397 partes
731 3329 878 3398 ejus,
911 3344 1058 3398 quos
1115 3331 1254 3384 deos
1285 3347 1449 3385 veros
1506 3346 1632 3387 esse
1676 3332 2042 3389 existimatis.

405 3409 635 3462 Partem
667 3408 872 3462 animm
922 3410 1150 3476 mundi,
1179 3427 1304 3480 qua:
1357 3427 1515 3465 mare
1565 3421 1840 3482 permeat,
1874 3414 2045 3468 deum

403 3486 570 3542 vobis
613 3488 816 3543 fecisse
855 3490 1208 3560 Neptunum,
1244 3496 1307 3546 ut
1347 3507 1600 3563 cumque
1639 3491 2044 3549 tolerabilioris

404 3573 493 3623 est
518 3567 750 3623 erroris.
779 3570 936 3624 Itane
967 3571 1124 3625 unda
1144 3571 1214 3624 ad
1235 3570 1398 3626 littus
1420 3572 1657 3627 veniens
1688 3578 1744 3628 et
1770 3573 1826 3628 in
1855 3574 2043 3630 salum

408 3646 665 3714 rediens,
698 3649 821 3704 duae
869 3657 1003 3706 sunt
1060 3657 1251 3723 partes
1308 3654 1535 3724 mundi,
1564 3659 1664 3712 aut
1703 3656 1830 3710 duae
1860 3664 2048 3728 partes

401 3731 613 3784 animai
645 3731 849 3786 mundi
878 3733 906 3785 ?
935 3732 1075 3798 Quis
1105 3741 1358 3790 vestrum
1397 3736 1475 3789 ita
1524 3736 1792 3808 desipiat,
1823 3742 1888 3792 ut
1943 3739 2046 3794 hoc

398 3808 643 3878 sapiat?
691 3809 805 3864 Cur
859 3828 994 3884 ergo
1041 3813 1206 3870 vobis
1254 3815 1400 3871 duas
1439 3816 1578 3871 deas
1618 3818 1897 3884 fecerunt,
1931 3819 2042 3874 nisi

401 3890 542 3959 quia
598 3890 892 3959 provisum
925 3897 1015 3948 est
1061 3911 1095 3948 a
1152 3895 1513 3966 sapientibus
1563 3899 1885 3967 majoribus
1917 3915 2045 3954 ves-

397 3969 528 4050 tris,
562 3985 675 4023 non
711 3976 772 4025 ut
801 3973 880 4024 dii
921 3971 1115 4042 plures
1143 3990 1243 4028 vos
1286 3981 1571 4044 regerent,
1596 3979 1696 4030 sed
1731 3982 1794 4030 ut
1823 3994 1888 4032 ea
1920 3996 2046 4050 quae

398 4047 532 4102 istis
564 4049 917 4104 vanitatibus
948 4055 1004 4105 et
1038 4051 1390 4107 falsitatibus
1422 4055 1693 4122 gaudent,
1748 4056 1912 4124 plura
1938 4047 2045 4114 vos

402 4128 691 4208 daemonia
742 4129 1140 4198 possiderent?
1189 4133 1299 4187 Cur
1325 4139 1516 4188 autem
1558 4135 1659 4190 illa
1689 4135 1916 4190 Salacia
1948 4155 2049 4208 per

402 4205 552 4259 hanc
602 4205 1138 4285 interpretationem
1199 4211 1530 4267 infer-iorem
1577 4213 1751 4268 maris
1800 4205 2044 4285 partem,

402 4298 533 4364 qua,
581 4284 702 4340 viro
759 4291 882 4341 erat
930 4289 1181 4354 subdita,
1219 4290 1516 4360 perdidit?
1573 4284 1830 4364 namque
1883 4295 2045 4351 illam

403 4362 598 4430 modo,
645 4380 775 4420 cum
810 4366 1146 4423 retinentem
1191 4370 1428 4426 fluctum
1459 4385 1584 4426 esse
1617 4362 1952 4442 perhibetis,
1988 4377 2046 4431 in

401 4444 714 4523 superficie
767 4447 1059 4514 posuistis.
1113 4455 1194 4503 An
1245 4449 1383 4521 quia
1439 4451 1723 4508 Veniliam
1783 4454 2044 4523 pellicem

404 4520 650 4656 accipit,
679 4523 829 4659 ‘iIrata
877 4541 1052 4582 suum
1102 4520 1374 4585 maritum
1425 4531 1495 4586 de
1539 4520 1811 4602 supernis
1871 4536 2048 4591 maris

404 4615 503 4657 exc
535 4603 650 4658 usit

403 4603 650 4658 exclusit

403 4708 640 4790 CAPUT
671 4714 866 4772 XXIII.
901 4747 966 4757 —
1001 4717 1072 4773 De
1110 4719 1301 4790 Terra,
1333 4735 1498 4790 quam
1545 4722 1706 4778 Varro
1737 4722 1892 4778 deam
1939 4742 2052 4781 esse

477 4787 788 4866 conﬁrmat,
821 4804 881 4845 eo
925 4789 1064 4866 quod
1095 4789 1192 4866 ille
1238 4787 1460 4848 animus
1489 4794 1701 4858 mundi,
1736 4811 1890 4866 quem
1933 4798 2054 4862 opi-

473 4863 645 4946 natur
676 4858 859 4946 deum,
891 4858 1059 4945 etiam
1091 4861 1232 4944 hanc
1259 4866 1497 4946 corporis
1525 4867 1620 4946 sui
1649 4858 1900 4946 infimam
1927 4858 2055 4940 par-

487 4933 591 4988 tem
613 4938 877 5004 permeet,
910 4935 1069 5004 eique
1097 4934 1209 4990 vim
1238 4933 1490 4991 divinam
1511 4933 1814 5009 impertiat.

477 5043 530 5099 1.
564 5045 785 5112 Nempe
818 5057 934 5096 una
972 5045 1062 5096 est
1092 5045 1264 5110 terra,
1301 5059 1473 5113 quam
1526 5045 1761 5116 quidem
1822 5046 2053 5118 plenam

401 5121 669 5178 videmus
701 5119 1054 5176 animalibus
1085 5120 1247 5188 suis;
1282 5129 1682 5180 verumtamen
1716 5127 1900 5196 ipsam
1935 5145 2055 5183 ma-

407 5217 588 5273 gnum
621 5215 829 5270 corpus
861 5201 919 5254 in
951 5199 1256 5278 elementis
1288 5205 1602 5272 mundique
1631 5204 1895 5261 intimam
1931 5224 2058 5278 par-

411 5286 550 5350 tem,
576 5295 680 5336 cur
707 5295 836 5334 eam
885 5277 1088 5333 volunt
1117 5281 1280 5335 deam
1301 5280 1329 5336 ?
1365 5284 1450 5336 An
1484 5283 1618 5354 quia
1651 5284 1894 5339 fecunda
1923 5277 2054 5341 est?

410 5361 520 5416 Cur
549 5375 685 5434 ergo
713 5375 829 5415 non
862 5360 1044 5430 magis
1078 5359 1341 5416 homines
1382 5362 1460 5417 dii
1491 5371 1649 5429 sunt,
1674 5365 1775 5436 qui
1806 5381 1933 5421 eam
1968 5367 2056 5422 fe—

480 5541 681 5651 {,X‘i,t:ld.
714 5542 829 5591 Am.
861 5541 930 5592 Er
957 5544 1024 5592 et.
1073 5541 1292 5604 quidam
1336 5543 1479 5599 Mss.
1520 5559 1624 5606 pro
1669 5547 1951 5596 eventibus
1979 5563 2057 5595 se-

480 5620 496 5651 ι
647 5637 659 5650 .

417 5620 659 5653 mmum.

481 5669 550 5725 (α)
583 5665 787 5715 Alludit
813 5669 880 5718 ad
910 5667 1048 5719 Psal.
1079 5683 1242 5730 ωιτη,
1272 5666 1352 5718 39.

1467 319 1566 379 DE
1608 315 1974 379 CIVITATE
2022 314 2171 382 DEI,
2221 316 2289 376 S.
2333 315 2757 378 AUGUSTINI

3689 315 3807 376 212

2174 447 2483 502 undiorem
2516 447 2737 502 faciunt
2767 445 3082 503 excolendo
3111 463 3124 513 ;
3154 445 3253 501 sed
3287 459 3420 500 cum
3456 449 3649 511 arant,
3681 463 3800 502 non

2159 545 2292 584 cum
2325 529 2606 584 adorant?
2635 529 2742 584 Sed
2805 545 2938 599 pars
2995 528 3205 582 animae
3245 526 3469 596 mundi,
3502 527 3802 598 inquiunt,

2160 626 2284 681 quae
2318 626 2418 681 per
2448 609 2603 664 illam
2639 614 2917 680 permeat.
2941 610 3106 663 deam
3143 607 3296 663 facit.
3330 607 3504 673 Quasi
3539 624 3652 662 non
3687 609 3806 662 evi-

2158 690 2385 744 dentior
2438 691 2515 744 sit
2565 691 2620 744 in
2678 689 3012 745 hominibus
3043 687 3260 751 anima,
3294 705 3422 759 qua;
3477 697 3669 742 utrum
3704 688 3805 752 sit,

2160 769 2321 824 nulla
2354 771 2415 824 fit
2436 772 2712 841 quastio;
2745 775 2801 825 et
2825 778 3015 825 tamen
3041 768 3305 823 homines
3335 767 3416 822 dii
3442 784 3554 824 non
3585 769 3808 823 haben-

2159 853 2257 902 tur
2316 865 2329 904 :
2387 853 2442 903 et
2491 848 2648 920 quod
2703 854 2789 904 est
2843 850 3092 920 graviter
3165 846 3505 912 dolendum,
3547 845 3653 912 his,
3705 847 3809 916 qui

2161 928 2242 982 dii
2291 945 2406 984 non
2464 937 2621 995 sunt,
2672 935 2729 982 et
2758 929 2968 1000 quibus
3005 927 3114 998 ipsi
3175 925 3443 981 meliores
3496 932 3652 994 sunt,
3713 942 3810 983 co-

2162 1005 2351 1063 lendis
2401 1013 2458 1064 et
2505 1009 2815 1064 aderandis
2864 1005 3112 1062 mirabili
3159 1009 3216 1061 et
3264 1005 3582 1061 miserabili
3614 1022 3812 1063 errore

2162 1089 2510 1144 subdantur.
2545 1089 2613 1144 Et
2643 1097 2796 1145 certe
2827 1088 2977 1143 idem
3014 1086 3187 1143 Varro
3230 1086 3287 1141 in
3345 1088 3544 1142 eodem
3595 1087 3665 1142 de
3698 1087 3812 1142 diis

2161 1167 2388 1225 selectis
2436 1169 2605 1239 libro,
2638 1173 2752 1224 tres
2795 1184 2920 1224 esse
2969 1168 3214 1223 afﬁrmat
3247 1166 3458 1222 animas
3499 1168 3718 1239 gradus
3748 1168 3808 1223 in

2161 1250 2320 1305 omni
2355 1249 2744 1322 universaque
2775 1253 2978 1305 natura
3013 1265 3025 1303 :
3071 1265 3278 1317 unum,
3309 1248 3411 1320 qui
3440 1265 3642 1305 omnes
3673 1265 3812 1321 par-

2162 1337 2246 1385 tes
2277 1331 2533 1402 corporis
2559 1348 2688 1402 quis
2718 1330 2939 1399 vivunt,
2974 1329 3203 1395 transit,
3238 1333 3294 1383 et
3329 1345 3443 1384 non
3480 1329 3652 1386 habet
3680 1345 3811 1385 sen-

2161 1426 2315 1474 sum,
2344 1411 2444 1465 sed
2477 1415 2705 1466 tantum
2737 1410 2804 1466 ad
2837 1409 3150 1464 vivendum
3183 1407 3574 1465 valetudinem
3609 1425 3622 1463 :
3656 1409 3810 1465 hanc

2161 1490 2276 1544 vim
2316 1491 2375 1545 in
2431 1504 2629 1546 nostro
2683 1506 2924 1563 corpore
2973 1505 3312 1559 permanare
3342 1489 3484 1543 dicit
3541 1489 3599 1543 in
3653 1506 3810 1557 ossa,

2163 1585 2403 1641 ungues,
2437 1572 2679 1642 capillos
2739 1587 2753 1626 :
2815 1569 2968 1626 sicut
3016 1570 3068 1624 in
3127 1569 3348 1624 mundo
3389 1569 3625 1624 arbores
3681 1570 3813 1625 sine

2161 1665 2336 1704 sensu
2372 1649 2608 1706 aluntur
2654 1656 2712 1706 et
2742 1654 3030 1715 crescunt,
3065 1656 3121 1704 et
3178 1650 3348 1704 modo
3395 1649 3651 1720 quodam
3700 1666 3810 1706 suo

2161 1730 2381 1785 vivunt.
2425 1732 2752 1786 Secundum
2803 1731 3050 1802 gradum
3083 1729 3316 1794 animae,
3355 1729 3414 1784 in
3457 1744 3572 1801 quo
3603 1745 3814 1786 sensus

2163 1813 2249 1864 est
2281 1827 2293 1865 :
2329 1811 2478 1864 hanc
2501 1813 2619 1865 vim
2652 1811 2947 1882 pervenire
2969 1809 3026 1863 in
3048 1808 3264 1876 oculos,
3286 1825 3474 1877 aures,
3504 1825 3694 1878 nares,
3720 1827 3810 1877 os,

2163 1895 2406 1946 tactum.
2441 1891 2700 1946 Tertium
2752 1891 2999 1961 gradum
3047 1887 3252 1944 animas
3307 1905 3434 1944 esse
3490 1905 3810 1959 summum,

2162 1973 2314 2042 quod
2348 1977 2584 2026 vocatur
2612 1972 2842 2027 animus
2876 1974 2917 2040 ί,
2959 1971 3016 2024 in
3051 1986 3168 2041 quo
3208 1968 3595 2042 intelligentia
3628 1987 3814 2041 praee-

2165 2051 2342 2107 minet
2376 2052 2522 2106 :hoc
2555 2057 2757 2124 praeter
2788 2051 3084 2106 hominem
3115 2066 3319 2106 omnes
3353 2066 3546 2106 carere
3585 2058 3809 2107 morta-

2164 2132 2290 2188 les’
2324 2148 2337 2186 :
2381 2131 2530 2188 hanc
2565 2139 2784 2202 partem
2833 2131 3041 2186 anima:
3075 2131 3278 2185 mundi
3331 2131 3472 2186 dicit
3512 2131 3708 2198 deum,
3745 2131 3806 2187 in

2165 2211 2333 2267 nobis
2361 2222 2550 2267 autem
2582 2212 2826 2267 Genium
2865 2211 3074 2268 vocari.
3109 2211 3242 2265 Esse
3272 2216 3461 2266 autem
3493 2211 3550 2266 in
3583 2212 3809 2267 mundo

2164 2292 2385 2364 lapides
2431 2310 2497 2348 ac
2528 2299 2762 2359 terram,
2796 2309 2973 2364 quam
3014 2293 3297 2359 videmus,
3332 2308 3447 2362 quo
3507 2308 3620 2346 non
3676 2309 3812 2361 per-

2166 2385 2358 2430 manat
2387 2390 2617 2443 sensus,
2648 2381 2710 2428 ut
2734 2391 2887 2441 ossa,
2914 2382 2974 2428 ut
3006 2389 3230 2444 ungues
3261 2373 3353 2429 dei
3387 2388 3401 2429 :
3437 2373 3619 2429 solem
3651 2389 3806 2441 vero,

2163 2455 2380 2522 lunam,
2413 2455 2635 2524 stellas,
2668 2473 2794 2528 quae
2826 2456 3136 2524 sentimus,
3160 2456 3492 2528 quibusque
3525 2455 3650 2528 ipse
3679 2473 3808 2512 sen-

2163 2538 2248 2604 tit,
2286 2554 2495 2593 sensus
2517 2553 2640 2592 esse
2669 2539 2815 2606 ejus.
2850 2537 3086 2592 [Ethera
3125 2553 3294 2608 porro
3335 2536 3607 2592 animum
3625 2537 3751 2608 ejus
3789 2555 3802 2592 :

2161 2635 2230 2674 ex
2267 2619 2438 2688 cujus
2471 2619 2540 2685 vi,
2572 2635 2700 2691 quas
2730 2619 2989 2690 pervenit
3037 2620 3092 2672 in
3132 2624 3310 2685 astra,
3355 2619 3542 2689 ipsam
3573 2634 3804 2690 quoque

2164 2701 2348 2754 facere
2377 2702 2551 2767 deos;
2615 2703 2672 2754 et
2722 2715 2821 2770 per
2875 2715 2942 2753 ea
2985 2699 3137 2770 quod
3174 2698 3232 2754 in
3267 2704 3481 2754 terram
3521 2704 3802 2770 permeat,

2158 2780 2324 2835 deam
2376 2779 2712 2846 Tellurem;
2773 2780 2928 2850 quod
2988 2785 3178 2834 autem
3229 2780 3363 2834 inde
3412 2788 3676 2851 permeat
3742 2782 3805 2836 in

2170 2877 2328 2915 mare
2361 2868 2539 2931 atque
2566 2877 2869 2927 oceanum,
2903 2861 3076 2915 deum
3104 2877 3233 2916 esse
3256 2860 3578 2933 Neptunum
3615 2863 3655 2916 ³.

2229 2944 2282 2996 2.
2312 2941 2524 2997 Redeat
2543 2957 2678 3012 ergo
2702 2943 2773 2996 ab
2807 2941 2936 3010 hac,
2970 2957 3146 3012 quam
3181 2939 3527 3011 theologiam
3561 2946 3800 2997 natura-

2158 3021 2271 3078 lem
2331 3027 2520 3091 putat,
2553 3038 2662 3090 quo
2709 3021 2868 3076 velut
2915 3020 3313 3092 requiescendi
3358 3037 3535 3076 causa
3591 3022 3663 3078 ab
3710 3021 3806 3078 his

2159 3102 2498 3166 ambagibus
2547 3106 2718 3172 atque
2767 3102 3123 3157 anfractibus
3181 3100 3456 3172 fatigatus
3525 3117 3800 3173 egressus

2157 3189 2262 3238 est.
2299 3182 2532 3250 Redeat,
2565 3183 2829 3252 inquam,
2864 3184 3059 3238 redeat
3090 3181 3163 3238 ad
3202 3181 3431 3238 civilem
3476 3199 3488 3237 :
3523 3182 3618 3238 hic
3663 3200 3802 3240 eum

2158 3263 2349 3319 adhuc
2379 3269 2566 3330 teneo,
2599 3265 2882 3334 tantisper
2925 3265 2994 3318 de
3047 3262 3154 3318 hac
3189 3279 3319 3334 ago.
3349 3263 3616 3319 Nondum
3648 3264 3803 3332 dico,

2158 3345 2208 3400 si
2241 3352 2391 3398 terra
2417 3349 2472 3398 et
2503 3344 2727 3413 lapides
2756 3344 2969 3400 nostris
3000 3348 3139 3399 sunt
3169 3343 3400 3398 ossibus
3430 3350 3487 3399 et
3509 3344 3807 3409 unguibus

2157 3423 2398 3492 similes,
2451 3425 2722 3480 similiter
2750 3439 2848 3479 eos
2903 3423 3343 3494 intelligentiam
3397 3440 3511 3479 non
3571 3425 3808 3494 habere,

2158 3506 2309 3561 sicut
2356 3522 2528 3561 sensu
2588 3509 2786 3561 carent
2846 3523 2859 3565 ;
2922 3510 3024 3560 aut
3079 3505 3128 3560 si
3180 3505 3395 3560 idcirco
3467 3505 3672 3561 habere
3721 3507 3809 3560 di-

2159 3592 2372 3642 cuntur
2403 3603 2536 3642 ossa
2570 3591 2625 3641 et
2671 3601 2895 3658 ungues
2945 3585 3128 3640 nostri
3167 3584 3636 3656 intelligentiam,
3668 3587 3809 3658 quia

2159 3667 2218 3722 in
2270 3665 2506 3723 homine
2557 3671 2700 3722 sunt
2753 3667 2848 3738 qui
2920 3665 3092 3722 habet
3159 3664 3628 3737 intelligentiam,
3684 3673 3805 3722 tam

2157 3747 2404 3804 stultum
2437 3763 2563 3803 esse
2612 3747 2713 3819 qui
2763 3747 2869 3803 hos
2917 3748 3056 3803 deos
3090 3746 3148 3802 in
3187 3748 3403 3802 mundo
3433 3747 3589 3817 dicit,
3623 3763 3806 3818 quam

2157 3828 2375 3882 stultus
2423 3836 2507 3883 est
2553 3827 2653 3898 qui
2697 3829 2757 3882 in
2800 3828 2968 3883 nobis
2999 3845 3130 3883 ossa
3172 3831 3229 3882 et
3286 3843 3506 3895 ungues
3540 3827 3808 3884 homines

2157 3907 2315 3962 dicit.
2362 3907 2471 3962 Sed
2520 3907 2639 3962 haec
2681 3923 2812 3962 cum
2859 3907 3220 3978 philosophis
3273 3907 3531 3962 fortassis
3578 3909 3808 3978 agenda

2157 3992 2333 4042 sunt:
2369 4002 2520 4041 nunc
2550 3992 2743 4041 autem
2789 3987 2969 4042 istum
3009 3989 3202 4043 adhuc
3261 3987 3560 4058 politicum
3589 3986 3610 4020 ⁴
3647 3988 3805 4044 volo.

2159 4067 2302 4122 Fieri
2334 4065 2489 4121 enim
2524 4072 2728 4136 potest,
2764 4072 2846 4132 ut,
2882 4067 3015 4123 licet
3045 4067 3101 4122 in
3125 4067 3287 4122 illam
3324 4067 3604 4122 naturalis
3635 4067 3807 4124 theo-

2157 4146 2320 4218 logia:
2353 4145 2531 4200 veluti
2564 4147 2892 4203 libertatem
2926 4153 3100 4218 caput
3130 4149 3350 4219 erigere
3380 4147 3680 4217 paululum
3712 4164 3810 4202 vo-

2158 4226 2338 4281 luisse
2394 4226 2679 4292 videatur,
2714 4228 2901 4283 adhuc
2951 4233 3143 4284 tamen
3197 4229 3350 4283 hunc
3406 4226 3621 4284 librum
3683 4243 3812 4284 ver-

2159 4323 2320 4372 sans,
2354 4309 2409 4361 et
2435 4322 2495 4362 se
2526 4307 2586 4361 iu
2617 4307 2714 4362 illo
2743 4308 2959 4363 versari
2991 4307 3272 4379 cogitans,
3301 4323 3436 4363 eum
3467 4307 3641 4363 etiam
3671 4307 3813 4365 inde

2161 4379 2510 4450 respexerit;
2546 4383 2603 4433 et
2652 4378 2758 4434 hoc
2805 4378 3109 4451 propterea
3149 4379 3377 4447 dixerit,
3425 4394 3494 4434 ne
3553 4380 3812 4450 majores

2160 4457 2308 4528 ejus,
2339 4457 2455 4512 sive
2477 4457 2599 4512 aliae
2631 4458 2916 4526 civitates,
2949 4457 3239 4515 Tellurem
3269 4463 3444 4529 atque
3470 4461 3810 4530 Neptunum

2227 4673 2242 4708 1
2273 4671 2352 4720 lta
2379 4671 2548 4719 nostri
2577 4670 2698 4719 Mss.
2731 4670 2789 4718 In
2818 4669 2894 4727 B.,
2924 4669 3025 4733 qui
3061 4677 3289 4718 vocatur
3317 4668 3565 4733 animus.
3601 4669 3668 4718 M.

2224 4733 2246 4766 ²
2295 4733 2388 4784 llic
2418 4734 2547 4783 editi
2594 4734 2813 4793 addunt,
2860 4731 3066 4794 iniqua
3093 4733 3362 4794 quoniam
3401 4731 3652 4780 homines
3696 4731 3815 4782 Deo

2165 4795 2425 4845 videntur
2459 4811 2570 4843 esse
2598 4796 2810 4844 similes
2839 4807 2854 4838 .·
2885 4796 3028 4857 quod
3058 4795 3207 4844 abest
3234 4808 3266 4844 a
3293 4795 3415 4842 Mss.

2228 4860 2248 4930 ἕ
2278 4859 2338 4908 In
2369 4861 2496 4931 ante
2519 4859 2674 4931 editis
2713 4859 2856 4931 post.
2899 4857 3131 4931 genium
3156 4857 3469 4931 vocari,‘ita
3491 4857 3773 4931 legebatur
3801 4869 3814 4906 ε

2165 4921 2260 4970 Sic
2294 4936 2422 4983 ergo
2451 4929 2499 4969 et
2531 4922 2592 4969 in
2623 4919 2819 4968 anima
2856 4920 3058 4968 mundi
3100 4929 3206 4968 tres
3237 4919 3451 4983 gradus
3480 4919 3814 4983 instituens,

2164 4998 2341 5032 unam
2361 4982 2586 5044 partem
2608 4983 2732 5041 ejus
2752 4983 2959 5044 lapides
2988 4998 3100 5030 esse
3130 4982 3262 5032 dicit
3285 4998 3349 5030 ac
3371 4982 3551 5043 ligna,
3586 4991 3634 5030 et
3665 4982 3817 5032 hanc

2165 5053 2375 5094 terram
2423 5060 2592 5109 quam
2628 5045 2892 5099 videmus.
2923 5060 3032 5107 quo
3071 5060 3196 5109 non
3235 5053 3531 5109 permanat
3576 5059 3814 5105 sensus;

2163 5109 2342 5156 aliam
2375 5107 2500 5156 vero
2529 5123 2698 5171 quam
2720 5116 3111 5171 sensuminocat
3141 5107 3284 5166 ejus,
3317 5114 3379 5155 ut
3407 5107 3629 5155 aethera
3657 5122 3674 5154 .'
3708 5115 3820 5156 ter-

2166 5171 2303 5218 tiam
2332 5170 2542 5232 porro,’
2570 5185 2734 5232 quam
2783 5179 2831 5217 et
2860 5170 3111 5218 animam,
3157 5171 3282 5230 ejus
3327 5178 3634 5228 nuncupat,
3669 5184 3818 5231 quae

2163 5233 2369 5281 scilicet
2407 5233 2659 5293 pervenit
2687 5233 2746 5280 in
2768 5241 2923 5280 astra
2953 5249 2969 5289 ,'
2997 5247 3116 5280 eam
3153 5246 3366 5294 quoque
3394 5233 3596 5278 asserit
3624 5234 3820 5294 facere

2165 5296 2301 5349 deos,
2333 5304 2380 5343 et
2404 5310 2509 5355 per
2537 5309 2676 5353 eam,
2708 5295 2929 5356 quando
2961 5295 3016 5341 in
3051 5293 3612 5354 tet-faiii’permanat,
3646 5293 3814 5343 deam

2171 5358 2449 5407 Tellurem
2484 5375 2501 5416 ;
2530 5359 2674 5420 quod
2703 5365 2889 5420 autem
2923 5358 3049 5404 inde
3077 5365 3321 5418 permeat
3353 5358 3614 5420 inﬁmare
3642 5365 3814 5418 atque

2165 5435 2450 5477 oceanum,
2475 5419 2638 5469 deum
2670 5435 2782 5467 esse
2812 5419 3137 5480 Neptunum
3181 5420 3350 5468 Lectio
3380 5419 3683 5480 alia,quam
3713 5433 3816 5469 nos

2164 5485 2534 5546 praetulimus,
2593 5484 2831 5532 omnium
2875 5485 2954 5532 est
2996 5486 3090 5532 aut
3131 5482 3364 5532 melioris
3419 5483 3578 5530 notae
3624 5495 3815 5532 manu-

2166 5547 2498 5608 scriptorum.

2231 5605 2378 5657 Vilia
2423 5609 2549 5657 editi
2595 5609 2815 5662 addunt.
2861 5607 2918 5656 id
2964 5614 3038 5655 est
3086 5607 3323 5658 civilem.
3354 5605 3626 5657 Glossema
3663 5609 3816 5670 quod

2168 5671 2318 5722 abest
2344 5684 2376 5720 a
2400 5671 2792 5734 manuscriptis.
