4128 6184
253 354 351 416 213

258 493 474 551 nauiter
529 490 784 546 coluisse
831 489 1164 545 credantur.
1220 489 1329 545 Sed
1382 489 1492 547 hoc
1546 491 1694 554 dico,
1749 507 1882 562 pars

261 573 419 630 animi
453 571 733 626 mundani
756 587 882 640 quae
905 585 1004 641 per
1035 574 1246 624 terram
1282 575 1564 637 permeat,
1587 571 1734 626 sicut
1767 588 1882 626 una

255 662 328 710 est
365 659 530 717 terra,
563 667 668 705 cur
717 666 831 706 non
877 651 1050 706 etiam
1094 667 1266 704 unam
1319 652 1451 706 fecit
1481 653 1670 715 deam,
1705 668 1880 722 quam

249 735 370 790 dicit
408 749 533 788 esse
580 731 918 786 Tellurem?
973 732 1133 796 Quod
1185 732 1238 787 si
1299 732 1377 787 ita
1419 731 1572 796 fecit,
1621 734 1715 787 ubi
1773 733 1882 788 erit

256 815 438 881 Orcus,
496 814 672 867 frater
713 812 872 867 Jovis
931 824 1103 883 atque
1153 813 1423 884 Neptuni,
1455 831 1630 883 quem
1691 815 1879 870 Ditem

253 902 476 967 patrem,
521 897 728 948 vocant
772 892 896 964 (a)?
932 893 1029 946 ubi
1073 894 1198 963 ejus
1249 895 1462 964 conjux
1509 895 1878 965 Proserpina,

251 992 362 1048 quis
415 975 742 1030 secundum
791 974 966 1028 aliam
1010 973 1068 1028 in
1127 973 1348 1031 eisdem
1409 975 1573 1032 libris
1633 977 1879 1048 positam

246 1056 584 1129 Opinionem,
619 1072 732 1111 non
759 1060 921 1110 terris
954 1055 1302 1123 fecunditas,
1339 1057 1438 1112 sed
1477 1074 1608 1127 pars
1638 1058 1880 1113 inferior

249 1137 565 1210 perhibetur
596 1135 722 1204 (b)?
778 1137 938 1203 Quod
997 1135 1048 1191 si
1087 1139 1308 1205 dicunt,
1343 1139 1525 1193 animi
1585 1140 1874 1196 mundani

249 1224 452 1290 partem
487 1232 622 1272 cum
657 1220 917 1287 permeat
948 1221 1110 1271 terrea
1127 1221 1348 1287 partem
1373 1219 1750 1290 superiorem,
1783 1221 1881 1275 Di-

251 1304 354 1354 tem
410 1301 633 1370 patrem
674 1298 858 1352 t’acere
896 1298 1073 1353 deum
1107 1316 1120 1366 ;
1155 1315 1289 1354 cum
1341 1315 1470 1355 vero
1521 1301 1878 1370 inferiorem,

243 1377 622 1448 Proserpinam
647 1377 814 1432 deam
845 1377 1082 1443 ;Tellus
1112 1377 1208 1433 illa
1235 1379 1374 1450 quid
1416 1381 1525 1436 erit
1547 1381 1575 1436 ιε
1607 1383 1693 1438 lta
1722 1383 1877 1438 enim

240 1463 429 1524 totum,
455 1461 610 1528 quod
646 1458 773 1529 ipsa
803 1463 944 1526 erat,
979 1459 1038 1513 in
1087 1459 1234 1515 duas
1283 1461 1430 1516 istas
1480 1467 1673 1532 partes
1705 1465 1877 1518 deos-

242 1555 340 1611 que
384 1541 638 1593 divisum
680 1543 786 1605 est,
837 1547 898 1593 ut
945 1539 1069 1609 ipsa
1108 1540 1276 1595 tertia
1321 1559 1448 1612 quae
1488 1544 1580 1609 sit,
1615 1549 1716 1598 aut
1773 1545 1873 1600 ubi

236 1619 318 1683 sit,
349 1618 599 1674 inveniri
634 1635 749 1674 non
782 1619 969 1688 possit
1003 1636 1015 1673 :
1047 1619 1160 1674 nisi
1192 1621 1326 1692 quis
1349 1622 1505 1678 dicat
1538 1623 1712 1678 simul
1740 1624 1878 1680 istos

238 1699 356 1756 deos
382 1699 601 1756 Orcum
649 1703 825 1768 atque
867 1699 1296 1772 Proserpinam,
1337 1719 1510 1758 unam
1553 1704 1717 1758 deam
1752 1721 1878 1760 esse

241 1779 515 1835 Tellurem
551 1795 564 1845 ;
598 1784 656 1835 et
711 1796 823 1834 non
866 1795 995 1836 esse
1038 1781 1160 1852 jam
1209 1787 1347 1851 tres,
1381 1785 1481 1839 sed
1524 1789 1626 1840 aut
1673 1802 1874 1854 unam,

235 1864 322 1914 aut
350 1859 537 1915 duos:
571 1866 624 1914 et
664 1863 859 1916 tamen
911 1866 1032 1916 tres
1061 1861 1356 1929 dicuntur,
1390 1869 1504 1919 tres
1561 1865 1874 1933 habentur,

241 1944 342 1996 tres
371 1941 644 1997 coluntur
670 1941 787 1996 aris
817 1942 966 2011 suis,
991 1941 1246 1998 delubris
1277 1943 1418 2011 suis,
1460 1945 1663 2010 sacris,
1699 1946 1877 2002 simu-

238 2019 413 2085 lacris,
447 2022 853 2077 sacerdotibus
885 2023 1030 2087 suis,
1063 2027 1119 2077 et
1160 2039 1261 2094 per
1294 2024 1412 2079 haec
1443 2026 1619 2081 etiam
1655 2026 1874 2082 fallaci-

238 2101 330 2157 bus
358 2103 735 2174 prostitutam
786 2103 1040 2158 animam
1079 2106 1600 2175 constuprantibns
1657 2109 1872 2162 daemo-

233 2181 392 2237 nibus
445 2185 598 2238 suis.
651 2183 858 2237 Adhuc
917 2183 1362 2252 respondeatur,
1421 2202 1595 2256 quam
1651 2193 1876 2258 partem

232 2265 384 2316 terra:
411 2266 670 2334 permeet
703 2277 837 2332 pars
870 2261 1155 2316 mundani
1178 2262 1379 2328 animi,
1405 2271 1468 2318 ut
1493 2266 1669 2320 deum
1705 2267 1880 2323 faciat

231 2340 644 2397 Tellumonem.
665 2341 813 2406 Non,
852 2341 1064 2411 inquit,
1097 2343 1197 2396 sed
1229 2359 1347 2398 una
1375 2343 1694 2416 eademque
1726 2352 1882 2403 terra

227 2419 393 2476 habet
439 2423 732 2492 geminam
782 2419 917 2487 vim,
951 2425 1009 2475 et
1051 2421 1458 2488 masculinam,
1509 2427 1664 2495 quod
1707 2427 1880 2481 semi-

228 2515 299 2556 na
341 2501 654 2571 producat;
685 2506 742 2556 et
772 2499 1146 2580 femininum,
1207 2505 1358 2572 quod
1410 2504 1650 2574 recipiat
1706 2513 1880 2580 atque

227 2580 484 2636 enutriat
509 2597 522 2636 :
554 2581 692 2634 inda
712 2597 746 2635 a
772 2581 826 2634 vi
857 2579 1133 2635 feminina
1151 2580 1369 2638 dictam
1404 2599 1533 2641 esse
1558 2579 1878 2656 Tellurem,

231 2677 260 2717 a
289 2662 617 2718 masculina
645 2660 1068 2716 Tellumonem.
1111 2665 1230 2717 Cur
1268 2677 1402 2730 ergo
1454 2668 1780 2736 pontifices,
1817 2674 1880 2724 ut

235 2741 350 2812 ipse
385 2740 632 2810 indicat,
667 2740 879 2796 additis
909 2757 1138 2812 quoque
1177 2741 1308 2796 aliis
1361 2743 1606 2813 duobus,
1633 2758 1880 2818 quatuor

233 2821 334 2878 diis
361 2822 587 2877 faciunt
629 2837 753 2876 rem
809 2820 1089 2888 divinam,
1123 2821 1359 2888 Telluri,
1390 2825 1734 2894 Tellumoni,
1769 2829 1874 2884 Al-

240 2902 364 2972 tori,
397 2902 652 2957 Rusori?
679 2901 760 2957 De
787 2900 1016 2956 Tellure
1043 2908 1099 2956 et
1128 2901 1468 2960 'I‘ellumone
1497 2906 1620 2976 jam
1655 2907 1872 2964 dictum

241 2987 318 3038 est
348 2999 361 3038 :
395 2982 577 3038 Altori
610 2997 790 3054 quare
819 2981 846 3036 ‘t
876 2983 1038 3048 Quod
1079 2997 1148 3036 ex
1175 2987 1348 3051 terra,
1393 2985 1611 3057 inquit,
1635 2985 1876 3044 aluntur

238 3065 420 3120 omnia
451 3081 576 3136 qua
610 3069 750 3119 nata
778 3068 936 3118 sunt.
972 3063 1181 3120 Rusori
1201 3065 1425 3136 quare?
1454 3067 1616 3132 Quod
1645 3084 1874 3138 rursus,

236 3144 434 3217 inquit,
467 3149 682 3201 cuncta
711 3144 916 3200 eodem
943 3143 1335 3206 revolvuntur.

190 3261 454 3379 (CAPUT
788 3289 862 3344 De
883 3288 1564 3379 Tulluriscognominibus
1585 3311 1878 3379 eorumque

341 3370 826 3442 Wibus,
893 3386 1012 3442 quae
1073 3371 1292 3429 etiamsi
1355 3380 1517 3430 erant
1570 3377 1878 3433 multarum

305 3466 484 3506 rerum
534 3450 764 3516 indices,
795 3465 907 3506 non
953 3451 1254 3509 debuerunt
1301 3455 1603 3512 multorum
1653 3456 1880 3513 deo-rum

303 3530 523 3599 ﬁrmare
547 3534 859 3604 opiniones.

307 3667 352 3746 t.
378 3667 585 3724 Debuit
614 3684 751 3740 ergo
785 3685 902 3725 una
931 3673 1084 3725 terra
1107 3674 1342 3742 propter
1370 3673 1541 3728 istam
1573 3674 1880 3746 quadrige—

246 3743 450 3802 minem
483 3748 604 3801 vim
633 3749 648 3782 ¹
681 3753 933 3818 quatuor
963 3749 1173 3805 habere
1202 3751 1572 3822 cognomina,
1594 3743 1716 3810 'non
1741 3743 1881 3826 qua-

247 3827 364 3880 tuor
411 3827 602 3882 facere
663 3828 838 3883 deos:
874 3829 1026 3885 sicut
1092 3835 1172 3884 tot
1222 3832 1671 3902 cognominibus
1729 3852 1882 3890 unus

246 3903 471 3976 Jupiter,
504 3913 566 3964 et
597 3913 682 3964 tot
713 3910 1163 3981 cognominibus
1216 3927 1327 3967 una
1354 3913 1507 3968 Juno
1534 3931 1547 3982 ;
1579 3914 1639 3968 in
1671 3917 1882 3987 quibus

249 3989 505 4045 omnibus
538 3988 625 4043 vis
658 3990 965 4060 multiplex
995 4007 1120 4047 esse
1151 3992 1362 4046 dicitur
1391 3994 1462 4048 ad
1495 4011 1678 4050 unum
1708 3997 1880 4052 deum

249 4066 321 4120 vel
355 4084 530 4124 unam
567 4070 734 4124 deam
771 4071 1085 4141 pertinens,
1112 4088 1224 4126 non
1250 4072 1569 4130 multitudo
1591 4079 1884 4147 cognomi-

251 4159 392 4230 nnm,
421 4150 669 4205 deorum
702 4151 874 4206 etiam
900 4151 1337 4208 multitudinem
1365 4154 1602 4211 faciens.
1628 4156 1736 4212 Sed
1761 4173 1884 4230 pro-

253 4225 380 4282 fecto
394 4229 552 4286 sicut
574 4230 882 4301 aliquando
905 4230 1079 4286 etiam
1105 4233 1265 4303 ipsas
1296 4234 1610 4290 vilissimas
1636 4225 1884 4293 feminas

251 4319 453 4390 earum,
487 4327 637 4382 quas
666 4311 908 4366 libidine
941 4314 1316 4382 quaesierunt,
1343 4316 1510 4371 taedet
1536 4320 1885 4390 pmnitetque

251 4389 539 4445 turbarum
570 4406 583 4444 :
609 4391 692 4446 sic
722 4391 975 4446 animam
1012 4392 1177 4448 vilem
1213 4394 1418 4450 factam
1464 4400 1521 4451 et
1561 4389 1883 4456 immundis

248 4469 540 4538 spiritibus
561 4473 933 4542 prostitutam
954 4475 1090 4529 deos
1114 4473 1224 4530 sibi
1248 4475 1658 4549 multiplicare,
1675 4481 1885 4550 quibus

251 4551 692 4629 contaminanda
776 4558 1260 4622 prosterneretur,
1341 4557 1494 4611 sicut
1569 4559 1885 4629 plurimum

250 4624 420 4698 libuit,
453 4633 540 4688 sic
573 4631 883 4703 aliquando
915 4637 971 4688 et
1003 4634 1210 4705 piguit.
1259 4635 1398 4691 Nam
1451 4642 1508 4694 et
1556 4624 1680 4710 ipse
1709 4641 1889 4698 Varro

250 4711 394 4776 quasi
424 4712 496 4767 de
525 4712 659 4784 ipsa
687 4713 864 4768 turba
893 4715 1342 4784 verecundatus,
1379 4732 1552 4773 unam
1577 4721 1745 4776 deam
1768 4721 1890 4778 vult

251 4800 363 4844 esse
406 4791 730 4849 Tellurem.
799 4794 1090 4862 Eamdem,
1143 4795 1352 4867 inquit,
1409 4797 1599 4854 dicunt
1655 4803 1890 4857 Matrem

253 4880 512 4939 magnam,
557 4872 696 4944 quod
757 4880 1087 4945 tympanum
1145 4875 1362 4938 habeat.
1414 4880 1724 4948 signiﬁcari
1777 4898 1892 4938 esse

257 4951 423 5035 orbem
469 4958 674 5010 terra:
715 4957 855 5027 quod
904 4962 1083 5013 turres
1129 4959 1192 5013 in
1238 4961 1438 5030 capite,
1477 4962 1718 5032 Oppida:
1751 4967 1894 5035 quod

258 5029 389 5118 sedes
429 5035 715 5105 ﬁngantur
749 5037 899 5092 circa
953 5053 1098 5103 eam,
1147 5055 1270 5094 cum
1300 5029 1892 5115 omnia-moveantur,

255 5117 416 5178 ipsam
445 5130 556 5169 non
587 5117 817 5173 moveri.
851 5118 1014 5189 Quod
1043 5117 1220 5175 Gallos
1245 5121 1377 5178 huic
1405 5123 1520 5178 deae
1539 5127 1598 5179 ut
1627 5130 1897 5181 servirent

319 5298 617 5378 {Plerique
643 5306 698 5354 et
724 5306 956 5369 potiores
983 5307 1106 5358 Mss.
1151 5309 1304 5359 Vind.
1353 5313 1407 5361 et
1434 5313 1571 5369 Am.,
1605 5321 1902 5378 guaterge-

256 5370 478 5412 minam
512 5370 642 5415 vim.

313 5424 392 5484 (α)
426 5425 618 5484 Supra.
655 5443 771 5484 cep.
806 5431 882 5480 16.

313 5442 392 5484 ta)
427 5442 501 5476 an
542 5442 618 5483 ra,
655 5443 719 5480 ca
760 5469 771 5481 .
806 5442 882 5480 16.

308 5485 375 5548 (ὸ)
408 5442 545 5542 πρίὲ
577 5492 696 5543 Vid.
720 5445 1039 5553 1<larronem,
1079 5495 1172 5545 lib.
1204 5496 1234 5545 5
1263 5498 1328 5547 de
1355 5498 1499 5560 Ling.
1531 5499 1646 5559 lat.,
1676 5501 1703 5566 §
1729 5502 1808 5552 68.

1582 353 1819 414 LlBER
1862 353 2274 418 SEPTIMUS.

3521 361 3638 422 2M

1995 494 2268 562 fecerunt,
2287 493 2567 563 signiﬁcat
2587 495 2683 564 qui
2711 496 2918 550 semine
2938 495 3236 566 indigeant,
3256 501 3464 554 terram
3481 498 3640 572 sequi

1992 582 2270 643 Oportere;
2303 577 2362 627 in
2393 591 2457 628 ea
2481 577 2680 645 quippe
2709 577 2896 631 omnia
2944 581 3195 647 reperiri.
3231 580 3378 647 Quod
3408 595 3463 634 se
3487 581 3638 650 apud

1989 669 2112 708 eam
2132 655 2365 723 jactant,
2399 659 2735 726 prwcipitur,
2763 658 2974 728 inquit,
2997 663 3092 729 qui
3115 663 3324 713 terram
3344 661 3639 727 colunl,ne

1987 733 2246 798 sedeant;
2274 752 2491 806 semper
2517 739 2670 790 enim
2701 753 2810 792 esse
2839 739 2980 807 quod
3018 745 3206 808 agant.
3241 739 3636 810 Cymbalorum

1987 816 2216 881 sonitus,
2248 815 2717 885 ferramentorum
2731 818 3130 886 jactandorum
3153 820 3165 853 ³
3191 835 3254 873 ac
3275 837 3560 887 manuum,
3582 828 3636 876 et

1988 896 2104 961 eius
2135 897 2216 949 rei
2245 899 2502 965 crepitus,
2537 897 2594 951 in
2629 897 2847 953 colendo
2879 914 3010 965 agro
3043 901 3138 968 qui
3168 898 3249 967 ﬁt,
3279 901 3634 970 signiﬁcant:

1988 974 2108 1030 ideo
2138 991 2264 1041 mre,
2298 977 2438 1046 quod
2467 994 2598 1032 eam
2628 977 2852 1048 antiqui
2897 978 3146 1032 colebant
3178 995 3307 1043 a’re,
3344 991 3636 1051 antequam

1987 1055 2199 1124 ferrum
2246 1064 2386 1112 esset
2435 1060 2737 1113 inventum.
2777 1059 3024 1124 Leonem,
3065 1059 3278 1128 inquit,
3330 1061 3642 1131 adjungunt

1987 1136 2226 1191 solutum
2239 1153 2303 1191 ac
2324 1154 2476 1192 mans
2487 1143 2686 1204 uelum,
2715 1143 2775 1192 ut
2798 1139 3080 1193 ostendant
3104 1154 3215 1193 esse
3234 1140 3451 1194 nultum
3473 1156 3643 1211 genus

1990 1223 2152 1272 terra
2182 1224 2294 1272 tam
2325 1228 2590 1274 remotum
2619 1235 2682 1273 ac
2712 1219 3063 1274 vehementer
3111 1221 3313 1289 ferum,
3364 1223 3506 1292 quod
3537 1237 3645 1276 non

1987 1297 2178 1365 subigi
2204 1299 2416 1369 colique
2463 1299 2770 1355 conveniat.
2827 1299 3044 1353 Deinde
3093 1299 3360 1370 adjungit
3395 1305 3453 1355 et
3482 1301 3644 1367 dicit,

1986 1377 2273 1432 Tellurem
2307 1383 2547 1434 matrem
2581 1387 2634 1434 et
2671 1379 3006 1434 nominibus
3041 1379 3306 1449 pluribus
3343 1385 3400 1434 et
3429 1395 3642 1451 cogno-

1989 1458 2248 1512 minibus
2281 1460 2430 1528 quod
2469 1461 2879 1525 nominarunt,
2927 1459 3065 1514 deos
3111 1459 3474 1514 existimatos
3517 1475 3644 1515 esse

1986 1538 2332 1607 complures.
2365 1540 2655 1603 Tellurem,
2689 1541 2898 1610 inquit,
2920 1543 3117 1610 putant
3147 1555 3260 1594 esse
3293 1538 3477 1609 Opem,
3498 1540 3642 1610 quod

1985 1634 2142 1688 opere
2197 1618 2293 1687 ﬁat
2351 1621 2582 1680 melior;
2615 1621 2862 1687 Matrem,
2922 1619 3066 1690 quod
3108 1619 3353 1688 plurima
3399 1622 3590 1688 pariat
3607 1636 3630 1680 ;

1985 1698 2263 1766 Magnam,
2291 1700 2438 1770 quod
2467 1701 2652 1756 cibum
2701 1703 2918 1770 pariat;
2946 1702 3355 1770 Proserpinam,
3402 1700 3543 1771 quod
3572 1717 3642 1756 ea:

1985 1795 2050 1835 ea
2080 1784 2398 1850 proserpunt
2425 1784 2652 1852 fruges;
2690 1783 2895 1838 Vestam
2935 1780 3076 1852 quod
3124 1781 3392 1836 vestiatur
3432 1780 3637 1839 herbis.

1988 1859 2080 1916 Sic
2109 1861 2254 1916 alias
2284 1861 2432 1928 deas,
2459 1864 2666 1934 inquit,
2699 1879 2811 1918 non
2831 1863 3073 1917 absurde
3099 1861 3168 1916 ad
3199 1861 3340 1917 hanc
3366 1870 3638 1921 revocant.

1986 1939 2046 1994 Si
2080 1957 2216 2012 ergo
2251 1959 2368 1996 una
2399 1943 2500 1997 dea
2531 1947 2638 2010 est,
2667 1960 2793 2014 quae
2827 1943 3060 2014 quidem
3101 1942 3368 1997 consulta
3398 1941 3639 1996 veritate

1986 2036 2092 2076 nec
2122 2021 2251 2092 ipsa
2282 2027 2389 2089 est,
2425 2023 2658 2078 interim
2712 2023 2848 2094 quid
2900 2025 3019 2078 itur
3057 2023 3116 2077 in
3151 2022 3418 2078 multas?
3451 2023 3635 2079 Unius

1987 2100 2107 2154 sint
2138 2102 2249 2155 ista
2283 2102 2469 2157 multa
2501 2103 2754 2168 nomina,
2790 2119 2900 2157 non
2937 2108 3053 2156 tam
3088 2103 3209 2156 dea:
3233 2101 3425 2156 multis
3460 2119 3638 2173 quam

1986 2180 2355 2234 nomina.Sed
2371 2181 2686 2236 errantium
2704 2184 2991 2251 majorum
3009 2183 3329 2236 auctoritas
3343 2182 3637 2250 deprimit,

1986 2265 2045 2312 et
2077 2261 2349 2313 eumdem
2388 2264 2701 2315 Varronem
2733 2267 2862 2331 post
2897 2261 3047 2314 hanc
3079 2260 3429 2313 sententiam
3463 2259 3634 2327 trepi-

1987 2339 2124 2392 dare
2155 2339 2467 2409 compellit.
2500 2341 2782 2410 Adjungit
2811 2341 2967 2394 enim
3001 2346 3058 2394 et
3081 2340 3220 2394 dicit
3244 2356 3256 2392 :
3281 2341 3415 2392 Cum
3436 2339 3635 2410 quibus

1985 2420 2170 2489 Opinio
2205 2421 2482 2490 majorum
2512 2422 2581 2474 de
2610 2419 2693 2474 his
2723 2419 2946 2486 deabus,
2979 2418 3117 2490 quod
3141 2417 3336 2488 plures
3367 2433 3459 2473 eas
3484 2429 3639 2489 puta-

1986 2506 2118 2554 runt
2146 2516 2279 2567 esse,
2303 2516 2412 2554 non
2433 2504 2662 2570 pugnat.
2697 2501 2996 2567 Quomodo
3042 2516 3156 2554 non
3213 2505 3454 2570 pugnat,
3505 2516 3635 2555 cum

1985 2581 2151 2634 valde
2181 2581 2337 2636 aliud
2371 2581 2464 2646 sit,
2498 2597 2674 2636 unam
2708 2581 2870 2635 de-im
2909 2580 3146 2635 nomina
3174 2579 3386 2634 habere
3428 2579 3634 2647 multa,

1987 2659 2168 2727 aliud,
2201 2676 2330 2716 esse
2360 2661 2495 2716 deas
2528 2660 2794 2716 multas?
2823 2661 2930 2715 Sed
2985 2664 3196 2731 potest,
3247 2659 3458 2730 inquit,
3510 2659 3634 2714 ﬁeri

1986 2744 2052 2795 ut
2073 2741 2275 2796 eadem
2310 2757 2399 2796 res
2429 2746 2484 2795 et
2526 2758 2640 2795 una
2669 2740 2767 2804 sit,
2799 2745 2855 2796 et
2886 2741 2943 2794 in
2995 2756 3061 2796 ea
3110 2740 3375 2812 quaedam
3407 2755 3498 2794 res
3519 2739 3638 2794 sint

1985 2819 2206 2892 plures.
2242 2820 2505 2875 Concedo
2555 2821 2610 2874 in
2671 2836 2782 2875 uno
2827 2820 3067 2875 homine
3105 2835 3229 2875 esse
3275 2835 3365 2874 res
3418 2817 3635 2887 plures,

1983 2900 2268 2970 numquid
2317 2899 2446 2956 ideo
2498 2904 2554 2955 et
2604 2900 2868 2956 homines
2910 2898 3151 2972 plures?
3180 2899 3263 2954 sic
3293 2898 3352 2954 in
3386 2914 3505 2953 una
3535 2899 3640 2954 dea

1983 2995 2112 3036 esse
2143 2996 2233 3036 res
2265 2981 2478 3051 plures,
2497 2980 2776 3051 numquid
2798 2980 2926 3035 ideo
2944 2985 3000 3034 et
3017 2979 3148 3035 deas
3167 2978 3360 3049 plures
3377 2976 3405 3031 ‘t
3422 2977 3637 3034 Verum

1983 3059 2134 3116 sicut
2163 3060 2389 3127 volunt,
2419 3061 2702 3130 dividant,
2728 3060 3001 3128 contlent,
3025 3058 3439 3131 multiplicent,
3464 3059 3638 3132 repli-

1985 3146 2138 3210 cent,
2172 3140 2494 3210 implicent.

2051 3223 2106 3276 2.
2143 3222 2272 3277 Haec
2304 3225 2440 3277 sunt
2488 3219 2737 3276 Telluris
2766 3224 2822 3276 et
2850 3219 3048 3275 Matris
3097 3234 3322 3291 magnas
3357 3217 3636 3290 praclara

1983 3305 2279 3376 mysteria,
2296 3303 2451 3358 unde
2480 3301 2676 3358 omnia
2695 3302 3024 3357 referuntur
3041 3301 3111 3356 ad
3132 3299 3398 3355 mortalia
3412 3299 3637 3355 semina

1982 3389 2039 3438 et
2070 3384 2141 3438 ad
2173 3382 2552 3439 exercendam
2607 3381 3040 3454 agriculturam.
3092 3384 3254 3436 Itane
3283 3380 3351 3434 ad
3385 3379 3505 3435 haec
3535 3396 3634 3434 re-

1981 3462 2100 3518 lata
2119 3467 2175 3517 et
2197 3463 2354 3518 hunc
2369 3464 2541 3516 tinem
2562 3460 2834 3516 habentia
2851 3465 3218 3530 tympanum,
3236 3467 3446 3526 turres,
3461 3458 3632 3525 Galli,

1977 3542 2220 3614 jactatio
2251 3543 2460 3596 insana
2491 3540 2908 3606 membrorum,
2930 3540 3183 3608 crepitus
3206 3537 3628 3608 cymbalorum,

1985 3623 2258 3680 conﬁctio
2291 3622 2548 3687 leonum,
2579 3621 2761 3675 vitam
2795 3620 3062 3689 cuiquam
3088 3617 3436 3689 pollicentur
3465 3621 3634 3671 aiter-

1985 3703 2164 3758 nam?
2193 3702 2348 3757 itane
2377 3705 2678 3771 propterea
2699 3698 2848 3754 Galli
2873 3697 3084 3752 abscisi
3114 3697 3249 3750 huic
3273 3695 3496 3765 Magna:
3517 3695 3638 3750 deae

1985 3784 2264 3847 serviunt,
2283 3787 2342 3836 ut
2363 3780 2694 3852 significent
2716 3779 2812 3849 qui
2835 3777 3058 3833 semine
3080 3776 3398 3845 indigeant,
3426 3780 3636 3830 terram

1986 3862 2148 3934 sequi
2167 3871 2456 3932 Oportere;
2481 3858 2645 3928 quasi
2661 3875 2774 3912 non
2799 3872 2893 3912 eos
2915 3857 3039 3927 ipsa
3062 3853 3253 3924 potius
3274 3853 3526 3934 servitus
3548 3869 3637 3907 se-

1989 3932 2146 4001 mine
2177 3944 2346 3998 faciat
2375 3941 2632 4012 indigere
2653 3939 2680 3994 ?
2713 3938 2913 3994 Utrum
2955 3936 3110 3992 enim
3153 3935 3448 4005 sequendo
3491 3932 3640 4012 hanc

1989 4026 2182 4091 deam,
2210 4039 2344 4079 cum
2373 4011 2696 4091 indigeant,
2729 4033 2926 4073 semen
2957 4015 3305 4087 acquirunt;
3338 4029 3410 4066 an
3445 4011 3638 4083 potius

1989 4104 2286 4178 sequendo
2301 4103 2451 4159 hanc
2469 4101 2658 4160 deam,
2673 4115 2807 4154 cum
2827 4098 3310 4178 habeantssemen
3326 4093 3643 4178 amittunt?

1990 4173 2111 4243 Hoc
2135 4183 2500 4255 interpretari
2530 4187 2640 4245 est,
2683 4197 2755 4236 an
2807 4175 3124 4234 detestari?
3153 4175 3265 4231 Nec
3294 4173 3640 4255 attenditur,

1991 4253 2550 4339 quantumrmaligni
2605 4261 2903 4339 daemones
2949 4255 3378 4339 praevaluerint,
3411 4253 3511 4339 qui
3535 4269 3642 4309 nec

1994 4338 2191 4419 aliqua
2222 4361 2436 4416 magna
2470 4345 2558 4399 bis
2583 4341 2765 4398 sacris
2788 4338 3046 4412 polliceri
3079 4338 3206 4392 ausi
3241 4341 3399 4404 sunt,
3431 4338 3489 4390 et
3519 4339 3642 4419 tam

1992 4418 2247 4484 crudelia
2277 4428 2504 4496 exigere
2537 4426 2869 4495 potuerunt.
2912 4419 2972 4475 Si
3004 4419 3109 4474 dea
3139 4423 3291 4472 terra
3321 4433 3434 4471 non
3468 4418 3645 4496 esset,

1995 4524 2204 4563 manus
2252 4507 2304 4561 ei
2347 4495 2612 4560 homines
2656 4500 2944 4571 operando
2977 4500 3278 4564 inferrent,
3313 4502 3378 4550 ut
3419 4495 3650 4549 semina

1995 4592 2486 4657 consequerentur
2517 4601 2614 4656 per
2644 4583 2841 4648 illam;
2867 4598 2981 4636 non
3009 4580 3182 4635 etiam
3208 4578 3645 4642 sibisaaviendo,

1998 4674 2063 4724 ut
2084 4668 2309 4724 semina
2338 4668 2640 4738 perderent
2662 4667 2896 4736 propter
2912 4662 3095 4716 illam.
3119 4661 3176 4716 Si
3201 4661 3308 4715 dea
3325 4674 3439 4712 non
3466 4662 3648 4722 esset,

1995 4749 2078 4805 ita
2107 4747 2357 4804 fecunda
2384 4747 2549 4802 fieret
2599 4744 2872 4800 manibus
2921 4741 3147 4808 alienis,
3181 4745 3247 4793 ut
3271 4754 3385 4792 non
3417 4739 3650 4806 cogeret

1998 4826 2292 4883 hominem
2327 4823 2578 4881 sterilem
2614 4821 2736 4877 fieri
2770 4819 3040 4875 manibus
3070 4816 3210 4872 suis.
3241 4815 3369 4868 Jam
3400 4813 3552 4883 quod
3585 4812 3644 4866 in

1999 4907 2186 4962 Liberi
2217 4905 2404 4962 sacris
2426 4905 2668 4959 honesta
2700 4904 2963 4955 matrona
2983 4894 3254 4966 pudenda
3269 4889 3456 4946 virilia
3478 4904 3648 4944 coro-

2001 4988 2198 5056 nabat,
2231 4987 2527 5056 spectante
2552 4978 2947 5044 multitudine,
2964 4975 3064 5030 ubi
3083 4973 3300 5028 rubens
3319 4973 3376 5026 et
3392 4968 3632 5037 sudans,

2071 5258 2086 5291 ί
2120 5253 2298 5310 \‘ind.,
2331 5253 2812 5310 ferramentorum
2835 5241 2984 5291 ritus
3001 5237 3424 5310 jaqtandorum.
3453 5234 3575 5310 A131,.
3596 5234 3664 5310 et

2010 5296 2630 5377 Er_,'fe’rrdmentorum
2683 5307 2827 5356 ictus
2873 5296 3292 5364 jactandorum.
3353 5296 3458 5348 Sex
3510 5296 3662 5356 Mss.,

2011 5374 2823 5442 fernamentorumja‘otorurn.
3001 5429 3011 5440 ο
3068 5429 3113 5442 Α.
3200 5421 3340 5442 __,___,

2464 5421 2702 5502 plerique
2729 5434 2873 5490 Mss,
2909 5429 3011 5494 qui
3051 5429 3138 5492 fit,
3189 5421 3530 5486 signiﬁcant.
3562 5421 3664 5472 Lo-

2014 5518 2108 5556 cus
2136 5499 2416 5566 perpleius
2447 5501 2499 5548 et
2518 5499 2759 5548 vitiatus.
