4128 6184
287 324 392 384 217
1642 330 1874 394 LIBER
1918 332 2332 397 SEPTIMUS.

281 459 492 516 CAPUT
519 459 744 517 XXVII.
772 491 832 504 -
866 463 938 518 De
955 463 1234 535 ﬁgmentis
1291 465 1775 538 physiologorum,
1814 471 1911 540 qui

336 557 430 595 nec
458 557 647 596 verum
677 541 1022 598 divinitatem
1046 545 1252 615 colunt,
1271 563 1374 603 nec
1403 563 1462 603 eo
1486 548 1644 603 cultu
1671 565 1775 620 quo
1799 564 1896 605 co-

335 622 488 677 lenda
517 631 599 677 est
629 638 757 678 vera
786 623 1069 680 diuinitas.

3551 346 3669 406 218

2020 472 2217 524 tentur
2256 470 2600 527 numinibus
2650 472 2985 529 terribiliter
3015 474 3380 548 exigentibus
3411 477 3664 537 reddita.

2017 550 2182 606 Unde
2230 552 2467 606 remotis
2517 559 2746 607 constat
2807 556 3176 625 ambagibus,
3238 559 3486 613 nefarios
3535 560 3661 615 daa-

2019 645 2220 686 mones
2242 637 2415 702 atque
2447 633 2952 689 immundissimos
2976 637 3216 706 spiritus
3249 638 3353 693 hac
3385 641 3543 695 omni
3579 642 3665 695 ci-

2014 710 2115 765 vili
2147 711 2434 784 theologia
2455 715 2513 768 in
2537 714 2793 769 visendis
2823 715 3046 770 stolidis
3076 717 3528 788 imaginibus,et
3563 737 3665 791 per

330 766 374 818 1.
392 765 540 820 Istos
555 781 687 821 vero
708 766 847 821 deos
865 766 1108 825 selectos
1132 768 1398 825 videmus
1416 771 1653 842 quidem
1678 771 1869 829 clariu;

2013 804 2112 846 eas
2132 765 2512 862 possidejndis
2525 765 2930 849 attiguae;
2941 765 3250 864 Esaia;
3259 765 3542 854 iam;
3559 765 3658 871 ξἀῖῖ

259 844 574 902 innotuisse
593 863 769 918 quam
793 854 1062 917 caeteros;
1087 867 1199 906 non
1227 855 1417 907 tamen
1451 857 1515 908 ut
1542 869 1744 908 eorum
1769 854 1899 910 illu-

265 932 578 982 strarentur
609 928 836 997 merita,
861 931 958 984 sed
988 947 1060 986 ne
1089 933 1521 988 occultarentur
1550 936 1890 1006 opprobria:

264 1009 403 1063 unde
433 1008 618 1081 magis
648 1025 742 1064 eos
773 1009 1038 1066 homines
1063 1012 1243 1068 fuisse
1282 1013 1559 1068 credibile
1588 1020 1676 1071 est
1699 1035 1713 1083 ;
1740 1016 1895 1073 sicut

264 1103 368 1142 non
397 1086 586 1143 solum
622 1089 853 1160 poeticas
885 1090 1111 1160 litterae,
1147 1109 1345 1148 verum
1387 1093 1561 1150 etiam
1603 1093 1893 1153 historicas

263 1167 630 1226 tradiderunt.
665 1169 810 1225 Nam
843 1172 997 1242 quod
1030 1171 1310 1244 Virgilius
1341 1173 1446 1241 ait,

2011 996 2242 1053 CAPUT
2275 996 2516 1054 XXVIII.
2542 1028 2610 1038 -—-
2635 997 2794 1070 Quod
2842 998 3090 1054 doctrina
3123 1000 3375 1056 Varronis
3406 1002 3477 1057 de
3503 1003 3658 1060 theo-

2296 1079 2444 1148 logia
2473 1079 2533 1133 in
2562 1080 2721 1135 nulla
2749 1078 2860 1134 sibi
2888 1089 3045 1151 parte
3065 1080 3370 1137 concordet.

2077 1278 2223 1343 Quid
2253 1277 2432 1349 igitur
2460 1277 2803 1348 valet,quod
2838 1278 2918 1332 vir
2942 1278 3312 1335 doctissimus
3343 1284 3400 1336 et
3431 1282 3648 1339 acutis-

310 1295 526 1365 Primus_
541 1295 616 1365 ab
637 1298 883 1365 aethereo
913 1299 1061 1365 venit
1094 1298 1369 1365 saturnus
1379 1299 1628 1365 Olympo,

2005 1359 2193 1414 simus
2228 1360 2396 1415 Varro
2427 1357 2580 1412 velut
2608 1359 2807 1414 subtili
2860 1359 3251 1431 disputatione
3294 1360 3398 1417 hos
3450 1379 3652 1419 omnes

308 1358 467 1406 Arma
497 1359 648 1408 Jovis
682 1360 907 1424 fugiens,
939 1363 992 1410 et
1021 1362 1197 1424 regnis
1224 1363 1376 1412 exsul
1405 1358 1700 1424 ademptis:

787 1423 1036 1485 (zEneid.
1070 1425 1162 1474 lib.
1193 1425 1242 1486 8,
1278 1441 1395 1473 vers
1423 1425 1533 1483 319,
1561 1423 1700 1491 320).

248 1531 298 1582 et
315 1544 436 1598 quae
455 1529 526 1583 ad
552 1529 696 1585 hanc
713 1547 835 1586 rem
860 1532 1202 1602 pertinentia
1225 1539 1686 1606 consequuntur,
1703 1540 1882 1593 totam

248 1607 311 1662 de
339 1608 442 1663 hoc
478 1610 842 1666 Euhemerus
867 1611 887 1645 ί
913 1614 1110 1682 pandit
1132 1614 1639 1686 historiam,quam
1661 1617 1884 1675 Ennius

247 1689 297 1745 in
329 1690 572 1748 latinum
602 1693 774 1749 vertit
795 1693 1125 1765 eloquium:
1169 1698 1319 1751 unde
1342 1698 1478 1768 quia
1508 1696 1763 1770 plurima
1787 1717 1884 1770 po-

244 1776 498 1838 suerunt,
534 1773 633 1844 qui
683 1778 886 1829 contra
916 1776 1091 1844 hujus
1125 1775 1278 1830 modi
1328 1792 1548 1833 errores
1603 1783 1737 1833 ante
1770 1795 1880 1835 nos

243 1849 320 1928 vel
343 1868 528 1920 graec
555 1870 823 1909 sermone
851 1855 938 1910 vel
970 1855 1151 1912 latino
1177 1858 1558 1928 scripserunt,
1585 1877 1698 1916 non
1725 1860 1785 1916 in
1808 1878 1874 1918 eo

241 1927 373 1986 mihi
409 1931 629 2002 placuit
656 1933 974 1990 immorari.

301 2011 353 2066 2.
390 2011 659 2086 [XXVIL]
714 2013 874 2086 Ipsas
925 2015 1318 2090 pbysiologias
1361 2035 1495 2073 cum
1545 2020 1868 2090 considero,

239 2091 454 2162 quibus
483 2095 631 2149 docti
655 2099 712 2150 et
740 2097 895 2151 acuti
926 2096 1192 2153 homines
1223 2099 1329 2154 has
1359 2116 1451 2154 res
1484 2100 1765 2156 humanas
1785 2118 1880 2158 co-

237 2177 456 2228 nantur
483 2181 701 2231 vertere
748 2177 806 2231 in
839 2193 930 2232 res
960 2177 1202 2246 divinas,
1236 2178 1380 2233 nihil
1410 2180 1576 2235 video
1626 2182 1743 2236 nisi
1801 2184 1871 2236 ad

231 2253 582 2323 temporalia
620 2260 964 2327 terrenaque
1005 2274 1177 2327 opera
1239 2265 1626 2331 naturamque
1667 2277 1876 2332 corpo-

227 2334 509 2404 ream,vel
531 2336 759 2390 etiamsi
781 2336 1370 2404 invisibilem,tamen
1409 2339 1750 2395 mutabilem
1770 2358 1872 2412 po-

223 2414 409 2468 tuisse
455 2415 736 2470 revocari:
770 2418 924 2487 quod
959 2417 1118 2472 nullo
1162 2420 1329 2474 modo
1364 2424 1452 2475 est
1495 2436 1664 2476 verus
1694 2421 1870 2480 Deus.

217 2495 345 2548 Hoc
379 2499 578 2574 autem
612 2496 661 2550 si
692 2496 898 2552 saltem
942 2496 1305 2570 religiositati
1345 2501 1617 2570 congruis
1648 2502 1872 2574 signiﬁ-

219 2573 565 2629 cationibus
593 2581 882 2646 ageretur,
915 2585 1064 2633 esset
1103 2580 1338 2650 quidem
1380 2573 1725 2650 dolendum,
1757 2601 1873 2641 non

220 2652 314 2707 his
353 2667 566 2708 verum
616 2655 798 2710 Deum
849 2659 1184 2715 annuntiari
1219 2667 1388 2731 atque
1418 2662 1753 2732 praedicari;
1785 2668 1871 2720 ta-

224 2751 353 2792 men
389 2735 586 2805 aliquo
609 2738 779 2793 modo
809 2739 1110 2795 ferendum
1135 2743 1252 2796 tam
1277 2741 1426 2798 foeda
1455 2747 1512 2798 et
1541 2745 1733 2814 turpia
1757 2762 1868 2800 non

225 2817 343 2872 fieri
391 2832 499 2896 nec
523 2817 748 2887 juberi:
781 2826 836 2874 at
887 2837 1042 2874 nunc
1089 2836 1220 2877 cum
1267 2838 1368 2892 pro
1417 2821 1534 2878 Deo
1576 2840 1725 2892 vero,
1755 2843 1867 2896 quo

226 2897 341 2952 solo
374 2895 578 2950 anima
635 2913 698 2952 se
729 2899 1092 2955 inhabitants
1139 2899 1217 2954 sit
1259 2900 1410 2970 felix,
1433 2903 1594 2957 nefas
1639 2904 1718 2958 sit
1767 2895 1866 2960 Co-

223 2975 331 3032 lere
363 2981 470 3031 aut
501 2993 712 3048 corpus
744 2984 844 3034 aut
873 2979 1159 3045 animam;
1197 2987 1412 3051 quanto
1462 2984 1650 3054 magis
1709 2985 1866 3040 nefa-

226 3057 370 3112 rium
414 3062 507 3113 est
535 3057 643 3114 ista
671 3061 755 3115 sic
785 3061 989 3130 colere,
1025 3066 1087 3116 ut
1118 3077 1222 3116 nec
1252 3061 1521 3132 salutem,
1557 3080 1658 3119 nec
1689 3066 1864 3121 decus

223 3135 546 3193 humanum
571 3153 779 3209 corpus
812 3145 911 3195 aut
934 3142 1128 3195 anima
1149 3141 1386 3197 colentis
1400 3142 1697 3198 obtineat?
1717 3147 1865 3210 Qua-

222 3216 484 3270 mobrem
509 3215 560 3270 si
593 3217 831 3288 templo,
857 3219 1177 3285 sacerdote,
1209 3219 1513 3288 sacriﬁcio,
1540 3223 1692 3291 quod
1727 3240 1860 3279 vero

222 3293 328 3351 Deo
377 3296 646 3366 debetur,
686 3297 907 3353 colatur
952 3298 1184 3369 aliquod
1228 3298 1583 3356 elementum
1634 3304 1858 3370 mundi,

219 3375 302 3430 vel
335 3380 568 3433 creatus
599 3375 810 3447 aliquis
841 3378 1102 3448 spiritus,
1126 3381 1483 3436 etiamsinon
1515 3381 1861 3438 immundus

225 3460 275 3510 et
307 3455 534 3523 malus;
559 3473 674 3512 non
697 3457 824 3513 ideo
859 3458 1078 3514 malum
1112 3463 1218 3528 est,
1253 3461 1387 3530 quia
1417 3461 1519 3516 illa
1551 3461 1702 3516 mala
1725 3466 1864 3516 sunt

224 3537 430 3608 quibus
464 3536 709 3604 colitur;
744 3538 840 3593 sed
875 3539 1014 3610 quia
1044 3538 1143 3595 illa
1165 3545 1303 3594 sunt
1333 3539 1493 3604 talia,
1521 3541 1738 3610 quibus
1769 3557 1861 3595 so-

226 3614 308 3670 lus
353 3615 453 3672 ille
507 3615 788 3672 colendus
821 3617 916 3685 sit,
942 3618 1036 3674 cui
1091 3618 1226 3674 talis
1267 3619 1460 3673 cultus
1499 3620 1865 3689 servitusque

227 3695 480 3752 debetur.
529 3697 589 3752 Si
624 3702 818 3752 autem
851 3698 1166 3754 stoliditate
1197 3697 1283 3754 vel
1317 3698 1748 3753 monstrositate
1782 3699 1860 3752 si-

232 3779 646 3844 mulacrorum,
683 3779 983 3835 sacrificiis
1001 3780 1474 3843 homicidiorum,
1498 3781 1864 3835 coronatione

228 3859 471 3915 virilium
498 3860 1208 3931 pudendorum,mercede
1224 3865 1584 3932 stuprorum,
1609 3860 1864 3916 sectione

229 3941 648 4006 membrorum,
680 3941 1007 3997 abscisione
1045 3941 1403 4013 genitalium,
1437 3941 1866 3997 consecratione

231 4021 516 4089 mollium,
551 4021 716 4077 festis
759 4023 1124 4094 impurorum
1156 4024 1653 4092 obscenorumque
1693 4023 1862 4078 Indo-

228 4117 370 4172 rum,
403 4119 593 4159 unum
627 4120 824 4160 verum
859 4104 1066 4174 Deum,
1099 4104 1150 4159 id
1183 4112 1272 4160 est
1301 4105 1494 4160 omnis
1517 4106 1727 4160 animae
1746 4121 1865 4160 cor-

228 4183 497 4256 porisque
533 4191 873 4252 creatorem,
906 4184 1092 4240 colere
1123 4201 1184 4240 se
1230 4185 1474 4257 quisque
1524 4186 1859 4253 contendat;

227 4276 329 4318 non
349 4263 483 4320 ideo
523 4268 737 4335 peccat,
762 4263 891 4335 quia
921 4281 1036 4320 non
1065 4268 1152 4320 est
1182 4264 1461 4320 colendus
1493 4281 1664 4336 quem
1694 4265 1858 4334 colit;

228 4344 318 4398 sed
350 4345 490 4416 quia
527 4344 856 4411 colendum,
889 4361 1006 4401 non
1036 4352 1096 4399 ut
1128 4344 1406 4400 colendus
1437 4350 1542 4412 est,
1567 4344 1720 4402 colit.
1754 4347 1861 4411 Qui

231 4439 348 4481 vero
368 4431 426 4483 et
461 4427 645 4482 rebus
677 4425 913 4492 talibus,
945 4426 1000 4482 id
1051 4432 1141 4483 est
1184 4427 1452 4498 turpibus
1485 4432 1541 4481 et
1579 4426 1859 4496 scelestis,

229 4509 403 4564 etnon
435 4508 625 4564 Deum
659 4523 882 4573 verum,
913 4507 970 4562 id
1004 4512 1091 4564 est
1121 4509 1326 4562 animas
1360 4509 1730 4578 corporisque
1754 4508 1862 4562 fac-

229 4589 424 4655 torem,
460 4589 564 4643 sed
626 4592 950 4643 creaturam
1000 4590 1269 4659 quamvis
1328 4604 1439 4643 non
1474 4587 1737 4642 vitiosam
1771 4604 1862 4643 co-

231 4662 308 4732 lit,
341 4668 462 4723 sive
499 4667 605 4722 illa
639 4668 718 4722 sit
750 4668 963 4734 anima,
986 4668 1107 4723 sive
1153 4683 1381 4735 corpus,
1407 4666 1522 4722 sive
1551 4668 1747 4722 anima
1786 4667 1862 4721 si-

231 4746 338 4800 mul
369 4757 422 4803 et
473 4764 712 4818 corpus,
754 4747 844 4803 bis
888 4751 1086 4818 peccat
1133 4746 1189 4802 in
1222 4749 1428 4815 Deum,
1461 4747 1613 4818 quod
1666 4753 1723 4800 et
1762 4763 1863 4817 pro

231 4823 348 4894 ipso
378 4828 542 4893 colit,
579 4828 731 4899 quod
769 4844 882 4882 non
915 4831 1004 4882 est
1030 4827 1186 4896 ipse;
1223 4833 1280 4881 et
1310 4826 1526 4881 talibus
1559 4826 1730 4880 rebus
1761 4842 1864 4882 co—

232 4903 310 4972 lit,
342 4908 620 4978 qualibus
665 4923 769 4963 nec
810 4909 931 4977 ipse
960 4907 1237 4964 colendus
1285 4911 1392 4974 est,
1424 4922 1528 4961 nec
1578 4921 1688 4962 non
1719 4906 1860 4976 ipse.

233 4984 330 5041 Sed
364 4989 423 5043 hi
452 5005 712 5061 quonam
757 4989 945 5056 modo,
979 4990 1035 5044 id
1079 4993 1166 5043 est
1206 5003 1379 5060 quam
1421 4987 1667 5060 turpiter
1706 4989 1864 5045 nefa-

231 5065 436 5138 rieque,
470 5069 779 5138 coluerint,
811 5069 867 5124 in
906 5074 1177 5140 promptu
1220 5075 1327 5124 est.
1365 5070 1507 5134 Quid
1551 5073 1746 5125 autem
1778 5069 1859 5125 vel

232 5161 365 5216 quos
385 5151 699 5211 coluerint,
730 5155 882 5207 esset
926 5151 1264 5215 obscurum,
1297 5150 1410 5206 nisi
1450 5167 1646 5206 eorum
1682 5155 1861 5205 testa-

233 5235 378 5283 retur
431 5231 699 5299 historia,
733 5248 800 5288 ea
848 5232 976 5303 ipsa
1030 5247 1156 5302 quae
1193 5233 1342 5287 fmda
1368 5237 1423 5286 et
1455 5233 1649 5303 turpia
1679 5231 1865 5285 confi-

284 5484 493 5551 tVind.
521 5488 635 5536 Am.
668 5489 721 5537 et
747 5488 953 5551 aliquot
1002 5491 1144 5545 Mss,
1195 5490 1487 5537 Homerus.
1535 5487 1636 5538 Sed
1683 5488 1862 5539 verius

229 5550 409 5615 gestari
459 5549 600 5615 libri,
651 5549 1018 5615 Euhemerus.
1057 5553 1182 5615 AHic
1224 5553 1367 5615 enim
1416 5551 1626 5615 scripsit
1658 5565 1862 5602 sacram

230 5607 515 5662 historiam.
545 5607 674 5664 Vide
703 5627 884 5678 supra,
916 5614 1007 5666 lib.
1043 5613 1091 5674 6,
1123 5628 1238 5677 cap,
1268 5613 1315 5672 7,
1347 5627 1402 5663 n.
1438 5613 1485 5665 1.

2003 1441 2140 1494 deos
2171 1439 2230 1494 in
2254 1439 2463 1494 ccelum
2498 1446 2553 1494 et
2582 1439 2641 1495 in
2674 1445 2890 1496 terram
2921 1441 3178 1512 redigere
3209 1457 3274 1496 ac
3304 1443 3516 1499 referre
3547 1460 3646 1500 co-

2002 1523 2212 1575 natur?
2241 1520 2364 1576 Non
2397 1529 2581 1592 potest
2608 1524 2659 1576 1:
2695 1521 2888 1576 ﬂuunt
2926 1521 2996 1576 de
3027 1521 3318 1586 manibus,
3357 1523 3644 1592 resiliunt,

1997 1599 2278 1657 labuntur
2324 1606 2381 1657 et
2428 1601 2723 1658 decidunt.
2758 1602 3033 1657 Dicturus
3078 1602 3232 1657 enim
3285 1604 3355 1658 de
3386 1604 3642 1672 feminis,

1994 1680 2103 1738 hoc
2134 1689 2222 1739 est
2250 1684 2508 1739 deabus:
2544 1707 2571 1734 «
2595 1683 2948 1751 Quoniam,»
2980 1683 3192 1754 inquit,
3223 1705 3252 1732 «
3275 1690 3336 1739 ut
3358 1686 3416 1740 in
3455 1686 3642 1758 primo

1993 1763 2140 1821 libro
2172 1766 2290 1821 dixi
2317 1767 2387 1821 de
2420 1767 2583 1833 locis,
2624 1767 2738 1821 duo
2762 1770 2900 1820 sunt
2944 1765 3227 1836 principia
3249 1767 3489 1823 deorum
3522 1767 3643 1822 ani-

1993 1847 2296 1902 madversa
2324 1848 2394 1902 de
2426 1847 2568 1902 cmlo
2599 1852 2657 1901 et
2686 1851 2858 1910 terra,
2878 1864 2908 1900 ιι
2938 1862 3052 1917 quo
3084 1847 3161 1900 dii
3196 1847 3408 1918 partim
3432 1848 3636 1903 dicun-

1990 1928 2085 1981 tur
2118 1926 2402 1993 cmlestes,
2436 1929 2648 2000 partim
2682 1935 3019 1983 terrestres:
3056 1935 3116 1980 ut
3145 1925 3205 1980 in
3243 1928 3638 1998 superioribus

1988 2005 2220 2063 initium
2257 2008 2500 2064 fecimus
2517 2009 2682 2077 cmlo,
2713 2025 2843 2064 cum
2874 2009 3129 2063 diximus
3161 2010 3231 2064 de
3261 2009 3431 2076 Juno,
3464 2025 3636 2079 quem

1990 2088 2084 2143 alii
2118 2090 2351 2155 ccelum,
2385 2089 2482 2142 alii
2513 2089 2785 2143 dixerunt
2823 2104 2946 2144 esse
2983 2090 3308 2158 mundum;
3337 2089 3419 2142 sic
3452 2089 3523 2143 de
3555 2090 3635 2143 fe-

1988 2168 2166 2222 minis
2197 2169 2430 2223 initium
2473 2169 2766 2224 scribendi
2814 2169 3057 2223 facimus
3089 2187 3122 2224 a
3150 2169 3397 2223 Tellure.
3432 2189 3459 2217 »
3494 2168 3636 2222 Sen-

1986 2249 2066 2302 tio
2099 2253 2372 2319 quantam
2405 2249 2728 2304 molestiam
2759 2249 2873 2304 tale
2902 2267 2966 2304 ac
2999 2256 3223 2304 tantum
3258 2248 3633 2320 patiaturiu-

1986 2328 2245 2400 genium.
2274 2329 2504 2383 Ducitur
2533 2329 2690 2382 enim
2734 2329 2985 2397 quadam
3029 2329 3252 2383 ratione
3299 2327 3629 2396 verisimili,

1985 2407 2197 2462 emtum
2229 2423 2357 2462 esse
2401 2407 2552 2477 quod
2602 2406 2792 2474 faciat,
2827 2413 3039 2461 terram
3086 2423 3208 2475 quis
3251 2407 3538 2478 patiatur;
3573 2412 3633 2462 et

1986 2487 2114 2542 ideo
2138 2486 2221 2542 illi
2252 2487 2640 2542 masculinam
2671 2487 2786 2540 vim
2818 2486 3046 2555 tribuit,
3076 2486 3212 2541 huic
3244 2485 3586 2542 femininum
3613 2501 3629 2543 :

1982 2571 2039 2622 et
2071 2584 2186 2622 non
2216 2567 2464 2623 attendit
2495 2583 2624 2622 eum
2659 2567 2847 2638 potius
2887 2583 3010 2622 esse
3041 2567 3140 2638 qui
3173 2567 3294 2623 haec
3344 2567 3501 2636 facit,
3525 2570 3626 2638 qui

1983 2651 2300 2719 utrumque
2335 2648 2481 2704 fecit.
2520 2647 2662 2702 Hinc
2713 2647 2884 2701 etiam
2932 2647 3370 2702 Samothracum
3407 2647 3624 2704 nobilia

1981 2734 2249 2800 mysteria
2280 2729 2335 2782 in
2369 2729 2666 2798 superiore
2696 2728 2844 2782 libro
2875 2727 2954 2781 sic
2984 2727 3415 2800 interpretatur,
3439 2744 3621 2798 eaque

1979 2823 2040 2863 se
2071 2825 2199 2880 quae
2231 2824 2335 2864 nec
2366 2809 2488 2862 suis
2523 2812 2657 2862 nota
2699 2813 2839 2863 sunt
2875 2809 3175 2863 scribendo
3216 2809 3616 2877 expositurum

1974 2889 2178 2959 eisque
2209 2890 2520 2944 missurum
2551 2889 2712 2959 quasi
2746 2889 3179 2959 religiosissime
3201 2889 3616 2961 pollicetur(b).

1972 2968 2121 3024 Dicit
2148 2969 2305 3024 enim
2335 2986 2397 3026 se
2418 2969 2498 3024 ibi
2530 2970 2732 3025 multis
2761 2970 2993 3025 indiciis
3015 2970 3316 3041 collegisse
3338 2970 3397 3024 in
3430 2971 3616 3026 simu-

1973 3049 2146 3106 lacris
2175 3049 2332 3106 aliud
2364 3050 2689 3121 signiﬁcare
2731 3050 2963 3119 ccelum,
2998 3050 3154 3106 aliud
3200 3056 3434 3120 terram,
3460 3051 3616 3106 aliud

1972 3132 2236 3200 exempla
2269 3148 2480 3198 rerum,
2515 3148 2661 3203 quas
2710 3131 2869 3186 Plato
2909 3130 3155 3203 appellat
3184 3131 3374 3186 ideas:
3410 3131 3618 3186 cmlum

1968 3211 2189 3279 Jovem,
2223 3217 2439 3268 terram
2487 3213 2798 3277 Junonem,
2833 3213 2992 3266 ideas
3025 3212 3342 3267 Minervam
3374 3210 3501 3266 vult
3530 3211 3621 3266 in-

1971 3292 2192 3365 telligi:
2228 3294 2436 3348 caelum
2484 3311 2515 3347 a
2547 3309 2661 3364 quo
2688 3293 2787 3347 fiat
2823 3293 3067 3364 aliquid,
3120 3296 3333 3346 terram
3384 3293 3454 3346 de
3507 3309 3621 3362 qua

1972 3374 2095 3440 fiat,
2111 3374 2438 3444 exemplum
2462 3375 2783 3429 secundum
2801 3374 2955 3443 quod
2981 3374 3099 3428 fiat.
3117 3375 3234 3435 Qua
3269 3373 3321 3426 in
3339 3387 3398 3426 re
3416 3374 3619 3427 omitto

1972 3454 2182 3518 dicere,
2225 3456 2376 3524 quod
2428 3453 2588 3508 Plato
2635 3453 2767 3508 illas
2806 3453 2970 3508 ideas
3005 3458 3227 3506 tantam
3263 3453 3375 3506 vim
3409 3452 3618 3508 habere

1971 3532 2114 3586 dicit
2143 3533 2235 3602 (ε),
2261 3539 2324 3586 ut
2349 3535 2670 3588 secundum
2721 3548 2819 3587 eas
2868 3549 2982 3586 non
3016 3532 3226 3585 coelum
3277 3531 3496 3602 aliquid
3539 3535 3620 3586 fe-

1973 3612 2134 3679 cerit,
2175 3612 2274 3665 sed
2308 3612 2481 3665 etiam
2519 3612 2730 3666 ccelum
2763 3611 2945 3664 fatum
2977 3611 3071 3664 sit.
3105 3613 3220 3662 Hoc
3253 3610 3401 3674 dico,
3435 3611 3616 3664 istum

1971 3691 2031 3746 in
2065 3691 2172 3744 hoc
2218 3690 2364 3744 libro
2413 3690 2754 3744 selectorum
2818 3689 3093 3752 deorum,‘
3125 3688 3408 3741 rationem
3460 3687 3620 3742 illam

1972 3771 2149 3826 trium
2183 3770 2443 3835 deorum,
2473 3769 2686 3840 quibus
2715 3767 2884 3837 quasi
2907 3774 3116 3821 cuncta
3147 3765 3479 3836 complexus
3509 3773 3620 3834 est,

1972 3852 2319 3924 perdidisse.
2348 3847 2499 3903 Caelo
2540 3848 2693 3903 enim
2723 3845 2928 3900 tribuit
2952 3844 3240 3900 masculos
3272 3847 3429 3910 deos,
3455 3846 3622 3899 femi-

1973 3950 2079 3988 nas
2112 3938 2274 3987 terrae
2300 3947 2312 3984 :
2337 3929 2489 3984 inter
2519 3945 2666 4000 quas
2702 3927 2896 3999 posuit
2936 3927 3272 3992 Minervam,
3313 3941 3490 3995 quam
3525 3943 3621 3981 su-

1974 4030 2077 4085 pra
2108 4013 2300 4082 ipsum
2332 4011 2541 4067 cmlum
2571 4013 2705 4064 ante
2750 4012 3038 4078 posuerat.
3073 4006 3289 4062 Deinde
3319 4005 3612 4063 masculus

1971 4094 2115 4149 deus
2151 4092 2452 4164 Neptunus
2484 4092 2541 4146 in
2576 4089 2721 4144 mari
2761 4093 2867 4154 est,
2902 4088 3055 4160 quod
3087 4086 3160 4143 ad
3182 4091 3388 4142 terram
3423 4087 3618 4158 potius

1990 4190 2164 4246 quam
2188 4175 2257 4228 ad
2291 4173 2500 4229 cmlum
2545 4172 2810 4243 pertinet.
2841 4169 3139 4242 Dispater’
3165 4173 3477 4238 postremo,
3516 4169 3617 4240 qui

1970 4273 2154 4329 graece
2185 4251 2448 4309 Πλούτων
2480 4254 2714 4321 dicitur,
2738 4252 2911 4309 etiam
2954 4253 3078 4324 ipse
3123 4248 3416 4305 masculus
3448 4250 3626 4304 frater

1972 4339 2300 4406 amborum,
2325 4345 2584 4392 terrenus
2615 4335 2760 4390 deus
2791 4348 2918 4390 esse
2950 4331 3320 4403 perhibetur;
3356 4331 3624 4402 superio-

1970 4434 2092 4472 rem
2123 4423 2335 4472 terram
2356 4421 2581 4482 tenens,
2601 4415 2660 4470 in
2682 4413 2948 4469 inferiore
2965 4412 3183 4468 habens
3208 4411 3611 4482 Proserpinam

1971 4499 2303 4569 conjugem.
2345 4498 2645 4562 Quomodo
2676 4511 2810 4566 ergo
2839 4496 2975 4549 deos
3006 4495 3073 4548 ad
3108 4493 3341 4555 ccelum,
3375 4493 3509 4545 deas
3543 4492 3612 4545 ad

1972 4586 2179 4634 terram
2207 4579 2418 4633 referre
2441 4576 2760 4632 conantur8
2779 4575 2964 4639 iQuid
2989 4572 3421 4644 solidum,quid
3447 4587 3614 4626 cons-

1969 4666 2122 4727 tans,
2157 4660 2293 4730 quid
2327 4658 2612 4725 sobrium,
2637 4655 2772 4728 quid
2793 4656 3097 4710 definitum
3136 4654 3309 4710 habet
3340 4655 3460 4708 haec
3491 4651 3615 4705 dis-

2037 4923 2053 4957 ι
2084 4921 2162 4970 Ita
2195 4919 2252 4967 in
2280 4918 2402 4966 Mss.
2434 4919 2502 4965 At
2529 4916 2586 4963 in
2614 4912 2769 4961 editis
2799 4922 2967 4970 prava
2984 4908 3071 4957 hic
3098 4904 3202 4955 fuit
3234 4904 3618 4966 interpunctio,

1971 4984 2129 5045 atque
2159 4981 2341 5030 addita
2368 4970 2962 5045 particulicopuiativa
2990 4971 3082 5027 sic,
3114 4985 3178 5019 ac
3209 4970 3422 5028 referre
3451 4980 3617 5014 cona-

1972 5035 2068 5092 tu?
2100 5051 2149 5091 et
2179 5056 2290 5088 non
2320 5035 2494 5102 potest
2525 5040 2558 5104 ιθΔ
2581 5036 2820 5104 Fingit,
2859 5035 2959 5083 etc.
3248 5092 3331 5104 Μ.

2035 5109 2056 5140 2
2086 5107 2270 5153 Plures
2295 5095 3203 5164 ιὶιαηιιεοτὶριὶ,-ρίιίεεᾳῑεζιέιϋτ
3237 5095 3542 5164 ρξέίλυανςςν.

2035 5111 2056 5140 2
2087 5111 2270 5153 Plures
2295 5111 2662 5162 manuscripts.
2699 5111 2848 5146 ums
2863 5111 3051 5207 (pater.
3081 5111 3203 5154 A111,
3237 5111 3542 5164 Utwpouc'r.

1970 5196 2030 5204 —
2059 5169 2152 5217 Ms.
2183 5165 2296 5220 766,
2343 5165 2642 5227 Diispater.
2674 5161 2794 5210 Mss.
2831 5159 2862 5208 2
2894 5159 2973 5223 50,
3003 5158 3129 5208 2052
3156 5161 3210 5208 et
3245 5154 3387 5216 2053,
3419 5153 3614 5214 Dispe-

1975 5240 2076 5280 ter.
2112 5231 2184 5280 M.

2035 5277 2225 5342 37Eﬁditi
2253 5291 2406 5340 Vind.
2438 5292 2491 5340 et
2522 5290 2637 5336 Am.
2672 5300 2684 5334 :
2723 5285 2995 5339 Quomodo
3046 5300 3178 5348 ergo
3215 5283 3339 5331 deos
3369 5279 3432 5348 in
3464 5277 3614 5348 caelo2

1968 5341 2206 5407 deosin
2251 5363 2404 5403 terra
2456 5367 2564 5400 esse
2599 5349 2910 5412 perhibent,
2960 5349 3060 5412 qui
3106 5341 3313 5412 rursus
3365 5343 3487 5392 deos
3542 5341 3616 5392 ad

1970 5429 2201 5474 terram,
2233 5417 2359 5464 deas
2388 5417 2459 5464 ad
2488 5408 2686 5465 calt—nn
2722 5417 2936 5470 referre
2963 5408 3244 5460 conantur
3268 5408 3292 5455 1?

2029 5485 2111 5544 (α)
2141 5477 2620 5544 Conf.UEpist._1Q2_,
2650 5490 2706 5524 n.

2033 5536 2107 5607 (bl
2132 5543 2263 5607 Vidi,
2283 5536 2380 5590 lib'.
2415 5541 2445 5590 5
2472 5542 2542 5607 de,
2564 5541 2711 5601 Ling.
2741 5538 2836 5607 lat.
2867 5539 2902 5600 §
2928 5536 3006 5586 58.

2031 5602 2092 5671 (ο)
2125 5606 2184 5655 In
2211 5605 2408 5654 Timaeo
2437 5607 2489 5655 et
2513 5602 2839 5653 Parmenide.
