4128 6184
403 310 520 372 219

406 445 630 516 putatio
667 443 694 498 ?
738 443 844 498 Illa
876 445 1069 497 autem
1110 442 1200 496 est
1245 436 1444 494 Tellus
1487 436 1724 492 initium
1783 438 2046 508 dearum,

403 530 582 582 Mater
612 523 834 579 scilicet
878 537 1105 593 magna,
1139 519 1291 590 apud
1325 534 1496 589 quam
1531 517 1796 574 mollium
1831 524 1887 574 et
1914 520 2043 574 abs-

407 608 657 663 cisorum
701 619 940 674 seseque
997 600 1322 656 secantium
1366 604 1542 668 atque
1563 599 1915 669 jactantium
1965 600 2049 655 in-

407 702 552 742 sana
573 684 877 754 perstrepit
909 679 1241 749 turpitudo:
1278 679 1416 749 quid
1450 687 1530 733 est
1565 695 1701 750 ergo
1724 681 1876 749 quod
1911 681 2050 735 dici-

405 771 503 822 tur
532 768 704 834 caput
735 763 974 816 deorum
998 761 1196 824 Janus,
1215 764 1390 828 caput
1411 759 1649 813 dearum
1683 759 1867 814 Tellus
1893 759 1920 815 ἲ
1941 762 2052 816 Nec

409 845 488 899 ibi
522 844 853 899 facitunum
879 844 1054 910 caput
1075 854 1377 906 error,neo
1409 838 1501 894 hic
1527 855 1734 893 sanum
1769 840 2048 910 furor(a).

408 925 523 978 Cur
585 924 705 977 haec
754 922 970 975 frustra
1014 920 1226 974 referre
1274 918 1542 973 nituntur
1589 920 1656 973 ad
1718 920 2054 976 mundum?

407 1003 568 1067 Quod
623 1001 731 1056 etsi
780 1005 1039 1071 possent,
1074 1016 1176 1070 pro
1209 1005 1332 1054 Deo’
1373 1015 1503 1055 vero
1544 1001 1844 1067 mundum:
1881 1018 2050 1056 nemo

407 1084 537 1154 pius
571 1080 708 1137 colit
741 1079 757 1113 ί
793 1100 805 1134 :
843 1089 896 1136 et
945 1084 1138 1135 tamen
1190 1097 1289 1135 eos
1319 1095 1423 1134 nec
1478 1079 1586 1135 hoc
1613 1096 1804 1150 posse,
1835 1081 2052 1136 veritas

406 1168 606 1234 aperta.
637 1161 948 1217 convincit.
996 1161 1270 1216 Referant
1301 1161 1416 1214 hinc
1449 1161 1638 1231 potius
1669 1161 1736 1215 ad
1785 1160 2052 1218 homines

408 1247 690 1310 mortuos,
714 1246 770 1297 et
801 1243 871 1297 ad
895 1243 1186 1297 daemones
1217 1241 1515 1311 pessimos,
1548 1244 1604 1294 et
1627 1240 1787 1295 nulla
1809 1241 2052 1311 questio

408 1322 751 1379 remanebit.

407 1499 636 1556 CAPUT
684 1497 877 1555 XXIX.
913 1528 979 1539 —
1013 1497 1162 1566 Quod
1217 1499 1404 1553 omnia
1452 1513 1574 1570 qua:
1627 1496 1942 1569 physiologi
1984 1497 2054 1552 ad

479 1579 747 1635 mundum
788 1583 1078 1650 partesque
1109 1577 1284 1648 ipsius
1313 1578 1644 1646 retulerunt,
1670 1580 1742 1634 ad
1771 1594 1944 1633 unum
1973 1593 2057 1634 ve-

480 1679 608 1718 rum
633 1664 805 1716 Deum
836 1662 1046 1730 referre
1073 1658 1384 1715 debuerint.

478 1847 734 1912 Namque
778 1841 975 1896 omnia
1015 1856 1144 1912 quas
1192 1839 1262 1896 ab
1293 1839 1378 1896 eis
1427 1854 1493 1895 ex
1534 1839 1780 1896 istorum
1812 1839 2051 1895 deorum

406 1922 702 1993 theologia
758 1920 912 1974 velut
965 1919 1216 1992 physicis
1262 1918 1584 1974 rationibus
1615 1918 1946 1974 referuntur
1977 1919 2046 1973 ad

408 2003 905 2072 mundum,quam
933 1999 1057 2055 sine
1081 1999 1196 2054 ullo
1211 1999 1489 2070 scrupulo
1511 1999 1807 2069 sacrilegae
1829 1998 2055 2068 opinio-

410 2084 500 2139 nis
536 2083 644 2138 Deo
676 2081 868 2153 potius
901 2096 1056 2147 vero,
1085 2080 1183 2151 qui
1219 2079 1353 2135 fecit
1385 2080 1901 2145 mundum,omnis
1933 2078 2056 2133 ani-

409 2180 517 2219 mm
547 2167 604 2217 et
633 2161 823 2218 omnis
850 2161 1108 2232 corporis
1138 2159 1424 2216 conditori
1458 2159 1813 2226 tribuantur,
1847 2161 2053 2213 adver-

409 2248 601 2301 tamus
625 2243 732 2298 hoc
767 2243 934 2297 modo
971 2257 983 2295 :
1018 2244 1134 2296 Nos
1166 2240 1350 2295 Deum
1382 2240 1649 2307 colimus,
1684 2257 1797 2295 non
1841 2241 2050 2296 ccslum

407 2334 461 2382 el
516 2330 754 2389 terram,
787 2321 1006 2393 quibus
1048 2321 1276 2376 duabus
1325 2320 1586 2392 partibus
1645 2321 1898 2376 mundus
1957 2320 2052 2375 hic

409 2407 629 2461 constat
655 2419 667 2456 :
695 2419 798 2457 nec
829 2402 1087 2456 animam
1119 2399 1207 2454 vel
1236 2399 1460 2455 animas
1505 2416 1604 2471 per
1633 2399 1879 2454 viventia
1906 2416 2059 2471 quer.-

409 2500 661 2556 cumque
693 2483 962 2549 diﬁ'usas;
989 2482 1086 2536 sed
1120 2481 1301 2536 Deum
1327 2481 1428 2551 qui
1454 2481 1588 2536 fecit
1619 2481 1828 2536 omium
1858 2485 1914 2536 et
1945 2489 2060 2535 ler-

409 2582 534 2622 ram
565 2569 622 2620 et
670 2563 868 2618 omnia
915 2578 1040 2632 quae
1074 2561 1131 2616 in
1179 2560 1264 2616 eis
1313 2566 1485 2616 sunt:
1519 2560 1616 2632 qui
1660 2561 1792 2616 fecit
1821 2577 2056 2616 omnem

410 2645 690 2712 animam,
723 2643 844 2698 sive
874 2655 1241 2712 quocumque
1265 2642 1433 2695 modo
1464 2641 1747 2696 viventem
1773 2645 1830 2694 et
1852 2657 2060 2696 sensus

409 2743 474 2781 ac
505 2723 747 2779 rationis
787 2731 1101 2792 expertem,
1141 2721 1260 2777 sive
1302 2721 1478 2777 etiam
1530 2721 1901 2788 sentientem,
1937 2722 2057 2776 sive

411 2805 585 2861 etiam
615 2802 1060 2874 intelligentem.

411 2981 646 3039 CAPUT
676 2982 846 3038 XXX.
869 3012 939 3023 ——
962 2982 1074 3050 Qua
1105 2983 1311 3053 pietate
1349 2981 1696 3037 discernatur
1727 2997 1760 3036 a
1782 2982 2061 3037 creaturis

481 3063 718 3131 Creator,
752 3081 821 3117 ne
841 3079 941 3135 pro
966 3080 1076 3118 uno
1103 3067 1175 3118 tot
1204 3062 1289 3118 dii
1309 3064 1580 3130 colantur,
1596 3067 1722 3134 quot
1738 3065 1865 3118 sunt
1890 3078 2060 3135 Opera

481 3143 648 3200 unius
667 3145 933 3200 auctoris.

477 3321 542 3376 Et
567 3321 692 3390 jam
727 3324 790 3375 ut
820 3318 1095 3389 incipiam
1132 3317 1230 3374 illa
1276 3319 1449 3374 unius
1499 3322 1556 3373 et
1604 3319 1723 3374 veri
1757 3319 1856 3374 Dei
1888 3335 2062 3390 opera

407 3403 1018 3474 percurrere,propter
1041 3416 1167 3470 qua
1187 3400 1282 3455 isti
1317 3399 1429 3456 sibi
1459 3400 1600 3455 dum
1619 3401 1786 3472 quasi
1812 3399 2054 3456 honeste

411 3485 696 3539 conantur
745 3487 1109 3536 sacramenta
1149 3480 1489 3551 turpissima
1533 3485 1587 3535 et
1636 3480 2062 3537 scelestissima

416 3563 806 3634 interpretari,
827 3560 967 3617 deos
989 3560 1209 3616 multos
1241 3561 1536 3632 falsosque
1566 3561 1858 3618 fecerunt:
1894 3561 2062 3616 illum

425 3643 610 3700 Deum
641 3642 913 3709 colimus,
945 3642 1042 3710 qui
1075 3641 1300 3696 naturis
1342 3659 1374 3698 a
1404 3658 1463 3697 se
1518 3643 1726 3698 creatis
1757 3647 1814 3698 et
1845 3643 2067 3698 subsis-

423 3724 582 3781 tendi
614 3729 671 3780 et
699 3724 964 3781 movendi
996 3724 1160 3780 initia
1193 3724 1458 3795 ﬁnesque
1487 3724 1816 3792 constituit;
1853 3723 1953 3796 qui
1975 3740 2064 3779 re-

424 3822 556 3861 rum
590 3821 794 3860 causas
841 3805 1032 3871 habet,
1086 3803 1243 3860 novit
1282 3809 1456 3875 atque
1502 3804 1786 3874 disponit;
1813 3804 1911 3874 qui
1947 3801 2063 3856 vim

425 3885 713 3940 seminum
761 3884 1050 3951 condidit;
1085 3884 1185 3955 qui
1222 3883 1562 3939 rationalem
1592 3882 1874 3950 animam,
1908 3881 2062 3953 quod

425 3965 637 4020 dicitur
667 3964 898 4019 animus
921 3963 965 4030 ’,
998 3964 1210 4032 quibus
1253 3963 1432 4017 voluit
1469 3963 1794 4017 viventibus
1825 3961 2063 4029 indidit;

424 4047 526 4118 qui
558 4044 845 4099 sermonis
877 4043 1210 4096 facultatem
1232 4057 1518 4113 usumque
1539 4043 1804 4110 donavit;
1825 4043 1926 4114 qui
1946 4059 2068 4097 mu-

426 4143 541 4182 nus
575 4127 768 4179 futura
811 4122 1061 4188 dicendi,
1094 4123 1308 4192 quibus
1365 4123 1583 4193 placuit
1623 4124 1925 4197 spiritibus
1956 4125 2066 4178 im-

428 4205 676 4276 pertivit,
711 4208 768 4258 et
798 4218 896 4272 per
925 4218 1071 4272 quos
1105 4200 1285 4272 placet
1316 4203 1436 4273 ipse
1469 4205 1662 4261 futura
1693 4203 1970 4276 praedicit,
2013 4206 2068 4258 et

426 4301 529 4358 per
559 4300 700 4356 quos
725 4283 911 4353 placet
943 4280 1127 4337 malas
1151 4281 1508 4339 valetudines
1533 4285 1728 4357 pellit;
1755 4284 1853 4355 qui
1888 4283 2064 4341 bello-

427 4380 559 4422 rum
619 4378 850 4436 quoque
899 4361 1186 4435 ipsorum,
1230 4380 1363 4420 cum
1413 4365 1494 4420 sic
1543 4365 1975 4422 emendandum
2014 4374 2068 4421 et

428 4445 836 4517 castigandum
893 4453 980 4499 est
1022 4461 1204 4517 genus
1253 4446 1601 4514 humanum,
1633 4447 1906 4513 exordiis,
1941 4465 2069 4519 pro-

428 4527 752 4600 gressibus,
783 4525 1118 4599 ﬁnibusque
1140 4529 1474 4584 moderatur
1499 4547 1513 4596 ;
1537 4527 1633 4599 qui
1655 4529 1832 4597 hujus
1865 4528 2069 4584 mundi

426 4610 623 4680 ignem
679 4607 1253 4664 vehementissimum
1320 4618 1374 4665 et
1430 4608 1916 4664 violentissimum
1969 4627 2067 4679 pro

429 4689 735 4744 immensas
785 4690 1009 4743 natura:
1058 4692 1518 4758 temperamento
1558 4691 1614 4742 et
1643 4689 1856 4742 creavit
1886 4693 1943 4744 et
1974 4706 2064 4745 re-

431 4767 541 4842 git;
574 4767 674 4840 qui
714 4768 1113 4824 universarum
1146 4783 1432 4838 aquarum
1498 4772 1722 4822 creator
1760 4771 1816 4824 et
1865 4771 2070 4837 guber-

436 4855 605 4905 nator
660 4857 778 4915 est;
814 4849 914 4920 qui
976 4849 1158 4904 solem
1193 4847 1326 4903 fecit
1372 4847 1756 4918 corporalium
1813 4847 2072 4905 clarissi-

428 4945 590 4985 mum
617 4928 927 4994 luminum,
959 4928 1121 4998 eique
1153 4927 1264 4982 vim
1299 4943 1615 4998 congruam
1648 4932 1704 4984 et
1734 4934 1955 4985 motum
1981 4929 2074 4985 de-

428 5012 544 5079 dit;
568 5012 665 5082 qui
688 5010 832 5082 ipsis
860 5009 1038 5064 etiam
1070 5009 1273 5065 inferis
1295 5010 1753 5067 dominationem
1779 5028 1944 5068 suam
1970 5028 2068 5083 po-

427 5095 817 5162 testatemque
847 5105 963 5144 non
995 5088 1320 5160 subtrahit;
1348 5092 1444 5162 qui
1467 5091 1694 5148 semina
1713 5097 1771 5148 et
1799 5091 2076 5149 alimenta

503 5359 519 5391 1
545 5353 630 5402 Sic
657 5351 782 5401 Mss.
812 5349 880 5398 At
909 5349 1054 5409 editi,
1087 5347 1256 5411 quasi
1278 5347 1457 5411 possit
1494 5362 1605 5410 pro
1635 5361 1762 5397 vero
1789 5351 1901 5399 Deo
1928 5365 2072 5400 mun

503 5363 519 5391 1
545 5363 630 5402 Sic
659 5363 782 5401 mss.
812 5363 880 5398 AI:
909 5363 1054 5409 eum,
1087 5363 1255 5411 quasi
1275 5363 1334 5459 ιρι

439 5417 543 5464 dus
573 5417 656 5463 vel
681 5429 817 5474 opus
841 5428 941 5476 pro
967 5417 1179 5472 factore
1208 5426 1267 5459 co
1297 5413 1334 5476 i_.

503 5479 524 5511 2
554 5477 639 5528 Sic
665 5477 820 5527 Vind.
845 5474 936 5524 ‘Er.
969 5477 1021 5524 et
1048 5476 1169 5524 Mss.
1219 5501 1280 5510 —
1308 5474 1393 5523 Sic
1439 5475 1602 5524 etiam
1637 5477 1806 5526 nostri
1847 5478 1969 5526 Mss.
2020 5478 2080 5525 In

441 5545 515 5598 3.,
551 5555 690 5600 quae
718 5541 934 5589 dicitur
963 5539 1210 5587 animus.
1236 5536 1304 5584 M.

501 5599 578 5661 (α)
604 5601 788 5663 Error
819 5603 1017 5652 scilicet
1045 5602 1100 5650 in
1150 5601 1280 5650 Jano
1327 5599 1557 5661 bicipite,
1609 5606 1778 5663 furor
1820 5606 1997 5654 autem
2026 5603 2084 5652 in

442 5662 802 5714 sacerdotibus
829 5665 1034 5715 insanis
1057 5664 1239 5714 Matris
1271 5675 1512 5726 magnae.

1452 303 1553 363 DE
1597 302 1962 364 CIVITATE
2007 304 2157 384 DEI,
2206 303 2269 366 S.
2316 305 2739 369 AUGUSTINI

3687 325 3803 383 220

2158 440 2514 533 mortalium,
2539 443 2658 533 sive
2688 445 2852 502 arida
2882 447 3001 504 sive
3039 450 3279 522 liquida,
3314 455 3540 514 naturis
3570 477 3803 533 compe-

2155 523 2409 579 tentibus
2439 526 2718 582 attributa
2761 529 3098 600 substituit;
3133 536 3230 603 qui
3279 540 3493 595 terram
3557 523 3796 600 fundat‘

2156 613 2326 676 atque
2359 608 2655 675 fecundat;
2683 610 2782 680 qui
2817 611 3038 668 fructus
3069 615 3195 684 ejus
3215 618 3571 679 animalibus
3597 624 3799 680 homi-

2156 686 2749 774 nibusquelargitur;
2781 690 2879 774 qui
2912 709 3117 750 causas
3178 713 3290 752 non
3349 700 3536 758 solum
3581 705 3804 774 princi-

2160 766 2342 853 pales,
2377 769 2472 821 sed
2507 769 2684 853 etiam
2705 770 3128 842 subsequentes
3153 778 3312 832 novit
3334 784 3506 850 atque
3535 766 3799 853 ordinat;

2159 847 2261 916 qui
2297 847 2445 901 luna:
2486 849 2685 904 statuit
2719 858 2942 908 motum
2976 870 3150 910 suum
3178 857 3228 924 ²;
3257 860 3356 928 qui
3391 847 3515 917 vias
3537 847 3804 921 cmlestes

2159 932 2333 1013 atque
2387 933 2688 1013 terrestres
2740 931 2997 1013 locorum
3057 937 3480 996 mutationibus
3550 946 3803 1013 praebet;

2160 1008 2259 1080 qui
2283 1008 2562 1064 humanis
2592 1011 2864 1083 ingeniis,
2897 1031 3024 1085 quae
3056 1019 3286 1081 creavit,
3320 1021 3492 1077 etiam
3527 1008 3803 1082 scientias

2159 1089 2369 1144 artium
2389 1089 2679 1178 variarum
2705 1093 2774 1147 ad
2801 1095 3187 1165 adjuvendam
3207 1099 3383 1156 vitam
3416 1108 3806 1178 naturamque

2159 1171 2447 1226 concessit
2475 1190 2488 1239 ;
2523 1173 2622 1244 qui
2655 1176 3125 1246 conjunctionem
3175 1182 3353 1239 maris
3383 1189 3440 1240 et
3470 1171 3808 1244 feminae'ad

2160 1251 2959 1338 adiutorium-propaganda
3020 1261 3200 1329 prolis
3232 1262 3527 1334 instituit;
3561 1268 3661 1338 qui
3694 1270 3804 1325 ho~

2161 1331 2386 1387 minum
2413 1333 2680 1401 coetibus,
2727 1351 2899 1406 quem
2933 1337 3072 1395 focis
3117 1345 3174 1396 et
3214 1331 3539 1402 luminibus
3562 1331 3807 1404 adhibe-

2161 1417 2310 1497 rent,
2343 1413 2413 1468 ad
2447 1413 2752 1471 facillimos
2783 1433 2924 1473 usus
2957 1435 3170 1476 munus
3201 1425 3412 1480 terreni
3433 1426 3584 1497 ignis
3615 1429 3806 1484 indul-

2161 1491 2402 1577 sit.Ista
2450 1499 2589 1577 sunt
2636 1503 2810 1577 certe,
2843 1514 2970 1569 quas
3019 1500 3133 1556 diis
3183 1503 3433 1574 selectis,
3456 1491 3571 1577 per
3607 1510 3806 1564 nescio

2162 1589 2311 1645 quas
2346 1573 2609 1646 physicas
2641 1576 3143 1650 interpretationes
3189 1583 3276 1638 vir
3314 1573 3692 1643 acutissimus
3715 1595 3806 1644 at-

2162 1670 2274 1740 que
2306 1654 2682 1740 doctissimus
2716 1657 2921 1726 Varro,
2955 1664 3077 1716 sive
3115 1680 3244 1734 quae
3287 1663 3521 1723 aliunde
3568 1670 3816 1740 accepit,

2161 1736 2277 1820 sive
2309 1752 2436 1806 quae
2458 1737 2581 1820 ipse
2604 1740 2869 1820 conjecit,
2893 1740 3244 1798 distribuere
3271 1742 3574 1801 laboravit.
3603 1736 3816 1820 LXXX.)

2165 1819 2291 1896 Hac
2323 1821 2517 1870 autem
2553 1817 2690 1873 facit
2724 1825 2899 1891 atque
2946 1822 3066 1893 agit
3098 1839 3249 1878 unus
3281 1841 3451 1882 verus
3490 1817 3675 1896 Deus;
3707 1817 3812 1886 sed

2165 1829 2291 1870 uase
2323 1829 2517 1870 autem
2553 1829 2690 1873 t’acit
2724 1829 2899 1891 atque
2946 1829 3066 1893 agit
3098 1839 3249 1878 unus
3281 1841 3451 1882 verus
3490 1829 3675 1896 Deus;
3707 1831 3812 1886 sed

2163 1895 2311 1951 sicut
2344 1896 2518 1963 Deus,
2553 1897 2607 1952 id
2659 1904 2748 1954 est
2785 1901 3002 1972 ubique
3042 1907 3197 1958 totus
3219 1905 3263 1971 ³,
3310 1904 3489 1960 nullis
3536 1829 3861 2020 inclususg

2163 1972 2323 2020 lnain-
2351 1975 2527 2020 nullis
2547 1976 2795 2020 νίηηιιῖἶρ
2827 1980 3097 2020 nllianlnn
3149 1981 3206 2020 in
3242 1984 3432 2020 ηηιιοα
3467 1992 3656 2020 nautae
3676 2005 3812 2020 om..-

2161 1972 2324 2056 locis.
2351 1975 2527 2031 nullis
2547 1976 2795 2034 vinculis
2827 1980 3119 2053 alligatus,
3149 1981 3207 2037 in
3242 1984 3434 2040 nultas
3467 1992 3657 2056 partes
3675 2005 3814 2044 sec-

2161 2025 2324 2033 _---__
2353 2025 2525 2031 κη---
2559 2025 2795 2034 --η--.υ
2827 2025 2920 2034 -...
2970 2025 3119 2046 -..μη
3243 2025 3434 2040 ..........
3505 2025 3657 2043 ...ωε
3675 2025 3813 2044 ουν-

2159 2055 2300 2123 tilis,
2335 2072 2404 2111 ex
2437 2057 2598 2114 nulla
2638 2065 2799 2130 parte
2849 2025 3166 2131 mdatabilis,
3200 2025 3711 2135 implensrcmlum
3746 2025 3839 2132 eti

2160 2142 2373 2194 terram
2407 2144 2685 2207 praesente
2711 2143 2991 2205 potentia,
3030 2159 3141 2197 non
3181 2143 3477 2216 indigente
3504 2146 3526 2179 ⁴
3572 2154 3804 2202 natura.

2162 2220 2255 2310 βία
2285 2219 2477 2290 itaque
2507 2221 2882 2310 administrat
2901 2224 3098 2316 qmnia
3127 2241 3251 2294 qua:
3283 2227 3514 2295 creavit,
3539 2231 3805 2285 utetiam
3833 2279 3842 2316 1

2163 2300 2290 2386 ipsa
2336 2300 2601 2386 proprios
2632 2301 2936 2386 exercere-5
2965 2312 3018 2357 et
3065 2319 3234 2376 agere
3280 2312 3470 2362 motus
3511 2309 3662 2364 sinat
3695 2310 3828 2386 (0).;-

2164 2379 2438 2443 Quamvis
2478 2380 2633 2436 enim
2689 2381 2829 2436 nihil
2879 2399 3008 2438 esse
3061 2387 3289 2454 possint
3338 2387 3462 2442 sine
3510 2387 3657 2459 ipso,
3690 2379 3807 2444 non

2165 2469 2300 2516 sunt
2330 2462 2483 2532 quod
2514 2461 2637 2531 ipse
2656 2461 2698 2516 δ.
2739 2464 2870 2533 Agit
2900 2471 3096 2519 autem
3131 2465 3315 2520 multa
3343 2467 3513 2522 etiam
3548 2485 3650 2539 per
3688 2472 3810 2525 An-

2166 2550 2324 2621 gelos
2354 2567 2365 2604 :
2401 2551 2501 2606 sed
2535 2568 2648 2606 non
2682 2550 2789 2606 nisi
2843 2569 2912 2608 ex
2941 2569 3003 2609 se
3033 2553 3177 2624 ipso,
3209 2554 3499 2611 bealiﬁcat
3541 2558 3810 2627 Angelos.

2166 2632 2250 2686 Ita
2281 2631 2545 2702 quamvis
2569 2638 2799 2703 propter
2831 2634 3060 2705 aliquas
3091 2651 3302 2690 causas
3333 2635 3673 2694 hominibus
3693 2639 3816 2693 An-

2167 2712 2330 2782 gelos
2362 2712 2551 2766 mittat
2579 2729 2592 2766 :
2623 2729 2735 2768 non
2768 2718 2964 2770 tamen
3014 2730 3082 2768 ex
3110 2714 3343 2786 Angelis
3374 2716 3660 2787 homines,
3713 2718 3820 2773 sed

2172 2807 2241 2847 ex
2269 2808 2331 2846 se
2348 2790 2504 2874 ipso,
2537 2791 2684 2874 sicut
2709 2793 2984 2864 Angelos,
3017 2794 3328 2850 heatiticat.
3355 2796 3443 2874 ’Ab
3475 2795 3584 2853 hoc
3616 2814 3732 2854 uno
3754 2803 3816 2854 et

2165 2887 2298 2928 vero
2346 2872 2462 2928 Deo
2500 2872 2676 2929 vitam
2724 2890 3026 2946 speramus
3056 2882 3350 2932 eternam.

2168 3007 2400 3064 CAPUT
2472 3007 2674 3065 XXXI.
2722 3039 2792 3051 -ο
2849 3011 3054 3080 Quibus
3106 3013 3326 3085 proprie
3383 3013 3659 3084 beneﬁciis
3683 3017 3816 3084 Dei,

2240 3091 2462 3224 fxcepta
2509 3090 2755 3158 generati
2775 3091 3351 3163 largitate,sectatores
3380 3095 3625 3152 veritatis
3647 3100 3820 3152 utan-

2264 3186 2353 3224 ur.

2242 3306 2533 3363 Habemus
2563 3308 2715 3364 enim
2749 3308 2820 3364 ab
2843 3308 3191 3382 illo,pra3ter
3214 3312 3620 3384 hujuscemodi
3640 3315 3825 3373 bene-

2173 3391 2321 3459 ﬁcia,
2356 3407 2479 3462 quae
2511 3407 2580 3447 ex
2609 3392 2737 3457 hac,
2766 3393 2834 3448 de
2865 3409 2978 3464 qua
3011 3395 3289 3451 nonnulla
3319 3397 3598 3466 diximus,
3633 3400 3822 3455 admi-

2173 3481 2517 3537 nistratione
2575 3486 2794 3537 naturae
2839 3482 3009 3539 bonis
3063 3485 3351 3556 malisque
3391 3487 3656 3559 largitur,
3692 3505 3823 3545 ma-

2172 3577 2350 3632 gnum
2381 3567 2439 3616 et
2468 3565 2749 3619 bonorum
2785 3566 3085 3634 proprium
3129 3582 3353 3636 magna:
3386 3567 3714 3625 dilectionis
3736 3569 3828 3624 in-

2175 3642 2415 3698 dicium.
2449 3645 2796 3715 Quanquam
2843 3643 3018 3713 enim,
3040 3647 3195 3716 quod
3239 3663 3470 3716 sumus,
3503 3649 3650 3720 quod
3677 3649 3826 3706 vivi-

2175 3739 2328 3790 mus,
2357 3725 2510 3795 quod
2554 3725 2763 3778 coelum
2822 3727 3152 3795 terramque
3199 3727 3612 3798 conspicimus,
3664 3729 3829 3801 quod

2177 3803 2457 3858 habemus
2491 3811 2745 3859 mentem
2778 3811 2952 3876 atque
2968 3807 3272 3872 rationem,
3295 3824 3408 3879 qua
3438 3825 3570 3864 eum
3595 3809 3822 3880 ipsum,

2174 3887 2271 3952 qui
2326 3884 2445 3938 haec
2494 3886 2692 3940 omnia
2731 3885 3416 3958 condidit,inquiramus,
3447 3905 3827 3961 nequaquam

2173 3965 2471 4021 valeamus
2517 3967 2728 4022 actioni
2761 3968 3024 4023 sufﬁcere
3056 3970 3408 4036 gratiarum:
3442 3976 3632 4027 tamen
3665 3975 3825 4043 quod

2177 4062 2281 4101 nos
2324 4051 2590 4101 oneratos
2622 4046 2979 4119 obrutosque
3009 4051 3280 4118 peccatis,
3313 4057 3370 4105 et
3400 4068 3433 4106 a
3461 4052 3828 4123 contempla-

2174 4126 2328 4182 tione
2386 4143 2502 4181 sure
2558 4126 2706 4182 lucis
2737 4144 2990 4192 aversos,
3015 4145 3080 4185 ac
3101 4133 3481 4200 tenebrarum,
3516 4133 3570 4188 id
3594 4138 3680 4188 est
3710 4133 3828 4188 ini-

2179 4207 2442 4279 quitalis,
2475 4206 2783 4263 dilectione
2828 4214 3095 4278 caecatos,
3130 4227 3241 4266 non
3273 4213 3512 4268 omnino
3541 4212 3829 4280 deseruit,

2179 4288 2453 4358 misitque
2482 4287 2649 4342 nobis
2668 4287 2920 4344 Verbum
2955 4306 3152 4355 suum,
3185 4291 3284 4361 qui
3319 4295 3407 4347 est
3449 4293 3577 4363 ejus
3616 4295 3832 4349 unicus

2177 4367 2378 4435 Filius,
2412 4385 2526 4439 quo
2561 4386 2660 4439 pro
2695 4370 2864 4427 nobis
2907 4376 3212 4442 assumpta
3258 4388 3432 4428 carne
3487 4378 3618 4427 nato
3649 4377 3833 4443 atque

2179 4465 2375 4520 passo,
2401 4452 2604 4520 quanti
2626 4449 2777 4506 Deus
2811 4452 3104 4506 hominem
3130 4453 3398 4521 penderet
3429 4467 3833 4522 nosceremus,

2186 4538 2359 4599 atque
2403 4529 2503 4584 illo
2552 4531 2838 4587 sacriﬁcio
2884 4532 3226 4604 singularia
3258 4532 3513 4604 peccatis
3561 4533 3838 4588 omnibus

2183 4609 2605 4666 mundaremur
2632 4612 2877 4684 eiusque
2922 4611 3135 4682 Spiritu
3185 4613 3245 4667 in
3296 4613 3570 4668 cordibus
3612 4613 3836 4670 nostris

2183 4690 2491 4748 dilectione
2519 4692 2750 4762 diffusa,
2784 4693 3058 4748 omnibus
3089 4691 3534 4749 difﬁcultatibus
3583 4708 3834 4763 supera-

2178 4771 2256 4829 tis
2313 4774 2373 4828 in
2412 4776 2680 4829 aeternam
2728 4775 2984 4846 requiem
3032 4781 3084 4828 et
3131 4773 3639 4844 contemplationis
3687 4773 3820 4844 ejus

2248 4973 2266 5007 ι
2297 4971 2412 5019 Am.
2443 4971 2524 5018 Er.
2562 4974 2616 5020 et
2647 4972 2794 5027 ιον..
2823 4970 3110 5030 fundavit.
3141 4971 3295 5020 Vind.
3328 4974 3381 5021 et
3409 4971 3553 5023 Mss.
3602 4970 3836 5030 fundat.

2245 5032 2267 5066 ²
2298 5034 2452 5082 Vind.
2488 5036 2604 5081 Am.
2654 5036 2706 5082 et
2747 5035 2942 5095 probae
2986 5037 3145 5084 notae
3192 5033 3838 5095 manuscriptitmodum

2183 5111 2373 5144 suum.
2407 5123 2468 5132 —-
2495 5097 2581 5146 Sic
2622 5096 2785 5144 etiam
2831 5097 3033 5146 codices
3073 5096 3184 5156 766,
3233 5097 3358 5146 2052
3387 5099 3439 5147 et
3464 5095 3609 5146 2053.
3645 5095 3708 5145 In
3734 5097 3836 5147 Ms.

2185 5158 2308 5208 2051
2339 5159 2489 5208 abest
2519 5160 2620 5208 hoc
2645 5159 2898 5220 phraseos
2919 5160 3232 5209 membrum.
3262 5161 3328 5208 M.

2247 5223 2269 5255 ³
2299 5222 2439 5296 ῌᾱὶιί
2469 5235 2480 5269 :
2512 5221 2619 5270 Sed
2659 5221 2823 5296 sicut.
2855 5222 2998 5269 idem
3041 5223 3206 5281 Deus,
3238 5223 3441 5284 ubique
3469 5228 3630 5271 totus.
3667 5220 3846 5271 Corri-

2189 5288 2393 5346 guntur
2421 5298 2454 5334 a
2481 5286 2874 5346 manuscriptis.

2207 5350 2272 5421 ,ᾖ
2301 5349 2460 5409 Editi,
2491 5363 2600 5396 non
2635 5347 2864 5396 absente.
2898 5348 2965 5397 At
2991 5360 3174 5399 omnes
3203 5347 3570 5410 manuscripti,
3601 5359 3717 5394 non
3754 5345 3847 5393 in-

2237 5411 2247 5421 '
2320 5427 2336 5456 r
2360 5421 2375 5457 t
2415 5447 2425 5458 .

2189 5411 2547 5546 αι’ξεέξθϐνξεῖυθ
2575 5474 2719 5546 Ms?"
2738 5487 2970 5546 31’3""?
2972 5488 3017 5546 9.:
3046 5493 3106 5501 ⁵·
3137 5466 3221 5518 Sic
3241 5471 3403 5546 θίλίθξω
3427 5471 3597 5546 ηοειξί
3620 5471 3749 5521 Μεθ’
3775 5471 3844 5519 Μ·

2255 5536 2275 5569 θ
2307 5536 2393 5586 Sic
2421 5535 2545 5586 Mss.
2596 5537 2664 5585 Αι
2693 5537 2840 5597 editi,
2871 5535 3017 5585 nihil
3064 5545 3174 5579 “se
3196 5539 3374 5596 possit
3403 5537 3526 5584 sine
3554 5535 3694 5595 ipso,
3725 5548 3847 5583 non

2193 5606 2383 5662 tamen
2407 5608 2544 5648 sunt
2573 5600 2696 5649 ulla
2724 5599 2865 5662 quod
2897 5598 3032 5662 ipse.

2255 5664 2328 5725 (α)
2357 5660 2504 5713 Cont.
2540 5662 2632 5713 11b.
2660 5662 2708 5714 5.
2727 5660 2878 5713 cont.
2907 5661 3125 5724 Iuliam,
3157 5674 3208 5712 n.
3239 5661 3319 5710 51.
