4158 6192
296 317 416 380 221

1661 314 1892 376 LIBER
1937 310 2351 375 SEPTIMUS.

3589 315 3704 376 222

295 448 648 507 ineffabilem
667 448 1031 506 dulcedinem
1062 447 1415 516 veniremus,
1432 464 1559 520 quis
1591 447 1786 511 corda,
1804 451 1945 519 quot
2049 445 2240 502 solum
2257 446 2620 516 ipsas,verum
2645 445 2817 503 etiam
2839 447 3111 517 quaslibet
3133 445 3257 503 aliis
3279 446 3457 519 hujus
3480 449 3708 519 generis

294 530 515 666 lingan
551 531 621 585 ad
665 530 920 602 agendas
964 529 1014 583 ei
1057 529 1274 600 gratias
1306 528 1448 584 satis
1480 543 1605 584 esse
1640 528 1950 583 contende-

297 613 422 666 rint

297 613 422 667 rint

294 742 534 802 CAPUT
574 741 792 800 XXXII.
824 775 894 785 —
924 745 1074 813 Quod
1103 750 1514 801 sacramentum
1561 743 1950 812 redemptionis

373 825 582 881 Christi
609 823 789 880 nullis
819 831 964 881 retro
997 827 1329 895 temporibus
1350 825 1609 895 defuerit,
1634 839 1952 896 semperque

368 905 443 962 sit
473 906 704 960 diversi:
733 906 1236 976 significationibus
1263 907 1649 978 prxdicatum.

374 1048 491 1101 Hoc
522 1042 860 1116 mysterium
891 1045 1019 1100 vitas
1050 1049 1274 1101 aeterna:
1298 1045 1422 1116 jam
1455 1044 1592 1099 inde
1611 1043 1682 1098 ab
1724 1041 1952 1099 exordio

293 1127 528 1198 generis
559 1125 803 1181 humani
834 1141 935 1196 per
959 1128 1227 1197 quaedam
1273 1126 1441 1195 signa
1488 1132 1543 1181 et
1588 1131 1954 1181 sacramenta

294 1206 654 1276 temporibus
684 1221 964 1278 congrua,
998 1206 1213 1277 quibus
1259 1206 1536 1278 oportuit,
1577 1221 1676 1275 per
1705 1202 1952 1276 Angelos

294 1287 678 1359 pradicatum
727 1295 812 1342 est
860 1287 959 1358 (a).
994 1287 1214 1342 Deinde
1259 1285 1514 1358 populus
1578 1285 1855 1342 Hebraeus
1895 1285 1953 1339 in

294 1383 476 1422 unam
508 1366 820 1438 quamdam
855 1367 1300 1438 rempublicam,
1327 1384 1453 1439 quas
1487 1367 1594 1422 hoc
1633 1380 1956 1421 sacramen-

292 1452 417 1503 tum
477 1451 699 1518 ageret,
749 1451 1138 1518 congregatus
1185 1451 1309 1514 est;
1359 1447 1455 1502 ubi
1517 1463 1616 1517 per
1671 1445 1954 1517 quosdam

292 1527 565 1594 scientes,
582 1542 681 1596 per
697 1529 981 1598 quosdam
999 1526 1344 1594 nescientes,
1363 1527 1422 1583 id
1444 1527 1600 1599 quod
1618 1542 1685 1582 ex
1701 1527 1954 1581 adventu

293 1607 510 1664 Christi
542 1623 731 1678 usque
762 1624 918 1662 nunc
947 1614 1006 1663 et
1035 1607 1308 1680 deinceps
1339 1609 1548 1680 agitur,
1594 1606 1956 1680 praenuntia-

295 1695 461 1746 retur
489 1705 620 1745 esse
649 1695 998 1744 venturum:
1036 1707 1235 1760 sparsa
1284 1695 1462 1745 etiam
1512 1696 1714 1761 postea
1751 1688 1954 1744 eadem

293 1771 495 1843 gente'
519 1776 832 1842 pergentes
849 1775 1084 1842 propter
1096 1771 1496 1826 testimonium
1511 1770 1955 1840 Scripturarum,

295 1852 516 1922 quibus
546 1855 759 1906 zeterna
789 1851 953 1906 salus
987 1851 1042 1905 in
1074 1850 1303 1907 Christo
1335 1852 1530 1907 futura
1553 1851 1822 1922 praedicta
1845 1854 1953 1904 est.

295 1930 510 1987 Omnes
541 1930 698 1986 enim
733 1947 848 1986 non
880 1930 1070 1986 solum
1103 1931 1436 2003 prophetia),
1480 1948 1608 2003 quis
1653 1931 1713 1987 in
1766 1929 1955 1986 verbis

294 2015 476 2077 sunt;
512 2027 616 2066 nec
649 2015 872 2066 tantum
906 2022 1191 2084 praseepta
1219 2013 1371 2083 vita,
1399 2030 1526 2085 quis
1558 2029 1749 2068 mores
1781 2013 1957 2082 pieta-

294 2095 533 2163 temque
545 2092 915 2147 conformant
932 2092 975 2162 ³,
989 2099 1164 2164 atque
1183 2092 1302 2148 illis
1321 2093 1531 2149 litteris
1552 2093 1952 2157 continentur;

293 2187 494 2228 verum
527 2172 702 2228 etiam
736 2189 923 2240 sacra,
951 2175 1290 2242 sacerdotia,
1335 2172 1795 2241 tabernaculum,
1829 2172 1953 2226 sive

293 2251 605 2324 templum,
637 2252 869 2321 altaria,
903 2253 1212 2321 sacrificia,
1248 2254 1602 2319 cerimonias,
1634 2253 1756 2307 dies
1806 2251 1951 2323 festi,

293 2337 351 2387 et
385 2333 666 2404 quidquid
698 2333 854 2388 aliud
887 2335 956 2388 ad
992 2349 1116 2388 eam
1148 2333 1482 2388 servitutem
1517 2333 1785 2401 pertinet,
1828 2348 1954 2402 quas

297 2410 418 2469 Deo
449 2413 712 2483 debetur,
757 2417 816 2468 et
854 2428 1037 2484 graece
1087 2414 1314 2484 proprie
1359 2409 1594 2485 )xu'tpih
1624 2412 1857 2477 dicitur,
1889 2428 1957 2466 ea

294 2492 777 2564 signiﬁcaverunt
826 2499 880 2548 et
932 2493 1513 2563 pranuntiaverunt3
1543 2492 1691 2563 q‘ua,
1725 2497 1957 2564 propter

292 2577 577 2628 aeternam
612 2574 789 2646 vitam
823 2572 1084 2628 fidelium
1117 2573 1176 2628 in
1207 2573 1437 2630 Christo
1481 2581 1534 2628 et
1568 2572 1810 2644 impleta
1829 2589 1954 2629 ere-

285 2653 522 2717 dimus,
573 2658 632 2709 et
678 2652 908 2726 impleri
963 2655 1281 2721 cernimus,
1332 2660 1390 2711 et
1436 2653 1736 2727 implenda
1774 2654 1953 2709 conti-

296 2734 505 2791 dimus
526 2734 628 2807 (1)).

296 2869 532 2926 CAPUT
571 2868 814 2926 XXXIII.
847 2902 915 2911 —
945 2870 1097 2940 Quod
1121 2887 1224 2942 per
1244 2873 1415 2928 solam
1443 2873 1804 2928 Christianam
1819 2872 1950 2927 reti-

364 2951 591 3024 gionem
612 2954 966 3022 mani/estari
975 2952 1215 3022 potuerit
1226 2952 1462 3022 fallacia
1475 2955 1774 3024 spirituum
1791 2954 1954 3010 mati-

372 3048 629 3101 gnorum,
653 3031 717 3088 de
744 3033 1031 3089 hominum
1060 3048 1246 3090 errore
1281 3034 1665 3103 gaudentium.

370 3165 475 3221 Per
499 3164 652 3222 hanc
683 3181 818 3236 ergo
853 3166 1186 3236 religionem
1243 3183 1419 3222 unam
1451 3171 1508 3222 et
1540 3183 1732 3224 veram
1766 3167 1954 3238 potuit

301 3245 688 3318 aperiri,deos
702 3245 973 3301 Gentium
989 3247 1625 3304 esseimmundissimos
1639 3249 1953 3317 daemones,

293 3325 829 3381 subdefunctarum
853 3327 1256 3383 occasionibus
1274 3328 1601 3382 animarum
1619 3329 1704 3382 vel
1727 3332 1954 3382 creatu-

313 3423 518 3462 rarum
551 3406 739 3477 specie
770 3408 1202 3463 mundanarum
1243 3409 1378 3464 deos
1408 3425 1470 3464 se
1503 3410 1690 3480 putari
1724 3409 1958 3477 cupien—

290 3492 410 3553 tes,
442 3492 497 3541 et
523 3487 691 3558 quasi
727 3487 940 3542 divinis
972 3488 1294 3544 honoribus
1333 3489 1670 3559 eisdemque
1693 3487 1957 3543 scelestis

289 3582 359 3622 ac
411 3567 684 3635 turpibus
733 3567 903 3623 rebus
960 3568 1212 3639 superba
1276 3568 1612 3639 impuritate
1671 3569 1954 3630 laetantes,

289 3650 467 3716 atque
482 3646 552 3701 ad
571 3662 768 3702 verum
787 3647 969 3702 Deum
991 3647 1427 3702 conversionem
1448 3647 1719 3702 humanis
1743 3646 1957 3700 animis

294 3726 646 3782 invidentes.
682 3727 762 3782 Ex
787 3744 1029 3799 quorum
1055 3727 1482 3783 immanissimo
1512 3732 1568 3782 et
1609 3725 1958 3798 impiissimo

297 3807 608 3862 dominatu
640 3807 812 3864 homo
844 3807 1147 3876 liberatur,
1181 3825 1316 3864 cum
1368 3809 1552 3863 credit
1582 3807 1640 3862 in
1675 3823 1804 3862 eum
1857 3805 1957 3878 qui

298 3890 556 3963 praebuit
589 3892 654 3945 ad
687 3891 1121 3964 exsurgendum
1154 3895 1328 3946 tantae
1375 3889 1727 3945 humilitatis
1758 3906 1958 3944 exem—

300 3971 493 4044 plum,
523 3977 742 4042 quanta
781 3971 862 4025 illi
913 3971 1188 4042 superbia
1226 3971 1579 4026 ceciderunt.
1631 3970 1776 4026 Hine
1817 3975 1957 4025 sunt

302 4067 424 4106 non
457 4051 642 4106 solum
668 4051 774 4120 illi,
798 4052 868 4106 de
890 4053 1106 4123 quibus
1131 4051 1449 4121 multajam
1474 4050 1751 4121 diximus,
1782 4056 1839 4106 et
1861 4049 1957 4106 alii

301 4137 484 4202 atque
514 4129 611 4186 alii
645 4131 870 4187 similes
898 4138 1244 4187 caeterarum
1275 4132 1540 4200 gentium
1572 4137 1746 4202 atque
1775 4136 1957 4186 terra-

303 4228 478 4280 rum;
510 4212 610 4267 sed
644 4213 818 4268 etiam
849 4213 938 4278 hi,
981 4213 1050 4267 de
1081 4213 1296 4284 quibus
1346 4228 1499 4268 nunc
1548 4213 1799 4284 agimus,
1830 4215 1957 4266 tan-

301 4309 483 4365 quam
517 4294 578 4349 in
609 4299 880 4351 senatum
911 4295 1151 4350 deorum
1177 4293 1371 4350 selecti
1400 4310 1413 4361 ;
1447 4293 1548 4349 sed
1572 4294 1739 4365 plane
1763 4291 1958 4348 selecti

301 4374 611 4431 nobilitate
641 4374 978 4443 criminum,
1016 4391 1133 4430 non
1165 4374 1444 4444 dignitate
1473 4374 1778 4429 virtutum.
1802 4375 1958 4438 Quo-

303 4470 439 4510 rum
473 4470 641 4510 sacra
670 4458 850 4510 Varro
881 4456 1020 4510 dum
1053 4455 1220 4526 quasi
1254 4455 1324 4510 ad
1375 4453 1672 4510 naturales
1703 4455 1958 4509 rationes

301 4535 522 4591 referre
569 4540 833 4605 conatur,
883 4551 1150 4607 quaerens
1221 4535 1532 4591 honestare
1587 4551 1678 4591 res
1734 4539 1954 4604 turpes,

303 4617 605 4688 quomodo
637 4616 728 4672 his
757 4617 1006 4689 quadret
1033 4621 1091 4672 et
1119 4623 1418 4683 consonet,
1452 4632 1568 4672 non
1601 4619 1788 4686 potest
1807 4616 1960 4670 inve-

305 4697 475 4752 nire:
521 4697 796 4768 quoniam
846 4713 960 4752 non
1010 4701 1152 4752 sunt
1199 4696 1338 4767 ipsas
1380 4694 1614 4751 illorum
1662 4710 1957 4751 sacrorum

305 4793 496 4834 causa
519 4793 669 4850 quas
699 4782 884 4850 putat,
909 4776 995 4834 vel
1021 4777 1214 4849 potius
1234 4777 1356 4832 vult
1380 4775 1587 4848 putari.
1612 4775 1757 4832 Nam
1777 4776 1823 4831 si
1842 4791 1958 4832 non

379 5018 391 5050 ί
426 5013 514 5064 Sic
543 5013 711 5062 nostri
742 5014 881 5062 recte
908 5013 1031 5062 Mss.
1061 5012 1122 5062 In
1150 5013 1226 5071 B.,
1249 5018 1374 5072 post
1403 5011 1588 5060 eadem
1620 5018 1797 5072 gente.
1839 5012 1928 5071 M.,

373 5076 395 5110 2
429 5076 648 5138 Aliquot
678 5075 824 5132 Mss,
848 5077 1204 5135 conﬁrmant.
1237 5100 1298 5111 —
1326 5074 1593 5138 ,Sicietiam
1623 5075 1716 5138 Ms.
1748 5072 1861 5138 7766.
1889 5075 1957 5123 M.

374 5140 396 5172 ³
431 5139 493 5186 In
522 5137 918 5200 antiquioribus
947 5138 1274 5187 editionibus
1294 5137 1451 5186 Vind.
1483 5139 1597 5185 Am.
1636 5137 1727 5185 Er.
1766 5137 1963 5199 legitur

298 5216 371 5251 ea
398 5199 727 5263 signiﬁcata
756 5209 806 5248 et
831 5201 1243 5263 praenuntiata
1269 5209 1422 5250 sunt.
1462 5201 1547 5249 Sic
1574 5200 1736 5249 etiam
1765 5199 1821 5247 in
1849 5213 1958 5248 om~

298 5265 470 5314 nibus
499 5263 895 5326 manuscriptis.
929 5263 1282 5312 Lovanienses
1305 5265 1482 5326 tamen
1511 5264 1856 5311 correxerunt
1883 5276 1960 5312 re-

297 5327 570 5398 quirente,
600 5329 663 5376 ut
706 5325 878 5390 aiunt,
929 5340 1107 5380 sensu.
1151 5339 1214 5374 ea
1261 5325 1664 5387 signi/icarum
1711 5332 1762 5372 et
1795 5339 1956 5385 prae-

301 5403 390 5439 nu
403 5398 748 5437 ntiaverunt.

377 5455 452 5512 (α)
481 5453 627 5500 Cont.
661 5451 752 5499 lib.
784 5450 816 5498 9
838 5452 904 5500 de
934 5451 1062 5502 Gen.
1094 5452 1162 5500 ad
1189 5449 1315 5505 litt.,
1340 5462 1394 5497 n.
1426 5446 1585 5497 31-33.

375 5511 454 5577 (ὁὶ
482 5514 555 5563 De
583 5514 667 5562 his
691 5515 846 5577 plura
873 5515 1034 5564 habet
1069 5516 1291 5577 August.
1339 5512 1538 5577 passim
1583 5511 1742 5577 intra,
1790 5524 1823 5577 a
1856 5511 1956 5577 _l_ib.

305 5572 398 5687 lg.
424 5572 632 5687 aput?"
651 5572 810 5626 etiam
840 5577 938 5628 lib.
971 5577 997 5625 4
1029 5572 1214 5626 contra
1241 5572 1514 5635 Faustum,
1547 5587 1662 5638 cap.
1692 5572 1740 5630 2,
1778 5575 1830 5622 et
1856 5573 1955 5624 lib.

379 5675 392 5687 .
490 5654 535 5687 n.
640 5675 651 5686 .

2056 532 2270 591 essent,
2305 530 2570 597 quamvis
2612 526 2758 582 nihil
2809 527 2882 581 ad
2933 533 3106 582 Deum
3159 545 3355 583 verum
3407 530 3705 600 vitamque

2056 613 2349 675 aeternam,
2383 625 2509 678 quae
2543 609 2597 672 in
2632 607 2906 678 religione
2951 608 3260 678 quaerenda
3304 617 3410 673 est,
3447 609 3704 680 pertine-

2056 693 2225 754 rent;
2258 694 2450 742 tamen
2483 687 2896 758 qualicumque
2926 689 2996 742 de
3029 705 3219 742 rerum
3255 695 3460 744 natura
3482 690 3706 743 reddita

2055 769 2294 834 ratione,
2313 768 2747 839 aliquantulum
2771 769 3098 838 mitigarent
3118 769 3521 832 offensionem.
3539 785 3708 840 quam

2057 866 2173 904 non
2205 849 2496 904 intellecta
2526 849 2582 904 in
2616 851 2798 904 sacris
2831 849 3028 919 aliqua
3074 850 3233 903 velut
3276 851 3575 920 turpitudo
3607 855 3708 906 aut

2058 929 2390 985 absurditas
2423 930 2662 989 iecerat:
2697 930 2852 984 sicut
2875 930 2933 982 in
2967 929 3320 999 quibusdam
3347 931 3705 984 theatrorum

2054 1009 2262 1065 fabulis
2282 1010 2369 1064 vel
2388 1009 2766 1064 delubrorum
2793 1010 3087 1080 mysteriis
3113 1009 3294 1064 facere
3318 1014 3560 1063 conatus
3583 1017 3705 1074 est;

2060 1092 2156 1148 ubi
2191 1107 2303 1148 non
2327 1091 2554 1146 theatra
2583 1091 2962 1146 delubrorum
3017 1091 3406 1145 similitudine
3437 1090 3707 1155 absolvit,

2059 1173 2160 1228 sed
2195 1171 2547 1228 theatrorum
2579 1171 2771 1242 potius
2801 1171 3185 1226 similitudine
3209 1170 3447 1226 delubra
3469 1172 3712 1244 damna-

2059 1253 2177 1322 vit;
2211 1258 2402 1308 tamen
2436 1259 2751 1324 utcumque
2780 1257 3023 1309 conatus
3045 1257 3154 1318 est,
3181 1257 3499 1308 utsensum
3526 1252 3710 1306 horri-

2060 1334 2275 1391 bilibus
2307 1334 2480 1390 rebus
2513 1335 2801 1390 oti‘ensum
2825 1334 2978 1390 velut
3010 1332 3368 1390 naturalium
3400 1349 3709 1390 causarum

2059 1417 2282 1472 ratione
2312 1417 2538 1473 reddita
2567 1416 2836 1472 deliniret
2859 1419 2902 1470 ¹.

2059 1597 2285 1654 CAPUT
2322 1595 2571 1652 XXXIV.
2605 1597 2766 1651 —D:
2800 1595 2968 1653 libris
3009 1597 3208 1652 Numae
3249 1595 3535 1666 Pompilii,
3581 1609 3714 1666 quos

2131 1686 2373 1744 senatus,
2401 1694 2471 1734 ne
2499 1694 2780 1734 sacrorum
2810 1693 3009 1744 causa,
3037 1683 3221 1750 quales
3243 1677 3302 1733 in
3323 1676 3402 1732 eis
3433 1676 3715 1748 habeban-

2131 1761 2243 1828 tur,
2275 1759 2692 1827 innotescerent,
2711 1763 2885 1829 jussit
2917 1758 3155 1814 incendi.

2132 1939 2242 1994 Sed
2275 1945 2473 1994 contra
2505 1938 2854 2004 invenimus,
2888 1938 3039 1992 sicut
3069 1937 3193 2009 ipse
3214 1936 3302 1992 vir
3332 1934 3711 1992 doctissimus

2060 2020 2336 2090 prodidit,
2371 2021 2440 2074 de
2470 2019 2669 2074 Numas
2711 2018 2979 2089 Pompilii
3031 2018 3196 2073 libris
3227 2017 3483 2071 redditas
3515 2033 3712 2071 sacro-

2063 2115 2190 2155 rum
2218 2116 2425 2157 causas
2449 2099 2606 2155 nullo
2635 2101 2806 2154 modo
2826 2099 3084 2170 potuisse
3107 2096 3360 2162 tolerari,
3380 2112 3483 2151 nec
3505 2096 3711 2166 dignas

2061 2179 2313 2249 habitas,
2347 2198 2469 2249 quae
2503 2197 2616 2236 non
2667 2180 2854 2236 solum
2901 2180 3060 2234 lectae
3109 2178 3535 2232 inualescerent
3573 2176 3712 2230 reli-

2061 2260 2260 2330 giosis,
2277 2261 2374 2314 sed
2399 2261 2600 2315 saltem
2626 2261 2853 2329 scripta:
2877 2259 3326 2313 reconderentur
3349 2257 3404 2310 in
3429 2255 3709 2310 tenebris.

2059 2338 2186 2394 Jam
2219 2339 2375 2394 enim
2409 2338 2620 2406 dicam,
2654 2338 2809 2408 quod
2843 2338 2900 2391 in
2933 2337 3102 2390 tertio
3134 2336 3309 2403 hujus
3341 2334 3533 2405 operis
3563 2333 3708 2389 libro

2063 2435 2154 2474 me
2185 2435 2291 2474 suo
2320 2417 2444 2474 loco
2475 2419 2765 2473 dicturum
2817 2433 2943 2473 esse
2994 2415 3372 2486 promiseram
3416 2414 3570 2486 (Cap.
3607 2416 3705 2480 ιχ).

2060 2498 2227 2565 Nam,
2262 2498 2414 2554 sicut
2437 2497 2591 2567 apud
2621 2497 2890 2552 eumdem
2914 2496 3230 2550 Varronem
3256 2495 3464 2564 legitur
3485 2493 3707 2548 inlibro

2060 2581 2131 2637 de
2147 2579 2318 2636 Cultu
2342 2580 2606 2645 deorum,
2625 2601 2651 2628 ‹‹
2685 2579 2986 2632 Terentius
3010 2576 3246 2647 quidam
3273 2591 3402 2630 cum
3427 2573 3708 2629 haberet’

2060 2662 2132 2717 ad
2162 2659 2495 2716 Janiculum
2531 2657 2800 2722 fundum,
2828 2663 2884 2712 et
2917 2657 3207 2711 bubulcus
3255 2657 3381 2726 ejus
3406 2655 3576 2724 juxta
3610 2671 3706 2709 se-

2058 2741 2329 2815 pulcrum
2344 2739 2543 2795 Numa:
2565 2738 2829 2810 Pompilii
2854 2739 3155 2808 trajiciens
3177 2744 3434 2792 aratrum
3457 2735 3706 2792 eruisset

2059 2839 2127 2878 ex
2171 2826 2325 2876 terra
2371 2820 2551 2875 libros
2599 2821 2750 2889 ejus,
2802 2817 2897 2873 ubi
2947 2833 3250 2872 sacrorum
3299 2817 3701 2871 institutorum

2059 2903 2292 2974 scriptae
2322 2905 2486 2956 erant
2522 2917 2734 2967 causas,
2767 2899 2824 2954 in
2859 2899 3068 2955 Urbem
3121 2897 3362 2970 pertulit
3393 2897 3463 2952 ad
3497 2902 3705 2968 praeto-

2056 2998 2203 3038 rem.
2236 2984 2307 3037 At
2333 2981 2429 3036 ille
2461 2998 2595 3037 cum
2627 2979 3298 3052 inspexissetprincipia,
3329 2994 3448 3033 rem
3480 2982 3703 3032 tantam

2057 3063 2265 3120 detulit
2294 3063 2361 3118 ad
2406 3070 2697 3119 senatum.
2749 3061 2856 3116 Ubi
2906 3077 3038 3115 cum
3093 3061 3378 3132 primores
3421 3058 3702 3130 quaedam

2057 3162 2266 3203 causas
2296 3144 2591 3214 legissent,
2614 3161 2720 3200 cur
2750 3143 3004 3215 quidque
3025 3143 3086 3198 in
3119 3143 3298 3197 sacris
3333 3142 3507 3196 fuerit
3539 3139 3707 3195 insti-

2059 3232 2275 3292 tutum,
2307 3225 2507 3281 Numa:
2541 3232 2765 3280 mortuo
2795 3229 3031 3279 senatus
3059 3238 3334 3279 assensus
3363 3226 3472 3288 est,
3495 3237 3706 3292 eosque

2060 3309 2240 3362 libros
2271 3311 2549 3378 tanquam
2583 3303 2834 3376 religiosi
2889 3309 3080 3376 patres
3128 3303 3463 3371 conscripti,
3500 3306 3705 3372 przetor

2065 3394 2128 3445 ut
2170 3390 2558 3455 combureret,
2609 3390 2963 3443 censuerunt
3004 3408 3031 3435 »
3075 3386 3171 3454 (a).
3204 3385 3411 3440 Credat
3458 3384 3708 3456 quisque

2063 3469 2215 3540 quod
2251 3474 2448 3538 putat:
2484 3470 2598 3524 imo
2631 3484 2764 3523 vero
2788 3467 2938 3522 dicat
2962 3467 3116 3536 quod
3142 3466 3451 3520 dicendum
3474 3479 3711 3534 sugges-

2065 3549 2205 3604 serit
2249 3564 2461 3603 vesana
2515 3547 2829 3614 contentio,
2881 3545 3125 3616 quilibet
3173 3549 3342 3598 tantas
3395 3543 3712 3612 impietatis

2065 3630 2334 3685 defensor
2378 3628 2665 3700 egregius.
2724 3627 2813 3680 Me
2851 3628 3163 3680 admonere
3213 3622 3484 3685 sufficiat,
3517 3636 3713 3676 sacro-

2066 3725 2192 3765 rum
2213 3725 2419 3763 causas
2450 3725 2484 3762 a
2504 3722 2637 3776 rege
2661 3705 2964 3776 Pompilio,
2989 3705 3383 3758 Romanorum
3410 3715 3711 3756 sacrorum

2065 3791 2422 3856 institutore,
2455 3787 2842 3856 conscriptas,
2891 3800 2996 3839 nec
3043 3782 3278 3854 pepulo,
3326 3797 3429 3834 nec
3459 3779 3712 3846 senatui,

2067 3887 2172 3926 nec
2203 3869 2409 3924 saltem
2438 3867 2583 3937 ipsis
2615 3863 3011 3920 sacerdotibus
3035 3864 3393 3916 innotescere
3417 3859 3712 3937 debuisse,

2067 3953 2380 4023 ipsumque
2428 3935 2677 4002 Numam
2725 3941 3075 4013 Pompilium
3121 3940 3457 4023 curiositate
3511 3935 3715 4023 illicita

2069 4018 2136 4088 ad
2153 4018 2563 4086 eadmmonum
2585 4024 3164 4098 pervenissesecreta,
3183 4038 3309 4092 quae
3331 4020 3455 4090 ipse
3477 4018 3714 4090 quidem

2069 4111 2368 4172 scriberet,
2406 4112 2469 4162 ut
2498 4106 2740 4162 haberet
2773 4105 2924 4159 unde
2956 4104 3194 4174 legendo
3217 4107 3712 4156 commoneretur:

2069 4193 2169 4249 sed
2202 4207 2270 4246 ea
2292 4193 2505 4256 tamen,
2526 4202 2658 4242 cum
2679 4201 2776 4240 rex
2793 4188 2966 4251 esset,
2987 4183 3082 4254 qui
3106 4181 3345 4236 minime
3365 4194 3714 4251 quemquam

2069 4274 2372 4336 metueret,
2406 4284 2512 4324 nec
2541 4269 2747 4322 dooere
2769 4264 3044 4336 aliquem,
3069 4279 3174 4318 nec
3196 4261 3443 4317 delendo
3467 4260 3552 4314 vel
3575 4275 3717 4329 quo-

2070 4369 2182 4426 quo
2213 4351 2382 4408 modo
2426 4340 2824 4406 consumendo
2875 4345 3110 4426 perdere
3154 4343 3424 4426 auderet;
3455 4340 3532 4426 ita
3562 4338 3715 4426 quod

2069 4422 2218 4493 scire
2248 4433 2542 4489 neminem
2573 4427 2776 4495 voluit,
2813 4443 2881 4482 ne
2913 4425 3182 4481 homines
3214 4422 3436 4478 nefaria
3466 4422 3715 4486 doceret,

2068 4517 2282 4572 violare
2313 4517 2507 4570 autem
2531 4507 2749 4576 timuit,
2783 4523 2854 4563 ne
2883 4508 3175 4562 daemones
3225 4505 3402 4558 iratos
3455 4501 3714 4563 haberet,

2069 4597 2262 4654 obruit
2292 4596 2394 4652 ubi
2422 4598 2615 4649 tutum
2639 4589 2882 4662 putavit,
2904 4585 3171 4660 sepulcro
3194 4601 3301 4640 suo
3326 4583 3719 4655 prepinquare

2069 4686 2323 4736 aratrum
2358 4692 2524 4748 posse
2561 4687 2677 4729 non
2731 4672 2992 4726 credens.
3041 4668 3291 4748 Senatus
3341 4669 3532 4718 autem
3585 4673 3718 4748 cum

2070 4742 2381 4833 religiones
2431 4755 2769 4812 formidaret
2820 4752 3100 4833 damnare
3145 4747 3451 4833 majorum,
3485 4747 3542 4796 et
3589 4742 3716 4833 ideo

2068 4822 2272 4899 Numa
2296 4839 2567 4898 assentiri
2599 4839 2937 4907 cogeretur;
2971 4827 3103 4884 illos
3158 4832 3353 4910 tamen
3387 4822 3566 4910 libros
3594 4825 3714 4910 tam

2069 4923 2421 4993 perniciosos
2439 4934 2567 4974 esse
2588 4900 2892 4986 judicavit,
2914 4913 2977 4966 ut
2999 4921 3105 4993 nec
3133 4902 3298 4993 obrui
3329 4900 3684 4993 rursusjube
3700 4926 3714 4935 -

2071 4981 2176 5070 ret,
2212 5019 2282 5058 ne
2315 5003 2565 5056 humana
2588 4981 2902 5052 curiositas
2935 4990 3119 5070 multo
3161 4981 3563 5070 vehementius
3590 4997 3713 5035 rem

2064 5061 2186 5156 jam
2222 5081 2509 5155 proditam
2559 5077 2860 5148 quaereret,
2893 5072 2992 5128 sed
3046 5067 3299 5126 ﬂammis
3347 5061 3560 5120 aboleri
3617 5076 3718 5115 ne-

2139 5387 2152 5418 ¹
2190 5383 2311 5430 Mss.
2343 5379 2490 5427 ratio
2519 5375 2736 5423 reddita
2765 5370 3049 5420 deliniret.

2135 5445 2156 5478 ε
2188 5419 2425 5501 ὀᾞῖἁάιιῖ
2441 5419 2825 5501 infigeret.
2857 5461 2925 5501 -τ
2938 5430 3128 5501 _Nos_t.ri.
3143 5427 3364 5501 codices.
3383 5423 3619 5501 [εαὸςνςςι.
3645 5419 3710 5501 tu.

2137 5485 2614 5567 (αῖῖίὶἷ-Ῑιὶἷᾞιᾶ.
2650 5498 2728 5556 40,
2759 5513 2870 5610 cap.
2901 5496 2997 5553 29;
3041 5492 3209 5542 Valer.
3258 5487 3348 5535 lib.
3403 5485 3446 5560 ξ,
3495 5498 3610 5547 cap.
3649 5485 3711 5542 1;

2137 5568 2314 5610 in_lih.
2341 5565 2417 5610 13.
2449 5576 2562 5610 can.
2587 5561 2663 5610 13.
2684 5562 2753 5610 al.
2783 5560 2814 5609 2
2868 5575 2880 5610 ;
2903 5559 3036 5607 Fest.
3052 5557 3108 5604 et
3125 5549 3372 5601 Plutarch
3408 5561 3463 5596 tn
3487 5547 3674 5596 Numa
3698 5563 3711 5606 ς

2072 5547 2208 5619 Ριὶἷιῖ
2223 5547 2439 5620 nisi
2449 5547 2663 5626 aliis,
2684 5547 2753 5610 ai.
2770 5547 2846 5626 ’27
2868 5575 2880 5620 ;
2903 5547 3036 5607 Fest.
3052 5557 3108 5604 et
3125 5549 3372 5601 Plutarch
3408 5549 3463 5596 in
3487 5547 3674 5596 Numa
3698 5563 3715 5606 ,-

2073 5634 2212 5682 Lact.
2245 5631 2338 5680 lib.
2371 5627 2394 5676 1
2433 5623 2628 5683 Instit.,
2658 5638 2753 5686 cap
2781 5623 2861 5670 2'2.
