4128 6184
244 313 342 382 225

247 446 378 502 Deus
408 451 512 508 est,
547 461 648 516 per
678 460 851 516 quem
885 444 1031 498 facta
1060 451 1194 498 sunt
1237 441 1455 506 omnia,
1492 439 1644 495 sicut
1673 437 1871 494 divina

249 524 552 582 auctoritas
584 527 913 596 veritasque
960 523 1302 579 monstravit
1341 521 1496 592 (Sap.
1530 537 1628 589 vn,
1659 519 1728 572 24
1766 520 1872 586 27;

254 617 297 661 et
316 605 476 660 Hebr.
512 622 550 672 ι,
584 606 638 670 2,
671 606 747 675 3),
780 621 945 660 verus
978 601 1361 674 philosOphus
1392 607 1480 656 est
1500 604 1726 654 amator
1758 600 1874 654 Dei.

249 686 344 740 Sed
378 685 516 756 quia
546 701 638 740 res
668 685 815 755 ipsa,
869 685 1039 755 cujus
1085 683 1193 738 hoc
1239 697 1451 736 nomen
1502 684 1611 746 est,
1646 696 1757 734 non
1791 683 1880 734 est

248 765 299 820 in
328 764 599 819 omnibus
628 765 728 835 qui
757 765 863 819 huc
887 764 1123 819 nomine
1146 762 1704 834 gloriantur(neque
1725 758 1880 814 enim

250 844 514 901 continuo
546 861 689 900 verae
721 844 1020 915 sapientiae
1052 849 1192 898 sunt
1207 851 1509 906 amatores,
1531 840 1884 910 quicumque

251 925 604 996 appellantur
638 924 1126 995 pbilosophi)(a):
1170 924 1426 994 profecto
1475 937 1544 976 ex
1589 921 1882 982 omnibus,

251 1023 490 1078 quorum
524 1006 845 1062 sententias
876 1012 933 1062 et
963 1007 1176 1062 litteris
1208 1020 1380 1061 nosse
1433 1004 1749 1075 potuimus,
1780 1001 1886 1055 eli-

249 1086 411 1159 gendi
445 1092 579 1142 sunt
611 1103 744 1142 cum
790 1086 1001 1157 quibus
1051 1103 1167 1142 non
1218 1085 1456 1156 indigne
1496 1082 1737 1154 quaestio
1777 1082 1888 1136 ista

251 1173 530 1224 tractetur.
557 1168 750 1239 Neque
797 1167 952 1223 enim
1001 1167 1109 1223 hoc
1157 1182 1327 1238 opere
1375 1181 1578 1222 omnes
1622 1163 1886 1218 omnium

249 1245 727 1322 philosophorum
757 1265 937 1304 vanas
984 1247 1288 1320 opiniones
1338 1247 1586 1300 refutare
1633 1242 1887 1314 suscepi,

249 1335 338 1390 scd
371 1349 472 1388 eas
503 1337 732 1388 tantum
769 1348 899 1404 quae
928 1334 998 1386 ad
1030 1329 1380 1400 theologiam
1423 1327 1732 1399 pertinent,
1773 1340 1888 1396 quo

248 1415 415 1470 verbo
445 1409 628 1484 graeco
671 1410 988 1485 signiﬁcari
1040 1409 1420 1481 intelligimus
1474 1408 1544 1462 de
1592 1406 1892 1462 divinitate

249 1495 522 1551 rationem
583 1494 703 1549 sive
748 1508 1110 1548 sermonem:
1163 1507 1267 1546 nec
1307 1507 1404 1546 eas
1454 1488 1740 1555 omnium,
1790 1487 1889 1540 sed

248 1594 440 1632 eorum
479 1582 728 1644 tantum,
762 1575 862 1645 qui
898 1591 1029 1628 cum
1064 1577 1120 1628 et
1151 1587 1278 1628 esse
1302 1571 1662 1626 divinitatem
1695 1575 1750 1623 et
1780 1568 1888 1622 hu-

249 1673 412 1711 mana
433 1672 637 1710 curare
659 1654 1046 1720 consentiant,
1073 1670 1185 1708 non
1212 1659 1403 1707 tamen
1427 1651 1695 1706 sufﬁcere
1715 1649 1889 1703 unius

247 1735 745 1794 incommutabilis
769 1735 867 1790 Dei
887 1735 1109 1790 cultum
1133 1734 1200 1789 ad
1231 1733 1405 1788 vitam
1429 1731 1886 1802 adipiscendam,

246 1817 415 1872 etiam
455 1823 586 1888 post
636 1824 901 1884 mortem,
936 1817 1182 1882 beatam,
1238 1815 1334 1870 sed
1379 1813 1619 1880 multos,
1675 1813 1744 1866 ab
1793 1810 1890 1865 illo

249 1913 380 1952 sane
412 1915 530 1952 uno
561 1896 824 1952 conditos
855 1902 1026 1964 atque
1058 1895 1380 1963 institutos,
1406 1895 1476 1950 ob
1497 1910 1623 1948 eam
1656 1909 1892 1946 causam

247 1977 518 2032 colendos
555 1982 777 2047 putant.
817 1977 878 2031 Hi
907 1978 1030 2046 jam
1063 1977 1234 2032 etiam
1266 1975 1538 2029 Varronis
1560 1971 1894 2041 opinionem

241 2058 505 2112 veritatis
539 2057 969 2128 prepinquitate
1011 2055 1434 2112 transcendunt
1459 2071 1470 2106 :
1496 2053 1781 2123 siquidem
1803 2051 1897 2104 ille

243 2143 424 2192 totam
480 2136 829 2208 theologiam
877 2137 1200 2192 naturalem
1246 2151 1431 2206 usque
1487 2133 1559 2187 ad
1611 2132 1896 2186 mundum

238 2217 425 2272 istum
459 2217 546 2272 vel
578 2219 709 2288 ejus
741 2221 992 2272 animam
1025 2217 1339 2271 extendere
1374 2213 1602 2285 potuit:
1637 2213 1731 2265 isti
1766 2225 1898 2264 vero

238 2314 428 2368 supra
449 2313 685 2354 omnem
718 2298 929 2351 animae
976 2302 1247 2350 naturam
1294 2294 1646 2349 contitenlur
1692 2289 1897 2368 Deum,

233 2367 340 2448 qui
368 2395 492 2431 non
524 2376 709 2431 solum
743 2377 1028 2430 mundum
1061 2377 1232 2429 istum
1286 2371 1594 2436 visibilem,
1630 2367 1730 2438 qui
1753 2385 1904 2440 saepe

231 2459 374 2512 caeli
412 2462 470 2511 et
498 2465 662 2511 terrae
684 2456 920 2510 nomine
944 2458 1334 2525 nuncupatur,
1351 2455 1447 2508 sed
1472 2453 1648 2506 etiam
1673 2465 1903 2507 omnem

229 2538 497 2594 omnino
525 2538 777 2592 animam
829 2537 1064 2605 fecerit;
1098 2544 1152 2591 et
1182 2534 1282 2606 qui
1324 2533 1666 2589 rationalem
1716 2541 1769 2587 et
1814 2533 1907 2587 in-

229 2617 688 2686 tellectualemL
741 2618 904 2689 cujus
952 2616 1179 2688 generis
1247 2615 1446 2670 anima
1493 2616 1748 2669 humana
1797 2617 1903 2679 est,

1565 305 1807 382 {LIBER
1851 305 2236 367 OCTAVUS.

3513 318 3630 378 226

1978 455 2240 496 cessores
2285 440 2454 496 etiam
2497 449 2850 515 propagaret,
2897 461 3090 502 rerum
3144 451 3410 505 naturam
3453 465 3627 507 scru-

1983 525 2140 575 tatus
2172 537 2424 592 suasque
2461 523 2883 594 disputationes
2930 525 3134 582 litteris
3169 531 3452 586 mandans
3483 532 3623 587 emi-

1985 603 2149 667 nuit;
2185 603 2555 674 maximeque
2595 604 2952 660 admirabilis
2991 607 3226 678 exstitit,
3253 612 3401 680 quod
3444 618 3630 667 astro-

1985 681 2148 752 logia:
2183 683 2442 738 numeris
2467 684 2920 755 comprehensis,
2953 687 3208 744 deiectus
3230 690 3371 746 solis
3401 696 3456 746 et
3477 692 3628 748 lunai

1988 762 2163 816 etiam
2211 762 2513 831 praedicere
2545 765 2732 834 potuit
2763 767 2856 833 (α).
2900 767 3124 836 Aquam
3174 775 3368 825 tamen
3412 773 3632 838 putavit

1990 857 2180 896 rerum
2231 858 2360 897 esse
2409 843 2784 914 principium,
2817 850 2874 900 et
2925 846 3058 901 hinc
3107 849 3302 904 omnia
3345 849 3630 907 elementa

1992 922 2195 977 mundi
2245 924 2554 994 ipsumque
2605 928 2909 994 mundum,
2943 932 2999 981 et
3028 943 3156 997 quae
3185 927 3244 982 in
3275 944 3341 982 eo
3373 930 3632 1000 gignun-

1992 1010 2103 1069 tur,
2137 1002 2399 1058 existere.
2423 1004 2574 1058 Nihil
2606 1011 2799 1060 autem
2834 1005 2970 1061 huic
3018 1010 3200 1077 operi,
3231 1010 3382 1080 quod
3416 1011 3632 1064 mundo

1993 1083 2356 1140 considerato
2397 1089 2519 1140 tam
2564 1087 2901 1142 admirabile
2950 1089 3290 1157 aspicimus,
3338 1105 3400 1143 ex
3438 1088 3634 1144 divina

1994 1168 2188 1218 mente
2243 1165 2566 1235 praeposuit.
2626 1165 2766 1220 Huic
2842 1168 3125 1222 successit
3180 1169 3632 1234 Anaximander,

1993 1245 2117 1313 ejus
2147 1244 2393 1315 auditor,
2430 1247 2790 1318 mutavitque
2821 1249 2890 1302 de
2934 1264 3128 1303 rerum
3171 1253 3381 1304 natura
3411 1250 3638 1321 opinio-

1996 1341 2151 1380 nem.
2200 1324 2324 1382 Non
2381 1326 2536 1381 enim
2596 1343 2663 1382 ex
2714 1345 2827 1383 una
2885 1345 2966 1394 re,
2999 1329 3146 1384 sicut
3175 1329 3386 1384 Thales
3431 1345 3499 1385 ex
3529 1330 3637 1385 hu-

1997 1419 2175 1474 more,
2208 1406 2309 1461 sed
2340 1422 2408 1460 ex
2438 1411 2562 1463 suis
2613 1409 2864 1479 propriis
2893 1409 3194 1480 principiis
3245 1426 3510 1482 quasque
3545 1427 3637 1467 res

1999 1487 2150 1542 nasci
2213 1489 2450 1558 putavit.
2501 1491 2635 1555 Quae
2683 1506 2878 1546 rerum
2938 1491 3225 1563 principia
3271 1493 3638 1562 singularum

1997 1585 2120 1622 esse
2144 1569 2380 1623 credidit
2413 1570 2661 1638 inﬁnita,
2697 1578 2752 1626 et
2782 1573 3239 1628 innumerabiles
3281 1576 3530 1629 mundos
3552 1574 3637 1645 gi-

1999 1665 2195 1720 gnere,
2220 1654 2276 1704 et
2305 1666 2688 1721 quacumque
2719 1652 2774 1706 in
2801 1652 2884 1707 eis
2907 1663 3210 1720 oriuntur;
3245 1669 3459 1725 eosque
3483 1670 3642 1708 mun-

2001 1732 2104 1784 dos
2137 1730 2308 1785 modo
2335 1732 2594 1800 dissolvi,
2631 1735 2802 1810 modo
2838 1734 3044 1789 iterum
3080 1736 3234 1806 gigni
3268 1737 3640 1805 existimavit,

2001 1818 2221 1881 quanta
2251 1810 2496 1882 quisque
2517 1821 2687 1868 aetate
2707 1832 2814 1870 sua
2833 1832 3062 1871 manere
3087 1819 3335 1888 potuerit
3361 1835 3375 1884 ;
3397 1835 3499 1873 nec
3518 1817 3643 1888 ipse

2002 1891 2223 1961 aliquid
2254 1893 2460 1947 divinae
2495 1896 2673 1948 menti
2707 1894 2763 1949 in
2798 1897 2888 1950 bis
2922 1913 3113 1951 rerum
3147 1899 3420 1966 Operibus
3453 1899 3644 1953 tribu-

2002 1987 2126 2027 ens.
2150 1973 2265 2026 Iste
2296 1975 2568 2028 Anaxime
2592 1979 2742 2029 nem‘
2779 1975 3128 2046 discipulum
3163 1982 3221 2030 et
3251 1993 3643 2033 successorem

2005 2052 2267 2123 reliquit:
2285 2055 2381 2123 qui
2403 2071 2606 2110 omnes
2631 2072 2821 2111 rerum
2836 2072 3043 2111 causas
3068 2057 3300 2112 inﬁnito
3320 2059 3641 2112 aeridedit:

2005 2149 2110 2187 nec
2142 2134 2278 2188 deos
2319 2137 2568 2205 negavit,
2603 2141 2702 2190 aut
2746 2137 2966 2202 tacuit;
3003 2154 3114 2191 non
3149 2143 3338 2192 tamen
3382 2139 3453 2192 ab
3499 2137 3646 2206 ipsis

2007 2227 2200 2266 aerem
2225 2213 2463 2281 factum,
2485 2217 2749 2285 sedipsos
2763 2232 2832 2270 ex
2862 2233 2992 2270 aere
3023 2221 3180 2271 ortos
3210 2217 3476 2271 credidit.
3497 2221 3650 2270 Ana-

2007 2306 2247 2361 xagoras
2275 2308 2429 2358 vero,
2455 2294 2581 2362 ejus
2607 2295 2858 2360 auditor,
2894 2294 3104 2349 harum
3137 2311 3330 2350 rerum
3361 2295 3651 2364 omnium,

2009 2388 2158 2442 quas
2180 2371 2462 2440 videmus,
2494 2373 2822 2429 effectorem
2845 2373 3104 2430 divinum
3137 2376 3399 2430 animum
3431 2373 3650 2450 sensit;

2010 2459 2066 2508 et
2093 2451 2234 2506 dixit
2263 2468 2331 2505 ex
2367 2451 2598 2508 inﬁnita
2638 2455 2898 2519 materia,
2935 2471 3060 2525 quae
3116 2461 3401 2510 constaret
3451 2455 3655 2509 simili-

2011 2532 2154 2587 bus1
2188 2534 2337 2587 inter
2356 2549 2418 2588 se
2442 2534 2760 2602 particulis,
2787 2551 2978 2590 rerum
3010 2535 3273 2590 omnium
3304 2551 3517 2607 genera
3547 2551 3650 2606 pro

2013 2612 2266 2668 modulis
2307 2618 2363 2669 et
2411 2615 2714 2684 speciebus
2755 2617 3002 2687 propriis
3050 2615 3282 2686 singula
3326 2615 3502 2682 ﬁeri’,
3550 2613 3652 2669 sed

200 2697 694 2788 ,participatione
727 2699 812 2752 sui
847 2698 1087 2752 luminis
1120 2695 1618 2751 incommutabilis
1636 2701 1693 2750 et
1722 2696 1908 2749 incor-

199 2775 398 2850 iporei
464 2778 688 2831 beatam
754 2778 908 2830 facit.
970 2777 1086 2831 Hos
1149 2775 1528 2845 philosophos
1577 2775 1906 2829 Platonicos

198 2857 595 2929 appellatos,
647 2875 680 2912 a
728 2856 966 2912 Platone
1016 2857 1252 2912 doctore
1299 2855 1578 2910 vocabulo
1622 2857 1902 2920 derivato,

2012 2692 2205 2748 animo
2232 2693 2475 2749 faciente
2505 2695 2719 2751 divino.
2753 2697 3032 2767 Diogenes
3064 2712 3298 2767 quoque
3319 2696 3413 2766 (b),
3446 2696 3652 2751 Anaxi-

2013 2773 2200 2827 menis
2256 2773 2400 2828 alter
2438 2775 2688 2840 auditor,
2723 2791 2912 2832 aerem
2964 2777 3198 2847 quidem
3253 2777 3396 2830 dixit
3454 2790 3647 2831 rerum

2009 2869 2137 2907 esse
2159 2854 2569 2918 materiam,de
2588 2871 2703 2927 qua
2733 2857 2932 2912 omnia
2965 2860 3168 2911 tierent
3192 2857 3324 2923 ;sed
3357 2872 3490 2910 eum
3524 2870 3654 2910 esse

237 2940 451 2994 nullus
491 2941 589 3010 qui
639 2938 759 2994 hinc
802 2939 888 2993 vel
941 2938 1188 2992 tenuiter
1236 2937 1474 3005 audivit,
1527 2935 1771 3006 ignorat.
1827 2936 1904 2990 De

239 3021 344 3075 hoc
381 3020 573 3090 igitur
600 3019 858 3081 Platone,
893 3035 1020 3089 qua
1053 3017 1378 3073 necessaria
1411 3015 1678 3087 praesenti
1712 3031 1904 3085 quies-

234 3101 377 3158 tioni
411 3101 706 3166 existimo,
742 3101 992 3155 breviter
1016 3100 1322 3170 attingam,
1358 3100 1518 3168 prius
1566 3095 1697 3151 illos
1742 3112 1905 3151 com-

239 3198 606 3248 memorans,
648 3179 749 3250 qui
780 3195 911 3234 eum
966 3178 1025 3232 in
1075 3179 1276 3233 eodem
1323 3191 1531 3247 genere
1581 3175 1902 3232 litterarum

244 3271 518 3334 tempore
550 3264 990 3334 praecesserunt.

251 3424 486 3480 CAPUT
521 3422 589 3478 Il.
625 3452 691 3463 -
737 3423 808 3477 De
845 3420 1051 3476 duobus
1091 3418 1536 3492 philosOphorum
1594 3417 1904 3488 generibus,

359 3505 423 3561 id
453 3509 562 3574 est,
596 3503 780 3560 Italico
809 3512 862 3558 et
899 3503 1094 3568 Ionico,
1127 3516 1428 3570 eorumque
1456 3500 1796 3555 auctoribus.

311 3667 626 3729 Quantum
672 3661 827 3718 enim
868 3658 1080 3716 attinet
1119 3658 1192 3714 ad
1225 3657 1448 3712 litteras
1497 3671 1736 3726 graecas,
1781 3669 1908 3724 quae

239 3743 445 3817 lingua
468 3744 629 3799 inter
656 3747 890 3798 cateras
903 3741 1166 3812 gentium
1182 3737 1392 3792 clarior
1413 3735 1770 3817 habetur;(b),
1795 3734 1827 3787 d
1840 3749 1909 3787 uo

243 3815 743 3896 philosophorum
775 3838 987 3894 genera
1032 3821 1372 3885 traduntur;
1409 3833 1590 3872 unum
1625 3815 1907 3896 Italicum,

243 3893 307 3960 ex
346 3923 419 3962 ea
453 3893 627 3978 parte
672 3903 872 3970 Italian,
933 3918 1060 3973 quae
1106 3900 1397 3972 quondam
1461 3912 1669 3978 magna
1703 3893 1915 3978 Graecia

248 3975 604 4058 nuncupata
633 3989 761 4052 est;
793 3983 1036 4038 alterum
1071 3981 1356 4044 Ionicum,
1389 3978 1446 4032 in
1485 3977 1568 4032 eis
1601 3976 1790 4044 terris,
1817 3975 1914 4029 ubi

247 4071 302 4120 et
336 4084 503 4122 nunc
536 4065 761 4121 Graecia
802 4064 1158 4118 nominatur.
1194 4059 1460 4116 Italicum
1503 4072 1682 4130 genus
1716 4061 1913 4111 aucto-

247 4163 365 4202 rem
390 4145 1019 4216 habuiththagoram
1037 4141 1315 4210 Samium,
1337 4154 1499 4210 aquo
1528 4137 1705 4192 etiam
1727 4138 1916 4192 ferunt

247 4226 444 4296 ipsum
486 4225 876 4299 phi1090phize
911 4239 1120 4278 nomen
1153 4226 1438 4276 exortum.
1463 4218 1605 4273 Nam
1646 4234 1776 4274 cum
1810 4234 1915 4272 an-

245 4311 334 4363 tea
355 4297 680 4380 Sapientes
701 4304 1155 4375 appellarentur,
1189 4301 1282 4372 qui
1314 4301 1485 4356 modo
1517 4300 1766 4380 quodam
1793 4297 1914 4352 lau—

247 4379 461 4444 dabilis
504 4388 644 4444 vita:
689 4385 820 4441 a|iis
869 4389 1144 4455 praestare
1188 4383 1563 4446 videbantur;
1596 4380 1706 4434 iste
1736 4379 1911 4433 inter-

250 4474 520 4542 rogatus,
557 4467 702 4539 quid
754 4466 1148 4538 proﬁteretur,
1210 4461 1629 4542 Philosophum
1684 4475 1742 4514 se
1788 4475 1915 4542 esse

251 4538 589 4620 respondit,
626 4547 681 4601 id
717 4551 807 4602 est
838 4545 1164 4600 studiosum
1210 4541 1296 4598 vel
1331 4547 1644 4596 amatorem
1681 4538 1911 4609 sapien.

252 4628 373 4682 tiae:
403 4628 696 4701 quoniam
720 4626 1042 4695 sapientem
1068 4622 1344 4694 proﬁteri,
1369 4621 1910 4692 arrogantissimum

253 4700 573 4764 videbatur
623 4707 716 4778 (c).
775 4705 951 4761 lonici
998 4721 1132 4758 vero
1197 4703 1425 4773 generis
1486 4701 1753 4770 princeps
1807 4700 1913 4753 fuit

252 4791 468 4848 Thales
509 4791 797 4854 Milesius,
832 4805 983 4842 unus
1019 4787 1252 4841 illorum
1297 4788 1518 4853 septem
1572 4782 1665 4851 qui
1719 4779 1913 4850 appel-

253 4871 353 4928 lati
383 4879 538 4929 sunt
571 4872 878 4940 Sapientes
910 4868 1004 4938 (d).
1037 4869 1146 4923 Sed
1185 4867 1264 4920 illi
1300 4881 1398 4918 sex
1420 4864 1548 4916 vita:
1580 4877 1785 4932 genere
1804 4862 1918 4914 dis-

252 4957 712 5027 tinguebantur,
745 4959 801 5009 et
831 4952 1182 5024 quibusdam
1229 4947 1528 5018 praeceptis
1573 4946 1640 5027 ad
1677 4945 1822 4998 bene
1843 4942 1919 4996 vi-

253 5024 512 5092 vendum
557 5032 1054 5090 accommodatis:
1089 5031 1197 5085 iste
1229 5034 1421 5083 autem
1453 5024 1763 5090 Thales,ut
1793 5039 1920 5079 suc-

317 5231 385 5291 (a)
421 5229 682 5277 Lactant.
717 5227 813 5276 lib.
835 5227 898 5291 As.

313 5283 388 5353 tbi)
421 5293 551 5338 Vid.
593 5293 802 5353 quaest.
830 5288 889 5353 37
925 5289 981 5336 in
1010 5286 1204 5353 Jud_ic.,
1237 5287 1362 5353 tom.
1395 5283 1442 5332 3.

310 5345 382 5414 (ci
419 5345 635 5404 Cicero.
667 5353 758 5398 lib.
793 5351 823 5398 5
851 5352 1061 5399 Tuscul.
1092 5349 1484 5414 Qua_est.,__cap.

316 5405 394 5481 (ἀ)
435 5417 538 5464 Hic
553 5414 1080 5481 _Itom_ulo_regnante
1111 5405 1694 5481 visissehdic-it'urintra,
1723 5405 1924 5481 ang-ts.

253 5468 345 5542 cap
371 5468 490 5526 '24.
530 5468 978 5542 [Equalesjpsius
1010 5488 1120 5542 se}
1151 5474 1244 5542 alii
1293 5472 1566 5542 Sapientes
1615 5473 1740 5542 sunt
1779 5468 1927 5516 Chilo

254 5533 734 5595 Lacedaemonius,
770 5533 1004 5588 Pittacus
1037 5537 1444 5598 Mitylenaenus,
1473 5533 1595 5598 Bias
1626 5533 1930 5598 Prienaeus,

255 5602 554 5654 Cleobulus
615 5594 846 5662 Lindius,
912 5594 1194 5650 Periander
1248 5597 1571 5652 Corinthius,
1637 5598 1685 5644 et
1770 5594 1929 5643 Solon

257 5663 635 5718 Atheniensis.

2010 2939 2336 3003 compotem
2387 2935 2594 2989 divinae
2644 2935 2908 3004 rationis,
2961 2937 3088 2992 sine
3136 2953 3250 3008 qua
3299 2935 3444 2991 nihil
3488 2952 3556 2991 ex
3587 2950 3653 2990 eo

2011 3012 2132 3068 ﬁeri
2166 3019 2381 3085 posset.
2414 3017 2764 3087 Anaxagorae
2795 3018 3081 3073 successit
3111 3017 3342 3072 auditor
3388 3017 3516 3087 eius
3551 3019 3655 3070 Ar-

2011 3093 2286 3150 chelaus:
2321 3095 2436 3150 etia
2464 3096 2590 3167 ipse
2622 3099 2693 3152 de
2726 3097 3021 3166 particulis
3054 3099 3205 3153 inter
3234 3113 3297 3152 se
3340 3097 3654 3162 similibus,

2011 3176 2226 3246 quibus
2257 3176 2488 3247 singula
2540 3195 2784 3250 quaeque
2843 3179 3067 3245 ﬁerent,
3103 3179 3182 3233 ita
3229 3180 3456 3249 putavit
3496 3193 3658 3232 cons-

2010 3272 2127 3321 tare
2158 3266 2377 3334 omnia,
2413 3272 2476 3321 ut
2523 3267 2716 3323 inesse
2761 3269 2933 3324 etiam
2977 3273 3231 3323 mentem
3261 3267 3495 3333 diceret,
3531 3281 3656 3337 quae

2012 3361 2254 3417 corpora
2285 3347 2553 3414 aeterna3,
2575 3348 2630 3401 id
2664 3353 2753 3402 est
2782 3348 2912 3402 illas
2931 3347 3270 3417 particulas,
3303 3348 3660 3416 conjungen-

2014 3425 2085 3478 do
2117 3431 2173 3478 et
2202 3425 2542 3496 dissipando
2567 3432 2757 3491 ageret
2781 3428 2999 3482 omnia.
3032 3430 3295 3481 Socrates
3328 3426 3504 3494 hujus
3541 3425 3659 3478 dis-

2014 3503 2240 3571 cipulus
2273 3507 2454 3560 fuisse
2485 3505 2843 3576 perhibetur,
2875 3505 3153 3575 magister
3188 3503 3466 3569 Platonis,
3491 3519 3659 3572 prop-

2015 3586 2101 3636 ter
2130 3598 2303 3650 quem
2333 3584 2580 3640 breviter
2609 3589 2822 3638 cuncta
2850 3584 2963 3638 ista
2993 3583 3228 3638 reuolui.

2228 3741 2459 3798 CAPUT
2489 3743 2584 3798 lli.
2611 3772 2677 3783 —
2701 3747 2777 3798 De
2805 3739 3084 3797 Socratica
3113 3739 3437 3812 disciplina.

2090 3905 2353 3960 Socrates
2402 3921 2532 3975 ergo
2585 3904 2808 3973 primus
2857 3901 3189 3958 universam
3231 3897 3661 3972 philosophiam

2020 3985 2104 4040 md
2148 3986 2522 4054 corrigendos
2583 3984 3138 4056 componendosque
3185 3996 3376 4037 mores
3427 3979 3656 4034 ﬂexisse

2022 4073 2404 4133 memoratur;
2432 4082 2564 4121 cum
2586 4070 2718 4120 ante
2748 4066 2914 4121 illum
2946 4080 3151 4121 omnes
3173 4062 3358 4134 magis
3383 4060 3661 4133 physicis,

2021 4147 2077 4201 id
2119 4151 2224 4215 est,
2262 4147 2649 4214 naturalibus,
2696 4147 2872 4202 rebus
2940 4143 3376 4216 persorutandis
3424 4157 3662 4214 operam

2022 4229 2338 4284 maximam
2372 4229 2777 4300 impenderent
2795 4227 2889 4298 (ε).
2926 4225 3050 4281 Non
3095 4227 3237 4281 mihi
3279 4228 3475 4280 autem
3505 4224 3665 4278 vide-

2023 4317 2117 4366 tur
2144 4326 2314 4382 posse
2343 4312 2413 4365 ad
2460 4309 2752 4382 liquidum
2792 4307 3002 4378 colligi,
3043 4311 3239 4362 utrum
3291 4306 3577 4370 Socrates,
3605 4311 3666 4359 ut

2023 4392 2132 4449 hoc
2163 4395 2398 4456 faceret,
2430 4394 2600 4448 taedio
2639 4407 2835 4446 rerum
2894 4390 3276 4445 obscurarum
3317 4392 3374 4443 et
3415 4387 3665 4442 incerta-

2024 4491 2150 4529 rum
2207 4477 2274 4528 ad
2331 4475 2551 4544 aliquid
2594 4478 2856 4544 apertum
2909 4479 2962 4526 et
2997 4478 3220 4527 certum
3254 4469 3665 4542 reperiendum

2024 4555 2287 4610 animum
2319 4554 2656 4622 intenderit,
2690 4555 2844 4625 quod
2876 4556 3030 4608 esset
3068 4554 3246 4608 beatas
3305 4551 3434 4606 vitae
3467 4564 3672 4605 ncces-

2023 4636 2276 4702 sarium;
2312 4642 2545 4706 propter
2569 4651 2745 4706 quam
2778 4651 2956 4689 unam
2989 4633 3253 4688 omnium
3288 4629 3669 4700 philosopho-

2027 4732 2149 4771 rum
2186 4715 2518 4788 invigilasse
2551 4733 2614 4771 ac
2646 4717 2945 4770 laborasse
2969 4712 3199 4767 videtur
3229 4711 3556 4765 industria:
3592 4725 3668 4766 an

2092 4903 2104 4935 ι
2139 4898 2293 4946 Vind.
2324 4900 2439 4947 Am.
2476 4897 2585 4957 Er.,
2617 4890 2999 4941 dissimilibus.
3037 4888 3122 4937 Sic
3150 4899 3335 4937 rursus
3362 4887 3506 4936 intra
3533 4887 3667 4943 loco,

2025 4961 2324 5010 similibus.

2089 5023 2110 5055 2
2141 5020 2330 5070 Omnes
2358 5031 2516 5082 prope
2557 5017 2677 5066 Mss.
2711 5015 3191 5082 rergmomniunt
3221 5013 3423 5082 qaibus
3451 5011 3568 5059 suis
3615 5017 3666 5058 et

2019 5085 2269 5149 propriis
2319 5077 2547 5149 δὶῃρῐιια
2601 5081 2743 5149 fieri.
2804 5077 3216 5149 Cygirannensis
3266 5077 3668 5149 Msswnre'rum

2025 5099 2269 5149 propriis
2319 5098 2406 5132 stn
2455 5098 2547 5129 uta
2601 5098 2743 5143 pars.
2804 5098 3216 5142 uygu‘uuueusrs
3266 5098 3409 5135 11135.,
3470 5098 3668 5120 'I'crunc

2025 5146 2280 5198 omnium
2308 5098 2608 5208 quigusque
2640 5143 2756 5190 suis
2785 5151 2834 5191 et
2866 5142 3114 5208 propriis
3142 5139 3400 5208 ringula‘
3420 5138 3570 5208 ﬁeri._
3606 5161 3669 5208 —.

2027 5213 2148 5262 Mss.
2187 5199 2356 5259 nostri
2391 5199 2594 5269 legunt,
2625 5209 2841 5269 ﬁerent.
2866 5199 3169 5269 -pro_.ﬁeri,
3195 5199 3269 5269 et'
3295 5202 3502 5251 caetera
3530 5199 3668 5249 sicut

2028 5273 2384 5338 pleriqueAPP.
2417 5268 3124 5338 BenreciiCtinorumeodices.
3159 5268 3226 5315 M.

2092 5339 2114 5371 3
2150 5332 2304 5384 Vind.
2335 5339 2448 5384 Αω.
2481 5337 2533 5383 et
2562 5335 2628 5382 Er
2653 5369 2664 5389 ,
2696 5332 3011 5380 dissimilia.

2097 5401 2167 5463 (α)
2194 5399 2324 5463 Vide
2351 5398 2670 5463 Ciceronem,
2701 5398 2764 5446 de
2791 5391 3271 5463 pivinatione,_
3381 5402 3495 5463 cap:
3526 5389 3606 5438 46.

2099 5452 2162 5525 (b5
2194 5462 2449 5525 Diogenes
2476 5461 2583 5525 ille,
2627 5452 2734 5525 non
2782 5459 3028 5525 Cynicus,
3076 5456 3166 5505 sed
3203 5453 3578 5525 Apolloniates,
3607 5452 3673 5502 de

2037 5515 2366 5591 qu‘o'Cicero,
2395 5523 2487 5591 lib.
2523 5515 2860 5591 1_dc‘Nat_ur'a
2887 5515 3120 5591 deorum,
3152 5515 3265 5578 capi
3300 5515 3375 5591 ig.

2104 5592 2164 5650 (ο)
2196 5578 2388 5643 Cicero,
2421 5586 2512 5634 lib.
2556 5586 2580 5634 1
2626 5587 2870 5635 Academ.
2906 5584 3136 5642 Quaest.,
3185 5593 3298 5644 cap.
3330 5581 3358 5629 4
3390 5593 3404 5643 ;
3459 5578 3670 5631 Tuscul.

2043 5655 2252 5716 Quaest.
2283 5652 2374 5700 lib.
2410 5651 2458 5712 5,
2489 5662 2598 5714 cap.
2631 5653 2676 5700 4.
