4158 6192
445 333 558 392 227

443 481 598 531 vero,
622 463 773 520 sicut
803 463 874 517 de
903 459 1001 516 illo
1041 459 1279 531 quidam
1313 458 1748 515 benevolentius
1780 456 2082 527 suspican-

445 544 845 612 tur‘,nolebat
865 539 1202 596 immundos
1236 537 1484 594 terrenis
1515 536 1934 610 cupiditatibus
1965 534 2084 590 ani-

444 641 568 680 mos
583 641 643 680 se
656 621 964 678 extendere
979 619 1034 673 in
1059 618 1249 674 divina
1267 616 1997 688 conari'.Quandoquidem
2010 614 2082 669 ab

442 705 527 760 eis
557 720 760 760 causas
787 718 975 759 rerum
1001 699 1227 756 videbat
1247 699 1647 772 inquiri,quas
1670 698 1888 770 primas
1909 700 2085 766 atque

441 800 703 841 summas
735 781 967 838 nonnisi
991 781 1048 835 in
1072 779 1247 835 unius
1274 796 1340 837 ac
1371 780 1583 836 summi
1618 779 1754 835 Dei8
1782 777 2084 834 voluntate

441 885 566 925 esse
595 867 897 923 credebat:
933 864 1084 918 unde
1116 880 1228 919 non
1261 880 1357 920 eas
1384 863 1616 933 putabat
1649 862 1761 920 nisi
1801 861 2085 916 mundata

442 953 634 1005 mente
666 962 835 1018 posse
864 945 1308 1016 comprehendi;
1333 950 1388 1000 et
1408 946 1536 1001 ideo
1567 942 1884 1017 purganda
1915 939 2084 996 bonis

441 1028 704 1084 moribus
733 1026 857 1080 vita
897 1025 1165 1081 censebat
1194 1025 1558 1093 instandum,
1602 1031 1662 1080 ut
1701 1019 2080 1092 deprimenti-

439 1109 550 1163 bus
579 1107 921 1162 libidinibus
971 1110 1317 1162 exoneratus
1343 1105 1576 1161 animus
1604 1102 1858 1160 naturali
1889 1101 2084 1173 vigore

439 1187 499 1242 in
531 1192 747 1242 aeterna
793 1202 853 1241 se
897 1184 1202 1255 attolleret,
1237 1193 1617 1256 naturamque
1672 1181 1995 1253 incorporei
2029 1185 2084 1235 et

439 1267 936 1325 incommutabilis
968 1266 1225 1333 luminis,
1261 1267 1357 1322 ubi
1392 1283 1576 1323 causa
1608 1265 1870 1322 omnium
1909 1264 2080 1318 facta-

439 1366 569 1405 rum
590 1354 933 1405 naturarum
957 1347 1238 1404 stabiliter
1267 1343 1902 1417 vivunt,intelligentia
1923 1342 2077 1413 puri-

437 1433 554 1486 tate
581 1429 936 1501 conspiceret
966 1428 1066 1500 (a).
1099 1427 1336 1484 Constat
1378 1444 1510 1483 eum
1559 1433 1747 1482 tamen
1793 1423 2084 1493 imperito-

438 1526 570 1565 rum
603 1508 916 1564 stultitiam
949 1507 1099 1564 scire
1130 1524 1190 1563 se
1226 1507 1444 1578 aliquid
1481 1505 1872 1579 opinantium,
1904 1504 2079 1558 etiam

438 1591 499 1645 in
520 1589 660 1659 ipsis
683 1587 1001 1645 moralibus
1022 1587 1587 1658 quastionibus,’quo
1612 1591 1790 1641 totum
1816 1583 2080 1638 animum

438 1669 760 1726 intendisse
787 1669 1110 1735 videbatur,
1161 1669 1249 1723 vel
1293 1669 1555 1724 confessa
1595 1665 1919 1737 ignorantia
1951 1679 2079 1732 sua,

437 1752 522 1806 vel
540 1749 902 1806 dissimulata
919 1749 1187 1818 scientia,
1204 1749 1398 1819 lepore
1413 1748 1666 1804 mirabili
1687 1745 2082 1801 disserendiet

438 1831 780 1887 acutissima
795 1831 1120 1886 urbanitate
1143 1834 1392 1901 agitasse
1410 1835 1583 1901 atque
1598 1843 1881 1884 versasse.
1919 1825 2082 1881 Unde

437 1917 495 1967 et
538 1911 841 1967 concitatis
893 1911 1220 1966 inimicitiis
1265 1910 1627 1966 calumniosa
1671 1907 2082 1963 criminatione

438 1992 768 2061 damnatus,
803 1999 986 2046 morte
1045 1991 1363 2046 mulctatus
1415 1998 1514 2045 est.
1549 1990 1656 2045 Sed
1699 2003 1832 2043 eum
1884 1993 2082 2058 postea

437 2072 535 2127 illa
575 2072 725 2143 ipsa,
757 2088 883 2142 qua
933 2071 1158 2142 publice
1205 2073 1595 2139 damnaverat;
1639 2068 2080 2125 Atheniensium

437 2151 640 2206 civitas
690 2151 917 2222 publice
948 2150 1114 2218 luxit,
1153 2151 1210 2206 in
1245 2151 1392 2206 duos
1439 2155 1809 2206 accusatores
1853 2150 1978 2216 ejus
2002 2146 2077 2218 (ὁ)

437 2247 622 2301 usque
653 2233 796 2287 adeo
829 2230 1028 2303 populi
1077 2231 1475 2302 indignatione
1507 2246 1803 2293 conversa,
1837 2233 1901 2283 ut
1931 2241 2080 2282 unus

435 2328 634 2370 eorum
668 2327 982 2383 oppressus
1021 2313 1073 2367 vi
1123 2311 1519 2368 multitudinis
1569 2310 1846 2376 interiret,
1879 2305 2081 2362 exsilio

437 2398 630 2449 autem
661 2394 986 2448 voluntario
1027 2397 1192 2464 atque
1243 2398 1520 2464 perpetuo
1563 2406 1788 2464 panam
1829 2388 2080 2444 similem

436 2475 582 2530 alter
610 2474 896 2529 evaderet.
915 2473 1056 2529 Tam
1090 2472 1361 2543 praeclara
1391 2473 1570 2545 igitur
1598 2472 1726 2527 vita
1758 2468 2082 2538 mortisque

436 2556 592 2611 fama
621 2554 888 2610 Socrates
930 2553 1168 2624 reliquit
1199 2554 1488 2625 plurimos
1519 2570 1633 2608 sua
1693 2548 2076 2622 philosophia

434 2639 765 2700 sectatores,
796 2649 1046 2705 quorum
1078 2634 1339 2689 certatim
1373 2635 1629 2688 studium
1664 2632 1770 2687 fuit
1800 2631 1857 2685 in
1891 2645 2084 2700 quas-

430 2716 658 2770 tionum
703 2713 1007 2769 moralium
1071 2713 1490 2783 disceptatione
1528 2713 1766 2778 versari,
1805 2710 1902 2766 ubi
1953 2707 2082 2777 agi-

433 2803 523 2848 tur
553 2794 623 2847 de
653 2809 884 2848 summo
915 2793 1089 2860 bono,
1114 2809 1228 2864 quo
1261 2792 1382 2847 fieri
1413 2793 1582 2847 homo
1615 2795 1816 2847 beatus
1849 2786 2077 2859 potest‘.

432 2872 592 2937 Quod
615 2871 674 2924 in
706 2870 962 2927 Socratis
994 2871 1510 2941 disputationibus,
1544 2871 1684 2925 dum
1726 2868 1924 2925 omnia
1953 2883 2079 2922 mo-

432 2956 548 3016 vet,
582 2949 807 3017 asserit,
841 2951 1109 3017 destruit,
1135 2950 1411 3022 quoniam
1438 2967 1550 3004 non
1581 2950 1877 3004 evidenter
1907 2963 2079 3016 appa-

434 3031 577 3097 ruit;
612 3031 765 3100 quod
801 3029 1012 3100 cuique
1044 3030 1279 3101 placuit,
1309 3031 1440 3086 inde
1469 3033 1869 3100 sumpserunt,
1903 3035 1955 3081 et
1980 3025 2080 3080 ubi

434 3111 640 3180 cuique
668 3109 861 3165 visum
901 3118 1002 3175 est,
1039 3111 1468 3165 constituerunt
1512 3111 1684 3164 tinem
1719 3107 1876 3164 boni.
1921 3105 2078 3160 Finis

434 3195 626 3245 autem
659 3190 796 3246 boni
827 3188 1168 3260 appellatur,
1203 3207 1315 3260 quo
1367 3191 1614 3261 quisque
1637 3204 1768 3244 cum
1802 3199 2075 3257 pervene-

435 3268 527 3336 rit,
559 3268 764 3323 beatus
794 3278 902 3323 est.
933 3268 1029 3324 Sic
1067 3274 1264 3324 autem
1297 3269 1556 3324 diversas
1601 3269 1755 3323 inter
1785 3281 1847 3320 se
1871 3265 2076 3320 Socra-

435 3347 532 3402 tici
565 3349 635 3404 de
656 3349 767 3405 isto
801 3349 913 3404 [ine
937 3349 1260 3404 sententias
1283 3349 1635 3416 habuerunt,
1668 3355 1729 3402 ut
1759 3344 1940 3416 (quod
1983 3343 2079 3397 vix

435 3427 708 3482 credibile
739 3433 845 3494 est,
878 3429 1056 3484 unius
1097 3429 1354 3499 magistri
1389 3429 1647 3501 potuisse
1677 3428 1864 3482 facere
1893 3432 2075 3479 secta-

431 3512 606 3582 tores)
627 3510 864 3582 quidam
895 3526 1196 3566 summum
1221 3503 2076 3580 bonumiessedicerentvolup-

429 3594 631 3656 tatem,
683 3590 833 3646 sicut
878 3590 1253 3662 Aristippus;
1288 3590 1526 3662 quidam
1584 3589 1874 3653 virtutem,
1927 3583 2078 3638 sicut

433 3669 827 3726 Antisthenes.
855 3670 948 3726 Sic
1005 3661 1317 3742 aliiatque
1337 3669 1433 3725 alii
1481 3669 1641 3725 aliud
1678 3673 1856 3738 atque
1914 3661 2072 3718 aliud

429 3749 650 3822 Opinati
679 3758 852 3806 sunt:
885 3767 1032 3821 quos
1053 3766 1512 3808 commemorare
1529 3749 1769 3821 longum
1791 3755 1876 3803 est
1897 3745 1994 3818 (c).

430 3914 667 3970 CAPUT
700 3913 793 3970 IV.
824 3943 894 3954 —
925 3913 998 3968 De
1033 3912 1308 3985 praecipuo
1349 3912 1495 3966 inter
1532 3909 1775 3966 Socratis
1830 3907 2077 3979 discipu-

503 3995 579 4049 los
602 3995 858 4060 Platone,
890 3994 987 4062 qui
1016 4008 1228 4049 omnem
1256 3989 1664 4062 philosophiam
1693 3990 1917 4062 triplici
1943 4005 2077 4061 par-

503 4084 697 4140 titione
725 4082 1011 4139 distinxit.

499 4236 609 4292 Sed
639 4237 792 4292 inter
813 4235 1133 4306 discipulos
1152 4233 1425 4302 Socratis,
1450 4251 1562 4290 non
1597 4234 1834 4305 quidem
1869 4234 2072 4292 imme-

429 4315 558 4381 rito,
578 4315 1068 4372 excellentissima
1089 4315 1269 4385 gloria
1289 4314 1519 4381 claruit,
1541 4317 1641 4384 qui
1658 4314 1681 4347 ⁵
1702 4314 1942 4369 omnino
1965 4331 2073 4370 ca-

427 4400 582 4451 teros
613 4399 973 4464 obscuraret,
1005 4397 1191 4452 Plato.
1224 4396 1332 4461 Qui
1371 4411 1502 4450 cum
1553 4400 1707 4451 esset
1753 4395 2065 4453 Athenien-

429 4476 532 4544 sis,
564 4477 809 4534 honesto
840 4478 993 4548 apud
1028 4494 1166 4533 suos
1187 4477 1311 4533 loco
1335 4482 1526 4546 natus,
1544 4481 1595 4532 et
1629 4477 1862 4548 ingenio
1895 4477 2070 4535 mira-

428 4556 532 4611 bili
561 4556 882 4627 longesuos
897 4557 1326 4630 condiscipulos
1353 4557 1624 4625 anteiret;
1644 4573 1848 4628 parum
1878 4561 2073 4616 tamen

431 4641 642 4710 putans
689 4637 1052 4710 perﬁcienda
1085 4637 1464 4710 philosophia:
1496 4637 1762 4694 sufﬁcere
1784 4654 1846 4694 se
1879 4637 2073 4709 ipsum

495 4893 510 4954 ξ
548 4890 644 4939 Ms.
673 4889 786 4951 766,
819 4891 1156 4954 suspicatur.
1187 4892 1254 4942 M.

493 4952 514 4986 ²
543 4954 691 5003 Unus
719 4957 772 5003 et
802 4952 939 5003 alter
969 4955 1086 5011 Ms.,
1117 4964 1168 5004 et
1197 4953 1407 5010 conari,

494 5017 513 5050 ³
542 5016 702 5072 Editi.
733 5019 912 5066 unius
957 5019 1076 5068 veri
1112 5033 1175 5067 ac
1223 5016 1430 5067 summi
1477 5017 1598 5070 Dei.
1646 5016 1823 5078 Abest,
1873 5017 2009 5077 veri,
2041 5031 2074 5068 α

429 5079 821 5141 manuscriptis.

493 5141 515 5206 ἦ
543 5142 639 5206 Er.
653 5144 706 5206 et
732 5143 881 5195 Lov.,
905 5142 1022 5189 sine
1049 5157 1158 5204 quo
1184 5142 1307 5204 ﬁeri
1340 5143 1496 5192 homo
1526 5143 1716 5192 beatus
1745 5158 1855 5192 non
1876 5153 2070 5206 potest.

427 5204 566 5253 Editi
595 5205 708 5257 alii.
737 5207 791 5253 et
818 5205 1167 5266 manuscripti
1195 5206 1471 5261 omittunt,
1500 5206 1655 5266 sine;
1683 5208 1751 5261 et,
1784 5204 1914 5256 non.

493 5269 514 5300 δ
547 5267 918 5330 Manuscripti,
955 5282 1113 5330 quae.
1162 5268 1241 5315 Ex
1286 5268 1483 5318 nostris
1526 5269 1654 5318 Mss.
1708 5268 1801 5317 766
1843 5271 1895 5317 et
1929 5269 2071 5330 2053,

428 5343 601 5392 quae;
635 5329 758 5378 2050
787 5333 840 5378 et
867 5329 1007 5381 2052.
1041 5329 1151 5391 qui.
1185 5331 1253 5377 Μ.

493 5392 565 5452 (a)
596 5393 747 5453 Apud
776 5392 1065 5447 Platonem,
1096 5393 1153 5440 in
1181 5393 1478 5442 Phaedone.

489 5453 559 5515 (ὁ)
587 5454 828 5505 Melitum
856 5457 909 5504 et
937 5455 1174 5518 Anytum
1206 5455 1475 5516 intelligit.
1507 5470 1734 5517 quorum
1762 5456 1854 5506 ille
1883 5457 2074 5507 multa-

429 5516 516 5582 tus
542 5520 742 5582 morte,
765 5522 972 5582 Anytus
999 5516 1126 5582 vero
1159 5519 1403 5582 exsulare
1432 5516 1645 5569 coactus
1689 5521 1786 5569 est.
1841 5520 1989 5571 Plato
2016 5521 2074 5570 in

427 5575 683 5639 Apologia
711 5575 964 5639 Socratis,
996 5583 1049 5630 et
1076 5581 1249 5630 Laert.
1282 5581 1341 5627 in
1374 5579 1605 5631 Socrate.

493 5641 561 5700 (ο)
587 5637 717 5691 Vide
749 5637 1072 5701 Ciceronem,
1102 5643 1197 5692 lib.
1229 5641 1260 5692 2
1291 5643 1355 5692 de
1383 5643 1617 5694 Finibus.

1495 327 1595 386 DE
1642 321 2008 387 ClVlTATE
2049 320 2200 396 DEI,
2252 323 2312 384 S.
2361 327 2788 393 AUGUSTINI

3728 343 3848 407 228

2192 457 2624 550 ξιοβοοπεειιὶοᾳω
2644 548 2649 550 _
2670 464 3060 538 disciplinam,
3077 484 3255 539 quam
3299 470 3470 545 longe
3492 475 3721 548 lateque
3743 496 3852 550 po-

2194 537 2296 631 tuit
2315 541 2732 631 peregrinatus
2779 550 2886 610 est,
2919 537 3554 631 quaquaversumveum
3591 537 3846 631 alicujus

2193 620 2494 714 nobilitate
2515 624 2769 714 scientia
2789 628 3174 714 percipienda
3193 631 3342 714 fama
3357 635 3635 703 rapiebat.
3653 620 3847 714 itaque

2192 704 2250 789 et
2280 699 2339 789 in
2369 701 2612 775 Egypto
2635 707 2835 789 didicit
2867 724 3244 781 quacumque
3266 713 3385 770 illic
3419 699 3633 789 magna
3664 699 3843 781 habe;

2191 781 2405 872 bantur
2426 789 2603 872 atque
2623 787 3000 872 docebantur,
3017 795 3072 846 et
3093 791 3413 852 indeineas
3444 781 3622 855 Italia
3649 809 3844 872 partes

2191 863 3142 954 veniens.ubihPythagoraorum
3214 875 3364 930 fama
3413 863 3844 954 celebrabatur,

2195 941 2477 1026 quidquid
2505 944 2713 1000 Italica
2736 948 3113 1022 philosophia
3155 957 3294 1009 tunc
3325 957 3588 1026 ﬂorebat,
3618 941 3836 1023 auditis

2191 1023 2667 1116 eminenti-oribus
2701 1027 2758 1083 in
2792 1031 3224 1116 ea_doctorihus
3256 1037 3533 1097 facillime
3575 1023 3835 1116 compre-

2193 1101 2415 1192 hendit.
2450 1106 2519 1162 Et
2550 1108 3072 1192 quia‘magistrum
3124 1113 3420 1173 Socratem
3461 1101 3842 1192 singulai'iter

2191 1185 2487 1258 diligebat,
2521 1205 2652 1246 eum
2705 1189 3038 1263 loquentem
3070 1195 3184 1251 fere
3213 1196 3272 1252 in
3305 1185 3590 1259 omnibus
3623 1221 3840 1263 sermo-

2191 1269 2365 1325 nibus
2407 1272 2525 1326 suis
2556 1271 2793 1339 faciens,
2809 1274 2984 1329 etiam
3019 1274 3118 1331 illa
3147 1294 3274 1348 qua
3305 1280 3392 1335 vel
3424 1283 3494 1337 ab
3524 1283 3658 1340 aliis
3691 1287 3841 1345 didi-

2192 1355 2367 1420 cerat,
2395 1350 2478 1406 vel
2514 1351 2639 1434 ipse
2680 1360 2899 1434 quanta
2950 1359 3216 1426 potuerat
3254 1358 3639 1434 intelligentia
3668 1368 3834 1424 vide-

2191 1435 2300 1496 rat,
2334 1446 2464 1485 cum
2500 1431 2662 1513 illius
2692 1432 2885 1504 lepore
2906 1439 2962 1490 et
2991 1437 3308 1494 moralibus
3339 1431 3840 1513 disputationibus

2190 1512 2554 1583 temperavit.
2578 1512 2915 1583 ltaqueeum
2941 1516 3199 1572 studium
3222 1512 3590 1591 sapientiain
3615 1529 3840 1586 actione

2189 1597 2247 1678 et
2269 1592 2755 1678 contemplatione
2778 1601 3060 1665 versetur,
3084 1597 3238 1654 unde
3269 1617 3381 1657 una
3406 1619 3538 1674 pars
3569 1608 3698 1678 eius
3739 1626 3843 1666 ac-

2191 1673 2328 1757 tiva,
2369 1674 2548 1757 altera
2593 1678 3174 1757 contemplativadici
3207 1673 3430 1752 potest;
3465 1673 3713 1757 quarum
3742 1707 3837 1746 ac-

2189 1753 2309 1809 tiva
2339 1755 2408 1809 ad
2441 1756 2726 1826 agendam
2769 1757 2972 1821 vitam,
3006 1759 3061 1814 id
3103 1767 3208 1829 est,
3236 1766 3304 1817 ad
3345 1753 3533 1822 mores
3587 1769 3838 1826 instituo

2188 1835 2393 1921 endos,
2429 1836 2694 1904 pertinet,
2718 1837 3180 1921 contemplativa
3204 1847 3395 1898 autem
3439 1848 3508 1901 ad
3541 1851 3840 1921 conspicis

2190 1915 2336 1968 ndas
2367 1927 2582 1968 natura
2613 1931 2824 1971 causas
2872 1922 2930 1972 et
2976 1917 3428 1980 sincerissimam
3486 1915 3787 1985 veritatem
3820 1947 3835 1986 :

2189 1993 2455 2050 Socrates
2475 1993 2533 2049 in
2564 1996 2748 2081 activa
2769 1997 3107 2081 excelluisse
3127 2009 3505 2073 memoratur;
3539 2007 3836 2081 Pythago-

2192 2091 2279 2158 ras
2309 2090 2442 2158 vero
2475 2077 2657 2158 magis
2688 2079 3168 2150 contemplativa,
3198 2084 3415 2154 quibus
3447 2077 3633 2158 potuit
3663 2077 3838 2148 inlel-

2189 2156 2442 2227 ligentia
2463 2157 2706 2224 viribus,
2731 2158 3012 2216 institisse
3027 2160 3123 2234 (a).
3148 2163 3399 2223 Proinde
3424 2156 3580 2226 Plato
3605 2176 3835 2228 utrum-

2191 2254 2303 2309 que
2350 2238 2656 2320 jungendo
2703 2239 3128 2312 philosophiam
3183 2248 3488 2316 perfecisse
3541 2249 3836 2320 laudatur,

2192 2335 2365 2406 quam
2390 2319 2449 2373 in
2473 2325 2589 2406 tres
2613 2325 2805 2406 partes
2827 2322 3159 2380 distribuit:
3177 2343 3350 2382 unam
3382 2331 3679 2400 moralem,
3704 2319 3837 2406 qua

2192 2402 2444 2456 maxime
2475 2400 2533 2455 in
2566 2402 3137 2487 ac_tio_ne_versatur;
3182 2408 3425 2466 alteram
3486 2400 3832 2487 naturalem,

2191 2499 2321 2554 qua
2351 2481 2823 2553 contemplationi
2859 2485 3133 2554 deputata
3163 2493 3280 2555 est;
3321 2492 3551 2548 tertiam
3586 2481 3838 2551 ratione;

2189 2562 2328 2626 lem,
2361 2579 2469 2632 qua
2518 2577 2715 2617 verum
2767 2563 3212 2622 disterminatur
3241 2586 3274 2623 a
3319 2571 3494 2627 falso:
3528 2591 3656 2645 qua
3707 2576 3839 2632 licet

2192 2645 2441 2714 utrique,
2466 2645 2519 2699 id
2555 2651 2635 2700 est
2671 2645 2881 2701 actioni
2908 2651 2962 2700 et
2991 2649 3486 2721 contemplationi,
3522 2656 3598 2710 sit
3638 2672 3842 2712 neces-

2190 2723 2356 2789 saria,
2396 2725 2644 2779 maxime
2674 2729 2868 2780 tamen
2919 2730 3330 2798 contemplatio
3371 2737 3835 2804 perspectionem

2191 2805 2300 2860 sibi
2337 2804 2593 2860 vindicat
2622 2806 2899 2861 veritatis.
2925 2808 3057 2863 Ideo
3091 2809 3212 2867 hac
3258 2812 3567 2884 tripartitio
3599 2834 3714 2872 non
3747 2823 3842 2874 est

2190 2884 2482 2939 contraria
2531 2884 2615 2940 illi
2659 2885 3042 2953 distinctioni,
3105 2907 3219 2961 qua
3265 2892 3609 2964 intelligitur
3655 2913 3839 2953 omne

2189 2966 2450 3022 studium
2476 2967 2775 3036 sapientia
2802 2967 2857 3022 in
2875 2969 3102 3026 actione
3123 2978 3408 3030 etcontem
3425 2977 3682 3046 platione
3704 2994 3849 3034 con—

2188 3046 2426 3130 sistere.
2450 3047 2594 3110 Quid
2617 3053 2812 3130 autem
2837 3048 3023 3130 ioAhis
3062 3052 3149 3107 vel
3181 3053 3249 3108 de
3287 3053 3378 3110 his
3415 3057 3661 3123 singulis
3704 3075 3846 3130 par-

2187 3126 2338 3179 tibus
2370 3125 2529 3180 Plato
2558 3128 2826 3194 senserit,
2862 3127 2921 3184 id
2964 3131 3177 3198 est,ubi
3227 3134 3399 3190 ﬁnem
3433 3125 3840 3195 omnium-ac-

2187 3205 2436 3271 tionum,
2471 3205 2568 3260 ubi
2601 3223 2837 3263 cauam
2893 3211 3155 3267 omnium
3210 3219 3574 3285 naturarum,
3611 3219 3710 3274 ubi
3743 3219 3839 3275 lu-

2187 3302 2320 3342 men
2371 3289 2632 3342 omnium
2688 3289 2978 3345 rationum
3037 3309 3168 3348 esse
3197 3299 3529 3367 cognoverit
3578 3298 3660 3354 vel
3711 3316 3839 3357 cre-

2186 3367 2419 3448 diderit,
2453 3368 2790 3424 disserendo
2849 3370 3136 3442 explicare
3167 3378 3224 3429 et
3264 3375 3499 3448 longum
3565 3395 3688 3436 esse
3743 3397 3843 3436 ar-

2185 3447 2391 3516 bitror,
2423 3455 2479 3504 et
2509 3454 2726 3506 temere
2765 3452 3176 3510 afﬁrmandum
3219 3447 3507 3516 essenon
3562 3463 3836 3521 arbitror.

2187 3527 2329 3611 Cum
2391 3531 2546 3611 enim
2600 3531 2860 3602 magistri
2922 3534 3011 3589 sui
3063 3537 3336 3601 Socratis.
3369 3557 3543 3611 quem
3597 3543 3725 3597 facit
3773 3542 3837 3598 in

2185 3608 2307 3664 suis
2360 3609 2756 3666 voluminibus
2806 3612 3228 3687 disputantem,
3275 3608 3650 3676 notissimum
3703 3638 3840 3677 mo-

2185 3705 2306 3744 rem
2340 3691 2780 3747 dissimulanda
2825 3693 3074 3748 scientia
3124 3695 3209 3751 vel
3243 3698 3533 3769 opinionis
3565 3719 3680 3756 sua
3711 3719 3841 3758 ser-

2183 3784 2318 3823 vare
2347 3769 2587 3838 affectat,
2622 3771 2756 3839 quia
2780 3776 2835 3825 et
2860 3771 2944 3826 illi
2994 3773 3116 3844 ipse
3166 3793 3294 3832 mos
3338 3778 3581 3848 placuit,
3617 3781 3835 3838 factum

2185 3852 2274 3904 est
2303 3853 2369 3931 ut
2389 3851 2559 3904 etiam
2599 3850 2782 3920 ipsius
2833 3853 3097 3909 Platonis
3129 3856 3200 3912 de
3233 3857 3403 3914 rebus
3435 3860 3663 3931 magnis
3695 3877 3836 3916 sen-

2185 3929 2381 3985 tentiae
2414 3946 2528 3985 non
2561 3931 2729 3987 facile
2776 3934 3024 4006 perspici
3067 3939 3311 4006 possint.
3364 3940 3445 3994 Ex
3495 3929 3581 3996 his
3637 3945 3834 3998 tamen

2182 4010 2494 4092 quaapud
2524 4025 2654 4064 eum
2691 4012 2982 4083 leguntur,
3008 4017 3128 4072 sive
3159 4033 3289 4089 qua
3321 4020 3527 4087 dixit‘,
3555 4021 3672 4076 sive
3703 4038 3836 4092 qua

2183 4088 2255 4170 ab
2279 4087 2409 4170 aliis
2440 4089 2592 4170 dicta
2632 4105 2760 4146 esse
2809 4096 3065 4149 narravit
3104 4087 3273 4166 atque
3304 4098 3668 4170 conscripsit,
3702 4087 3834 4170 qua

2183 4167 2293 4222 sibi
2334 4167 2546 4238 placita
2589 4170 2944 4241 viderentur,
2992 4177 3256 4245 quaedam
3300 4167 3747 4234 commemorari
3778 4183 3840 4235 et

2185 4247 2318 4302 huic
2349 4249 2507 4331 operi
2531 4249 2710 4331 inseri
2741 4258 2968 4323 oportet
2996 4272 3027 4310 a
3060 4259 3248 4322 nobis,
3280 4259 3367 4313 vel
3414 4260 3512 4315 ubi
3554 4260 3836 4331 suifraga-

2181 4332 2282 4383 tur
2311 4328 2576 4400 religioni
2610 4347 2774 4400 vera,
2810 4350 2982 4404 quam
3041 4337 3184 4394 fides
3239 4346 3437 4395 nostra
3486 4328 3837 4404 suscipit—ac

2183 4407 2460 4491 defendit,
2493 4410 2580 4465 vel
2615 4411 2712 4466 ubi
2744 4413 2794 4467 ei
2823 4415 3052 4471 videtur
3096 4433 3224 4472 esse
3257 4420 3604 4486 contrarius,
3639 4435 3833 4491 quan-

2183 4493 2306 4571 tum
2333 4489 2402 4543 ad
2430 4489 2604 4546 istam
2629 4492 2699 4547 de
2723 4509 2839 4549 uno
2854 4493 2968 4551 Deo
2991 4500 3046 4551 et
3079 4496 3343 4569 pluribus
3377 4499 3625 4571 pertinet
3647 4489 3837 4571 quas-

2180 4568 2419 4637 tionem,
2438 4576 2672 4643 pr0pter
2702 4573 2902 4640 vitam,
2927 4593 3057 4646 qua
3076 4568 3207 4648 post
3230 4568 3472 4636 mortem
3499 4568 3694 4636 futura
3721 4584 3836 4650 est,

2180 4652 2470 4733 veraciter
2506 4653 2732 4733 beatam
2761 4654 2802 4711 ε.
2837 4657 3124 4714 Fortassis
3175 4660 3331 4716 enim
3379 4661 3480 4733 qui
3529 4662 3834 4718 Platonem

2182 4731 2400 4787 cateris
2423 4732 2789 4806 philosophis
2838 4737 3100 4807 gentium
3134 4739 3302 4812 longe
3324 4731 3590 4813 recteque
3623 4741 3839 4813 praela-

2181 4816 2303 4867 tum
2339 4813 2568 4869 acutius
2609 4819 2787 4886 atque
2831 4818 3090 4874 veracius
3135 4818 3491 4878 intellexisse
3535 4828 3708 4892 atque
3738 4839 3834 4878 se-

2181 4893 2298 4973 cuti
2329 4908 2457 4948 esse
2491 4896 2645 4950 fama
2665 4896 3337 4966 celebriorelaudantur,
3371 4902 3588 4973 aliquid
3616 4902 3726 4958 tale
3759 4903 3834 4959 de

2181 4971 2295 5030 Deo
2327 4976 2608 5044 sentiunt,
2643 4979 2708 5031 ut
2747 4976 2807 5031 in
2838 4976 2938 5033 illo
2971 4978 3298 5037 inveniatur
3325 4986 3382 5038 et
3407 4971 3579 5039 causa
3609 4983 3880 5039 subsis-I

2245 5273 2263 5336 ξ
2296 5270 2356 5336 I_n
2385 5269 2439 5320 B.
2472 5268 2877 5336 omissayerba.
2901 5272 3018 5336 sive
3044 5287 3187 5336 quae
3215 5272 3379 5324 dixit.
3411 5271 3481 5324 M.

2245 5333 2266 5366 2
2297 5331 2382 5382 Sic
2410 5335 2616 5400 veteres
2644 5332 2784 5400 libri.
2816 5335 2884 5400 at
2917 5331 3179 5398 impressi,
3228 5345 3508 5400 quantum
3545 5336 3618 5385 ad
3660 5334 3828 5385 istam

2181 5394 2244 5443 de
2274 5409 2387 5443 uno
2439 5395 2547 5462 Deo
2589 5403 2638 5443 et
2662 5397 2928 5458 pluribus
2955 5394 3194 5459 pertinet
3237 5394 3636 5462 'quaestionem,
3667 5413 3832 5462 quem

2251 5466 2402 5519 apter
2432 5458 2623 5512 vitam,
2657 5469 2930 5520 quaepost
2949 5458 3175 5510 mortem
3198 5458 3404 5521 [itura
3434 5468 3528 5521 est,
3562 5458 3837 5510 veraciter

2211 5530 2412 5588 eatena,
2445 5521 2735 5588 colendum
2779 5538 2896 5588 esse
2943 5524 3242 5573 catholicae
3296 5526 3588 5588 religionis
3635 5523 3835 5575 asserit

2180 5583 2499 5642 disciplina.
2539 5585 2834 5643 Fortassis,
2867 5588 2963 5637 etc.

2242 5647 2316 5709 (α)
2346 5644 2493 5695 Cont.
2525 5647 2620 5696 lib.
2651 5645 2673 5694 1
2705 5649 2769 5697 de
2797 5647 2949 5701 Cons.
2979 5648 3199 5712 Evang.,
3231 5663 3283 5703 n.
3322 5648 3395 5698 12.
