4128 6184
261 321 363 382 229

262 449 426 517 tendi,
459 451 517 505 et
569 447 716 504 ratio
760 444 1138 514 intelligendi,
1173 448 1230 499 et
1273 445 1413 498 ordo
1453 444 1680 500 vivendi
1713 459 1725 496 :
1761 459 1898 511 quo-

261 547 376 590 rum
399 531 598 598 trium,
633 543 818 583 unum
851 527 919 581 ad
955 523 1301 591 naturalem,
1338 523 1586 579 alterum
1621 524 1687 577 ad
1722 523 1893 577 ratio—

259 609 458 677 nalem,
508 607 743 663 tertium
797 606 868 661 ad
940 604 1222 661 moralem
1278 610 1494 674 partem
1555 602 1900 673 intelligitur

260 692 566 763 pertinere.
606 690 662 741 Si
710 687 864 740 enim
915 685 1087 740 homo
1130 685 1211 739 ita
1241 689 1467 738 creatus
1497 687 1679 752 est,ut
1712 698 1812 752 per
1842 681 1900 736 id

259 771 402 842 quod
452 769 510 823 in
577 783 642 823 eo
697 765 986 837 praecellit,
1018 765 1267 836 attingat
1298 763 1467 827 illud,
1504 763 1658 834 quod
1693 765 1903 816 cuncta

258 848 548 922 praecellit,
580 848 636 901 id
692 851 800 913 est,
851 861 1036 900 unum
1087 860 1284 899 verum
1348 845 1632 914 optimum
1699 843 1900 907 Deum,

257 933 372 988 sine
403 946 520 1002 quo
554 926 714 984 nulla
747 931 958 982 natura
988 925 1277 991 subsistit,
1304 925 1466 978 nulla
1495 923 1760 978 doctrina
1791 922 1904 975 ins-

257 1011 408 1076 truit,
441 1009 642 1065 nullus
674 1023 832 1086 usus
849 1005 1083 1086 expedit
1115 1021 1128 1060 :
1165 1005 1285 1076 ipse
1327 1009 1642 1075 quaeratur,
1671 1002 1766 1086 ubi
1802 1017 1905 1086 no-

257 1095 337 1147 bis
365 1106 570 1146 secura
603 1092 618 1126 ¹
654 1081 1070 1153 ευηιιόωηὶας
1105 1086 1230 1157 ipse
1273 1091 1569 1150 cernatur,
1604 1083 1702 1138 ubi
1736 1081 1904 1137 nobis

253 1176 401 1229 certa
432 1177 570 1225 sunt
600 1168 828 1235 omnia;
862 1168 988 1239 ipse
1029 1165 1325 1238 diligatur,
1381 1166 1477 1220 ubi
1531 1164 1701 1220 nobis
1753 1165 1906 1217 recta

253 1256 381 1308 sunt
414 1249 631 1305 omnia.

250 1330 484 1388 CAPUT
509 1329 566 1385 V.
600 1359 668 1370 ——
703 1327 851 1397 Quod
881 1327 946 1382 de
968 1325 1236 1396 theologia
1259 1341 1383 1380 cum
1402 1323 1712 1381 Platonicis
1736 1322 1904 1394 potis-

313 1413 520 1466 simum
541 1406 962 1479 disceptandum
981 1406 1073 1474 sit,
1103 1422 1337 1477 quorum
1372 1407 1626 1478 Opinioni
1655 1403 1903 1460 omnium

312 1489 770 1562 philosophorum
797 1488 1171 1558 postponeszda
1200 1488 1312 1540 sint
1341 1486 1616 1554 dogmata.

314 1573 372 1626 Si
404 1586 544 1642 ergo
576 1569 738 1625 Plato
771 1569 869 1624 Dei
899 1569 1072 1638 hujus
1108 1567 1486 1631 imitatorem.
1521 1565 1904 1636 cognitorem,

248 1658 571 1708 amatorem
605 1651 748 1705 dixit
795 1666 924 1705 esse
973 1650 1322 1720 sapientem,
1373 1650 1542 1719 cujus
1593 1647 1903 1717 participa-

248 1734 400 1788 tione
434 1732 508 1787 sit
544 1732 770 1800 beatus,
806 1730 944 1801 quid
995 1745 1140 1799 Opus
1194 1737 1280 1783 est
1327 1738 1587 1783 excutere
1620 1725 1903 1782 caetores?

245 1812 400 1868 Nulli
449 1811 638 1878 nobis,
691 1827 866 1882 quam
918 1809 1038 1876 isti,
1097 1809 1334 1880 propius
1384 1812 1752 1864 accesserunt
1805 1806 1903 1876 (α).

245 1893 421 1949 Cedat
453 1892 536 1948 eis
573 1893 750 1963 igitur
782 1907 895 1946 non
955 1891 1141 1945 solum
1187 1888 1474 1960 theologia
1507 1887 1607 1942 illa
1642 1885 1908 1942 fabulosa

241 1975 494 2029 deorum
528 1971 877 2026 criminibus
934 1969 1232 2024 oblectans
1282 1967 1507 2023 animos
1548 1967 1903 2037 impiorum;

241 2069 346 2108 nec
380 2051 576 2108 solum
608 2052 778 2106 etiam
815 2049 914 2104 illa
945 2049 1152 2116 civilis,
1205 2048 1303 2103 ubi
1354 2048 1574 2118 impuri
1618 2047 1907 2100 daemones

240 2132 624 2188 terrestribus
645 2130 876 2201 gaudiis
895 2129 1122 2184 deditos
1143 2127 1388 2200 populos
1409 2128 1644 2182 deorum
1673 2125 1909 2179 nomine

236 2214 616 2277 seducentes,
651 2211 946 2265 humanos
979 2226 1201 2264 errores
1221 2215 1501 2279 tanquam
1526 2223 1663 2261 suos
1682 2205 1910 2259 divinos

233 2294 503 2350 honores
531 2292 744 2347 habere
774 2290 1108 2354 Voluerunt,
1149 2290 1221 2343 ad
1265 2287 1616 2357 spectandos
1665 2297 1909 2339 suorum

230 2375 575 2430 criminum
609 2371 775 2425 ludos
807 2367 1066 2424 cultores
1099 2383 1238 2422 suos
1276 2372 1560 2435 tanquam
1608 2364 1680 2418 ad
1737 2377 1909 2417 suum

226 2455 477 2511 cultum
511 2451 721 2506 studiis
748 2448 1250 2503 immundissimis
1299 2449 1620 2502 excitantes
1641 2446 1682 2513 ¹,
1713 2447 1766 2498 et
1798 2441 1909 2497 sibi

221 2530 721 2590 delectabiliores
754 2529 921 2584 ludos
973 2528 1044 2583 de
1090 2527 1236 2598 ipsis
1287 2525 1712 2597 spectatoribus
1745 2522 1911 2578 exhi-

223 2616 502 2670 bentes:
541 2609 634 2664 ubi
667 2611 711 2664 si
744 2625 862 2680 qua
892 2607 1044 2663 velut
1077 2607 1324 2661 honesta
1363 2610 1645 2676 geruntur
1673 2603 1732 2658 in
1766 2611 1910 2658 tem-

229 2694 380 2767 plis,
446 2693 761 2762 conjuncta
809 2688 918 2744 sibi
973 2688 1333 2743 theatrorum
1383 2685 1738 2767 obscenitate
1787 2690 1911 2767 tur-

228 2764 504 2846 pantur;
537 2776 594 2826 et
625 2785 1010 2840 quaecumque
1040 2767 1231 2838 turpia
1261 2776 1543 2835 geruntur
1564 2764 1620 2818 in
1647 2765 1909 2828 theatris,

231 2861 587 2926 comparata
616 2852 724 2906 sibi
776 2850 1125 2919 templorum
1178 2847 1434 2904 fmditate
1473 2846 1805 2902 laudantur.
1844 2847 1912 2900 Et

232 2955 300 2994 ea
336 2952 484 3009 qua:
514 2933 694 2989 Varro
739 2949 807 2987 ex
852 2932 939 2986 his
1009 2931 1214 2998 sacris,
1266 2930 1427 2997 quasi
1477 2929 1544 2982 ad
1597 2927 1801 2982 coelum
1854 2932 1912 2981 et

230 3008 464 3073 terram
500 3029 809 3083 rerumque
841 3011 1177 3067 mortalium
1209 3009 1437 3064 semina
1458 3011 1514 3062 et
1535 3013 1699 3062 actus
1730 3008 1909 3062 inter.

233 3104 521 3169 pretatus
553 3101 676 3164 est;
709 3095 842 3164 quia
873 3110 978 3148 nec
1006 3093 1132 3163 ipsa
1163 3091 1282 3146 illis
1329 3090 1538 3144 ritibus
1571 3088 1906 3159 significan-

234 3186 351 3248 tur,
412 3193 548 3248 qua
581 3178 700 3246 ipse
748 3175 1048 3230 insinuare
1096 3179 1372 3239 conatur;
1419 3173 1476 3224 et
1522 3169 1650 3241 ideo
1698 3169 1912 3224 veritas

234 3264 566 3316 conantem
609 3272 723 3311 non
758 3255 1041 3326 sequitur,
1093 3257 1152 3308 et
1200 3254 1244 3306 si
1279 3254 1406 3321 ipsa
1450 3254 1664 3315 essent,
1715 3256 1909 3305 tamen

229 3339 455 3395 animae
492 3335 760 3392 rationali
802 3351 887 3402 ea,
912 3351 1035 3404 quae
1064 3332 1214 3386 intra
1246 3330 1404 3386 illam
1430 3329 1685 3385 naturali
1707 3331 1911 3385 ordine

226 3420 572 3475 constituta
601 3420 760 3483 sunt,
799 3431 902 3486 pro
936 3416 1040 3468 deo
1072 3429 1179 3468 suo
1222 3411 1466 3467 colenda
1513 3427 1624 3465 non
1675 3414 1910 3476 essent;

231 3516 336 3555 nec
390 3500 522 3554 sibi
572 3496 836 3567 praeferre
875 3493 1096 3559 debuit,
1140 3497 1425 3563 tanquam
1459 3491 1620 3557 deos,
1664 3506 1758 3544 cas
1797 3505 1911 3556 res,

231 3584 465 3652 quibus
520 3584 709 3651 ipsam
766 3576 1019 3647 praetulit
1066 3590 1240 3632 verus
1308 3573 1483 3628 Deus.
1532 3571 1600 3625 Et
1648 3587 1738 3652 ea,
1787 3585 1913 3652 qua:

232 3647 432 3717 Itiuma
467 3647 796 3730 Pompilius
827 3673 1028 3713 revera
1073 3655 1141 3710 ad
1195 3670 1357 3708 sacra
1396 3650 1684 3720 ejusmodi
1735 3647 1917 3720 perti—

231 3744 441 3798 nentia
477 3755 680 3796 secum
715 3737 1049 3810 sepeliendo
1081 3735 1303 3790 curavit
1324 3731 1626 3798 abscondi,
1647 3734 1704 3785 et
1725 3732 1916 3783 aratro

233 3833 406 3878 eruta
465 3827 720 3877 senatus
760 3817 943 3890 jussit
993 3816 1247 3871 incendi.
1288 3813 1350 3868 in
1406 3828 1473 3868 eo
1521 3826 1732 3882 genere
1781 3815 1919 3864 sunt

235 3905 420 3960 etiam
451 3902 584 3970 illa,
622 3906 686 3955 ut
714 3900 931 3969 aliquid
956 3900 1027 3953 de
1060 3899 1246 3953 Numa
1298 3893 1499 3948 mitius
1531 3891 1918 3962 suspicemur,

235 4000 368 4054 qua:
394 3982 738 4038 Alexander
786 3979 1021 4034 Macedo
1070 3976 1273 4032 scribit
1315 3975 1388 4028 ad
1440 3978 1708 4039 matrem,
1751 3971 1861 4054 sibi
1890 3988 1921 4024 a

240 4052 465 4135 magno
531 4062 792 4116 antistite
865 4072 1171 4114 sacrorum
1221 4053 1619 4126 Egyptiorum
1670 4052 1920 4121 quodam

241 4133 442 4201 Leone
479 4143 776 4215 patefacta
807 4140 927 4213 (b):
968 4139 1066 4194 ubi
1119 4153 1234 4192 non
1286 4136 1456 4192 Picus
1503 4139 1560 4190 et
1605 4133 1924 4215 Faunus‘et

241 4212 560 4281 .Eneas'et
589 4212 895 4289 Romulus,
927 4218 1014 4274 vel
1046 4217 1219 4274 etiam
1269 4215 1542 4272 Hercules
1582 4219 1638 4270 et
1667 4212 1923 4269 diecula-

241 4305 376 4378 pius
408 4313 473 4362 et
515 4303 684 4359 Liber
713 4300 976 4358 Semela'
1011 4304 1204 4366 natus,
1233 4301 1288 4352 et
1329 4295 1664 4378 Tyndaridae
1694 4295 1921 4378 fratres,

241 4375 294 4440 et
325 4389 379 4442 si
405 4400 573 4457 quos
597 4383 742 4438 alios
773 4399 839 4436 ex
870 4378 1212 4436 mortalibus
1251 4393 1353 4448 pro
1387 4375 1502 4430 diis
1544 4375 1782 4441 habent,
1823 4377 1919 4457 sed

247 4465 359 4540 ipsi
394 4455 590 4523 etiam
625 4461 956 4534 majorum”
985 4459 1246 4533 gentium
1297 4457 1396 4526 dii,
1431 4473 1577 4529 quos
1627 4457 1822 4512 Cicero
1865 4455 1922 4508 in

309 4598 323 4630 1
357 4596 536 4653 Loco,
565 4604 782 4646 secura,
817 4589 1034 4653 quidam
1079 4588 1201 4636 Mss.
1229 4585 1446 4638 habent.
1477 4583 1926 4653 diserta._Colber-

248 4659 421 4717 tinus,
483 4647 730 4704 incerta.
898 4651 1150 4717 plerique,
1187 4658 1336 4717 certa.
1366 4648 1564 4717 {quod
1606 4647 1826 4694 verbum
1857 4647 1929 4694 al-

250 4725 363 4770 tero
411 4711 802 4768 'nihilominus
837 4711 952 4764 loco
995 4711 1242 4775 repetunt
1292 4712 1428 4772 post.
1481 4711 1596 4770 ipse
1628 4717 1924 4775 cernatur.

251 4784 462 4831 Nullibi
496 4793 630 4829 vero
663 4779 968 4826 invenimus
1020 4773 1320 4827 lectionem,
1361 4785 1525 4834 quam
1553 4773 1796 4834 veterum
1825 4785 1931 4834 ma-

255 4846 687 4907 nnscriptorum‘
710 4840 978 4907 essedicit
1005 4839 1301 4887 Ludovicus
1334 4832 1522 4906 Vives,
1543 4832 1742 4881 scilicet
1773 4846 1785 4880 :
1820 4833 1932 4894 ipse

255 4895 720 4972 quaeratyrmbi
752 4902 904 4950 nobis
933 4907 1080 4972 certa
1098 4907 1230 4972 sunt
1252 4897 1470 4955 omnia;
1502 4895 1616 4956 ipse
1645 4904 1930 4950 cernatur,

256 4965 354 5018 {ibi
373 4969 552 5018 nobis
573 4981 704 5015 vera
731 4974 867 5013 sunt
902 4965 1112 5020 omnia,
1143 4965 1239 5012 etc.

319 5032 546 5085 3Editi,
568 5029 762 5079 habere
810 5019 1157 5083 voluerunt;
1198 5023 1293 5071 ubi
1328 5021 1401 5068 ad
1446 5019 1764 5082 spectandos
1811 5035 1935 5068 suo-

259 5111 394 5144 rum
426 5093 754 5143 criminum
797 5091 972 5152 ludos,
1021 5090 1259 5155 cultores
1301 5098 1428 5132 suos
1480 5091 1745 5155 tapguam
1798 5097 1932 5155 suae

262 5157 562 5207 sanitatis
592 5145 1078 5203 administrat-ores
1107 5149 1419 5199 habuerunt
1450 5160 1466 5193 :
1497 5145 1591 5194 ubi
1619 5160 1723 5205 per
1751 5161 1836 5192 eos
1864 5145 1935 5193 ad

262 5236 446 5269 suum
480 5217 708 5267 cultum
727 5217 932 5264 studiis
952 5209 1431 5264 immundissimis
1452 5209 1594 5256 alios
1611 5208 1932 5271 excitantes,

259 5287 361 5335 etc.
397 5281 761 5342 Castigautur
787 5294 854 5329 ex
883 5279 1150 5342 veteribus
1174 5273 1343 5342 libris.

323 5333 349 5381 ὲ
382 5333 710 5393 νῑωιῘΑω.
745 5346 798 5392 et
825 5343 893 5391 Er
918 5379 929 5397 ,
961 5341 1222 5401 majores.
1275 5334 1461 5401 Melius
1502 5333 1649 5401 Lo_v.,
1689 5335 1751 5401 _et
1791 5334 1935 5401 M331,

264 5409 600 5469 majorum.
631 5407 758 5454 Nam
787 5406 864 5454 ita
891 5395 1068 5454 Cicero
1096 5402 1153 5450 in
1183 5399 1344 5450 citato
1390 5397 1522 5452 loco,
1545 5395 1638 5443 lib.
1682 5396 1724 5442 1.
1778 5398 1936 5445 Acad.

262 5471 503 5532 Quaest.

331 5539 414 5598 (α)
447 5531 702 5598 Deﬂere
729 5531 998 5598 Religqnn.

329 5581 411 5660 {si
444 5592 578 5660 via.
607 5594 766 5660 intra.
795 5581 1011 5660 sitias
1032 5591 1200 5660 _h_ui_us
1226 5585 1369 5660 libri,
1400 5583 1572 5660 etlib.
1606 5581 1682 5641 12,
1715 5597 1826 5646 cap.
1862 5582 1939 5646 10,

266 5648 403 5712 ιιῖ
430 5672 448 5722 ;
484 5657 624 5706 item
649 5655 922 5723 Cypriani,
950 5657 1013 5706 de
1032 5648 1300 5705 Idolorum
1329 5648 1593 5698 Vanitate.

1637 308 1868 369 LIBER
1914 305 2301 371 OCTAVUS.

3542 313 3660 375 230

2007 442 2354 497 Tusculanis
2386 441 2572 497 tacitis
2603 441 2940 498 nominibus
2967 445 3192 501 videtur
3213 448 3494 514 attingere
3517 448 3660 520 (Lib.

2019 539 2057 588 ι,
2117 540 2238 593 cap.
2302 525 2412 593 13),
2460 523 2711 595 Jupiter,
2761 523 2935 592 Juno,
2984 529 3288 596 Saturnus,
3339 527 3662 597 Vulcanus,

2011 603 2203 664 Vesta,
2237 609 2295 659 et
2326 603 2424 658 alii
2450 603 2707 672 plurimi,
2726 620 2872 674 quos
2893 604 3074 661 Varro
3095 613 3339 663 conatur
3361 610 3428 664 ad
3457 610 3663 665 mundi

2012 694 2206 755 partes
2256 685 2377 740 sive
2425 684 2714 740 elementa
2761 685 3092 754 transferre,
3165 689 3430 746 homines
3483 690 3665 746 fuisse

2012 767 2358 836 produntur.
2387 765 2626 820 Timens
2657 765 2810 820 enim
2845 771 2902 820 et
2923 765 3019 821 ille
3042 771 3210 838 quasi
3242 770 3492 825 revelata
3509 788 3666 843 mys-

2011 848 2176 912 teria,
2204 851 2400 916 petens
2423 849 2693 901 admonet
2716 847 3134 912 Alexandrum,
3161 854 3226 904 ut
3250 866 3377 905 cum
3403 868 3470 906 ea
3493 851 3662 907 matri

2013 927 2340 998 conscripta
2361 926 2765 991 insinuaverit,
2787 926 3040 982 ﬂammis
3059 929 3265 995 jubeat
3286 932 3665 987 concremari.

2014 1009 2133 1063 Non
2165 1007 2352 1062 solum
2385 1023 2520 1078 ergo
2551 1007 2682 1072 leta,
2715 1024 2839 1077 quae
2874 1008 3004 1062 duae
3038 1008 3362 1080 theologize,
3406 1011 3672 1066 fabulosa

2016 1086 2273 1142 continet
2305 1091 2361 1141 et
2401 1087 2611 1155 civilis,
2664 1086 2975 1142 Platonicis
3017 1088 3382 1159 philosophis
3434 1091 3671 1158 cedant,

2016 1167 2116 1238 qui
2147 1184 2343 1222 verum
2376 1168 2578 1234 Deum,
2612 1173 2668 1223 ct
2697 1184 2891 1222 rerum
2944 1180 3254 1238 auctorem,
3305 1175 3360 1225 et
3409 1170 3719 1239 veritatis(

2016 1247 2451 1315 illustratorem,
2502 1252 2558 1302 et
2589 1247 2968 1302 beatitudinis
3016 1248 3352 1320 largitorem
3400 1265 3527 1305 esse
3573 1250 3672 1304 di-

2014 1333 2263 1383 xerunt:
2297 1329 2395 1382 sed
2431 1327 2526 1382 alii
2559 1343 2789 1398 quoque
2823 1327 3177 1399 philosophi,
3211 1329 3309 1400 qui
3343 1331 3670 1400 corporalia

2018 1413 2238 1462 naturae
2274 1408 2558 1479 principia
2589 1408 2813 1480 corpori
2862 1409 3073 1463 deditis
3120 1410 3415 1464 mentibus
3447 1410 3671 1480 opinati

2017 1495 2177 1556 sunt,
2229 1492 2440 1544 cedant
2492 1489 2584 1544 his
2626 1489 2799 1543 tantis
2831 1493 2888 1544 et
2921 1489 3064 1543 tanti
3119 1490 3218 1545 Dei
3269 1491 3667 1559 cognitoribus

2017 1568 2153 1622 viris
2177 1568 2218 1632 ί,
2255 1573 2315 1622 ut
2346 1568 2548 1624 Thales
2578 1571 2634 1623 in
2672 1571 2933 1637 humore,
2967 1571 3357 1625 Anaximenes
3409 1570 3466 1624 in
3517 1586 3667 1636 aere,

2018 1649 2194 1704 Stoici
2229 1649 2284 1702 in
2318 1649 2472 1718 igne,
2513 1649 2797 1718 Epicurus
2846 1647 2902 1702 in
2958 1650 3188 1715 atomis,
3225 1651 3329 1704 hoc
3359 1655 3446 1706 est
3478 1651 3668 1705 minu-

2018 1727 2261 1784 tissimis
2310 1728 2695 1799 corpusculis,
2749 1745 2872 1798 quae
2925 1744 3029 1782 nec
3079 1729 3257 1783 dividi
3310 1746 3416 1784 nec
3469 1728 3676 1785 sentiri

2017 1815 2258 1879 queunt,
2291 1814 2346 1864 et
2379 1811 2731 1880 quicumque
2781 1808 2900 1874 alii,
2954 1825 3198 1880 quorum
3251 1810 3676 1864 enumerationi

2017 1890 2318 1945 immorari
2347 1907 2459 1944 non
2491 1895 2579 1944 est
2610 1906 2868 1956 necesse,
2905 1891 3023 1944 sive
3055 1888 3363 1959 simplicia,
3393 1891 3512 1945 sive
3535 1907 3671 1945 con-

2010 1974 2216 2042 juncta
2261 1988 2522 2043 corpora,
2576 1972 2698 2026 sive
2746 1971 2861 2024 vita
2911 1971 3187 2034 carentia,
3237 1970 3357 2026 sive
3395 1971 3672 2038 viventia,

2017 2056 2119 2108 sed
2151 2057 2344 2106 tamen
2377 2068 2637 2123 corpora,
2681 2067 2916 2107 causam
2964 2052 3428 2121 principiumque
3477 2067 3669 2106 rerum

2019 2149 2148 2188 esse
2182 2134 2473 2189 dixerunt.
2507 2133 2654 2188 Nam
2709 2131 2950 2202 quidam
3007 2147 3206 2186 eorum
3247 2148 3281 2185 a
3333 2131 3506 2185 rebus
3557 2147 3671 2185 non

2019 2214 2165 2269 vivis
2195 2230 2286 2269 res
2316 2213 2474 2268 vivas
2509 2214 2632 2268 fieri
2683 2227 2855 2283 posse
2896 2211 3287 2276 crediderunt,
3335 2211 3486 2265 sicut
3536 2210 3674 2281 Epi-

2021 2294 2219 2350 curei:
2254 2293 2492 2362 quidam
2523 2308 2657 2347 vero
2687 2309 2720 2346 a
2749 2294 2979 2346 vivente
3023 2290 3257 2360 quidem
3314 2295 3372 2346 et
3423 2288 3677 2344 viventia

2023 2382 2074 2430 et
2109 2389 2221 2428 non
2256 2373 2527 2439 viventia,
2563 2371 2662 2426 sed
2699 2380 2892 2426 tamen
2919 2388 2951 2426 a
2973 2385 3211 2440 corpore
3233 2385 3495 2440 corpora.
3531 2369 3676 2424 Nam

2021 2451 2197 2508 Stoici
2228 2453 2441 2522 ignem,
2474 2451 2530 2506 id
2565 2455 2652 2506 est
2683 2467 2894 2520 corpus
2944 2465 3125 2505 unum
3175 2466 3242 2504 ex
3284 2448 3378 2504 his
3427 2457 3678 2519 quatuor

2021 2533 2353 2598 elementis,
2385 2532 2600 2603 quibus
2631 2531 2881 2587 visibilis
2915 2531 3172 2586 mundus
3217 2531 3310 2586 hic
3340 2535 3589 2598 constat,
3617 2536 3674 2586 et

2021 2614 2331 2679 viventem,
2347 2617 2402 2668 et
2416 2612 2756 2682 sapientem,
2777 2616 2832 2666 et
2849 2611 3030 2681 ipsius
3048 2611 3249 2665 mundi
3264 2610 3670 2666 fabricatorem

2022 2700 2196 2765 atque
2250 2692 2506 2749 omnium
2553 2708 2680 2762 quae
2728 2692 2786 2746 in
2837 2706 2901 2746 eo
2950 2696 3107 2755 sunt,
3141 2705 3390 2761 eumque
3431 2691 3670 2746 omnino

2021 2775 2214 2845 ignem
2247 2774 2420 2827 deum
2455 2788 2580 2827 esse
2610 2777 2980 2843 putaverunt.
3015 2771 3080 2824 Hi
3127 2776 3182 2826 et
3225 2771 3412 2826 caeteri
3444 2771 3666 2826 similes

2022 2872 2223 2911 eorum
2256 2854 2309 2908 id
2343 2853 2529 2908 solum
2563 2853 2814 2924 cogitare
2844 2857 3174 2924 potuerunt,
3209 2853 3361 2923 quod
3416 2868 3550 2907 cum
3583 2853 3666 2908 eis

2022 2935 2196 2992 corda
2253 2951 2452 2990 eorum
2514 2934 2792 2989 obstricta
2841 2933 3032 3005 carnis
3089 2933 3361 2989 sensibus
3413 2933 3670 2989 fabulata

2021 3021 2186 3070 sunt.
2216 3017 2280 3070 In
2313 3031 2374 3070 se
2405 3015 2620 3086 quippe
2671 3014 2962 3070 habebant
3012 3015 3163 3084 quod
3213 3030 3327 3069 non
3372 3013 3670 3082 videbant,

2020 3103 2074 3152 et
2133 3096 2287 3167 apud
2341 3111 2402 3150 se
2453 3095 2930 3166 imaginabantur
2987 3093 3144 3163 quod
3197 3095 3336 3150 foris
3384 3094 3670 3162 viderant,

2021 3176 2195 3230 etiam
2225 3175 2458 3246 quando
2492 3193 2605 3230 non
2639 3176 2929 3241 videbant,
2952 3174 3054 3230 sed
3086 3175 3486 3230 tantummodo
3514 3174 3672 3246 cogi-

2021 3257 2242 3310 tabant.
2297 3255 2414 3311 Hoc
2457 3261 2651 3311 autem
2703 3255 2760 3309 in
2792 3260 3107 3327 conspectu
3143 3256 3272 3310 talis
3304 3256 3672 3327 cogitationis

2015 3336 2139 3404 jam
2167 3353 2281 3390 non
2313 3341 2401 3391 est
2429 3352 2658 3405 corpus,
2711 3337 2808 3391 sed
2852 3335 3180 3390 similitudo
3212 3337 3488 3404 corporis.
3525 3336 3673 3391 Illud

2025 3421 2220 3470 autem
2256 3417 2408 3471 unde
2439 3416 2668 3472 videtur
2701 3415 2758 3470 in
2783 3415 2980 3470 animo
3030 3415 3146 3470 haec
3187 3416 3516 3471 similitudo
3556 3433 3678 3472 cor-

2026 3494 2205 3563 poris,
2239 3511 2342 3549 nec
2374 3512 2587 3566 corpus
2619 3498 2726 3562 est,
2778 3510 2883 3550 nec
2927 3493 3252 3549 similitudo
3289 3495 3547 3563 corporis
3577 3512 3589 3560 ;
3623 3498 3680 3549 et

2027 3575 2181 3628 unde
2210 3575 2454 3644 videtur,
2489 3579 2662 3644 atque
2687 3584 2883 3628 utrum
2919 3573 3162 3644 pulchra
3193 3591 3267 3629 an
3298 3574 3579 3628 deformis
3604 3574 3680 3628 sit

2022 3655 2339 3725 judicatur,
2374 3657 2627 3724 profecto
2660 3652 2968 3708 estmelius
2997 3669 3169 3722 quam
3193 3653 3319 3722 ipsa
3353 3668 3480 3722 quae
3524 3652 3682 3721 judi-

2030 3741 2211 3789 catur.
2235 3735 2363 3788 Haec
2388 3749 2550 3788 mens
2574 3733 2826 3788 hominis
2849 3733 2940 3788 et2
2966 3732 3268 3788 rationalis
3289 3731 3492 3786 animae
3515 3737 3687 3786 natu-

2032 3837 2095 3874 ra
2118 3824 2222 3886 est,
2240 3835 2366 3890 quas
2391 3817 2589 3887 utique
2607 3831 2818 3886 corpus
2838 3831 2949 3870 nou
2970 3818 3087 3881 est;
3113 3814 3158 3868 si
3175 3817 3294 3884 jam
3311 3813 3412 3867 illa
3427 3813 3684 3884 corporis

2033 3900 2379 3971 similitudo,
2401 3915 2534 3954 eum
2559 3899 2616 3953 in
2641 3898 2833 3952 animo
2865 3895 3167 3965 cogitantis
3197 3893 3482 3965 aspicitur
3513 3899 3685 3964 atque

2027 3982 2456 4054 judicatur,nec
2487 3979 2616 4050 ipsa
2637 3994 2848 4050 corpus
2861 3976 3097 4033 esI.Non
3123 3981 3211 4032 est
3233 3991 3368 4045 ergo
3392 3991 3494 4029 nec
3512 3981 3683 4041 terra,

2037 4078 2141 4118 nec
2165 4077 2332 4132 aqua,
2359 4076 2462 4115 nec
2485 4076 2603 4127 aer,
2636 4075 2740 4114 nec
2760 4059 2947 4130 ignis:
2977 4056 3189 4128 quibus
3213 4059 3465 4128 quatuor
3481 4070 3690 4124 corpo-

2037 4143 2220 4211 ribus,
2254 4158 2381 4212 quas
2429 4141 2704 4196 dicuntur
2757 4143 3008 4210 quatuor
3046 4137 3352 4203 elementa,
3401 4135 3689 4191 mundum

2037 4238 2376 4295 corporeum
2395 4222 2660 4276 videmus
2682 4236 2806 4276 esse
2827 4224 3215 4290 compactum.
3235 4218 3405 4274 Porro
3429 4219 3477 4274 si
3500 4222 3694 4273 noster

2039 4304 2270 4360 animus
2300 4319 2514 4373 corpus
2548 4319 2663 4357 non
2695 4311 2798 4370 est,
2830 4301 3120 4372 quomodo
3150 4300 3297 4356 Deus
3317 4304 3537 4354 creator
3566 4299 3694 4352 ani-

2040 4385 2117 4440 mi
2150 4401 2358 4455 corpus
2387 4385 2524 4439 est?
2554 4383 2773 4438 Cedant
2811 4397 2950 4453 ergo
2981 4386 3040 4437 et
3074 4382 3192 4449 isti,
3227 4385 3293 4436 ut
3320 4380 3544 4437 dictum
3578 4384 3688 4448 est,

2039 4464 2347 4521 Platonicis
2380 4480 2393 4520 :
2429 4465 2634 4520 cedant
2664 4471 2715 4520 et
2749 4461 2854 4532 illi,
2888 4478 3034 4534 quos
3064 4461 3300 4533 quidem
3350 4461 3559 4532 puduit
3600 4461 3694 4514 di-

2038 4561 2165 4601 cere
2213 4545 2394 4602 Deum
2453 4560 2664 4616 corpus
2740 4559 2890 4611 esse,
2969 4545 3369 4598 verumtamen
3427 4541 3693 4610 ejusdem

2040 4629 2284 4692 naturae,
2317 4627 2486 4696 cujus
2511 4624 2606 4682 ille
2636 4631 2741 4690 est,
2775 4623 3002 4679 animos
3035 4626 3266 4677 nostros
3297 4637 3426 4676 esse
3449 4626 3692 4691 putave-

2042 4711 2199 4762 runt.
2235 4707 2324 4761 Ita
2353 4723 2468 4762 non
2500 4723 2598 4762 eos
2641 4704 2818 4760 movit
2849 4708 3012 4758 tanta
3064 4700 3425 4756 mutabilitas
3461 4701 3696 4769 animas,

2044 4805 2219 4859 quam
2252 4787 2350 4842 Dei
2386 4793 2605 4841 naturae
2635 4786 2886 4840 tribuere
2938 4783 3097 4836 nefas
3148 4786 3253 4836 est.
3307 4780 3417 4835 Sed
3468 4780 3694 4848 dicunt,

2045 4871 2294 4939 Corpore
2325 4872 2587 4922 mutatur
2614 4866 2821 4919 animae
2853 4869 3094 4939 natura;
3131 4875 3266 4914 nam
3289 4875 3392 4929 per
3417 4876 3481 4939 se
3511 4861 3699 4930 ipsam

2045 4938 2540 5004 incommutabilis
2579 4947 2687 4999 est.
2724 4943 2991 4996 Poterant
3035 4938 3130 4994 isti
3185 4939 3396 5004 dicere,
3449 4938 3700 5008 Corpore

2045 5028 2241 5098 aliquo
2276 5027 2617 5079 vulneratur
2649 5039 2781 5077 caro
2810 5038 2825 5088 ;
2860 5036 2995 5075 nam
3045 5036 3146 5091 per
3197 5036 3259 5076 se
3290 5020 3478 5091 ipsam
3511 5017 3701 5072 invul-

2050 5097 2324 5164 nerabilis
2353 5114 2458 5161 est.
2493 5107 2730 5159 Prorsus
2755 5104 2906 5174 quod
2937 5103 3146 5158 mutari
3175 5117 3290 5157 non
3315 5108 3514 5172 potest,
3543 5097 3704 5154 nulla

2053 5205 2112 5246 re
2174 5191 2399 5259 potest:
2431 5201 2498 5242 ac
2530 5199 2631 5257 per
2660 5184 2769 5240 hoc
2800 5182 2954 5254 quod
2983 5198 3221 5253 corpore
3254 5179 3462 5236 mutari
3491 5183 3702 5252 potest,

2127 5515 2139 5547 ¹
2171 5509 2324 5560 Vind.
2356 5511 2472 5559 Am.
2505 5510 2557 5559 et
2583 5507 2691 5564 Er..
2722 5506 2885 5557 veris.

2113 5575 2136 5609 ²
2172 5575 2330 5634 Editi,
2359 5582 2408 5622 et
2438 5575 2573 5636 ipsa.
2613 5572 2790 5631 Abest,
2826 5572 2969 5632 ipsa,
2998 5580 3031 5617 a
3059 5568 3183 5619 Mss.
