4128 6184
389 333 497 395 231

393 469 590 540 aliqua
618 480 678 520 re
719 463 928 535 potest,
962 461 1020 514 et
1050 457 1177 513 ideo
1225 449 1706 511 incommutabile
1735 452 1889 505 recte
1920 444 2032 502 dici

392 565 509 605 non
539 547 744 618 potest.

396 688 622 750 CAPUT
659 686 753 742 VI.
785 713 852 725 —
887 682 956 736 De
985 676 1399 735 Platonicorum
1448 687 1613 727 sensu
1659 668 1722 724 in
1763 683 1826 723 ea
1878 667 2040 739 parte

630 761 1009 839 philosophiae,
1041 773 1160 830 quae
1198 753 1425 825 physica
1454 753 1794 809 nominatur.

467 907 746 963 Viderunt
777 913 913 971 ergo
947 895 1046 951 isti
1081 889 1433 966 philosophi,
1468 904 1615 971 quos
1664 883 1886 971 ceteris
1917 896 2036 937 non

391 987 684 1045 immerito
735 965 887 1035 fama
945 965 1117 1047 atque
1189 971 1374 1045 gloria
1433 967 1695 1038 praelatos
1748 965 2036 1030 videmus,

395 1067 620 1123 nullum
649 1076 861 1132 corpus
891 1072 1019 1113 esse
1053 1057 1227 1110 Deum
1255 1069 1268 1106 :
1303 1057 1360 1107 et
1390 1050 1516 1105 ideo
1556 1050 1765 1132 cuncta
1794 1056 2040 1132 corpora

396 1121 869 1201 transcenderunt
919 1139 1242 1208 quaerentes
1287 1132 1492 1187 Deum.
1544 1128 1826 1208 Viderunt
1867 1121 2040 1208 quide-

394 1227 532 1297 quid
566 1220 844 1279 mutabile
881 1204 988 1284 est,
1040 1232 1156 1272 non
1205 1228 1328 1270 esse
1375 1224 1676 1266 summum
1726 1205 1956 1297 Deum}.
1983 1204 2041 1256 et

394 1283 522 1362 ideo
554 1319 783 1361 omnem
817 1283 1074 1355 animam
1111 1293 1534 1363 mutabilesque
1565 1303 1766 1344 omnes
1795 1283 2038 1363 spiritus

394 1385 898 1445 transcenderunt,
923 1381 1246 1450 quaerentes
1277 1362 1572 1429 summum
1597 1368 1801 1424 Deum.
1827 1362 2042 1450 Deinde

395 1468 667 1522 viderunt
691 1477 925 1518 omnem
970 1458 1215 1527 speciem
1248 1455 1304 1510 in
1340 1469 1399 1508 re
1429 1463 1799 1522 quacumque
1849 1449 2039 1527 muta-

394 1548 520 1611 bili,
553 1563 670 1617 qua
700 1547 789 1599 est
818 1526 1103 1612 quidquid
1145 1535 1283 1592 illud
1337 1537 1444 1601 est,
1495 1545 1719 1602 quoquo
1770 1526 1939 1617 modo
1987 1526 2042 1617 et

397 1607 852 1699 qualiscumque
878 1607 1086 1675 natura
1115 1623 1218 1684 est,
1269 1632 1387 1670 non
1427 1629 1562 1699 esse
1605 1625 1774 1681 posse
1825 1607 1936 1699 nisi
1969 1607 2041 1661 ab

361 1689 494 1768 .illo
527 1708 624 1778 qui
658 1689 790 1760 vere
819 1706 930 1767 est,
963 1701 1098 1770 quia
1125 1692 1683 1778 incommutabiliter
1708 1689 1918 1778 estsic
1938 1703 2046 1778 per

397 1792 506 1845 hoc
533 1769 652 1842 sive
684 1783 936 1839 universi
971 1769 1173 1834 mundi
1197 1792 1422 1846 corpus,
1448 1774 1688 1844 figuras,
1713 1769 2041 1839 qualitates,

398 1870 851 1936 ordinatumque
885 1872 1125 1926 motum,
1159 1863 1216 1913 et
1237 1857 1517 1912 elementa
1541 1851 1876 1936 dispositae
1901 1848 2066 1936 creto:

402 1965 587 2020 usque
633 1948 702 2002 ad
751 1926 981 2010 terram,
1024 1946 1080 1995 et
1134 1951 1516 2009 quaecumque
1564 1947 1806 2020 corpora
1852 1928 1919 2020 in.
1961 1926 2045 1982 eis

399 2009 575 2096 sunt;
609 2029 725 2083 sive
747 2009 981 2082 omnem
1005 2023 1204 2087 vitam,
1227 2017 1311 2073 vel
1337 2033 1463 2088 quas
1487 2013 1673 2096 nutrit
1693 2017 1748 2067 et
1766 2009 2044 2096 continet,

405 2091 593 2182 qualis
622 2112 710 2163 est
741 2107 799 2160 in
831 2102 1174 2168 arboribus;
1203 2099 1290 2156 vel
1321 2113 1464 2182 Aqua
1515 2100 1594 2182 et_
1618 2093 1726 2148 hoc
1765 2091 1944 2182 habet
1991 2093 2050 2144 et

405 2169 601 2256 sentit,
662 2187 846 2257 qualis
894 2191 978 2239 est
1027 2183 1086 2237 in
1143 2175 1598 2252 pecoribus;vel
1649 2189 1776 2244 quae
1825 2175 1882 2227 et
1927 2169 2047 2224 haec

402 2279 578 2334 habet
607 2282 664 2332 et
708 2273 1003 2344 intelligit,
1052 2268 1242 2342 qualis
1288 2270 1379 2322 est
1426 2267 1482 2320 in
1538 2261 1914 2344 hominibus;
1955 2258 2045 2313 vel

402 2376 530 2431 quae
563 2355 870 2412 nutritorio
903 2341 1166 2407 subsidio
1216 2364 1331 2403 non
1384 2345 1630 2431 indiget,
1674 2341 1772 2431 sed
1803 2343 2044 2431 tantum

397 2420 675 2504 continet,
707 2437 910 2504 sentit,
959 2431 1250 2503 inteliigit,
1295 2427 1486 2500 qualis
1535 2430 1624 2481 est
1671 2423 1732 2478 in
1786 2420 2044 2504 Angelis,

395 2521 506 2576 nisi
543 2501 732 2574 abillo
764 2501 1035 2571 essenon
1071 2501 1235 2582 posse
1267 2509 1366 2579 qui
1395 2505 1738 2576 simpliciter
1759 2507 1883 2557 est:
1911 2501 2049 2582 quia

396 2617 510 2656 non
552 2600 703 2654 aliud
737 2596 820 2650 illi
862 2598 1127 2660 estesse,
1169 2589 1324 2644 aliud
1381 2589 1590 2655 vivere,
1642 2583 1809 2656 quasi
1861 2581 2046 2654 possit

399 2698 522 2736 esse
569 2696 682 2735 non
714 2679 952 2740 vivens;
1006 2689 1111 2729 nec
1152 2671 1310 2726 aliud
1362 2668 1443 2723 illi
1495 2672 1582 2722 est
1629 2669 1843 2728 vivere,
1891 2662 2043 2717 aliud

399 2760 741 2831 intelligere,
775 2755 945 2827 quasi
979 2755 1160 2825 possit
1189 2751 1372 2805 vivere
1397 2765 1508 2803 non
1533 2744 1868 2815 intelligens
1896 2761 1910 2811 ;
1943 2757 2045 2795 nec

401 2843 556 2898 aliud
591 2829 672 2895 illi
700 2844 790 2894 est
819 2836 1164 2906 intelligere,
1198 2831 1357 2887 aliud
1399 2831 1633 2884 beatum
1684 2843 1830 2892 esse,
1881 2829 2044 2895 quasi

401 2923 582 2992 possit
607 2917 935 2988 intelligere
966 2919 1024 2970 et
1050 2930 1161 2968 non
1197 2912 1405 2965 beatus
1435 2924 1598 2974 esse;
1633 2907 1732 2992 sed
1778 2907 1928 2992 quod
1961 2909 2046 2992 est

354 2983 478 3074 ‘illi
526 3003 735 3067 vivere,
787 2983 1133 3067 intelligere,
1185 2994 1615 3074 beatum-esse,
1667 2983 2044 3074 hoe-estnil-li

354 3065 355 3080 1
395 3100 542 3139 esse.
577 3064 814 3152 Propter
839 3064 1661 3152 hanc'incommutabilitatem
1685 3071 1741 3152 et
1759 3064 2042 3152 si_mplici-_

395 3170 572 3218 tatem
605 3145 1013 3216 intellexerunt
1060 3169 1194 3209 eum
1228 3158 1282 3206 et
1312 3149 1508 3206 omnia
1555 3147 1669 3202 ista
1716 3145 1937 3206 fecisse,
1990 3148 2047 3198 et

398 3245 589 3314 ipsum
621 3258 654 3295 a
685 3238 843 3294 nullo
863 3236 986 3290 ﬁeri
1014 3233 1295 3307 potuisse.
1319 3229 1852 3314 Consideraverunt
1867 3225 2042 3291 enim,

398 3305 683 3394 quidquid
715 3323 823 3382 est,
854 3314 937 3370 vel
963 3305 1174 3385 corpus
1196 3327 1343 3378 esse,
1366 3308 1454 3365 vel
1475 3309 1656 3362 vitam
1681 3326 1695 3374 ;
1721 3305 2048 3394 meliusque

399 3385 620 3474 aliquid
684 3399 862 3452 vitam
917 3411 1063 3461 esse,
1125 3408 1298 3463 quam
1375 3404 1637 3474 corpus;
1674 3385 2047 3474 speciemque

397 3465 657 3556 corporis
676 3496 802 3536 esse
819 3475 1176 3540 sensibilem,
1192 3469 1612 3556 intelligibilem
1632 3467 1784 3556 vitae.
1804 3465 2049 3556 Proinde

393 3546 824 3635 intelligibilem
855 3557 1104 3629 speciem
1137 3552 1400 3610 sensibili
1447 3547 1846 3635 praetulerunt.
1901 3546 2047 3635 seuT

395 3625 903 3705 sibiliavdicimus,
923 3653 1046 3710 quae
1076 3635 1200 3690 visu
1244 3637 1520 3702 tactuque
1551 3627 1810 3710 corporis
1830 3625 2047 3710 sentiri

393 3728 611 3798 queunt
637 3740 649 3778 :
674 3705 1084 3792 intelligibilia,
1105 3733 1235 3798 quae
1252 3714 1564 3798 conspectu
1589 3709 1803 3798 mentis
1827 3705 2044 3798 intelli-

393 3785 450 3878 gi
478 3807 722 3874 possunt
742 3805 782 3855 ί.
817 3785 988 3856 Nulla
1017 3802 1106 3854 est
1123 3785 1283 3852 enim
1310 3790 1681 3878 pulchritudo
1706 3785 2041 3878 corporalis,

400 3867 521 3945 sive
551 3888 610 3942 in
631 3891 784 3942 statu
813 3881 1094 3952 corporis,
1123 3878 1275 3933 sicut
1300 3880 1388 3930 est
1407 3873 1610 3944 figura,
1637 3867 1754 3924 sive
1776 3867 1833 3952 in
1860 3871 2040 3952 motu,

401 3969 552 4024 sicut
581 3971 668 4022 est
716 3947 1029 4026 cantilena,
1078 3960 1146 4011 de
1195 3973 1311 4026 qua
1361 3970 1475 4008 non
1529 3952 1761 4007 animus
1801 3947 2043 4016 judicet.

405 4047 566 4114 Quod
603 4043 858 4115 proiecto
890 4055 1005 4092 non
1039 4042 1252 4105 posset,
1286 4032 1396 4115 nisi
1431 4030 1637 4115 melior
1674 4030 1732 4082 in
1766 4026 1863 4115 illo
1895 4029 2045 4115 esset

397 4106 520 4181 hinc
550 4106 790 4194 species,
824 4119 951 4173 sine
981 4122 1207 4170 tumore
1232 4110 1423 4175 molis,
1447 4109 1571 4164 sine
1599 4107 1844 4194 strepitu
1869 4106 2044 4175 vocis,

401 4208 526 4261 sine
556 4187 741 4274 spatio
766 4199 854 4254 vel
887 4198 994 4253 loci
1026 4194 1114 4250 vel
1162 4192 1462 4274 temporis.
1513 4190 1659 4274 Sed__
1680 4187 1758 4242 ibi
1780 4201 2045 4274 -quoque

402 4284 514 4340 nisi
547 4264 847 4336 mutabilis
880 4280 1055 4338 esset,
1078 4291 1190 4328 non
1217 4271 1364 4328 alius
1394 4269 1504 4325 alio
1529 4268 1740 4324 melius
1763 4266 1834 4320 de
1855 4264 2044 4336 specie

400 4361 663 4420 sensibili
693 4359 1020 4429 judicaret:
1058 4353 1266 4409 melius
1303 4349 1875 4429 ingeniosiorquam
1924 4349 2047 4429 tar-

401 4445 550 4509 dior,
613 4423 823 4495 melius
881 4436 1120 4509 peritior
1177 4449 1353 4505 quam
1427 4427 1772 4509 imperitior,
1833 4423 2046 4509 melius

398 4506 762 4583 exercitatior
791 4506 960 4591 quam
997 4518 1188 4572 minus
1218 4513 1584 4575 exercitatus,
1617 4513 1674 4565 et
1721 4507 1869 4563 idem
1919 4506 2046 4591 ipse

404 4621 555 4662 unus
577 4619 710 4658 cum
735 4589 980 4673 prolicit.
1015 4596 1222 4653 melius
1247 4596 1448 4667 utique
1471 4600 1838 4663 posteaquam
1863 4589 2042 4673 prius.

400 4688 560 4756 Quod
591 4670 778 4740 autem
809 4681 1011 4752 recipit
1046 4681 1232 4751 magis
1254 4678 1276 4712 ε
1305 4683 1362 4733 et
1392 4675 1612 4756 minus,
1649 4673 1775 4756 sine
1803 4670 2043 4756 dubita-

397 4748 555 4826 tione
588 4763 867 4821 mutabile
897 4748 1003 4818 est.
1036 4748 1196 4816 Unde
1245 4754 1530 4830 ingeniosi
1580 4757 1638 4809 et
1683 4750 1835 4807 docti
1886 4752 1943 4804 et
1984 4748 2044 4804 in

396 4851 488 4908 his
517 4846 811 4906 exercitati
847 4842 1115 4899 homines
1149 4839 1314 4896 facile
1343 4837 1718 4909 collegerunt,
1752 4847 1868 4886 non
1922 4844 2048 4886 esse

396 4933 456 4989 in
490 4932 573 4987 eis
607 4930 780 4984 rebus
809 4925 1059 4998 primam
1094 4921 1369 4994 speciem,
1429 4919 1527 4972 ubi
1577 4910 1897 4998 mutabilis
1922 4925 2048 4998 esse

401 5011 775 5070 convincitur.
809 4993 984 5060 'Cum
1037 4993 1214 5074 igitur
1261 5003 1319 5056 in
1372 5013 1570 5055 eorum
1636 4996 1946 5064 conspectu
1993 4993 2049 5044 et

400 5108 611 5165 corpus
639 5095 695 5145 et
725 5087 958 5142 animus
993 5083 1178 5153 magis
1212 5082 1526 5150 minusque
1555 5076 1812 5165 speciosa
1831 5075 2046 5165 essent,

398 5181 455 5230 et
502 5151 551 5228 si
599 5169 756 5225 omni
805 5166 993 5237 specie
1045 5151 1241 5216 carere
1292 5163 1546 5228 possent,
1595 5155 1831 5212 omnino
1893 5151 2052 5207 nulla

399 5259 610 5318 essent,
645 5233 913 5305 viderunt
941 5261 1068 5299 esse
1099 5243 1314 5313 aliquid
1352 5241 1449 5294 ubi
1486 5241 1666 5307 prima
1695 5239 1845 5318 esset
1877 5238 1932 5287 et
1960 5233 2052 5287 ia-

399 5314 830 5390 commutabilis
857 5326 956 5394 (a),
990 5328 1044 5380 et
1077 5322 1200 5378 ideo
1248 5338 1352 5376 nec
1393 5314 1842 5389 comparabilis:
1880 5320 2052 5383 atque

466 5557 484 5590 ι
527 5554 703 5604 Nostri
733 5552 876 5613 Mss,
919 5547 1137 5608 excepto
1182 5542 1324 5599 2052,
1364 5543 1620 5593 omittunt
1662 5540 1904 5599 verbum,
1931 5549 2055 5598 pos-

439 5626 562 5667 unt.
597 5617 665 5663 M.

472 5679 495 5716 ³
526 5677 612 5727 Sic
639 5677 762 5727 Mss.
795 5677 863 5724 At
891 5674 1039 5730 editi,
1069 5671 1273 5733 majus.

1439 317 1538 377 DE
1585 311 1950 377 ClVI'l‘ATE
1994 310 2145 380 DEI,
2195 306 2256 368 S.
2302 307 2732 370 AUGUSTINI

3668 305 3788 365 232

2145 443 2223 498 ibi
2255 457 2379 497 esse
2413 459 2603 498 rerum
2637 440 2984 514 principium
3029 438 3352 496 rectissime
3401 439 3792 509 crediderunt,

2143 525 2296 594 quod
2336 524 2550 579 factum
2602 539 2719 579 non
2784 526 2959 589 esset,
3005 525 3062 576 et
3103 537 3171 575 ex
3215 536 3330 592 quo
3379 521 3534 576 facta
3582 526 3796 577 cuncta

2141 609 2358 661 essent.
2393 604 2476 659 Ita
2507 606 2659 676 quod
2695 608 2893 659 notum
2925 607 3015 657 est
3061 601 3183 670 Dei,
3234 601 3359 673 ipse
3403 602 3798 658 manifestavit

2141 684 2247 753 eis,
2281 701 2412 740 cum
2448 685 2520 739 ab
2551 686 2633 740 eis
2665 682 2978 739 invisibilia
3007 682 3156 752 ejus,
3189 697 3290 752 per
3331 697 3400 736 ea
3451 697 3582 753 quae
3639 683 3798 738 facta

2143 770 2282 822 sunt
2311 765 2608 821 intellecta
2638 768 2946 836 conspecta
2967 767 3142 829 sunt;
3176 762 3532 833 sempiterna
3557 779 3793 834 quoque

2141 848 2322 903 virtus
2351 848 2479 916 ejus
2511 851 2568 902 et
2596 846 2870 902 divinitas
2895 845 3068 917 (Rom.
3093 861 3132 912 ι,
3160 845 3245 912 19,
3267 845 3356 914 20)
3383 860 3397 898 :
3429 862 3460 898 a
3484 861 3598 915 quo
3616 845 3793 900 etiam

2140 927 2398 983 visibilia
2443 933 2500 982 et
2543 927 2890 998 temporalia
2935 930 3147 981 cuncta
3193 932 3389 980 creata
3421 927 3624 980 sunt’.
3656 929 3792 980 Haec

2141 1009 2209 1064 de
2260 1007 2359 1064 illa
2399 1014 2556 1078 parte
2595 1023 2766 1078 quam
2814 1007 3133 1079 physicam,
3188 1005 3245 1060 id
3304 1010 3392 1062 est
3442 1005 3792 1073 naturalem,

2143 1093 2508 1159 nuncupant,
2540 1088 2692 1144 dicta
2721 1088 2861 1143 sint.

2144 1226 2379 1282 CAPUT
2418 1225 2533 1280 Vll.
2566 1257 2637 1264 —
2667 1224 2888 1292 Quanto
2971 1223 3384 1278 cxcellcntiorcs
3457 1229 3667 1280 caeteris
3731 1223 3793 1278 in

2215 1304 2495 1442 iogbicaaid
2523 1311 2601 1361 est
2631 1305 2895 1361 rationali
2935 1303 3311 1375 philosophia,
3359 1304 3636 1359 Platonici
3681 1305 3800 1360 sint

2253 1404 2282 1440 a
2323 1403 2388 1441 en
2436 1404 2476 1441 ι.

2218 1521 2378 1587 Quod
2411 1525 2604 1576 autem
2638 1522 2837 1576 attinet
2865 1519 2933 1574 ad
2955 1518 3304 1586 doctrinam,
3333 1517 3430 1573 ubi
3455 1515 3638 1572 altera
3660 1534 3798 1589 pars

2147 1611 2426 1670 versatur,
2451 1618 2576 1673 quae
2609 1603 2678 1656 ab
2713 1604 2796 1657 eis
2828 1600 3033 1670 logica,
3068 1599 3123 1653 id
3153 1603 3242 1654 est
3272 1597 3595 1662 rationalis,
3631 1614 3796 1654 voca-

2147 1688 2280 1750 tur;
2312 1683 2465 1737 absit
2497 1688 2558 1737 ut
2591 1681 2681 1736 his
2712 1679 3087 1751 comparandi
3110 1680 3435 1746 videantur,
3464 1679 3560 1749 qui
3589 1695 3798 1749 posue-

2148 1771 2283 1819 runt
2305 1763 2596 1834 judicium
2641 1762 2904 1830 veritatis
2950 1759 3009 1814 in
3061 1760 3334 1814 sensibus
3384 1759 3662 1829 corporis,
3696 1775 3796 1815 eo-

2150 1859 2396 1914 rumque
2446 1841 2642 1895 infidis
2687 1846 2743 1895 et
2793 1839 3094 1895 fallacibus
3159 1838 3372 1909 regulis
3422 1839 3621 1893 omnia
3666 1854 3794 1908 quas

2151 1925 2456 1979 discuntur
2489 1921 2780 1976 metienda
2811 1936 2937 1976 esse
2966 1923 3355 1985 censuerunt,
3399 1922 3462 1972 ut
3510 1917 3795 1986 Epicurei,

2151 2011 2208 2060 et
2240 2003 2590 2074 quicumque
2619 2001 2716 2055 alii
2751 2000 2892 2055 tales
2923 2017 2935 2066 ;
2971 2004 3033 2054 ut
3063 1999 3234 2054 etiam
3293 1998 3405 2069 ipsi
3453 1997 3648 2063 Stoici,
3695 1997 3798 2069 qui

2153 2101 2286 2140 cum
2321 2084 2688 2137 vehementer
2717 2079 3038 2136 amaverint
3082 2079 3376 2134 solertiam
3432 2077 3796 2148 disputandi,

2153 2181 2325 2236 quam
2360 2161 2724 2218 dialecticam
2775 2160 3097 2223 nominant,
3149 2177 3180 2213 a
3225 2159 3483 2230 corporis
3530 2157 3800 2213 sensibus

2153 2262 2281 2302 eam
2331 2243 2650 2299 ducendam
2703 2247 3016 2314 putarunt;
3051 2239 3188 2295 hinc
3227 2242 3620 2294 asseverantes
3658 2238 3798 2293 ani-

2157 2343 2314 2382 mum
2366 2325 2665 2394 concipere
2716 2324 3002 2389 notiones,
3051 2337 3197 2392 quas
3247 2319 3540 2391 appellant
3590 2314 3800 2379 ἔννοῖας

2155 2423 2356 2462 earum
2400 2421 2590 2460 rerum
2634 2403 2859 2460 scilicet
2905 2419 3048 2472 quas
3093 2401 3424 2456 definiendo
3470 2400 3795 2471 explicant;

2154 2489 2288 2543 hinc
2321 2486 2622 2558 propagari
2656 2490 2830 2556 atque
2862 2482 3127 2538 connecti
3183 2486 3361 2537 totam
3405 2481 3661 2537 discendi
3703 2483 3800 2536 do—

2153 2568 2438 2639 cendique
2458 2565 2763 2621 rationem.
2797 2564 2900 2619 Ubi
2934 2581 3037 2635 ego
3073 2562 3319 2617 multum
3367 2562 3564 2617 mirari
3615 2561 3792 2629 soleo,

2152 2666 2284 2704 cum
2323 2648 2590 2716 pulchros
2611 2647 2803 2700 dicant
2824 2663 2936 2699 non
2960 2659 3086 2699 esse
3111 2643 3224 2698 nisi
3244 2643 3554 2712 sapientes,
3582 2642 3798 2713 quibus

2151 2729 2424 2783 sensibus
2463 2726 2722 2796 corporis
2762 2725 2935 2780 istam
2993 2723 3482 2794 pulchritudinem
3529 2723 3801 2791 viderint,

2152 2809 2426 2878 qualibus
2456 2807 2640 2862 oculis
2673 2805 2866 2860 carnis
2899 2806 3143 2859 formam
3178 2802 3469 2874 sapientia:
3502 2801 3801 2872 decusque

2151 2888 2572 2958 conspexerinl.
2607 2887 2674 2940 Hi
2706 2902 2859 2951 vero,
2893 2901 3038 2955 quos
3073 2884 3274 2938 merito
3298 2881 3519 2936 caeteris
3544 2886 3797 2951 antepo-

2155 2971 2369 3035 nimus,
2412 2967 2811 3022 discreverunt
2842 2983 2904 3021 ea
2936 2981 3062 3036 quae
3100 2967 3292 3018 mente
3332 2960 3804 3032 conspiciuntur,

2154 3051 2223 3104 ab
2256 3048 2328 3102 iis
2359 3065 2482 3118 qua)
2515 3047 2782 3102 sensibus
2815 3045 3224 3115 attinguntur;
3257 3058 3361 3098 nec
3382 3042 3657 3098 sensibus
3681 3041 3807 3095 adi-

2156 3133 2380 3184 mentes
2414 3127 2566 3198 quod
2600 3132 2866 3198 possunt,
2901 3141 3004 3179 nec
3048 3124 3132 3178 eis
3172 3123 3376 3178 dantes
3425 3120 3576 3176 ultra
3626 3137 3805 3193 quam

2155 3213 2418 3280 possunt.
2456 3208 2674 3262 Lumen
2710 3211 2903 3261 autem
2941 3205 3224 3259 mentium
3271 3216 3396 3258 esse
3429 3203 3700 3257 dixerunt
3730 3202 3805 3256 ad

2151 3289 2428 3344 discenda
2458 3287 2673 3354 omnia,
2709 3286 2979 3342 eumdem
3007 3285 3198 3355 ipsum
3233 3283 3417 3339 Deum
3450 3300 3478 3336 a
3512 3298 3625 3354 quo
3657 3282 3808 3336 facta

2154 3374 2294 3426 sunt
2323 3368 2539 3424 omnia.

2151 3505 2373 3563 CAPUT
2405 3505 2550 3560 Vlll.
2584 3537 2652 3544 —
2679 3505 2837 3573 Quod
2883 3505 3050 3559 etiam
3082 3505 3140 3556 in
3201 3501 3404 3557 morali
3448 3499 3799 3571 philosophia

2463 3587 2745 3642 Platonici
2773 3587 3050 3639 obtineant
3085 3584 3483 3654 principatum.

2220 3720 2458 3790 Reliqua
2489 3723 2577 3774 est
2608 3736 2743 3790 pars
2778 3718 3036 3786 moralis,
3069 3733 3242 3788 quam
3288 3732 3474 3788 graeco
3517 3715 3799 3770 vocabulo

2151 3801 2346 3855 dicunt
2376 3799 2600 3867 ἠθικήν,
2635 3799 2732 3852 ubi
2764 3797 3043 3869 quaeritur
3090 3797 3161 3852 de
3213 3812 3442 3852 summo
3476 3796 3644 3860 bono,
3681 3809 3798 3864 quo

2149 3880 2462 3936 referentes
2494 3880 2691 3934 omnia
2722 3895 2850 3948 qua:
2869 3878 3120 3949 agimus,
3146 3881 3202 3932 et
3231 3877 3380 3947 quod
3419 3891 3532 3930 non
3566 3879 3803 3944 propter

2147 3960 2328 4026 aliud,
2361 3962 2458 4014 sed
2496 3964 2729 4029 propter
2759 3974 2820 4013 se
2851 3958 3036 4029 ipsum
3071 3961 3431 4028 appetentes,
3461 3954 3636 4024 idque
3667 3952 3800 4008 adi-

2151 4041 2460 4112 piscentes,
2496 4040 2640 4094 nihil
2673 4055 2788 4109 quo
2821 4039 2970 4093 beati
3004 4038 3207 4106 simus,
3253 4036 3494 4092 ulterius
3535 4033 3802 4105 requira-

2153 4141 2302 4178 mus.
2337 4121 2469 4177 Ideo
2502 4121 2714 4193 quippe
2746 4126 2802 4175 et
2833 4120 2967 4174 finis
3016 4124 3099 4174 est
3140 4120 3354 4186 dictus,
3396 4117 3535 4188 quia
3567 4121 3806 4186 propter

2150 4203 2305 4257 hunc
2329 4207 2534 4256 caetera
2557 4200 2849 4266 volumus,
2875 4200 3061 4270 ipsum
3089 4205 3282 4254 autem
3308 4196 3540 4253 nonnisi
3569 4199 3806 4266 propter

2150 4282 2365 4354 ipsum.
2401 4281 2515 4335 Hoc
2566 4297 2698 4351 ergo
2721 4281 3048 4335 beatitlcum
3094 4279 3314 4334 bonum
3339 4277 3432 4332 alii
3473 4293 3506 4332 a
3537 4291 3802 4346 corpore,

2148 4363 2244 4418 alii
2278 4362 2350 4416 ab
2382 4362 2595 4428 animo,
2629 4360 2725 4415 alii
2757 4361 2827 4414 ab
2868 4366 3112 4431 utroque
3144 4360 3202 4413 in
3249 4357 3486 4413 homine
3535 4371 3664 4412 esse
3713 4355 3806 4410 di-

2147 4448 2361 4499 xerunt
2380 4443 2421 4476 ²·
2453 4441 2743 4496 Videbant
2791 4441 3006 4512 quippe
3054 4441 3245 4508 ipsum
3287 4438 3579 4494 hominem
3623 4451 3808 4491 cons—

2149 4529 2272 4579 tare
2301 4540 2370 4578 ex
2399 4522 2593 4577 animo
2625 4528 2679 4577 et
2706 4537 2962 4593 corpore.
2995 4525 3052 4575 et
3083 4521 3210 4576 ideo
3244 4520 3316 4574 ab
3338 4518 3617 4574 alterutro
3664 4517 3807 4571 isto-

2151 4621 2280 4660 rum
2315 4603 2516 4669 dut‘im,
2551 4607 2652 4657 aut
2692 4602 2762 4658 ab
2797 4606 3044 4672 utroque
3095 4601 3240 4656 bene
3299 4600 3410 4654 sibi
3455 4613 3581 4654 esse
3636 4612 3811 4668 posse

2152 4685 2485 4751 credebant,
2521 4683 2679 4737 ﬁnali
2711 4683 2962 4753 quodam
2996 4683 3168 4750 bono,
3217 4697 3332 4752 quo
3385 4679 3535 4735 beati
3583 4681 3805 4743 essent,

2151 4782 2266 4836 quo
2299 4768 2508 4821 cuncta
2538 4780 2666 4833 quae
2699 4763 2946 4833 agebant
2975 4761 3276 4829 referrent,
3327 4763 3502 4831 atque
3544 4759 3602 4813 id
3627 4758 3647 4792 ³
3687 4774 3805 4828 quo

2152 4847 2516 4902 referendum
2548 4849 2700 4899 esset
2747 4859 2862 4897 non
2914 4842 3067 4897 ultra
3113 4846 3461 4912 quaererent.
3514 4838 3678 4894 Unde
3710 4838 3802 4893 illi

2152 4926 2252 4997 qui
2304 4927 2582 4980 dicuntur
2625 4923 2922 4978 addidisse
2966 4921 3202 4977 tertium
3253 4937 3436 4988 genus
3485 4920 3808 4987 bonorum,

2154 5007 2307 5077 quod
2335 5005 2660 5076 appellatur
2672 5003 3054 5070 extrinsecus,
3070 5002 3241 5058 sicuti
3264 5009 3350 5057 est
3371 5001 3577 5068 honor,
3593 4998 3810 5070 gloria,

2223 5219 2611 5280 tManusci-ipti
2657 5219 2835 5279 plures
2878 5219 3011 5273 loco,
3044 5217 3312 5271 visibilia,
3360 5215 3575 5280 habent,
3609 5213 3814 5280 invisi.

2156 5283 2316 5332 bilia.
2355 5277 2574 5341 Quidam
2604 5277 2730 5330 vero
2759 5285 3044 5342 utrumque
3071 5281 3180 5329 sic:
3217 5295 3252 5327 α
3279 5294 3387 5342 quo
3407 5277 3817 5342 etiaminvici-

2157 5339 2387 5456 biéicltoet
2400 5345 2656 5456 1{ilicibilia
2683 5355 2882 5393 cuncta
2905 5339 3090 5391 creata,
3117 5339 3360 5391 suntf—
3394 5342 3485 5389 Ms.
3518 5339 3630 5394 766,
3653 5340 3814 5388 invi-

2157 5426 2204 5456 sa
2244 5425 2262 5456 ι
2295 5424 2366 5456 ια.
2455 5447 2465 5456 .

2155 5424 2366 5458 suauia.
2400 5424 2465 5456 Μ.

2222 5471 2244 5504 ⁸
2274 5471 2485 5520 Codices
2515 5470 2628 5525 766.
2668 5467 2808 5526 2050,
2857 5467 2977 5516 2051
3022 5469 3076 5517 et
3124 5466 3264 5519 2053.
3310 5466 3419 5514 alii
3456 5465 3521 5514 ab
3566 5472 3815 5528 utroque

2157 5535 2376 5583 homini
2404 5548 2514 5580 esse
2551 5533 2836 5581 dixerunt.
2869 5531 2935 5579 Μ.

2224 5597 2244 5629 ³
2277 5595 2370 5643 llic
2400 5596 2457 5643 in
2487 5595 2614 5644 solis
2641 5595 2798 5643 editis
2827 5594 3070 5643 additum
3098 5595 3196 5652 est,
3233 5606 3359 5640 cum
3387 5592 3574 5652 forent
3605 5589 3816 5654 adepti.

2223 5658 2300 5720 (α)
2327 5656 2543 5720 Supple,
2571 5658 2790 5720 species.
