4128 6184
283 310 382 372 233

284 439 531 514 pecunia,
558 440 614 494 et
644 437 690 493 si
725 437 863 508 quid
895 433 1262 505 bujusmodi,
1285 450 1400 490 non
1427 433 1508 490 sic
1531 433 1904 504 addiderunt,

285 528 338 576 ut
366 519 530 576 ﬁnale
551 523 723 585 esset,
750 519 804 572 id
837 522 926 572 est
947 521 1175 587 propter
1196 532 1256 571 se
1278 516 1466 586 ipsum
1491 519 1908 587 appetendum,

282 603 370 659 sed
415 606 650 672 propter
689 599 888 664 aliud;
942 599 1277 668 bonumque
1351 603 1503 652 esset
1561 597 1669 653 hoc
1726 613 1912 668 genus

283 680 430 738 bonis
462 684 502 747 ',
537 680 755 736 malum
790 684 980 735 autem
1017 678 1207 733 malis.
1245 677 1330 732 Ita
1363 677 1582 732 bonum
1630 677 1908 745 hominis,

280 763 367 833 qui
396 761 483 814 vel
517 761 588 815 ab
621 761 836 824 animo,
884 757 970 813 vel
1020 775 1052 812 a
1103 773 1360 827 corpore,
1410 757 1497 811 vel
1543 759 1614 812 ab
1668 765 1914 828 utroque

281 841 683 914 expetiverunt,
718 839 860 895 nihil
892 839 1049 894 aliud
1084 855 1260 910 qnam
1292 839 1364 894 ab
1396 838 1630 894 homine
1650 849 1918 910 expeten-

284 928 404 979 dum
437 939 568 979 esse
614 925 982 992 putaverunt.
1035 920 1147 976 Sed
1197 921 1292 988 qui
1343 921 1397 975 id
1449 921 1855 991 appetiverunt
1885 936 1917 974 a

279 1021 526 1076 corpore,
577 1021 611 1059 a
659 1008 824 1074 parte
867 1001 1124 1058 hominis
1174 1002 1493 1069 deteriore;
1526 1002 1619 1070 qui
1666 1018 1798 1056 vero
1847 1002 1917 1056 ab

281 1088 490 1148 animo,
521 1101 550 1140 a
585 1089 746 1154 parte
776 1082 1050 1151 meliore;
1085 1081 1184 1153 qui
1225 1087 1421 1137 autem
1463 1085 1535 1137 ab
1584 1086 1854 1153 utroque,
1886 1098 1920 1136 a

277 1171 389 1222 toto
421 1165 680 1220 homine.
713 1163 844 1218 Sive
865 1179 1001 1234 ergo
1033 1180 1064 1217 a
1096 1172 1255 1234 parte
1279 1163 1558 1233 qualibet,
1584 1165 1704 1218 sive
1723 1181 1755 1218 a
1778 1168 1917 1230 toto,

278 1263 383 1303 non
417 1244 534 1301 nisi
565 1245 636 1300 ab
669 1243 925 1300 homine.
961 1242 1075 1300 Nec
1105 1245 1228 1298 istae
1258 1243 1613 1312 differentiae,
1647 1243 1919 1315 quoniam

276 1336 381 1385 tres
409 1334 572 1394 sunt,
603 1327 731 1382 ideo
761 1329 902 1391 tres,
929 1325 1030 1381 sed
1055 1323 1270 1381 multas
1303 1325 1701 1382 dissensiones
1732 1323 1921 1396 philo-

271 1408 588 1482 sophorum
646 1410 948 1478 sectasque
997 1406 1291 1461 fecerunt:
1351 1405 1490 1477 quia
1537 1411 1594 1462 et
1638 1408 1708 1463 de
1768 1409 1921 1466 bono

272 1489 550 1560 corporis,
583 1493 636 1544 et
665 1489 734 1542 de
779 1489 930 1542 bono
979 1485 1183 1555 animi,
1215 1489 1273 1542 et
1318 1487 1390 1542 de
1420 1487 1572 1544 bono
1613 1489 1923 1562 utriusque

272 1569 484 1626 diversi
517 1567 747 1624 diversa
778 1565 998 1638 opinati
1029 1571 1168 1622 sunt
1216 1566 1314 1639 (a).
1360 1566 1582 1623 Cedant
1632 1570 1813 1641 igitur
1861 1571 1922 1628 hi

272 1667 474 1707 omnes
508 1649 628 1704 illis
659 1647 1048 1720 philosophis,
1082 1648 1182 1718 qui
1232 1664 1346 1703 non
1389 1649 1657 1705 dixerunt
1690 1651 1920 1708 beatum

273 1749 394 1789 esse
443 1731 751 1787 hominem
811 1729 1100 1785 fruentem
1179 1745 1433 1800 corpore,
1498 1731 1582 1787 vel
1639 1733 1920 1789 fruentem

271 1815 494 1883 animo,
523 1813 618 1869 sed
653 1814 940 1868 fruentem
991 1812 1145 1868 Deo:
1179 1829 1294 1868 non
1345 1813 1496 1869 sicut
1549 1829 1788 1884 corpore
1836 1815 1924 1872 vel

275 1914 336 1970 se
365 1897 498 1968 ipso
525 1897 777 1956 animus.
811 1900 912 1950 aut
956 1894 1103 1950 sicut
1133 1897 1318 1951 amico
1366 1898 1611 1966 amicus,
1646 1900 1741 1953 sed
1775 1899 1928 1954 sicut

267 1975 397 2033 luce
428 1978 678 2043 oculus;
713 1977 764 2031 si
795 1975 1018 2048 aliquid
1047 1976 1118 2030 ab
1149 1976 1240 2031 his
1285 1977 1354 2030 ad
1399 1978 1498 2032 illa
1529 1978 1927 2034 similitudinis

265 2058 638 2114 afferendum
669 2062 758 2111 est
780 2057 822 2123 9,
855 2057 1005 2124 quod
1039 2056 1200 2127 quale
1231 2057 1326 2121 sit,
1359 2058 1408 2110 si
1441 2059 1592 2114 Deus
1615 2059 1739 2129 ipse
1769 2061 1931 2128 adju-

265 2138 440 2204 verit,
478 2136 592 2191 alio
623 2135 771 2202 loco,
805 2141 1090 2206 quantum
1113 2152 1214 2207 per
1235 2153 1338 2191 nos
1362 2136 1483 2191 fieri
1509 2139 1734 2207 poterit,
1759 2155 1934 2208 appa-

260 2218 441 2272 rebit.
478 2215 626 2287 [IX.]
658 2216 822 2270 Nunc
853 2216 996 2270 satis
1025 2215 1098 2269 sit
1128 2231 1602 2283 commemorare,
1630 2218 1931 2271 Platonem

260 2298 710 2352 determinasse
743 2295 920 2349 ﬁnem
953 2295 1089 2349 boni
1117 2311 1266 2359 esse,
1309 2297 1631 2351 secundum
1663 2298 1932 2352 virtutem

251 2378 494 2440 vivere,
526 2381 582 2430 et
606 2376 658 2429 ei
691 2373 801 2430 soli
850 2375 1078 2429 evenire
1127 2390 1318 2445 posse,
1368 2376 1470 2446 qui
1519 2375 1783 2430 notitiam
1837 2378 1933 2432 Dei

251 2457 498 2512 habeat
530 2460 585 2508 et
616 2453 1003 2509 imitationem
1033 2471 1047 2522 ;
1083 2470 1188 2510 nec
1217 2470 1342 2509 esse
1386 2455 1561 2510 aliam
1592 2459 1666 2510 ob
1696 2472 1934 2512 causam

248 2539 537 2595 beatum.
575 2536 824 2606 Ideoque
846 2553 962 2590 non
984 2536 1214 2591 dubitat
1242 2535 1350 2592 hoc
1370 2553 1497 2594 esse
1519 2538 1936 2610 philosophari,

251 2631 482 2673 amare
520 2614 704 2669 Deum
733 2632 746 2680 ;
781 2617 949 2685 cujus
982 2621 1190 2671 natura
1223 2617 1301 2672 sit
1349 2617 1745 2688 incorporalis.
1781 2619 1940 2674 Unde

257 2700 488 2768 utique
526 2695 846 2765 colligitur,
883 2704 1019 2750 tunc
1052 2696 1170 2750 fore
1205 2697 1434 2750 beatum
1481 2697 1803 2754 studiosum
1837 2717 1938 2754 sa-

255 2774 628 2850 pientiae(id
661 2775 816 2829 enim
868 2779 958 2829 est
1003 2774 1430 2846 philosOphus),
1482 2793 1612 2832 cum
1663 2779 1777 2835 Deo
1826 2779 1939 2834 frui

259 2857 550 2928 cceperit.
585 2855 862 2921 Quamvis
902 2855 1057 2909 enim
1110 2872 1226 2910 non
1268 2858 1544 2913 continuo
1592 2860 1791 2916 beatus
1840 2861 1937 2927 sit,

256 2941 359 3010 qui
396 2953 474 2993 eo
517 2935 730 2990 fruitur
761 2935 914 3006 quod
947 2943 1138 3002 amat;
1175 2934 1342 2990 multi
1390 2937 1546 2992 enim
1595 2942 1842 2996 amando
1873 2957 1942 2997 ea

259 3033 402 3089 quae
439 3017 710 3072 amanda
741 3031 856 3070 non
887 3026 1040 3082 sunt,
1085 3014 1280 3070 miseri
1329 3022 1488 3084 sunt,
1522 3023 1577 3074 et
1609 3021 1940 3076 miseriores

258 3114 398 3153 cum
440 3098 773 3151 fruuntur:
801 3111 970 3151 nemo
995 3102 1192 3150 tamen
1225 3096 1428 3152 beatus
1449 3103 1558 3166 est,
1583 3104 1680 3171 qui
1700 3118 1765 3156 eo
1783 3102 1942 3174 quod

256 3183 426 3234 amat
461 3193 597 3232 non
631 3175 857 3231 fruitur.
893 3175 1127 3246 Namget
1155 3175 1267 3246 ipsi
1318 3178 1412 3248 qui
1465 3195 1552 3235 res
1584 3197 1699 3236 non
1731 3199 1940 3238 aman-

257 3259 365 3314 das
415 3263 653 3320 amant,
705 3272 820 3312 non
870 3271 932 3312 se
980 3257 1179 3311 beatos
1241 3259 1486 3314 amando
1555 3266 1781 3331 putant,
1843 3271 1941 3326 sed

256 3340 551 3395 fruendo.
583 3336 862 3407 Quisquis
885 3352 1020 3406 ergo
1044 3336 1259 3392 fruitur
1280 3354 1345 3393 eo
1372 3341 1521 3409 quod
1545 3348 1719 3409 amat,
1739 3359 1943 3398 verum

261 3437 379 3496 que
407 3424 473 3476 et
510 3434 821 3473 summum
855 3419 1071 3472 bonum
1122 3423 1296 3487 amat,
1352 3419 1484 3490 quis
1533 3437 1666 3477 eum
1707 3423 1944 3477 beatum

262 3501 381 3557 nisi
439 3500 834 3556 miserrimus
885 3498 1095 3570 negat?
1137 3497 1329 3568 ipsum
1387 3507 1584 3556 autem
1641 3520 1839 3558 verum
1883 3518 1948 3557 ac

263 3599 608 3638 summum
643 3583 861 3636 bonum
896 3579 1052 3634 Plato
1083 3580 1226 3634 dicit
1248 3580 1454 3648 Deum,
1488 3584 1640 3637 unde
1671 3585 1791 3637 vult
1821 3599 1948 3639 esse

257 3663 720 3736 philosOphum
751 3667 1071 3716 amatorem
1109 3661 1224 3727 Dei,
1260 3667 1343 3726 ut,
1377 3663 1652 3732 quoniam
1692 3666 1945 3735 phllOSO-

260 3747 407 3815 pbia
442 3749 522 3798 ad
569 3747 798 3798 beatam
833 3743 1009 3796 vitam
1043 3741 1227 3796 tendit
1260 3743 1459 3798 fruens
1492 3743 1605 3798 Deo
1638 3747 1713 3798 sit
1744 3751 1947 3802 beatus

260 3826 360 3896 qui
400 3826 618 3881 Deum
651 3823 952 3879 amaverit.

255 4010 514 4068 CAPUT
563 4008 678 4065 IX.
712 4037 780 4048 —-
811 4007 881 4060 De
912 4022 976 4062 ea
1005 4005 1354 4076 philosophia
1403 4018 1521 4075 quae
1569 4002 1637 4056 ari
1667 4003 1951 4056 veritatem

633 4089 764 4160 ﬁdei
791 4090 1113 4144 christiana.
1149 4091 1372 4160 propius
1393 4085 1630 4141 accessit.

333 4226 742 4292 Quicumque
789 4224 964 4292 igitur
1022 4222 1352 4295 philosophi
1385 4222 1457 4277 de
1491 4226 1600 4276 Deo
1643 4233 1868 4274 summo
1897 4220 1954 4273 et

261 4325 401 4365 vero
429 4312 563 4365 ista
600 4311 934 4371 senserunt,
970 4303 1126 4374 quod
1158 4313 1211 4358 et
1258 4319 1449 4358 rerum
1499 4306 1827 4357 creaturam
1877 4300 1954 4354 sit

261 4389 560 4455 effector,
625 4396 684 4444 et
731 4391 932 4442 lumen
995 4386 1566 4456 cognoscendarum,
1624 4385 1681 4437 et
1738 4381 1951 4436 bonum

256 4471 665 4543 agendarum
693 4487 707 4535 ;
743 4467 897 4538 quod
929 4466 1000 4520 ab
1028 4465 1125 4520 illo
1158 4464 1326 4520 nobis
1376 4465 1454 4518 sit
1501 4467 1558 4518 et
1607 4461 1952 4543 principium

259 4542 529 4620 natura,
570 4555 639 4606 et
669 4549 879 4604 veritas
919 4545 1216 4610 doctrinis,
1250 4548 1307 4600 et
1354 4544 1600 4599 felicitas
1632 4542 1757 4596 vita:
1791 4558 1805 4610 ;
1841 4542 1959 4596 sive

258 4632 582 4690 Platonici
619 4628 1127 4686 accommodatius
1164 4630 1590 4697 nuncupentur,
1623 4623 1742 4679 sive
1773 4622 1958 4692 quod-

257 4715 401 4771 libet
437 4713 636 4770 aliud
669 4716 841 4767 sectas
873 4725 989 4766 suae
1037 4724 1248 4765 nomen
1280 4707 1622 4777 imponant;
1655 4703 1775 4758 sive
1829 4707 1961 4757 tan-

259 4795 610 4851 tummodo
673 4791 856 4847 Ionici
898 4791 1149 4863 generis,
1192 4788 1291 4860 qui
1342 4787 1400 4842 in
1442 4786 1526 4841 eis
1560 4782 1837 4855 praecipui
1869 4783 1959 4836 t‘u-

255 4883 465 4944 erunt,
503 4876 648 4931 ista
679 4874 990 4938 senserint,
1024 4871 1170 4925 sicut
1204 4868 1354 4922 idem
1391 4865 1573 4935 Plato,
1608 4868 1665 4919 et
1691 4863 1790 4935 qui
1830 4877 1963 4944 eum

256 4958 415 5014 bene
447 4943 926 5018 intellexerunt;
958 4952 1078 5007 sive
1125 4949 1302 5004 etiam
1352 4945 1556 5010 Italici,
1598 4949 1834 5015 propter
1865 4943 1966 5014 Py-

257 5039 607 5113 thagoram
650 5040 708 5090 et
741 5035 1152 5106 Pythagoreos,
1186 5040 1236 5113 et
1269 5028 1318 5083 si
1350 5027 1446 5098 qui
1482 5029 1626 5113 forte
1677 5025 1787 5113 alii.
1809 5024 1964 5093 ejus-

257 5104 404 5176 dem
433 5104 800 5176 sententiae
836 5113 1157 5168 identidem
1216 5112 1497 5176 fuerunt;
1549 5108 1669 5162 sive
1718 5104 1964 5160 aliarum

259 5216 522 5274 quoque
557 5196 866 5271 gentium,
901 5193 1002 5265 qui
1043 5193 1333 5265 sapientes
1364 5189 1451 5246 vel
1499 5186 1832 5260 philosOphi
1865 5185 1970 5241 ha-

333 5387 351 5420 1
389 5381 490 5433 Sic
535 5379 686 5430 Mss.
719 5377 786 5425 At
813 5376 962 5434 editi,
995 5375 1104 5425 Sed
1137 5377 1359 5438 propter
1391 5373 1554 5423 aliud
1599 5371 1823 5434 bonum,
1867 5386 1972 5436 quo

261 5453 408 5498 esset
443 5447 564 5495 hoc
597 5455 793 5504 genus
810 5439 1219 5504 bonumﬁonis.
1251 5440 1346 5488 etc.

329 5513 352 5545 ³
383 5509 575 5561 EditL
598 5499 700 5552 'ad
727 5502 861 5550 illas
885 5501 1284 5550 similitudines
1301 5501 1652 5564 aﬂerendum
1675 5507 1768 5551 est.
1790 5499 1974 5549 Emen-

267 5575 488 5624 dantur
521 5583 607 5619 ex
644 5565 1045 5628 manuscriptis.

329 5639 414 5700 (α)
458 5634 617 5684 Vide
653 5629 815 5690 intra,
847 5627 939 5675 lib;
977 5628 1054 5688 19,
1084 5639 1197 5690 cap.
1227 5627 1276 5680 2.

650 5719 927 5782 Paeon.
971 5716 1122 5780 XLI.

1645 303 1876 364 LIBER
1919 301 2298 365 OCTAVUS.

3539 314 3657 372 234

2016 435 2119 490 biti
2161 438 2323 504 sunt,
2358 433 2633 490 Atlantici
2668 435 2862 508 Libyci
2895 440 2909 473 ί
2963 439 3236 512 .Egyptii,
3270 440 3416 507 Indi,
3448 440 3654 504 Persae.

2016 516 2290 582 Chaldaei,
2342 516 2584 587 Scythae,
2615 516 2781 584 Galli,
2815 517 3054 589 Hispani
3101 521 3311 590 aliique
3368 527 3659 592 reperiun-

2017 603 2136 664 tur,
2169 598 2262 668 qui
2296 596 2404 652 hoc
2439 597 2686 652 viderint
2731 615 2797 652 ac
2828 601 3150 669 docuerint,
3184 618 3282 656 eos
3322 619 3521 658 omnes
3552 620 3661 658 cas-

2018 679 2156 733 teris
2187 678 2622 748 anteponimus,
2654 695 2870 750 eosque
2903 681 3069 736 nobis
3101 683 3540 754 propinquiores
3573 683 3662 739 fa-

2022 764 2238 818 temur.

2023 946 2251 1004 CAPUT
2281 947 2345 1002 X.
2380 979 2448 988 —-
2479 949 2608 1016 Qum
2637 949 2714 1004 sit
2744 952 2887 1006 inter
2911 951 3318 1023 philosOphicas
3347 960 3494 1009 artes
3529 955 3666 1011 reti-

2412 1033 2557 1099 giosi
2590 1031 2919 1087 excellentia
2951 1033 3276 1088 christiani.

2099 1164 2149 1220 1.
2185 1166 2462 1231 Quamvis
2492 1167 2644 1222 enim
2678 1168 2852 1223 homo
2895 1167 3249 1225 christianus
3297 1170 3505 1227 litteris
3535 1175 3674 1225 tan-

2026 1250 2148 1300 tum
2210 1245 2617 1303 ecclesiasticis
2675 1252 2957 1314 eruditus,
3016 1249 3447 1306 Platonicorum
3525 1251 3673 1306 forte

2027 1341 2237 1381 nomen
2268 1326 2513 1397 ignoret,
2548 1345 2651 1384 nec
2685 1334 2880 1385 utrum
2911 1331 3024 1385 duo
3048 1346 3258 1402 genera
3290 1332 3674 1404 philosopho-

2026 1422 2156 1461 rum
2188 1407 2518 1464 exstiterint
2549 1408 2607 1464 in
2639 1425 2824 1480 graeca
2852 1410 3074 1482 lingua,
3102 1412 3429 1468 Ionicorum
3460 1421 3514 1469 et
3555 1412 3676 1468 Ita-

2027 1485 2296 1553 licorum,
2329 1487 2476 1543 sciat
2507 1504 2521 1556 ;
2557 1506 2671 1545 non
2706 1498 2894 1546 tamen
2931 1492 3012 1547 ita
3041 1494 3257 1548 surdus
3289 1498 3378 1549 est
3409 1494 3466 1550 in
3499 1493 3676 1548 rebus

2027 1567 2326 1634 humanis,
2356 1573 2421 1624 ut
2470 1570 2692 1627 nesciat
2724 1571 3103 1645 philosophos
3135 1575 3225 1630 val
3267 1575 3524 1630 studium
3574 1590 3677 1630 sa-

2029 1650 2279 1719 pientiae,
2312 1651 2400 1706 vel
2433 1651 2618 1722 ipsam
2653 1654 2996 1723 sapientiam
3047 1658 3326 1727 profiteri.
3361 1657 3533 1713 Cavet
3577 1673 3677 1712 eos

2029 1737 2247 1797 tamen,
2285 1733 2383 1804 qui
2415 1735 2732 1790 secundum
2770 1738 3058 1791 elementa
3091 1738 3268 1808 hujus
3299 1739 3506 1793 mundi
3543 1738 3679 1809 phi—

2031 1810 2430 1882 losophantur,
2478 1832 2591 1871 non
2647 1816 2971 1872 secundum
3034 1819 3239 1885 Deum,
3287 1835 3320 1874 a
3378 1835 3492 1890 quo
3553 1820 3679 1890 ipse

2031 1892 2218 1948 factus
2276 1899 2363 1950 est
2420 1898 2698 1952 mundus.
2758 1900 3122 1954 Admonetur
3181 1900 3332 1954 enim
3394 1905 3680 1972 praecepto

2033 1973 2373 2042 apostolico,
2418 1977 2779 2047 fideliterque
2837 1979 3004 2033 audit
3061 1982 3212 2049 quod
3274 1981 3494 2034 dictum
3532 1989 3618 2035 est
3663 1995 3678 2036 :

2036 2052 2231 2108 Cavete
2260 2071 2327 2110 ne
2354 2058 2473 2125 quis
2500 2074 2598 2110 vos
2637 2058 2875 2126 decipiat
2902 2074 3002 2128 per
3028 2059 3432 2128 philosOphiam
3471 2065 3518 2114 et
3551 2059 3680 2114 ina-

2033 2148 2159 2187 nem
2210 2135 2598 2202 seductionem,
2659 2137 2955 2192 secundum
3011 2139 3280 2194 elementa
3328 2139 3521 2192 mundi
3559 2139 3686 2203 (Co-

2039 2210 2164 2264 loss.
2200 2228 2260 2276 η,
2293 2213 2372 2281 8).
2407 2213 2624 2268 Deinde
2660 2230 2729 2267 ne
2775 2232 2978 2270 omnes
3013 2217 3154 2272 tales
3195 2233 3321 2272 esse
3351 2218 3684 2284 arbitretur,

2040 2292 2204 2346 audit
2235 2291 2304 2345 ab
2330 2294 2528 2348 eodem
2564 2298 2827 2362 apostolo
2868 2295 2983 2349 dici
3031 2297 3101 2350 de
3132 2297 3509 2366 quibusdam,
3546 2298 3688 2365 Quia

2040 2375 2183 2441 quod
2230 2380 2421 2426 notum
2470 2379 2549 2428 est
2594 2376 2710 2436 Dei,
2743 2377 3095 2443 manifestum
3145 2381 3222 2431 est
3270 2379 3332 2431 in
3377 2376 3518 2431 illis.
3554 2379 3690 2433 Deus

2039 2452 2193 2505 enim
2243 2451 2364 2506 illis
2420 2455 2828 2523 mani/estavit.
2893 2454 3208 2510 Invisibilia
3263 2455 3412 2510 enim
3464 2458 3598 2525 eius,
3656 2474 3692 2512 a

2040 2532 2432 2586 constitutione
2460 2535 2678 2599 mundi,
2709 2549 2809 2602 per
2827 2549 2894 2588 ea
2922 2551 3042 2606 quae
3060 2542 3207 2604 [acta
3235 2544 3387 2601 sunt,
3412 2536 3691 2592 intellecta

2044 2614 2508 2680 conspiciuntur;
2569 2615 2912 2683 sempiterna
2970 2631 3184 2686 quoque
3231 2619 3407 2670 virtus
3453 2618 3574 2681 eius
3637 2620 3693 2671 et

2044 2690 2309 2745 divinitas
2339 2690 2513 2762 (Rom.
2547 2709 2588 2758 t,
2616 2693 2700 2758 19,
2731 2694 2845 2760 20).
2883 2694 2948 2747 Et
2980 2694 3076 2749 ubi
3112 2693 3568 2750 Atheniensibus
3608 2695 3690 2750 lo-

2047 2786 2250 2841 quens,
2288 2786 2420 2824 cum
2463 2787 2581 2826 rem
2619 2788 2889 2842 magnam
2934 2773 3004 2828 de
3041 2775 3149 2828 Deo
3181 2774 3443 2842 dixisset,
3477 2778 3533 2830 et
3566 2792 3690 2845 quae

2046 2867 2078 2905 a
2107 2851 2306 2920 paucis
2355 2850 2536 2920 possit
2567 2851 2836 2922 intelligi,
2869 2854 3020 2923 quod
3056 2855 3111 2908 in
3153 2853 3254 2910 illo
3285 2857 3544 2922 vivimus,
3575 2871 3693 2912 mo-

2043 2947 2232 2987 vemur
2261 2940 2313 2986 et
2359 2947 2549 2988 sumus
2576 2949 2597 2995 ,'
2630 2933 2840 3003 adjecit
2869 2939 2926 2989 et
2977 2935 3078 3002 ait,
3112 2934 3266 2991 Sicut
3295 2945 3344 2991 et
3376 2936 3540 2992 vestri
3568 2936 3691 3007 qui-

2044 3012 2178 3066 dam
2224 3011 2492 3068 dixerunt
2559 3013 2699 3084 (Act.
2765 3030 2902 3079 xvu,
2935 3014 3046 3084 28).
3106 3014 3273 3069 Novit
3329 3033 3469 3082 sane
3518 3019 3690 3072 etiam

2044 3091 2222 3162 ipsos,
2257 3093 2314 3146 in
2349 3094 2567 3164 quibus
2609 3099 2831 3158 errant,
2865 3111 3088 3150 cavere.
3125 3094 3229 3150 Ubi
3279 3097 3434 3151 enim
3471 3097 3693 3155 dictum

2046 3172 2323 3242 estquod
2355 3189 2457 3244 per
2487 3189 2554 3228 ea
2602 3188 2728 3243 quae
2780 3174 2927 3228 facta
2957 3183 3113 3240 sunt,
3149 3174 3304 3229 Deus
3350 3174 3466 3229 illis
3512 3176 3696 3232 mani-

2046 3251 2281 3306 festavit
2316 3251 2615 3307 intellectu
2649 3253 3402 3323 conspiciendainvisibilia
3432 3271 3537 3309 sua
3569 3270 3582 3320 ;
3616 3255 3696 3311 ibi

2047 3331 2224 3384 etiam
2257 3330 2475 3385 dictum
2507 3335 2616 3396 est,
2651 3348 2766 3385 non
2797 3332 2928 3386 illos
2965 3331 3160 3402 ipsum
3195 3331 3378 3386 Deum
3411 3337 3567 3388 recte
3605 3349 3694 3387 co-

2049 3409 2250 3476 luisse,
2301 3412 2441 3479 quia
2483 3415 2540 3465 et
2571 3410 2700 3464 aliis
2734 3413 2928 3474 rebus,
2959 3412 3172 3480 quibus
3225 3428 3337 3466 non
3371 3413 3696 3481 oportebat,

2048 3489 2276 3543 divinos
2307 3489 2554 3544 honores
2587 3491 2671 3543 illi
2697 3492 2797 3545 uni
2830 3495 3054 3544 tantum
3075 3489 3297 3544 debitos
3325 3490 3693 3545 detulerunt:

2047 3568 2330 3638 Quoniam
2368 3574 2742 3637 cognoscentes
2776 3570 2964 3634 Deum,
3001 3585 3110 3622 non
3156 3571 3296 3621 sicut
3328 3569 3494 3620 Deum
3525 3568 3698 3637 glori-

2049 3648 2376 3716 ﬁcaverunt,
2403 3652 2500 3701 aut
2548 3650 2762 3713 gratias
2810 3653 3042 3714 egerunt
3073 3664 3092 3708 ;
3141 3646 3230 3700 sed
3267 3650 3608 3700 evanuerunt
3637 3647 3696 3702 in

2050 3728 2479 3798 cogitationibus
2517 3731 2655 3790 suis,
2688 3740 2737 3782 et
2775 3729 3121 3782 obscuratum
3152 3732 3227 3780 est
3269 3726 3538 3791 insipiens
3603 3744 3700 3782 cor

2051 3825 2263 3866 earum.
2299 3810 2544 3862 Dicentes
2593 3811 2743 3861 enim
2795 3824 2852 3862 se
2881 3823 2992 3862 esse
3040 3806 3310 3875 sapientes
3357 3808 3515 3860 stulti
3566 3811 3704 3876 facti

2051 3895 2196 3954 sunt,
2231 3895 2281 3944 el
2339 3893 2771 3944 immulaverunt
2819 3890 3057 3961 gloriam
3114 3888 3552 3956 incorruptibilis
3601 3894 3706 3947 Dei

2052 3973 2112 4028 in
2161 3972 2589 4027 similitudinem
2650 3973 2920 4041 imaginis
2970 3969 3350 4037 corruptibilis
3373 3971 3626 4032 hominis,
3651 3980 3705 4025 et

2051 4055 2350 4114 volucrum,
2393 4061 2442 4107 et
2489 4052 2924 4122 quadrupedum,
2955 4060 3001 4104 et
3055 4053 3397 4118 serpentium
3449 4051 3624 4119 (Rom.
3662 4067 3700 4117 ι,

2051 4136 2264 4204 21-23).
2301 4132 2406 4188 Ubi
2448 4147 2497 4186 et
2559 4133 2870 4196 Romanos,
2904 4138 2957 4186 et
3009 4132 3253 4199 Graecos,
3287 4138 3344 4186 et
3385 4131 3703 4202 Egyptias,

2055 4216 2156 4286 qui
2187 4217 2255 4268 de
2282 4213 2581 4283 sapientia:
2606 4213 2843 4268 nomine
2873 4213 3096 4278 gloriati
3129 4219 3290 4277 sunt,
3327 4213 3460 4266 fecit
3490 4212 3705 4266 intelli-

2056 4296 2134 4365 gi.
2167 4293 2279 4350 Sed
2320 4295 2390 4349 de
2445 4293 2554 4348 hoc
2593 4309 2724 4348 cum
2767 4293 2896 4348 istis
2944 4293 3318 4363 postmodum
3381 4292 3707 4363 disputabi-

2058 4393 2211 4430 mus.
2246 4377 2306 4430 In
2341 4391 2455 4444 quo
2488 4379 2685 4429 autem
2727 4374 2896 4428 nobis
2929 4373 3304 4428 consentiunt
3334 4373 3403 4426 de
3441 4389 3555 4428 uno
3596 4375 3718 4434 Deo,

2055 4455 2235 4525 hujus
2269 4454 2668 4511 universitatis
2715 4460 2969 4519 auctore,
3002 4454 3100 4524 qui
3154 4469 3270 4508 non
3303 4451 3496 4508 solum
3531 4469 3723 4524 super:

2055 4535 2253 4591 omnia
2281 4551 2524 4606 corpora
2555 4539 2645 4590 est
2673 4535 3074 4605 incorporeus,
3101 4549 3303 4588 verum
3327 4533 3500 4588 etiam
3533 4548 3712 4604 super

2057 4631 2259 4671 omnes
2287 4616 2516 4670 animas
2537 4613 3016 4685 incorruptibilis,
3032 4611 3388 4683 principium
3420 4615 3708 4681 nostrum,

2057 4697 2260 4752 lumen
2293 4699 2581 4763 nostrum,
2614 4696 2835 4751 bonum
2855 4701 3142 4753 nostrum,
3179 4692 3236 4746 in
3270 4691 3379 4745 hoc
3409 4705 3506 4746 eos
3539 4696 3712 4746 caste-

2061 4777 2143 4833 ris
2203 4778 2646 4847 anteponimus.

2134 4860 2188 4911 2.
2224 4846 2508 4926 [X.]’Nec,
2543 4853 2590 4907 si
2635 4853 2862 4907 litteras
2911 4864 3112 4904 eorum
3154 4846 3515 4902 christianus
3545 4847 3712 4918 igno-

2068 4952 2227 5002 rans,
2259 4934 2450 4988 verbis
2507 4947 2635 5002 quae
2668 4947 2781 4985 non
2833 4929 3033 4985 didicit
3063 4929 3120 4985 in
3164 4928 3561 5000 disputatione
3593 4945 3713 4985 non

2070 5015 2274 5082 utitur,
2303 5021 2362 5067 ut
2383 5012 2468 5067 vel
2504 5011 2824 5066 naturalem
2856 5009 3057 5079 latine,
3075 5009 3162 5066 vel
3194 5009 3498 5082 physicam
3533 5024 3718 5080 graece

2145 5304 2436 5368 iPlerique
2481 5301 2852 5367 manuscripti,
2903 5301 3118 5367 Libyes.
3168 5303 3327 5354 Pauci
3362 5315 3494 5368 cum
3547 5300 3722 5368 editis,

2078 5369 2282 5431 Libyci.
2318 5367 2422 5417 HOs
2452 5368 2781 5432 Leonardnm
2804 5369 3104 5432 Coquaeum
3121 5369 3286 5416 secuti
3303 5367 3520 5432 minime
3539 5367 3726 5432 distin-

2079 5430 2289 5494 guimus
2318 5432 2384 5479 ab
2413 5431 2712 5490 Atlanticis,
2732 5445 2863 5494 quos
2889 5430 2978 5480 ille
3005 5432 3254 5479 observat
3287 5430 3454 5494 dictos
3485 5430 3723 5493 Lybicos,

2079 5492 2239 5558 quod,
2270 5495 2330 5542 ut
2352 5494 2603 5558 Laertius
2650 5492 2828 5554 tradit,
2861 5495 3091 5558 Lybicus
3129 5494 3290 5542 fuisse
3321 5492 3470 5558 Atlas
3513 5505 3608 5558 rex
3635 5492 3728 5545 ille

2080 5554 2448 5615 Mauritaniae,
2479 5557 2573 5617 qui
2606 5570 2822 5608 cursum
2854 5554 3000 5619 solis,
3028 5558 3187 5606 lunae
3230 5568 3292 5605 ac
3319 5554 3553 5606 siderum
3583 5557 3728 5608 inve-

2082 5621 2304 5683 stigasse
2331 5619 2538 5670 dicitur.

3171 5708 3409 5790 (Huit.)
