4128 6184
457 365 576 424 235

453 497 703 572 appellet
732 510 858 551 eam
889 499 1109 566 partem
1142 491 1200 546 in
1235 505 1346 572 qua
1373 489 1444 572 de
1474 485 1850 572 inquisitione
1872 491 2091 538 naturae

453 559 756 644 tractalur,
788 585 840 631 et
871 559 1209 628 rationalem
1250 571 1371 626 sive
1402 567 1671 638 logicam,
1706 567 1764 620 in
1797 582 1913 637 qua
1943 580 2094 634 quie-

452 660 600 714 ritur
627 672 881 728 quonam
918 653 1081 708 modo
1113 649 1324 705 veritas
1385 649 1598 720 percipi
1645 647 1846 728 possit,
1879 650 1935 728 et
1969 659 2091 698 mo-

447 727 746 794 ralemivel
777 735 1048 799 ethicam,
1083 731 1140 785 in
1174 747 1285 801 qua
1303 729 1374 784 de
1402 729 1660 783 moribus
1691 727 1884 797 agitur
1916 727 2093 780 bono-

446 835 695 889 rumque
729 817 947 870 tinibus
995 811 1338 883 appetendis
1372 809 1769 889 malorumque
1812 805 2088 870 vitandis,

443 899 572 953 ideo
604 888 791 952 nescit
815 895 884 949 ab
936 909 1052 948 uno
1094 908 1224 946 vero
1255 891 1371 945 Deo
1415 894 1589 959 atque
1627 888 1872 958 optimo,
1905 890 1961 940 et
1993 901 2088 939 na-

351 997 354 999 ‘
445 987 634 1034 turam
667 975 834 1030 nobis
864 990 1008 1041 esse,
1038 989 1155 1044 qua
1190 971 1322 1027 facti
1359 971 1428 1026 ad
1461 974 1591 1039 ejus
1638 968 1951 1058 imaginem
1984 982 2090 1020 su-

445 1074 596 1120 mus,
645 1061 702 1110 et
732 1054 1080 1121 doctrinam,
1117 1070 1232 1123 qua
1283 1067 1416 1107 eum
1469 1064 1691 1120 nosque
1731 1054 2084 1111 noverimus,

440 1145 492 1194 et
535 1137 803 1206 gratiam,
838 1151 955 1206 qua
1001 1132 1085 1187 illi
1129 1131 1473 1188 cohaerendo
1514 1130 1668 1184 beati
1717 1129 1922 1182 simus.
1957 1125 2086 1181 limo

441 1218 639 1288 itaque
671 1233 849 1272 causa
899 1220 986 1269 est
1031 1229 1137 1269 cur
1194 1216 1343 1298 istos
1394 1211 1616 1298 caeteris
1675 1209 2082 1298 praeferamus;

440 1299 575 1369 quia
605 1313 736 1352 cum
786 1296 883 1351 alii
944 1291 1565 1378 philosophiﬂingenia
1612 1288 2083 1378 sua_studiaqu.e

439 1368 814 1434 c’ontriverint
866 1376 925 1429 in
977 1373 1342 1445 requirendis
1376 1388 1564 1426 rerum
1599 1368 1814 1433 causis,
1847 1372 1904 1422 et
1961 1368 2085 1435 qni-

441 1475 575 1514 nam
609 1463 760 1512 esset
786 1455 996 1510 modus
1027 1453 1290 1508 discendi
1325 1458 1496 1523 atque
1530 1449 1790 1516 vivendi;
1840 1447 1936 1501 isti
1973 1447 2083 1500 Deo

439 1541 673 1611 cognito
707 1540 1044 1607 repererunt
1077 1536 1172 1590 ubi
1204 1542 1360 1590 esset
1390 1550 1566 1620 causa
1596 1531 1925 1620 constitutas
1962 1529 2084 1620 uni-

434 1610 745 1685 versitatis,
772 1625 827 1672 et
860 1619 959 1671 lux
1007 1616 1387 1687 percipiendae
1418 1614 1698 1700 veritatis,
1729 1618 1786 1700 et
1835 1612 1963 1700 toris
1995 1610 2080 1700 bi-

437 1701 637 1754 bendae
671 1699 976 1754 felicitatis.
1010 1698 1138 1751 Sive
1171 1713 1304 1766 ergo
1338 1694 1431 1749 isti
1467 1693 1768 1758 Platonici,
1811 1692 1927 1745 sive
1957 1692 2085 1760 qni-

435 1797 685 1851 cumque
727 1779 823 1833 alii
874 1777 1267 1849 quarumlibet
1309 1775 1570 1847 gentium
1643 1771 1970 1843 philosophi
2011 1771 2082 1825 de

434 1861 548 1916 Deo
607 1863 720 1914 ista
767 1860 1048 1923 sentiunt,
1101 1858 1402 1912 nobiscum
1457 1854 1738 1910 sentiunt.
1781 1851 1892 1906 Sed
1954 1851 2081 1906 ideo

436 1957 571 1995 cum
605 1939 917 1994 Platonicis
961 1937 1148 2008 magis
1180 1937 1399 2007 placuit
1439 1935 1589 1988 banc
1620 1948 1856 1988 causam
1890 1945 2078 2000 agere,

437 2024 576 2093 quia
608 2037 807 2076 eorum
859 2025 999 2074 sunt
1028 2018 1230 2072 litterae
1263 2016 1538 2071 notiores.
1576 2014 1720 2070 Nam
1771 2018 1828 2066 et
1875 2011 2076 2078 Graeci,

437 2117 688 2171 quorum
722 2099 916 2172 lingua
939 2102 995 2152 in
1029 2100 1302 2170 gentibus
1336 2095 1686 2184 praemi-net,
1718 2109 1842 2184 eas”
1867 2108 2080 2162 magna

432 2181 842 2254 praedicatione
871 2179 1238 2235 celebrarunt
1259 2193 1275 2242 ;
1294 2182 1364 2262 _et
1381 2174 1590 2262 latini
1604 2174 1845 2262 permoti
1874 2187 2075 2262 earnm

418 2252 518 2316 ‘vel
551 2259 911 2323 excellentia,
944 2258 1029 2314 vel
1080 2259 1258 2326 gloria
1290 2256 1332 2322 ί,
1378 2256 1506 2326 ipsa
1536 2255 1810 2308 libentius
1857 2252 2075 2306 didice-

431 2348 585 2412 runt,
618 2341 877 2412 atquein
921 2345 1184 2396 nostrum
1216 2339 1512 2408 eloquium
1547 2334 1945 2392 transferendo
1982 2349 2078 2389 no-

428 2423 665 2481 biliores
697 2424 1087 2492 clarioresque
1119 2421 1398 2476 fecerunt.

429 2591 656 2648 CAPUT
677 2591 768 2646 Χῐ.
806 2620 870 2630 --
905 2589 1050 2646 Unde
1069 2589 1222 2643 Plato
1255 2604 1382 2643 eam
1414 2587 1848 2655 intelligentiam
1886 2588 2075 2654 polue-

495 2674 571 2726 rit
636 2672 941 2740 acquirere,
991 2685 1101 2739 qua
1157 2668 1473 2722 christiana:
1529 2667 1776 2721 scientiae
1843 2667 2073 2736 propin-

497 2753 706 2822 quavit.

495 2884 778 2940 Mirantur
807 2887 1002 2938 autem
1058 2883 1294 2952 quidam
1339 2880 1506 2935 nobis
1537 2880 1596 2934 in
1646 2879 1855 2935 Christi
1887 2881 2071 2948 gratia

422 2965 648 3029 sociati,
681 2979 812 3018 cum
859 2961 1104 3017 audiunt
1162 2961 1246 3015 vel
1281 2960 1478 3030 legunt
1510 2961 1805 3015 Platonem
1853 2961 1924 3014 de
1959 2962 2068 3016 Deo

422 3046 532 3099 ista
562 3043 835 3107 sensisse,
869 3058 993 3112 quas
1028 3040 1279 3095 multum
1322 3057 1640 3110 congruere
1671 3040 1894 3094 veritati
1930 3057 2068 3095 nos—

419 3123 518 3179 tra
550 3122 846 3193 religionis
877 3127 1214 3192 agnoscunt.
1249 3118 1411 3175 Unde
1443 3119 1703 3174 nonnulli
1725 3124 2069 3190 putaverunt

421 3222 576 3268 eum,
619 3205 853 3274 quando
886 3201 1133 3272 perrexit
1165 3202 1220 3255 in
1254 3207 1580 3270 Egyptum,
1613 3200 1926 3255 Jeremiam
1961 3217 2062 3255 au-

419 3286 576 3340 disse
606 3284 966 3354 prOpbetam,
989 3281 1074 3337 vel
1107 3280 1433 3352 Scripturas
1466 3280 1833 3352 prepbeticas
1882 3283 1943 3336 in
1975 3297 2062 3336 ea-

420 3366 552 3422 dem
579 3363 1036 3437 peregrinatione
1068 3363 1277 3434 legisse
1310 3377 1322 3416 :
1358 3378 1608 3433 quorum
1659 3362 1894 3433 quidem
1927 3363 2062 3432 cpi-

418 3445 652 3501 nionem
688 3445 745 3499 in
779 3442 1131 3514 quibusdam
1193 3441 1359 3496 libris
1393 3441 1534 3496 meis
1593 3441 1759 3512 posui
1817 3443 1916 3511 (a).
1948 3441 2060 3496 Sed

416 3527 725 3598 diligenter
754 3527 1072 3593 supputata
1107 3526 1435 3592 temporum
1478 3522 1644 3588 ratio,
1679 3537 1804 3591 quae
1837 3523 2062 3577 chroni-

412 3623 480 3662 ca
503 3605 740 3662 historia
771 3604 1126 3670 continetur,
1163 3602 1461 3657 Platonem
1497 3601 1712 3656 indicat
1735 3620 1766 3657 a
1796 3607 2057 3672 tempore

413 3703 527 3759 quo
573 3684 937 3757 prophetavit
991 3681 1292 3749 Jeremias,
1343 3692 1575 3737 centum
1636 3682 1816 3737 ferme
1873 3699 2058 3738 annos

415 3771 614 3838 postea
653 3768 856 3818 natum
907 3763 1088 3817 fuisse
1139 3763 1264 3832 (b):
1325 3761 1421 3831 qui
1481 3776 1612 3815 cum
1670 3762 1963 3831 octoginta
2002 3768 2059 3817 et

417 3864 597 3903 unum
650 3846 909 3910 vixisset,
942 3846 1012 3899 ab
1061 3860 1214 3899 anno
1274 3846 1478 3898 mortis
1509 3844 1637 3913 ejus
1670 3860 1855 3914 usque
1885 3845 1955 3898 ad
1998 3845 2056 3900 id

413 3934 662 3998 tempus,
714 3942 828 3996 quo
888 3925 1229 3979 Ptolemaeus
1288 3941 1384 3977 rex
1441 3923 1669 3994 Egypti
1723 3924 2056 3993 Scripturas

415 4006 784 4078 propheticas
841 4003 1030 4073 gentis
1098 4002 1466 4056 Hebraeorum
1531 4005 1602 4058 de
1684 4003 1886 4058 Judaza
1966 4022 2058 4076 po-

413 4086 621 4155 poscit,
654 4089 709 4138 et
744 4098 843 4152 per
871 4082 1237 4150 septuaginta
1260 4082 1409 4135 viros
1441 4082 1730 4150 Hehrmos,
1762 4085 1861 4154 qui
1891 4087 2056 4140 etiam

413 4179 662 4234 graecum
716 4161 976 4228 linguam
1009 4166 1305 4227 noverant,
1337 4161 1805 4232 interpretandas
1848 4165 2059 4220 haben-

413 4243 637 4312 dasque
668 4239 908 4306 curavit,
961 4239 1098 4294 anni
1151 4240 1329 4295 ferme
1381 4243 1748 4311 reperiuntur
1793 4245 2056 4312 sexagin-

412 4328 471 4378 ta
502 4322 592 4393 (c).
624 4321 982 4390 Quapropter
1013 4320 1070 4374 in
1116 4319 1216 4374 illa
1256 4323 1716 4392 peregrinatione
1751 4339 1853 4378 sua
1888 4326 2054 4382 Plato

412 4419 516 4458 nec
546 4401 862 4457 Jeremiam
895 4401 1087 4458 videre
1119 4404 1302 4472 potuit
1336 4409 1492 4460 tanto
1525 4409 1658 4460 ante
1689 4405 2054 4477 defunctum,

410 4499 516 4538 nec
565 4481 797 4537 easdem
838 4481 1166 4553 Scripturas
1222 4482 1430 4555 legere,
1463 4502 1585 4553 quae
1645 4487 1904 4540 nondum
1940 4488 2056 4542 fue-

409 4569 540 4618 rant
571 4564 627 4616 in
663 4579 906 4632 graecam
948 4563 1206 4634 linguam
1244 4567 1558 4631 translatas,
1591 4581 1704 4634 qua
1742 4565 1839 4620 ille
1875 4566 2050 4636 polle-

409 4644 510 4696 bat
571 4659 583 4696 :
646 4643 756 4696 nisi
817 4645 980 4708 forte,
1017 4645 1154 4714 quia
1197 4645 1304 4698 fuit
1358 4647 1624 4699 acerrimi
1675 4646 1870 4714 studii,
1904 4648 2053 4703 sicut

409 4723 723 4795 (Egyptias,
761 4725 837 4776 ita
866 4735 918 4777 et
950 4725 1084 4778 istas
1123 4742 1221 4796 per
1260 4727 1632 4795 interpretem
1679 4725 1902 4792 didicit,
1938 4744 2049 4784 non

410 4813 475 4862 ut
502 4806 808 4862 scribendo
841 4807 1195 4875 transferret,
1230 4807 1386 4878 quod
1439 4806 1788 4862 Prolemasus
1836 4824 1936 4878 pro
1968 4809 2053 4864 in-

475 5062 489 5126 !
528 5061 650 5126 Tres
673 5061 947 5126 editiones,
978 5061 1130 5126 Yind.
1165 5064 1276 5111 Am.
1304 5064 1385 5110 Er.
1415 5065 1635 5125 addunt,
1667 5065 1751 5113 vel
1780 5066 1985 5126 gratia.

471 5124 729 5191 (agnitier
760 5124 958 5191 scilicet
986 5125 1054 5191 de
1093 5126 1339 5191 Doctrina
1377 5124 1677 5191 Christiana
1714 5124 1962 5191 secundo,
1993 5143 2046 5177 ιι.

405 5185 482 5233 43.
504 5185 644 5248 Υἱάθ
674 5185 763 5231 lib.
796 5184 823 5228 2
854 5187 1101 5238 Itetract.
1134 5201 1246 5248 cap.
1279 5190 1326 5242 4,
1357 5204 1408 5236 ιι.
1444 5189 1491 5236 2.

473 5247 546 5308 (ὁ)
595 5248 852 5294 Eusebius
902 5249 956 5294 in
1005 5247 1260 5298 Chronico
1317 5252 1630 5300 vaticinium
1673 5254 1929 5301 Jeremiae
1983 5254 2050 5301 ad

409 5309 775 5371 Olympiadem
805 5309 865 5356 37
896 5312 946 5357 et
975 5309 1034 5356 38
1063 5313 1223 5360 refert
1256 5328 1267 5360 :
1300 5314 1535 5363 Platonis
1564 5318 1743 5364 autem
1772 5320 1948 5364 ortum
1984 5316 2050 5363 ad

408 5371 736 5439 Olympiadis
763 5372 824 5419 88
852 5379 1356 5439 annumqunrtum.
1395 5379 1484 5425 Est
1531 5378 1694 5437 igitur
1740 5379 1828 5428 ille
1859 5378 2051 5439 elapsis

407 5446 440 5480 a
466 5433 723 5541 .lteremiae
755 5435 1008 5484 vaticinio
1036 5433 1155 5496 plus
1184 5441 1394 5485 centum
1441 5443 1494 5488 et
1528 5433 1866 5502 séptuaginta
1895 5433 2051 5490 annis

407 5507 478 5541 na
506 5508 584 5541 us.

407 5507 584 5542 natus.

472 5556 533 5617 (ο)
592 5555 732 5625 Obiit
782 5560 930 5610 Plato
959 5575 1099 5610 anno
1141 5563 1310 5624 primo
1369 5563 1696 5625 Olympiadis
1746 5565 2048 5614 1091³1016-

403 5630 587 5685 maeus
616 5622 794 5668 autem
828 5622 1206 5685 Philadelphus
1235 5638 1413 5675 sacras
1433 5622 1666 5676 Litteras
1708 5642 1775 5675 ex
1821 5629 2047 5678 hebraeo

402 5682 460 5730 in
490 5679 747 5727 Graecum
782 5679 1293 5737 vertendus-curavit
1320 5689 1626 5752 Olympiade
1658 5689 1762 5740 124.

1497 354 1602 412 DE
1645 349 2009 413 ClVl’l‘ATE
2055 347 2209 427 DEI,
2259 351 2320 409 S.
2369 351 2798 412 AUGUSTINI

3745 353 3854 413 236

2203 482 2358 553 genti
2401 482 2698 551 beneficio,
2751 481 2853 553 qui
2898 481 3056 554 regia
3115 485 3402 554 potestate
3458 485 3634 540 etiam
3661 485 3850 541 timeri

2201 568 2441 633 poterat,
2477 563 2763 618 meruisse
2805 563 3159 634 perhibetur,
3209 566 3307 620 sed
3353 569 3417 620 ut
3447 565 3846 638 colloquendo,

2199 643 2335 712 quid
2372 642 2761 710 continerent,
2796 648 3085 713 quantum
3119 659 3323 715 capere
3356 650 3573 716 posset,
3597 648 3847 701 addisce-

2199 727 2282 775 ret
2312 722 2412 792 (a).
2444 721 2559 777 Hoc
2601 729 2662 778 ut
2710 724 3097 792 existimetur,
3129 724 3230 779 illa
3277 726 3524 782 suadere
3580 727 3844 782 videntur

2197 800 2434 864 indicia,
2471 804 2621 872 quod
2656 803 2800 858 liber
2832 803 3122 860 Geneseos
3155 805 3239 860 sic
3272 805 3512 877 incipit:
3546 807 3608 861 In
3636 808 3842 876 princi-

2193 884 2284 953 pio
2311 885 2446 951 fecit
2484 889 2628 938 Deus
2647 885 2837 939 calum
2869 889 2921 940 el
2947 888 3170 940 terram.
3209 886 3373 940 Terra
3403 896 3584 943 autem
3613 897 3732 942 erat
3753 887 3840 942 in-

2197 961 2433 1018 visibilis
2461 973 2515 1019 et
2546 966 2920 1036 incomposita,
2948 975 2999 1020 et
3025 968 3260 1021 tenebrx
3287 976 3445 1022 erant
3474 983 3641 1038 super
3671 970 3834 1040 abys-

2192 1058 2329 1108 sum,
2384 1048 2433 1098 et
2490 1043 2732 1116 Spiritus
2781 1046 2880 1101 Dei
2929 1048 3373 1118 super/erebalur
3425 1066 3589 1121 super
3632 1067 3835 1122 aquam

2196 1124 2347 1194 (Gen.
2384 1142 2420 1192 ι,
2472 1127 2524 1194 1,
2556 1127 2633 1194 2).
2688 1128 2769 1184 Im
2824 1129 3032 1184 Timaeo
3082 1135 3276 1185 autem
3327 1130 3506 1196 Plato,
3540 1149 3714 1203 quem
3769 1134 3837 1189 li-

2195 1205 2364 1259 brum
2397 1207 2467 1261 de
2507 1208 2710 1262 mundi
2767 1209 3184 1266 constitutione
3249 1212 3610 1283 conscripsit,
3662 1215 3835 1270 Deum

2193 1285 2331 1341 dicit
2362 1288 2419 1342 in
2453 1288 2552 1343 illo
2580 1305 2748 1360 Opere
2772 1295 2986 1348 terram
3019 1293 3204 1363 primo
3237 1295 3546 1365 ignemque
3577 1296 3838 1365 junxisse

2195 1365 2345 1436 (Cap.
2376 1371 2406 1421 5
2437 1370 2693 1424 translat.
2740 1370 2944 1443 Ciber.)
2986 1389 2999 1425 :
3062 1372 3440 1428 manifestum
3499 1382 3588 1431 est
3644 1383 3838 1434 autem

2194 1447 2344 1516 quod
2378 1447 2497 1518 igni
2531 1449 2741 1504 tribuat
2783 1449 2910 1505 οωιί
2951 1450 3143 1506 locum
3180 1455 3195 1488 ί
3233 1468 3246 1507 :
3297 1452 3472 1508 habet
3521 1469 3657 1528 ergo
3717 1457 3837 1514 haec

2191 1529 2478 1582 sententia
2509 1529 2825 1600 quamdam
2869 1530 3026 1587 illius
3061 1532 3527 1603 similitudinem,
3561 1553 3678 1608 qua
3724 1538 3838 1594 dic-

2190 1613 2313 1662 tum
2374 1615 2483 1678 est,
2518 1612 2574 1665 In
2611 1610 2890 1682 principio
2935 1615 3066 1680 fecit
3110 1616 3247 1670 Deus
3288 1616 3484 1671 corium
3523 1625 3574 1673 et
3607 1631 3833 1677 terram.

2190 1688 2529 1745 Deindeilla
2565 1693 2679 1747 duo
2713 1693 2922 1762 media,
2956 1695 3169 1765 quibus
3201 1698 3559 1767 interpositis
3600 1702 3835 1758 sibimet

2190 1769 2310 1824 ὶιεθο
2348 1781 2601 1827 extrema
2631 1773 3060 1844 copularentur,
3096 1793 3309 1846 aquam
3365 1779 3504 1834 dicit
3546 1789 3600 1834 et
3639 1798 3830 1838 aerem

2189 1851 2440 1920 (Ibidem)
2475 1854 2680 1934 :‘nnde
2714 1859 2952 1924 putatur
2981 1855 3060 1910 sic
3093 1858 3448 1913 intellexisse
3477 1863 3628 1931 quod
3653 1865 3836 1934 scrip-

2189 1936 2309 2013 tum
2345 1937 2452 1999 est,
2492 1932 2736 2002 Spiritus
2772 1934 2874 1989 Dei
2913 1937 3359 2005 superferebatur
3398 1954 3565 2006 super
3607 1932 3826 2013 aquarii.

2186 2010 2393 2096 Parum
2420 2015 2976 2096 quippe~attendens
2993 2033 3107 2087 quo
3133 2034 3290 2073 more
3313 2019 3495 2075 soleat
3525 2020 3624 2076 illa
3643 2010 3833 2096 Scrip-

2184 2095 2316 2172 tura
2336 2093 2623 2163 appellare
2637 2093 2912 2164 Spiritum
2937 2095 3060 2162 Dei,
3083 2099 3361 2168 quoniam
3395 2104 3451 2154 et
3473 2117 3572 2156 aer
3589 2093 3831 2172 spiritus

2183 2171 2414 2238 dicitur,
2447 2179 2696 2244 quatuor
2742 2175 3008 2245 opinatus
3038 2177 3326 2235 elementa
3359 2179 3483 2236 loco
3523 2181 3617 2238 illo
3673 2199 3832 2240 com-

2185 2259 2507 2306 memorata
2550 2253 2727 2308 videri
2775 2259 2982 2326 potest.
3017 2255 3234 2312 Deinde
3283 2259 3438 2330 quod
3498 2260 3653 2317 Plato
3685 2263 3830 2320 dicit

2183 2337 2503 2387 amatorem
2539 2333 2636 2388 Dei
2670 2351 2798 2389 esse
2845 2335 3278 2407 philosophum,
3312 2340 3458 2395 nihil
3491 2342 3572 2396 sic
3615 2341 3674 2397 in
3706 2343 3826 2401 illis

2182 2410 2356 2492 sacris
2385 2412 2615 2467 Litteris
2649 2413 2888 2484 ﬂagrat:
2916 2420 2972 2471 et
3005 2417 3254 2473 maxime
3275 2418 3441 2488 illud,
3476 2422 3624 2492 quod
3656 2433 3709 2478 et
3732 2440 3826 2481 me

2182 2491 2500 2560 plurimum
2559 2495 2815 2560 adducit,
2858 2499 2921 2549 ut
2968 2512 3113 2566 pene
3185 2491 3819 2560 assentiar’Plannem

2179 2569 2411 2626 illorum
2449 2573 2758 2629 Librorum
2784 2581 3073 2645 expertem
3113 2594 3226 2632 non
3262 2580 3459 2649 fuisse,
3494 2583 3643 2651 quod
3683 2599 3816 2640 cum

2179 2652 2250 2734 ad
2283 2658 2549 2707 sanctum
2584 2654 2818 2726 Moysen
2845 2657 2920 2709 ita
2952 2658 3126 2712 verba
3157 2658 3255 2713 Dei
3281 2676 3381 2730 per
3402 2661 3674 2730 angelum
3700 2681 3822 2734 per-

2179 2732 2457 2801 ferantur,
2491 2739 2552 2788 nt
2608 2737 2886 2805 quaerenti
2945 2739 3097 2807 quod
3155 2739 3232 2794 sit
3272 2757 3481 2796 nomen
3534 2732 3820 2817 ejus,vqui

2176 2828 2306 2866 eum
2344 2830 2574 2885 pergere
2609 2817 2976 2887 precipiebat
3005 2819 3070 2872 ad
3106 2819 3379 2890 populum
3413 2821 3717 2878 Hebreum
3750 2841 3822 2880 ex

2174 2891 2418 2963 Egypto
2478 2897 2866 2963 liberandum,
2911 2899 3339 2968 respondeatur,
3390 2903 3506 2969 Ego
3551 2919 3670 2958 sum
3719 2921 3819 2976 qui

2174 2989 2293 3026 sum
2320 2989 2341 3034 ,ο
2380 2979 2433 3028 et
2502 2978 2650 3031 dices
2699 2978 2836 3046 ﬁliis
2895 2978 3095 3046 Israel,
3129 2979 3237 3048 Qui
3278 2985 3375 3050 est,
3408 2982 3562 3038 misit
3613 3000 3692 3039 me
3748 2986 3823 3042 ad

2175 3070 2263 3109 vos
2292 3055 2485 3124 (Exod.
2519 3073 2603 3122 ιιι,
2639 3058 2726 3129 14)
2759 3075 2772 3124 ;
2816 3064 3092 3131 tanquam
3127 3063 3185 3116 in
3218 3062 3344 3130 ejus
3388 3067 3822 3134 comparatione

2174 3135 2272 3204 qui
2307 3153 2434 3192 vere
2465 3143 2554 3191 est
2583 3138 2722 3206 quia
2745 3140 3249 3197 incommutabilis
3278 3150 3384 3208 est,
3417 3159 3481 3197 ea
3529 3161 3652 3215 quia
3687 3164 3820 3202 mu-

2169 3216 2368 3270 tabilia
2401 3217 2549 3272 facta
2574 3226 2712 3272 sunt
2744 3235 2859 3273 non
2887 3220 2998 3274 sint
3049 3236 3061 3275 :
3114 3221 3474 3279 vehementer
3519 3223 3627 3280 hoc
3657 3223 3856 3334 Plato(

2170 3297 2355 3334 {anni}
2413 3302 2465 3334 of
2507 3297 2952 3334 ΑἰΙίηΔι-ιιιὶαείηιο
2983 3302 3409 3334 ηηηηηηοηι-ιηυῖι
3443 3304 3514 3334 (In
3574 3309 3632 3334 Di
3684 3323 3785 3334 ..ι-..-

2170 3297 2378 3362 tenuit,
2413 3302 2468 3351 et
2507 3297 2952 3369 diligentissime
2983 3302 3413 3358 commendavit
3443 3304 3536 3375 (b).
3569 3309 3636 3359 Et
3684 3323 3820 3362 nes-

2169 3376 2256 3431 cio
2293 3383 2483 3432 utrum
2527 3378 2635 3434 hoc
2667 3379 2892 3451 uspiam
2929 3382 3248 3453 reperiatur
3277 3384 3335 3438 in
3384 3383 3550 3440 libris
3610 3403 3818 3444 eorum

2168 3457 2265 3526 qui
2319 3463 2449 3512 ante
2507 3458 2798 3514 Platonem
2859 3458 3120 3529 fuerunt,
3156 3463 3269 3517 nisi
3305 3463 3401 3518 ubi
3462 3464 3686 3520 dictum
3721 3473 3814 3523 est

2166 3537 2275 3600 Ego
2303 3554 2425 3593 sum
2453 3539 2548 3610 qui
2577 3555 2700 3594 sum
2726 3555 2748 3602 ;
2777 3547 2827 3595 et
2865 3540 3012 3596 dices
3035 3542 3132 3610 eis,
3167 3543 3274 3610 Qui
3300 3547 3398 3612 est,
3431 3546 3581 3600 misil
3621 3563 3708 3602 me
3738 3547 3812 3603 ad

2163 3634 2253 3674 υοε
2261 3660 2273 3674 .

2164 3779 2396 3835 CAPUT
2443 3781 2558 3836 XII.
2604 3811 2673 3822 ——
2721 3784 2872 3851 Quod
2913 3787 3085 3840 etiam
3127 3787 3420 3857 Platonici,
3454 3791 3580 3847 licet
3607 3793 3672 3847 de
3696 3807 3808 3849 uno

2232 3877 2360 3916 vero
2382 3862 2484 3917 Deo
2508 3864 2637 3918 bene
2663 3867 2948 3935 senserint,
2980 3869 3168 3924 multis
3195 3873 3378 3926 tamen
3405 3871 3513 3927 diis
3530 3888 3687 3928 sacra
3716 3877 3808 3945 fa-

2232 3942 2423 3998 cienda
2450 3944 2787 4001 censuerint.

2232 4077 2342 4133 Sed
2378 4081 2787 4152 undecumque
2825 4081 2920 4140 ille
2969 4083 3082 4139 ista
3115 4084 3400 4156 didicerit,
3427 4087 3544 4145 sive
3592 4106 3814 4159 praece-

2161 4159 2432 4240 dentibus
2462 4177 2592 4216 eum
2618 4169 2876 4218 veterum
2912 4164 3100 4233 libris,
3133 4167 3251 4222 sive
3284 4169 3479 4239 potius
3511 4171 3814 4240 quomodo

2161 4236 2301 4292 dicit
2338 4241 2668 4310 Apostolus,
2703 4246 2830 4313 quia
2874 4245 3019 4316 quod
3047 4250 3236 4301 notum
3267 4236 3348 4304 est
3389 4250 3505 4316 Dei,
3527 4236 3812 4320 rnanifes-

2160 4327 2275 4372 tum
2305 4325 2383 4373 est
2414 4322 2471 4374 in
2499 4321 2615 4376 illis
2636 4340 2656 4384 ;
2689 4324 2826 4379 Deus
2858 4329 3004 4380 enim
3039 4327 3149 4382 illis
3184 4327 3560 4399 manifestavit
3589 4349 3609 4384 :
3641 4331 3808 4386 invi-

2157 4399 2343 4453 sibilia
2373 4403 2523 4455 enim
2552 4404 2693 4472 ejus,
2727 4422 2758 4458 a
2789 4406 3183 4463 constitutione
3211 4409 3427 4479 mundi,
3459 4425 3556 4476 per
3581 4427 3649 4466 ea
3679 4425 3814 4481 quae

2155 4481 2302 4548 facta
2322 4485 2468 4563 sunt,
2503 4481 2782 4539 intellecta.
2810 4487 3277 4556 conspiciuntur;
3306 4489 3646 4561 sempiterna
3676 4508 3812 4563 quo-

2159 4575 2260 4630 que
2289 4561 2410 4628 ejus
2455 4563 2627 4617 virtus
2657 4569 2708 4618 et
2765 4566 3030 4622 divinitas
3071 4570 3242 4638 (Rom.
3275 4587 3317 4637 ι,
3354 4571 3438 4639 19,
3472 4572 3561 4638 20)
3596 4588 3610 4626 :
3646 4561 3811 4628 nunc

2160 4655 2272 4693 non
2308 4641 2598 4696 immerito
2643 4659 2730 4698 me
2758 4645 3085 4701 Platonicos
3136 4649 3512 4719 philosophos
3558 4650 3813 4721 elegisse

2156 4734 2288 4773 cum
2323 4721 2535 4790 quibus
2569 4738 2756 4793 agam",
2793 4727 2940 4793 quod
2977 4724 3034 4780 in
3078 4727 3189 4782 ista
3249 4730 3590 4800 quaestione,
3625 4746 3812 4801 quam

2159 4802 2328 4855 modo
2385 4803 2766 4872 suscepimus,
2812 4805 3006 4876 agitur
3054 4808 3124 4862 de
3184 4808 3435 4864 naturali
3489 4809 3810 4883 theologia,

2219 4945 2240 4978 ι
2270 4943 2373 5017 llic
2392 4947 2528 5017 apud
2560 4947 2682 5017 Lov.
2716 4949 2947 5017 additur,
2981 4955 3160 5017 terra;
3191 4968 3317 5002 vero
3348 4954 3528 5017 ipsam
3551 4957 3765 5004 terram
3792 4970 3814 5017 ;

2155 5009 2298 5069 quod
2327 5009 2476 5056 abest
2510 5022 2542 5057 a
2571 5013 2790 5060 caeteris
2819 5014 2974 5061 editis
3006 5017 3059 5062 et
3087 5015 3208 5064 Mss.

2215 5070 2289 5129 (α)
2317 5071 2589 5119 Platonem
2619 5086 2684 5121 ex
2713 5075 2878 5123 sacris
2908 5076 3263 5126 Hebraeorum
3292 5077 3443 5128 libris
3477 5080 3724 5130 hausisse
3753 5083 3811 5130 et

2155 5132 2550 5198 transcripsisse
2577 5150 2739 5197 quam
2786 5139 3032 5198 plurima.
3064 5141 3341 5190 affirmant
3383 5143 3630 5190 Justinus
3663 5155 3808 5191 mar-

2156 5197 2260 5265 tyr.
2295 5195 2352 5242 in
2383 5197 2510 5265 Orat
2546 5195 2896 5265 paresne—tice
2944 5203 3012 5250 ad
3058 5203 3250 5252 Gentes
3282 5219 3294 5260 ;
3339 5204 3567 5265 Origen.,
3611 5208 3806 5255 contra

2154 5256 2382 5326 Celsum,
2656 5261 2895 5326 Clemens
2928 5267 3190 5314 Alexand.
3234 5256 3328 5314 lib.
3379 5256 3805 5326 letromatum,

2154 5320 2450 5444 re.
2479 5321 2954 5436 ιδξέοιεηίξαιξίεηθ,
2971 5320 3809 5454 resse

2154 5407 2201 5438 ι,
2233 5407 2328 5444 uup
2386 5407 2401 5429 ι
2439 5407 2451 5440 ,
2486 5407 2756 5440 DUSUUIUS.
2789 5407 2880 5436 ιιυ.
2939 5407 2990 5436 ‘ll
3030 5407 3094 5440 (16
3143 5407 3548 5454 rraeparauone
3578 5407 3807 5454 evange-

2154 5444 2273 5498 lica,
2306 5459 2413 5506 cap.
2447 5445 2478 5493 9
2505 5461 2518 5502 ;
2556 5449 2881 5504 Ambrosius.
2913 5466 3068 5501 serm.
3104 5453 3236 5502 18in
3266 5455 3402 5502 Psal.
3437 5455 3541 5502 118.
3575 5457 3643 5503 At
3672 5469 3807 5504 con-

2155 5507 2590 5578 t‘ra_ll.i_ict‘antins.
2622 5511 2713 5559 lib.
2764 5514 2792 5578 4
2822 5515 2885 5562 de
2915 5529 3042 5564 vera
3076 5516 3360 5578 Sapientia,
3399 5530 3509 5578 cap.
3539 5517 3588 5572 2.
3619 5519 3805 5578 ipsum

2153 5569 2282 5641 dicit
2308 5569 2913 5641 indagandacyeritatis
2936 5591 3115 5629 amore
3145 5569 3585 5641 peregrinantem
3603 5569 3671 5628 ad
3716 5581 3787 5631 Jn

2153 5631 2311 5679 deaos
2340 5631 2455 5680 non
2477 5636 2772 5685 accessisse.

2218 5694 2280 5756 (ὁ)
2306 5694 2618 5746 Praesertim
2648 5699 2704 5748 in
2733 5700 3032 5762 Parmenid,
3057 5705 3109 5755 et
3139 5703 3368 5769 Sophist.
3398 5706 3592 5768 dialog-
