4128 6184
445 385 561 448 239

425 521 504 575 sis
537 521 606 574 de
634 517 744 572 hac
776 531 834 571 re
865 513 989 568 sola
1031 525 1212 564 unum
1245 505 1480 576 scripsit
1523 505 1760 570 librum,
1794 502 1963 571 cujus
1993 502 2067 555 ti-

425 602 616 654 tulum
643 613 769 653 esse
800 597 1001 658 voluit,
1036 593 1114 647 De
1135 592 1241 645 deo
1274 586 1528 643 Socratis
1565 602 1577 639 :
1613 587 1710 640 ubi
1752 584 1989 639 disserit
2015 587 2072 638 et

426 681 683 751 exponit,
714 695 783 733 ex
815 693 928 749 quo
967 687 1173 745 genere
1208 670 1511 724 numinum
1547 667 1812 721 Socrates
1843 665 1858 697 ยน
1893 663 2070 719 habe-

429 745 526 817 bat
557 745 898 827 adjunctu'm
933 761 988 809 et
1027 752 1287 807 amicitia
1316 749 1570 821 quadam
1613 745 2008 811 conciliatum,
2041 759 2075 798 a

425 858 536 912 quo
573 824 914 912 perhibetur
952 833 1156 888 solitus
1197 831 1520 912 admoneri,
1556 832 1620 912 ut
1665 826 1968 880 desisteret
2001 824 2072 878 ab

425 907 672 990 agendo,
714 915 950 986 quando
982 913 1037 967 id
1074 911 1228 982 quod
1261 925 1426 981 agere
1459 907 1706 990 volebat,
1751 921 1867 990 non
1908 918 2073 990 prose

421 985 552 1071 pare
595 985 780 1051 fuerat
820 998 1186 1050 eventurum.
1220 991 1370 1045 Dicit
1412 989 1566 1042 enim
1601 985 1988 1055 apertissime,
2021 989 2076 1036 et

422 1062 826 1150 copiosissime
884 1075 1109 1139 asserit,
1147 1089 1260 1127 non
1307 1070 1476 1124 illum
1520 1075 1700 1123 Deum
1735 1065 1938 1129 fuisse,
1972 1062 2075 1118 sed

423 1149 776 1222 daemonem,
856 1154 1116 1224 diligenti
1230 1149 1625 1220 disputatione
1714 1150 2078 1216 pertractans

419 1243 594 1296 istam
629 1238 880 1293 Platonis
912 1235 983 1290 de
1015 1236 1254 1289 deorum
1288 1229 1647 1284 sublimitate
1678 1231 1735 1282 et
1775 1225 2075 1280 hominum

423 1319 754 1376 humilitate
784 1321 841 1372 et
864 1318 1195 1370 daamonum
1231 1311 1530 1366 medietate
1552 1307 1923 1363 sententiam.
1949 1303 2077 1358 Hinc

421 1418 553 1474 ergo
585 1399 634 1455 si
677 1399 758 1452 ita
791 1403 951 1461 sunt,
1005 1409 1268 1466 quonam
1319 1393 1497 1474 modo
1532 1405 1712 1444 ausus
1749 1392 1837 1443 est
1894 1384 2074 1474 Plato,

427 1466 657 1536 etiamsi
691 1496 806 1533 non
839 1477 972 1542 diis,
1008 1492 1158 1546 quos
1191 1476 1260 1528 ab
1290 1472 1450 1527 omni
1487 1471 1745 1525 humana
1775 1466 2076 1546 contagio-

425 1578 497 1616 ne
546 1561 814 1623 semovit,
847 1565 998 1612 certe
1026 1545 1192 1626 ipsis
1251 1551 1635 1616 daemonibus,
1682 1552 1879 1620 poetas
1939 1545 2078 1626 urbe

427 1638 716 1710 pellendo,
766 1637 991 1691 auferre
1041 1624 1352 1689 theatricas
1400 1631 1746 1701 voluptates,
1783 1626 1892 1682 nisi
1940 1624 2080 1710 quia

431 1705 539 1774 hoc
574 1727 736 1789 pacto
769 1717 1077 1771 admonuit
1109 1716 1372 1768 animum
1417 1712 1763 1775 humanum,
1807 1705 2080 1778 quamvis

430 1787 618 1854 adhuc
671 1799 729 1852 in
791 1798 882 1850 his
942 1795 1307 1849 moribundis
1355 1791 1634 1845 membris
1671 1787 1946 1859 positum,
1979 1801 2081 1856 pro

431 1880 743 1950 splendore
775 1877 1102 1932 honestatis
1129 1874 1357 1942 impura
1391 1874 1722 1926 daemonum
1749 1870 1916 1938 jussa
1946 1883 2082 1921 con-

431 1947 711 2028 temnere,
744 1974 1066 2028 eorumque
1106 1954 1537 2011 immunditiam
1586 1949 1861 2006 detestari
1895 1947 1922 2001 ?
1949 1962 2082 2002 nam

432 2043 482 2096 si
516 2041 674 2095 Plato
707 2040 826 2093 haec
859 2038 1270 2093 honestissime
1302 2038 1570 2107 arguitet
1603 2029 1917 2104 prohibuit,
1953 2045 2085 2100 pro-

432 2121 584 2176 fecto
624 2121 918 2174 daemones
960 2117 1292 2188 turpissime
1330 2117 1716 2186 poposcerunt
1771 2117 1944 2180 atque
1987 2109 2087 2177 jus

432 2205 624 2257 erunt.
658 2202 773 2255 Aut
822 2215 957 2271 ergo
1001 2198 1221 2253 fallitur
1251 2196 1561 2268 Apuleius,
1586 2199 1642 2249 et
1690 2209 1803 2248 non
1853 2207 1923 2246 ex
1975 2189 2086 2244 isto

438 2297 651 2354 genere
707 2280 1020 2336 numinum
1081 2278 1288 2333 habuit
1335 2276 1587 2332 amicum
1645 2277 1955 2338 Socrates;
1989 2272 2090 2325 aut

435 2351 731 2418 contraria
762 2361 912 2415 inter
943 2376 1004 2416 se
1034 2359 1211 2414 sentit
1240 2357 1421 2424 Plato,
1459 2355 1628 2411 modo
1656 2355 1949 2409 daemones
1985 2351 2089 2405 ho-

435 2442 722 2507 norando,
756 2441 924 2496 modo
955 2457 1156 2496 eorum
1189 2437 1428 2493 delicias
1461 2455 1492 2491 a
1523 2435 1751 2491 civitate
1781 2434 1926 2488 bene
1961 2446 2089 2485 mo-

439 2530 565 2579 rata
599 2523 976 2588 removendo;
1027 2526 1127 2575 aut
1159 2535 1272 2574 non
1309 2523 1398 2574 est
1428 2516 1650 2573 Socrati
1681 2513 1934 2571 amicitia
1965 2511 2086 2566 daa-

437 2603 628 2660 monis
662 2603 1036 2674 gratulanda,
1071 2604 1142 2656 de
1175 2617 1285 2672 qua
1319 2615 1506 2671 usque
1538 2599 1677 2652 adeo
1703 2601 1760 2651 et
1789 2595 1911 2666 ipse
1940 2595 2088 2662 Apu-

436 2685 586 2741 leius
632 2684 890 2749 erubuit,
923 2687 986 2737 ut
1036 2683 1114 2738 De
1164 2683 1269 2736 deo
1319 2679 1571 2736 Socratis
1624 2681 1969 2749 praenotaret
2020 2675 2090 2728 li-

440 2765 633 2830 brum,
661 2781 831 2835 quem
867 2763 1192 2818 secundum
1243 2777 1408 2816 suam
1455 2759 1936 2830 disputationem,
1971 2771 2088 2824 qua

441 2847 576 2901 deos
616 2865 647 2900 a
678 2845 1044 2898 daemonibus
1079 2849 1195 2896 tam
1229 2841 1534 2906 diligenter
1581 2839 1930 2908 copioseque
1961 2837 2088 2890 dis-

437 2927 769 2994 cernit,non
803 2923 1098 2993 appellare
1137 2927 1209 2976 De
1231 2922 1356 2982 deo,
1380 2920 1478 2973 sed
1518 2921 1591 2972 De
1609 2920 1868 2971 daemone
1885 2917 2085 2970 Socra-

440 3007 512 3060 tis
540 3007 759 3059 debuit.
797 3005 998 3058 Maluit
1030 3008 1225 3056 autem
1263 3002 1370 3054 hoc
1403 3001 1458 3053 in
1496 3000 1620 3069 ipsa
1673 2997 2086 3066 disputatione,

439 3104 614 3158 quam
637 3087 690 3139 in
713 3085 877 3139 titulo
902 3084 1031 3137 libri
1067 3098 1296 3154 ponere.
1334 3081 1413 3135 Ita
1438 3080 1590 3133 enim
1613 3095 1708 3146 per
1741 3094 1940 3132 sanam
1962 3077 2092 3131 doc-

436 3168 818 3235 trinam,quze
855 3164 1125 3217 humanis
1163 3163 1335 3216 rebus
1359 3160 1574 3224 illuxit,
1608 3175 1812 3213 omnes
1830 3159 1915 3212 vel
1949 3172 2092 3226 pene

439 3262 639 3303 omnes
697 3247 1025 3298 daemonum
1065 3258 1272 3296 nomen
1333 3241 1663 3303 exhorrent,
1709 3243 1769 3292 ut
1824 3237 2092 3308 quisquis

439 3325 1037 3396 antedisputationem
1065 3321 1446 3392 Apuleii,qua
1479 3321 1808 3373 daemonum
1834 3318 2091 3386 dignitas

441 3407 895 3472 commendatur,
927 3404 1164 3458 titulum
1219 3401 1377 3466 libri,
1413 3402 1487 3456 De
1537 3402 1795 3454 daemone
1841 3397 2092 3453 Socratis

441 3490 674 3560 legeret,
736 3501 1103 3556 nequaquam
1140 3483 1306 3538 illum
1344 3481 1639 3536 hominem
1673 3495 1882 3534 sanum
1919 3479 2094 3532 fuisse

439 3558 696 3624 sentiret.
731 3567 877 3631 Quid
912 3574 1103 3620 autem
1133 3563 1306 3619 etiam
1341 3565 1462 3632 ipse
1517 3560 1814 3631 Apuleius,
1850 3561 2000 3628 quod
2034 3558 2090 3612 in

441 3649 804 3706 daemonibus
833 3646 1111 3712 laudaret,
1131 3643 1370 3711 invenit,
1403 3647 1609 3712 praeter
1632 3639 2018 3695 subtilitatem
2038 3641 2094 3692 et

441 3731 779 3785 firmitatem
811 3743 1142 3798 corporum,
1175 3729 1232 3779 et
1278 3721 1660 3778 habitationis
1705 3719 1970 3774 altiorem
2006 3717 2090 3772 lo-

444 3810 620 3866 cum?
672 3825 803 3864 nam
844 3809 914 3862 de
964 3807 1226 3862 moribus
1267 3819 1492 3868 eorum,
1526 3818 1657 3856 cum
1715 3802 1782 3854 de
1814 3798 2094 3854 omnibus

440 3891 787 3964 generaliter
816 3889 1166 3960 loqueretur,
1202 3902 1313 3938 non
1347 3883 1535 3938 solum
1571 3881 1713 3964 nihil
1748 3881 1881 3964 boni
1917 3879 2083 3964 dixit,

446 3959 544 4028 sed
579 3975 752 4027 etiam
788 3959 1098 4040 plurimum
1145 3965 1302 4019 mali.
1339 3965 1591 4032 Denique
1637 3961 1778 4016 lecto
1818 3960 1915 4014 illo
1949 3959 2094 4013 libro

446 4065 685 4121 prorsus
711 4063 880 4101 nemo
917 4047 1157 4098 miratur
1187 4059 1286 4096 eos
1317 4042 1493 4095 etiam
1518 4041 1805 4095 scenicam
1840 4040 2092 4109 turpitu-

445 4131 639 4183 dinem
682 4127 739 4179 in
786 4128 962 4178 rebus
1007 4122 1217 4176 divinis
1267 4121 1476 4175 habere
1524 4121 1793 4182 voluisse,
1835 4125 1912 4184 et,
1963 4133 2092 4171 cum

447 4210 585 4262 deos
617 4222 678 4260 se
712 4204 902 4274 putari
933 4201 1135 4268 velint,
1170 4201 1408 4255 deorum
1442 4200 1786 4255 criminibus
1823 4197 2095 4252 oblectari

448 4287 729 4359 potuisse,
759 4287 813 4340 et
853 4282 1133 4354 quidquid
1167 4281 1224 4335 in
1258 4297 1454 4336 eorum
1489 4280 1670 4336 sacris
1719 4279 1970 4334 obscena
2000 4294 2092 4332 so-

450 4357 750 4422 lemnitate
782 4380 883 4418 seu
910 4362 1060 4434 turpi
1087 4362 1428 4418 crudelitate
1456 4361 1544 4416 vel
1577 4361 1818 4425 ridetur,
1837 4357 1925 4412 vel
1957 4357 2092 4413 hor-

451 4454 632 4517 retur,
666 4462 864 4502 eorum
900 4443 1206 4501 affectibus
1239 4443 1568 4498 convenire.

451 4609 677 4668 CAPUT
708 4609 823 4665 XV.
858 4641 920 4651 โ
974 4608 1122 4677 Quod
1173 4625 1347 4679 neque
1379 4612 1597 4674 prapter
1650 4603 1802 4658 aeria
1844 4617 2090 4673 corpora,

521 4710 694 4766 neque
723 4699 951 4765 propter
981 4692 1262 4762 superiora
1292 4685 1613 4742 habitacula
1629 4684 1894 4740 daemones
1924 4684 2097 4739 homi-

521 4778 688 4833 nibus
717 4775 1064 4831 antecellunt.

529 4908 578 4958 1.
612 4902 999 4966 Quamobrem
1033 4898 1185 4954 absit
1218 4900 1280 4952 ut
1310 4896 1422 4951 ista
1453 4893 1831 4950 considerans
1861 4893 2096 4947 animus

449 4988 725 5039 veraciter
765 4983 1072 5052 religiosus
1103 4985 1159 5034 et
1200 4995 1330 5033 vero
1367 4982 1474 5032 Deo
1516 4975 1808 5040 subditus,
1843 4975 1969 5028 ideo
1999 4991 2094 5028 ar-

452 5067 698 5120 bitretur
739 5063 1030 5116 daemones
1062 5076 1118 5113 se
1151 5060 1280 5130 ipso
1312 5075 1439 5114 esse
1475 5057 1765 5124 meliores,
1797 5055 1949 5126 quod
1995 5055 2094 5110 lia-

453 5147 628 5202 beant
656 5159 897 5214 corpora
929 5141 1169 5196 meliora
1201 5143 1298 5212 (ฮนฮน).
1333 5139 1600 5210 Alioquin
1634 5139 1851 5194 multas
1897 5136 2008 5192 sibi
2043 5139 2099 5190 et

518 5413 534 5446 1
563 5411 719 5464 Editi,
751 5423 819 5457 ex
847 5421 953 5470 quo
995 5418 1208 5470 genere
1234 5402 1549 5470 ฮฮทฯฯแฟฮพฮทฮนฮนฮทฮน
1603 5415 1814 5451 numen
1861 5399 1967 5449 sibi
2005 5401 2098 5447 So-

460 5483 649 5521 crates.
682 5467 871 5530 Abest,โ
899 5483 1104 5517 numen
1136 5467 1258 5516 sibi.
1293 5480 1325 5514 a
1353 5467 1474 5514 Mss.

524 5536 598 5594 (ฮฑ)
633 5525 860 5598 Corpora
889 5530 1236 5598 daemonibus
1265 5530 1502 5598 concedit
1531 5527 1797 5598 Origenes,
1825 5525 2096 5598 ฮฮฟฮป-ฮพฮผฯ

457 5588 848 5659 ฮนโแฝทแฝฐฮนฮฝฮฟแฝถฮนฮฟฮท,แฝฮฟฯ
897 5598 928 5646 8
960 5610 973 5655 ;
1005 5594 1380 5659 'lโertullianus2
1429 5593 1521 5639 lib.
1561 5588 1837 5659 de:_Carne
1885 5588 2096 5659 Christi,

458 5659 657 5719 aliique
703 5653 943 5708 veterum
963 5653 1150 5720 plures
1181 5670 1308 5714 ;nec
1353 5655 1577 5720 denegat
1625 5653 1711 5701 hic
1749 5653 2095 5720 Augustinus,

458 5721 553 5784 qui
567 5712 789 5771 Eosdem
815 5712 1069 5769 animalia
1098 5712 1240 5770 aeria
1269 5721 1322 5769 et
1348 5712 1585 5767 aethe'ria
1612 5718 1786 5778 vocat,
1807 5712 1900 5764 lib.
1926 5712 1950 5761 1
1981 5727 2100 5763 con-

1494 374 1597 433 DE
1641 358 2008 431 CIVITATVE
2051 367 2205 445 DEI,
2253 369 2318 430 S.
2365 369 2792 434 AUGUSTINI

2180 502 2400 557 bestias
2429 504 2767 573 prta-laturus
2797 510 2906 569 est,
2938 523 3065 578 quae
3099 521 3205 560 nos
3255 509 3313 560 et
3351 505 3674 561 acrimonia
3703 522 3844 562 sen-

2183 599 2379 651 suum,
2416 594 2468 638 et
2505 594 2664 640 motu
2701 585 2974 642 facillimo
3008 593 3183 658 atque
3206 586 3529 653 celerrimo,
3557 593 3614 642 et
3642 591 3842 643 valen-

2180 663 2263 718 tia
2291 665 2526 731 virium,
2557 672 2613 719 et
2643 667 3039 722 annosissima
3075 667 3347 722 ๏ฌrmitate
3377 683 3683 737 corporum
3711 667 3838 723 vin-

2181 751 2340 798 cunt.
2375 746 2516 810 Quis
2548 746 2856 802 hominum
2889 747 3140 803 videndo
3183 748 3508 818 aequabitur
3538 746 3750 819 aquilis
3780 755 3836 802 et

2179 823 2560 880 vulturibus?
2607 827 2739 896 quis
2785 828 3081 882 odorando
3139 826 3434 882 canibus?
3464 828 3595 897 quis
3633 827 3839 883 veloci-

2181 909 2294 960 tate
2329 906 2641 976 leporibus,
2677 908 2881 978 cervis,
2914 909 3116 964 avibus
3168 909 3442 964 omnibus
3465 907 3492 962 ?
3523 907 3654 978 quis
3689 907 3840 963 mul-

2181 989 2303 1040 tum
2339 988 2581 1042 valendo
2611 987 2884 1045 leonibus
2911 995 2970 1044 et
3009 989 3337 1059 elephantis
3363 989 3391 1043 ?
3421 989 3552 1059 quis
3604 989 3703 1044 diu
3747 989 3839 1043 vi-

2180 1067 2366 1121 vendo
2416 1067 2803 1139 serpentibus,
2838 1069 2936 1142 qui
2986 1073 3158 1125 etiam
3196 1069 3462 1140 deposita
3501 1071 3696 1124 tunica
3737 1086 3840 1125 seยป-

2183 1152 2473 1202 nectutem
2506 1149 2813 1219 deponere,
2838 1153 3014 1220 atque
3064 1149 3121 1204 in
3146 1149 3447 1221 juventam
3487 1150 3676 1205 redire
3706 1165 3844 1222 per-

2184 1227 2507 1282 hibentur?
2535 1229 2644 1284 Sed
2694 1230 2847 1286 sicut
2897 1230 2989 1286 his
3020 1232 3298 1286 omnibus
3348 1231 3754 1286 ratiocinando
3785 1236 3844 1288 et

2182 1307 2563 1379 intelligendo
2597 1309 2866 1366 meliores
2897 1327 3126 1378 sumus,
3162 1311 3242 1366 ita
3266 1312 3440 1367 etiam
3473 1312 3843 1368 daemonibus

2185 1388 2330 1442 bene
2374 1393 2550 1459 atque
2582 1389 2825 1446 honeste
2881 1391 3124 1446 vivendo
3174 1391 3441 1446 meliores
3492 1407 3620 1446 esse
3667 1391 3848 1446 debe-

2184 1485 2338 1524 mus.
2375 1469 2455 1524 Ob
2491 1470 2596 1524 hoc
2627 1471 2780 1526 enim
2812 1479 2864 1527 et
2896 1473 3255 1543 providentia
3285 1473 3480 1527 divina
3507 1472 3842 1543 eis,quibus

2185 1566 2292 1604 nos
2336 1554 2566 1605 constat
2611 1567 2736 1607 esse
2766 1552 3037 1623 potiores,
3072 1553 3204 1607 data
3251 1557 3392 1608 sunt
3430 1553 3698 1624 quaedam
3733 1568 3843 1625 po-

2187 1631 2330 1685 tiora
2360 1645 2668 1702 corporum
2717 1649 2981 1703 munera,
3014 1641 3075 1688 ut
3105 1633 3249 1689 illud
3281 1651 3393 1704 quo
3437 1636 3522 1689 eis
3555 1635 3840 1704 praeponi-

2188 1725 2341 1777 mur,
2374 1711 2548 1765 etiam
2577 1713 2688 1766 isto
2713 1715 2883 1769 modo
2916 1713 3083 1769 nobis
3116 1715 3623 1769 commendaretur
3654 1714 3838 1770 multo

2190 1791 2405 1859 majore
2431 1807 2567 1845 cura
2587 1792 2964 1848 excolendum
2988 1811 3135 1862 esse,
3162 1810 3336 1864 quam
3361 1809 3600 1864 corpus;
3627 1795 3842 1865 ipsam-

2191 1888 2304 1943 que
2338 1872 2734 1928 excellentiam
2778 1874 3153 1946 corporalem,
3192 1892 3366 1945 quam
3403 1874 3696 1930 daemones
3737 1876 3844 1930 ha-

2191 1955 2326 2008 bere
2359 1971 2685 2022 nossemus,
2705 1973 2818 2026 prze
2847 1957 3099 2012 bonitate
3131 1960 3282 2024 vitae,
3318 1974 3432 2028 qua
3465 1957 3580 2012 illis
3611 1964 3848 2026 antepo-

2195 2035 2406 2101 nimur,
2465 2043 2836 2092 contemnere
2893 2038 3276 2101 disceremus,
3318 2037 3570 2092 habituri
3627 2043 3682 2092 et
3736 2053 3848 2092 nos

2196 2113 2697 2170 immortalitatem
2724 2133 3054 2189 corporum,
3082 2134 3195 2173 non
3223 2133 3398 2188 quam
3424 2116 3850 2189 suppliciorum

2196 2193 2492 2285 intersitas
2554 2199 2840 2268 torqueat,
2895 2198 2996 2253 sed
3054 2213 3228 2269 quam
3293 2197 3509 2270 puritas
3556 2197 3852 2268 precedaโt

2195 2289 2549 2330 animorum.

2264 2355 2318 2408 2.
2350 2354 2477 2409 Jam
2509 2372 2640 2412 vero
2672 2357 2742 2414 de
2773 2357 2883 2413 loci
2907 2359 3238 2429 altitudine,
3263 2359 3418 2431 quod
3455 2358 3747 2416 daemones
3781 2357 3845 2416 in

2196 2449 2350 2524 aere,
2386 2451 2493 2524 nos
2525 2442 2715 2492 autem
2759 2438 3087 2495 habitamus
3135 2441 3194 2496 in
3226 2447 3398 2506 terra,
3433 2439 3512 2494 ita
3546 2455 3844 2510 permove-

2199 2515 2266 2582 ri,
2301 2522 2362 2569 ut
2410 2515 2547 2571 hinc
2577 2534 2676 2573 eos
2725 2521 2892 2574 nobis
2924 2535 3049 2576 esse
3092 2521 3510 2592 praeponendos
3555 2521 3844 2576 existime-

2198 2610 2352 2662 mus,
2387 2596 2624 2651 omnino
2652 2598 2966 2654 ridiculum
3001 2604 3107 2655 est.
3141 2606 3262 2656 Hoc
3283 2602 3441 2657 enim
3476 2607 3642 2672 pacto
3674 2598 3846 2654 nobis

2197 2680 2253 2727 et
2279 2677 2466 2730 omnia
2497 2677 2752 2732 volatilia
2795 2681 3207 2750 praeponimus.
3241 2682 3318 2735 At
3364 2681 3515 2736 enim
3563 2679 3847 2748 volatilia,

2197 2769 2329 2809 cum
2363 2755 2607 2812 volando
2651 2760 2988 2830 fatigantur,
3020 2761 3104 2815 vel
3140 2761 3512 2816 reficiendum
3545 2760 3850 2816 alimentis

2198 2848 2409 2905 corpus
2451 2838 2684 2904 habent,
2729 2847 2944 2894 terram
2996 2848 3284 2910 repetunt,
3313 2842 3396 2895 vel
3445 2843 3510 2894 ad
3558 2840 3854 2910 requiem,

2197 2916 2280 2970 vel
2315 2921 2383 2969 ad
2432 2928 2655 2988 pastum
2691 2937 2704 2987 ;
2738 2923 2892 2991 quod
2927 2923 3242 2990 daemones,
3277 2921 3572 2993 inquiunt,
3603 2938 3720 2975 non
3759 2922 3854 2973 fa-

2200 2997 2357 3052 ciunt
2405 3001 2501 3069 (a).
2559 2999 2850 3070 Numquid
2901 3020 3033 3072 ergo
3090 3007 3275 3071 placet
3329 3021 3434 3069 eis,
3491 3007 3558 3057 ut
3589 3000 3852 3058 volatilia

2204 3078 2396 3142 nobis,
2461 3082 2758 3136 daemones
2807 3091 3000 3138 autem
3035 3086 3203 3140 etiam
3237 3083 3568 3139 volatilibus
3598 3082 3856 3138 antecel-

2198 3158 2366 3214 lant?
2413 3163 2572 3226 Quod
2634 3163 2681 3215 si
2721 3165 3226 3219 dementissimum
3277 3170 3364 3219 est
3409 3163 3654 3234 opinari,
3693 3162 3842 3217 nihil

2201 3247 2292 3295 est
2321 3242 2472 3311 quod
2499 3243 2569 3296 de
2605 3243 2960 3300 habitatione
2990 3245 3309 3317 superioris
3340 3244 3610 3300 elementi
3635 3245 3852 3313 dignos

2202 3336 2328 3375 esse
2357 3322 2646 3377 daemones
2676 3324 3100 3392 existimemus,
3136 3326 3352 3396 quibus
3385 3341 3490 3380 nos
3543 3323 3843 3394 religionis

2203 3401 2408 3455 alfectu
2454 3404 2705 3460 subdere
2753 3406 3089 3462 debeamus.
3122 3407 3288 3460 Sicut
3318 3405 3471 3460 enim
3506 3405 3626 3459 ๏ฌeri
3661 3403 3854 3474 potuit

2205 3487 2266 3535 ut
2289 3481 2453 3536 aeriis
2485 3485 2743 3541 volucres
2773 3487 3150 3541 terrestribus
3177 3486 3342 3541 nobis
3375 3503 3487 3540 non
3512 3487 3696 3540 solum
3734 3501 3852 3540 non

2205 3567 2606 3635 przeterantur,
2637 3584 2838 3623 verum
2865 3570 3034 3623 etiam
3071 3568 3464 3638 subjiciantur
3494 3573 3728 3638 propter
3758 3584 3855 3621 ra-

2203 3645 2437 3699 tionalis
2480 3649 2712 3716 animm,
2743 3666 2870 3719 quae
2921 3649 2974 3702 in
3010 3649 3178 3703 nobis
3209 3655 3317 3716 est,
3351 3647 3686 3720 dignitatem
3722 3667 3738 3715 ;
3769 3647 3852 3702 ita

2209 3723 2328 3777 ๏ฌeri
2363 3726 2544 3794 potuit
2574 3733 2639 3782 ut
2669 3728 2980 3794 daamones,
3024 3730 3288 3798 quamvis
3320 3727 3506 3800 magis
3544 3726 3682 3781 aerii
3714 3726 3851 3796 sint,

2205 3805 2576 3861 terrestribus
2610 3808 2774 3862 nobis
2807 3825 2920 3863 non
2962 3810 3092 3863 ideo
3126 3807 3393 3864 meliores
3423 3808 3560 3874 sint,
3585 3807 3725 3878 quia
3758 3811 3851 3862 est

2205 3899 2302 3938 aer
2343 3900 2516 3955 quam
2577 3895 2725 3943 terra
2769 3890 3078 3959 superior;
3158 3890 3257 3943 sed
3291 3889 3416 3943 ideo
3454 3888 3540 3942 eis
3583 3889 3850 3943 homines

2206 3966 2546 4034 prmlerendi
2607 3969 2744 4033 sint,
2793 3971 3067 4040 quoniam
3119 3969 3240 4038 spei
3275 3968 3504 4040 piorum
3549 3969 3853 4023 hominum

2209 4059 2582 4116 nequaquam
2617 4048 2846 4103 illorum
2880 4049 3210 4120 desperatio
3260 4049 3656 4119 comparanda
3713 4051 3806 4103 est
3838 4087 3852 4102 .

2205 4122 2347 4179 Nam
2381 4132 2437 4180 et
2486 4127 2583 4183 illa
2614 4131 2756 4184 ratio
2807 4129 3084 4195 Platonis,
3117 4146 3231 4200 qua
3279 4129 3566 4184 elementa
3597 4133 3857 4198 quatuor

2207 4207 2579 4276 proportione
2614 4210 2868 4279 contexit
2890 4216 3065 4280 atque
3095 4209 3346 4274 ordinat,
3380 4209 3457 4264 ita
3488 4208 3715 4262 duobus
3751 4223 3856 4263 ex-

2206 4286 2425 4354 tremis,
2456 4287 2575 4358 igni
2617 4287 3000 4345 mobilissimo
3033 4295 3088 4344 et
3126 4294 3288 4344 terrae
3321 4286 3629 4356 immobili,
3657 4289 3854 4342 media

2205 4363 2338 4432 duo,
2367 4383 2557 4422 aerem
2603 4376 2662 4424 et
2699 4386 2932 4440 aquam,
2967 4370 3340 4438 interserens,
3374 4373 3438 4424 ut
3484 4373 3704 4440 quanto
3755 4385 3855 4425 aer

2207 4448 2494 4537 estaquis
2539 4453 2596 4504 et
2645 4466 2773 4506 aere
2802 4451 2979 4522 ignis,
3012 4455 3176 4506 tanto
3221 4455 3276 4505 et
3308 4467 3471 4520 aqua:
3521 4448 3859 4520 superiores

2205 4529 2324 4581 sint
2364 4529 2567 4598 terris;
2613 4532 2758 4587 satis
2807 4549 2910 4587 nos
2960 4533 3234 4588 admonet
3264 4530 3609 4587 animalium
3653 4531 3862 4586 merita

2208 4623 2323 4664 non
2357 4627 2459 4682 pro
2491 4610 2911 4669 elementorum
2957 4613 3239 4684 gradibus
3287 4613 3597 4667 aestimare.
3631 4611 3702 4666 Et
3733 4612 3862 4682 ipse

2208 4692 2420 4762 quippe
2450 4693 2728 4763 Apuleius
2761 4712 2893 4750 cum
2926 4694 3149 4749 caeteris
3183 4698 3454 4750 terrestre
3493 4691 3714 4746 animal
3749 4691 3859 4747 ho-

2209 4772 2423 4828 minem
2468 4775 2606 4829 dicit
2637 4776 2735 4846 (De
2793 4775 2888 4830 dco
2947 4775 3205 4844 Socratis)
3273 4774 3368 4843 qui
3425 4777 3619 4828 tamen
3679 4771 3857 4846 longe

2208 4855 2561 4924 praeponitur
2614 4855 2965 4910 animalibus
3043 4853 3423 4925 aquatilibus,
3476 4868 3611 4909 cum
3689 4851 3858 4925 ipsas

2207 4951 2390 5004 aquas
2420 4936 2587 4990 terris
2620 4942 2912 5006 praeponat
2934 4935 3092 4989 Plato
3119 4952 3130 4990 :
3161 4939 3225 4990 ut
3256 4935 3658 5007 intelligamus
3681 4934 3700 4967 แฝท
3737 4951 3856 4990 non

2208 5017 2476 5070 eumdem
2535 5018 2795 5071 ordinem
2845 5016 3190 5082 tenendum,
3223 5033 3356 5070 cum
3398 5018 3592 5087 agitur
3621 5013 3695 5070 de
3730 5031 3864 5070 me-

2211 5094 2338 5150 ritis
2369 5099 2724 5168 animarum,
2753 5095 2853 5168 qui
2885 5096 3117 5152 videtur
3146 5111 3269 5153 esse
3299 5096 3440 5152 ordo
3485 5097 3539 5151 in
3573 5095 3862 5166 gradibus

2275 5371 2290 5404 แฝท
2322 5367 2491 5419 Nostri
2519 5370 2660 5426 Mss,
2695 5379 2758 5419 ut
2787 5368 3132 5434 intelligant.
3158 5371 3226 5421 M.

2210 5461 2671 5533 tre-Academicos,
2704 5461 2885 5533 11.30;
2918 5462 3150 5533 episteg,
3182 5477 3236 5510 ฮนฮน.
3267 5461 3296 5510 3
3323 5475 3343 5533 ;_
3387 5463 3439 5510 et
3467 5462 3561 5533 lib:
3602 5460 3633 5509 3
3664 5463 3730 5533 de
3761 5461 3861 5511 Ge-

2209 5524 2319 5588 peti
2365 5524 2445 5588 ad?
2473 5525 2612 5579 Litt,
2635 5538 2731 5586 cap
2768 5524 2843 5581 10,
2874 5539 2926 5572 n.
2964 5526 3038 5579 ili,
3068 5525 3141 5580 15,
3171 5525 3454 5588 quoniam,
3485 5525 3564 5572 uti
3595 5529 3868 5586 postremo

2211 5584 2324 5632 loco
2350 5585 2494 5644 dicit,
2527 5584 2818 5646 corporum
2849 5590 3130 5636 aeriarum
3163 5584 3372 5635 {natura
3403 5584 3608 5648 vigent:

2276 5649 2346 5710 (ฮฑ)
2377 5649 2584 5710 Apuleii
2605 5651 2735 5700 haec
2763 5652 2843 5700 est
2871 5651 3107 5713 exceptio
3135 5650 3190 5698 in
3220 5650 3356 5700 libro
3383 5649 3455 5699 De
3481 5650 3578 5699 deo
3605 5649 3863 5701 Socratis.
