4128 6184
281 301 380 362 241

281 448 568 503 corporum
630 450 644 501 ;
707 434 809 489 sed
859 435 981 492 fieri
1041 453 1210 507 posse
1266 440 1331 494 ut
1386 435 1632 493 inferius
1688 449 1901 505 corpus

277 514 456 570 anima
481 513 686 571 melior
706 515 1006 587 inhabitet,
1037 518 1402 590 deteriorque
1431 518 1722 590 superius.

273 676 496 734 CAPUT
527 673 778 731 XVII.—
810 678 951 747 Quid
997 679 1062 735 de
1100 680 1345 734 moribus
1392 684 1557 749 atque
1598 677 1902 733 actionibus

461 756 773 813 daemonum
800 759 1060 830 Apuleius
1089 759 1412 815 Platonicus
1441 759 1696 814 senserit.

327 897 402 948 De
435 891 697 947 moribus
726 909 864 964 ergo
894 894 1221 949 daemonum
1273 911 1404 949 cum
1451 894 1604 948 idem
1641 890 1896 946 Platoni-

266 989 360 1030 cus
411 971 765 1044 loqueretur,
800 974 944 1028 dixit
984 991 1082 1029 eos
1120 975 1338 1030 eisdem
1373 975 1583 1046 quibus
1632 973 1899 1028 homines

264 1055 430 1109 animi
459 1055 992 1120 perturbationibus
1024 1054 1253 1126 agitari,
1287 1054 1766 1123 irritariinjuriis,
1796 1053 1895 1107 ob-

263 1133 473 1204 sequiis
521 1135 810 1205 donisque
860 1133 1091 1204 placari,
1142 1137 1388 1202 gaudere
1433 1136 1775 1196 honoribus,
1808 1135 1898 1188 di-

259 1214 433 1270 versis
458 1231 756 1269 sacrorum
794 1215 1004 1271 ritibus
1047 1216 1344 1283 oblectari,
1379 1222 1436 1270 et
1474 1215 1535 1270 in
1563 1216 1646 1269 eis
1677 1221 1725 1269 si
1756 1214 1895 1286 quid

261 1295 578 1365 neglectum
630 1295 824 1359 fuerit,
858 1297 1211 1352 commoveri
1244 1297 1341 1368 (De
1366 1295 1465 1351 deo
1507 1295 1782 1363 Socratis).
1809 1296 1898 1349 In-

257 1382 333 1431 ter
351 1379 554 1430 caetera
583 1375 758 1430 etiam
793 1376 952 1445 dicit,
985 1377 1057 1430 ad
1077 1393 1176 1432 eos
1208 1377 1489 1446 pertinere
1511 1375 1896 1430 divinationes

253 1471 551 1526 augurum,
592 1455 951 1527 aruspicum,
1005 1461 1224 1526 vatum,
1259 1461 1432 1528 atque
1491 1455 1892 1511 somniorum:

251 1535 315 1592 ab
348 1535 436 1590 his
467 1551 698 1608 quoque
718 1552 846 1592 esse
871 1537 1152 1592 miracula
1192 1552 1498 1608 magorum
1530 1535 1728 1608 (lbid.).
1755 1536 1895 1590 Bre-

255 1616 384 1671 viter
405 1621 608 1670 autem
640 1632 738 1672 eos
762 1616 1051 1672 definiens
1077 1618 1180 1685 ait,
1215 1618 1507 1672 daemones
1528 1633 1656 1672 esse
1686 1632 1894 1688 genere

251 1695 541 1761 animalia,
573 1695 770 1752 animo
802 1697 1258 1768 passiva,mente
1291 1697 1619 1762 rationalia,
1653 1712 1892 1767 corpore

247 1781 410 1844 aeria,
469 1781 731 1848 tempore
779 1783 1022 1832 aeterna:
1057 1778 1262 1834 borum
1300 1795 1430 1834 vero
1477 1778 1735 1849 quinque
1782 1776 1894 1830 tria

245 1855 430 1927 priora
463 1857 580 1911 illis
601 1873 727 1912 esse
748 1857 826 1929 (a)
859 1875 986 1930 quae
1021 1860 1207 1927 nobis,
1243 1865 1516 1930 quartum
1564 1859 1888 1927 pr0prium,

245 1937 512 2008 quintum
545 1954 644 1994 eos
665 1954 797 1993 cum
831 1940 944 1993 diis
978 1939 1190 1994 habere
1220 1955 1530 1994 commune
1561 1936 1888 2008 (lbid.).Sed

241 2017 396 2072 video
431 2022 606 2074 trium
640 2019 1012 2088 superiorum
1037 2037 1159 2091 quae
1187 2021 1486 2075 nobiscum
1521 2019 1887 2086 habent,duo

240 2098 411 2152 etiam
443 2115 578 2154 cum
610 2101 720 2156 diis
753 2101 981 2155 habere.
1027 2101 1311 2154 Animalia
1346 2099 1558 2169 quippe
1591 2115 1718 2152 esse
1749 2098 1891 2151 dicit

238 2183 292 2233 et
319 2181 481 2244 deos,
514 2179 616 2250 qui
649 2182 666 2216 ί
700 2197 808 2234 sua
839 2181 1048 2250 cuique
1090 2179 1378 2234 elementa
1422 2179 1806 2244 distribuens,
1829 2176 1889 2231 in

236 2262 608 2315 terrestribus
657 2261 1012 2315 animalibus
1075 2277 1183 2314 nos
1235 2260 1430 2332 posuit
1486 2275 1620 2313 cum
1667 2260 1888 2313 caeteris

232 2355 359 2411 quae
384 2340 612 2395 interra
632 2341 835 2394 vivunt
858 2345 916 2394 et
943 2340 1228 2407 sentiunt,
1245 2338 1675 2410 inaquatilibus
1700 2338 1888 2408 pisces

227 2426 283 2475 et
300 2420 423 2474 alia
455 2418 734 2486 natatilia,
765 2419 826 2472 in
858 2418 1032 2473 aeriis
1055 2420 1369 2488 daemones,
1399 2420 1456 2472 in
1480 2417 1731 2473 aetheriis
1752 2420 1890 2474 deos

225 2498 446 2570 (Ibid.).
476 2499 555 2553 Ac
586 2514 684 2568 per
714 2498 1010 2567 hoc,quod
1044 2499 1338 2552 daemones
1369 2513 1582 2569 genere
1605 2498 1886 2552 suntani-

231 2576 443 2642 malia,
467 2595 582 2633 non
616 2579 808 2633 solum
830 2578 914 2634 eis
949 2595 1074 2634 cum
1100 2578 1460 2646 hominibus,
1485 2594 1682 2634 verum
1715 2579 1884 2634 etiam

229 2675 372 2715 cum
399 2658 513 2714 diis
546 2661 969 2731 pecoribusque
1016 2677 1327 2716 commune
1357 2665 1445 2716 est
1470 2677 1483 2715 :
1509 2661 1659 2732 quod
1695 2667 1887 2714 mente

236 2738 569 2807 rationalia,
609 2755 743 2794 cum
810 2739 923 2795 diis
990 2744 1047 2795 et
1100 2740 1482 2807 hominibus;
1533 2741 1686 2812 quod
1738 2746 1886 2795 tem-

235 2836 372 2891 pore
431 2823 665 2888 aeterna,
697 2836 830 2874 cum
893 2820 1006 2874 diis
1057 2819 1238 2887 solis;
1281 2822 1436 2891 quod
1495 2819 1691 2875 animo
1751 2837 1881 2890 pas-

240 2900 381 2967 siva,
407 2914 536 2954 cum
569 2897 909 2954 hominibus
940 2899 1109 2966 solis;
1136 2901 1290 2970 quod
1313 2915 1550 2970 corpore
1574 2899 1750 2968 aeria,
1774 2899 1882 2968 ipsi

235 2985 370 3035 sunt
411 2979 542 3036 soli.
581 2979 826 3037 Proinde
855 2982 1008 3052 quod
1041 2995 1249 3054 genere
1279 2986 1418 3036 sunt
1445 2980 1740 3045 animalia,
1764 2997 1880 3036 non

238 3066 323 3116 est
355 3076 673 3128 magnum;
706 3059 845 3132 quia
879 3062 982 3116 hoc
1013 3067 1150 3116 sunt
1176 3065 1231 3116 et
1255 3064 1488 3132 pecora!
1515 3062 1668 3132 quod
1696 3068 1881 3115 mente

234 3140 560 3209 rationalia,
597 3156 709 3196 non
742 3146 829 3196 est
859 3157 1038 3214 supra
1069 3158 1206 3208 nos;
1251 3143 1388 3213 quia
1427 3157 1626 3196 sumus
1656 3145 1713 3196 et
1743 3157 1875 3196 nos:

236 3222 381 3291 quod
416 3228 678 3291 tempore
708 3226 941 3288 aeterna,
970 3223 1108 3292 quid
1135 3222 1270 3278 boni
1310 3229 1416 3288 est,
1439 3223 1486 3277 si
1521 3238 1634 3277 non
1667 3221 1881 3276 beata?

242 3300 439 3357 Melior
478 3309 568 3357 est
607 3301 755 3356 enim
795 3301 1135 3372 temporalis
1168 3301 1431 3368 felicitas,
1457 3318 1635 3373 quam
1668 3302 1881 3356 misera

238 3382 547 3437 aeternitas.
571 3382 734 3447 Quod
760 3382 952 3438 animo
978 3383 1228 3454 passiva,
1254 3386 1544 3454 quomodo
1575 3398 1753 3451 supra
1775 3398 1881 3436 nos

237 3467 344 3529 est;
372 3463 609 3533 quando
642 3467 700 3517 et
739 3479 842 3518 nos
879 3462 987 3518 hoc
1036 3480 1267 3529 sumus,
1301 3480 1405 3518 nec
1455 3464 1531 3517 ita
1561 3467 1731 3526 esset,
1765 3461 1879 3515 nisi

237 3543 427 3597 miseri
458 3558 727 3599 essemus
752 3542 779 3598 ?
813 3543 974 3608 Quod
1016 3559 1254 3615 corpore
1284 3543 1460 3609 aeria,
1488 3541 1690 3611 quanti
1721 3541 1880 3594 aesti-

236 3627 502 3679 mandum
528 3628 636 3689 est,
669 3639 802 3678 cum
835 3623 992 3678 omni
1041 3624 1269 3692 corpori
1300 3624 1637 3694 praeferatur
1674 3622 1880 3674 animai

236 3703 684 3775 qualiscumque
714 3702 964 3758 natura'
1009 3719 1024 3771 ;
1057 3711 1110 3758 et
1143 3702 1272 3756 ideo
1322 3700 1616 3770 religionis
1666 3699 1880 3766 cultus,

235 3783 323 3854 qui
350 3783 598 3839 debetur
641 3799 710 3839 ex
741 3783 1348 3852 animo,nequaquam
1381 3781 1662 3835 debeatur
1693 3778 1742 3835 ei
1778 3779 1879 3847 rei,

235 3879 348 3934 quae
377 3865 625 3921 inferior
655 3871 743 3920 est
772 3864 968 3919 animo
987 3864 1018 3919 ?
1043 3864 1216 3918 Porro
1239 3863 1288 3918 si
1310 3861 1744 3932 interilla,quas
1767 3860 1881 3914 dm-

237 3961 463 4004 monum
497 3961 632 4002 esse
670 3945 832 4014 dicit,
864 3948 1276 4000 annumeraret
1318 3945 1614 4010 virtutem,
1657 3942 1884 4012 sapien-

236 4027 385 4097 tiam,
409 4028 849 4093 felicitatem,et
880 4028 997 4082 hac
1025 4042 1123 4082 eos
1145 4026 1363 4080 diceret
1383 4025 1593 4081 habere
1623 4022 1881 4079 cumdiis

239 4112 439 4165 eterna
472 4113 654 4180 atque
702 4107 1060 4171 communia,
1093 4106 1345 4178 profecto
1393 4106 1616 4177 aliquid
1668 4105 1882 4160 diceret

241 4191 622 4260 excptandum
658 4189 972 4260 magnique
1005 4187 1408 4260 pendendum:
1436 4201 1539 4242 nec
1571 4186 1654 4240 sic
1686 4201 1783 4241 eos
1804 4188 1883 4239 ta-

242 4282 362 4325 men
396 4280 635 4341 propter
666 4271 788 4326 haeo
822 4275 1102 4340 tanquam
1131 4271 1309 4323 Deum
1329 4267 1517 4323 colere
1539 4267 1884 4322 deberemus

242 4352 328 4404 sed
364 4353 566 4422 potius
599 4351 816 4422 ipsum,
850 4367 882 4405 a
914 4365 1028 4421 quo
1060 4349 1180 4403 hac
1203 4347 1334 4404 illos
1366 4349 1659 4419 accepisse
1693 4362 1886 4404 nosse-

244 4443 383 4486 mus.
407 4431 640 4496 Quanto
673 4431 869 4486 minus
894 4445 1049 4485 nunc
1076 4427 1294 4483 honore
1316 4428 1508 4483 divino
1530 4428 1686 4483 aeria
1707 4427 1885 4498 digna

245 4514 371 4564 sunt
401 4510 708 4574 animalia,
742 4510 811 4564 ad
863 4509 972 4564 hoc
1032 4506 1362 4575 rationalia,
1401 4513 1466 4562 ut
1516 4510 1728 4562 misera
1759 4521 1883 4561 esse

243 4591 476 4658 possint,
505 4591 578 4645 ad
605 4591 712 4645 hoc
733 4591 1060 4660 passiva,ut
1092 4589 1304 4643 misera
1325 4587 1462 4653 sint,
1497 4589 1566 4642 ad
1592 4587 1700 4642 hoo
1720 4595 1882 4641 aetero

244 4679 324 4736 na,
363 4679 424 4725 ut
455 4669 758 4727 miseriam
789 4669 958 4726 finire
988 4685 1106 4725 non
1149 4667 1377 4740 possint
1404 4666 1432 4721 ‘t

247 4825 474 4887 CAPUT
507 4829 682 4887 XVII.
716 4860 786 4871 —
816 4831 910 4886 An
952 4827 1192 4897 dignum
1219 4829 1294 4882 sit
1324 4842 1414 4883 eos
1443 4827 1676 4897 spiritus
1697 4827 1765 4880 ab
1794 4826 1890 4880 ho-

306 4913 458 4967 mine
480 4911 614 4981 coli,
648 4928 683 4967 a
721 4926 958 4982 quorum
1004 4910 1153 4965 vitiis
1182 4924 1306 4962 eum
1347 4911 1597 4979 Oporteat
1628 4905 1884 4962 liberari.

311 5044 361 5100 1.
391 5047 776 5118 Quapropter,
808 5049 874 5101 ut
901 5045 1167 5101 omittam
1198 5046 1420 5108 cratera,
1452 5044 1510 5096 et
1554 5039 1664 5096 hoc
1694 5038 1886 5096 solum

309 5196 324 5228 ί
354 5194 439 5246 Sic
485 5195 570 5244 Er.
607 5197 661 5246 et
687 5197 893 5259 aliquot
923 5196 1050 5259 Mss.
1095 5193 1201 5242 Alii
1227 5193 1445 5256 quidam
1466 5205 1608 5259 _cum
1649 5193 1803 5242 Vind.
1836 5194 1889 5259 et

250 5253 353 5304 Am.
423 5260 696 5314 omittunt.
742 5253 856 5321 qui.
909 5258 1071 5320 Cujus
1116 5253 1544 5311 loco'nonnulli,
1603 5270 1778 5321 quae:
1809 5256 1887 5321 _et

250 5321 421 5377 postea
451 5336 565 5383 pro.
599 5319 888 5376 elementa.
921 5319 1136 5374 habent.
1169 5321 1431 5368 elemento
1458 5337 1474 5368 :
1507 5333 1668 5381 quam
1700 5319 1888 5368 lectio-

251 5383 658 5447 nem_immerim
686 5384 1057 5447 praetulerunt
1084 5384 1453 5447 Lovanienses.

303 5442 324 5475 ²
348 5443 474 5508 Sola
503 5448 662 5498 editio
686 5442 970 5503 Er.,omni
1021 5446 1238 5508 corpori
1274 5450 1646 5508 praeferatur
1689 5444 1887 5493 anima

247 5507 666 5572 qualiscumque
695 5516 950 5558 naturae.
982 5536 1043 5545 -
1075 5507 1196 5558 COd.
1227 5507 1370 5568 2039,
1402 5508 1556 5556 omni
1584 5509 1705 5557 aeri
1729 5522 1886 5570 prae-

251 5570 466 5636 feratur
495 5570 715 5636 animae
745 5573 1168 5636 qualiscumque
1198 5575 1425 5619 natura.
1457 5573 1523 5621 Μ.

304 5631 381 5692 (α)
409 5631 625 5698 supple,
661 5631 868 5685 eadem.

1629 297 1863 361 LIBER
1909 298 2288 367 OCTAVUS.

3537 323 3655 384 242

2013 443 2382 512 pertractem,
2415 449 2565 516 quod
2603 449 2904 506 nobiscum
2938 453 3226 511 daamones
3267 457 3413 513 dixit
3443 459 3656 518 habere

2009 532 2342 610 commune,
2368 527 2422 610 id
2455 529 2746 610 estanimi
2775 531 3092 601 passiones,
3119 538 3165 591 ei
3186 540 3383 593 omnia
3413 548 3656 610 quatuor

2007 597 2290 691 elementa
2322 607 2446 662 suis
2477 597 2825 665 animalibus
2853 613 3021 683 plena
3050 597 3208 681 sunt,
3228 597 3654 679 immortalibus

2007 689 2183 772 ignis.
2208 689 2265 772 et
2313 702 2430 754 ear,
2458 691 2792 746 mortalibus
2823 710 2972 763 aqua
3004 702 3059 749 et
3103 704 3292 766 terra;
3323 717 3519 770 quaero
3549 720 3652 759 cur

2006 766 2184 848 animi
2207 766 2536 848 daemonum
2567 774 2903 840 passionum
2932 776 3196 832 turbellis
3211 786 3266 835 et
3291 766 3648 848 tempestati-

2005 839 2116 929 bus
2147 847 2436 929 agitentur
2455 850 2482 902 ?
2511 839 2880 907 Perturbatio
2904 860 2991 907 est
3013 858 3188 920 enim,
3206 875 3328 927 quae
3350 839 3529 929 graece
3549 861 3650 915 mi-

2005 921 2101 1012 θος
2133 926 2368 1012 dicitur:
2407 933 2558 986 unde
2595 933 2688 986 illa
2720 935 2896 988 voluit
2928 953 3128 991 vocare
3160 921 3648 1012 aii-imovpassiva;

2004 1005 2142 1074 quia
2156 1008 2494 1077 verbum,de
2517 1013 3097 1084 verboniOoc,passio
3120 1005 3430 1074 diceretur‘
3457 1005 3650 1079 motus

2005 1085 2185 1140 animi
2219 1096 2419 1144 contra
2442 1093 2723 1147 rationem
2748 1094 2848 1165 (a).
2873 1095 2988 1150 Cur
3011 1113 3146 1168 ergo
3167 1109 3301 1152 sunt
3327 1101 3439 1154 ista
3456 1101 3512 1154 in
3540 1103 3659 1156 ani-

2005 1171 2117 1254 mis
2147 1169 2495 1254 daemonum,
2531 1191 2655 1243 que
2699 1174 2755 1228 in
2793 1178 3096 1247 pecoribus
3141 1196 3253 1234 non
3292 1181 3477 1235 sunt?
3504 1184 3653 1248 Quo-

2004 1249 2184 1332 niam,
2204 1249 2253 1332 si
2277 1251 2414 1319 quid
2441 1253 2497 1306 in
2523 1270 2724 1324 pecore
2754 1256 2945 1311 simile
2970 1265 3226 1328 apparet,
3253 1277 3368 1315 non
3403 1267 3488 1315 est
3527 1278 3656 1332 per-

2005 1326 2295 1412 turbatio;
2329 1332 2468 1402 quia
2491 1349 2604 1388 non
2639 1340 2726 1390 est
2751 1342 2950 1392 contra
2982 1326 3286 1407 rationem,
3311 1358 3424 1412 qua
3449 1326 3658 1412 pecora

2004 1414 2217 1490 carent.
2251 1409 2312 1464 In
2349 1413 2684 1468 hominibus
2708 1426 2894 1471 autem
2932 1423 2995 1473 ut
3027 1419 3144 1473 sint
3177 1420 3299 1474 istae
3330 1409 3650 1490 pert—urba-

2002 1487 2214 1554 tiones,
2238 1490 2371 1546 facit
2396 1492 2504 1549 hoc
2525 1494 2802 1563 stultitia,
2818 1498 2905 1553 vel
2928 1499 3184 1555 miseria.
3204 1487 3473 1558 Nondum
3496 1503 3650 1558 enim

2001 1568 2299 1651 sumusin
2341 1571 2440 1627 illa
2473 1575 2824 1642 perfectione
2855 1578 3158 1648 sapientia
3192 1581 3365 1646 beati,
3397 1598 3522 1651 quae
3556 1598 3651 1636 no-

2000 1645 2090 1700 bis
2122 1647 2193 1702 ab
2225 1649 2332 1705 hac
2360 1653 2708 1709 mortalitate
2740 1645 2995 1712 liberatis
3026 1658 3085 1712 in
3118 1659 3232 1714 line
3266 1645 3646 1730 promittitur.

1998 1730 2112 1782 Deo
2145 1745 2276 1784 vero
2308 1731 2436 1787 ideo
2467 1733 2663 1788 dicunt
2695 1736 2839 1790 istas
2872 1739 3341 1807 perturbationes
3364 1756 3478 1794 non
3512 1755 3649 1808 per-

2001 1809 2135 1876 peti,
2155 1810 2287 1878 quia
2313 1829 2425 1866 non
2448 1812 2634 1868 solum
2655 1816 2875 1884 aeterni,
2895 1833 3089 1872 verum
3115 1817 3290 1873 etiam
3314 1818 3466 1873 beati
3490 1828 3644 1874 sunt.

2001 1887 2241 1969 Easdem
2275 1893 2494 1963 quippe
2531 1895 2756 1950 animas
2790 1897 3103 1953 rationales
3146 1901 3322 1954 etiam
3357 1902 3510 1969 ipsos
3539 1900 3651 1954 ha—

1997 1967 2133 2023 bere
2176 1973 2500 2039 perhibent,
2534 1975 2633 2028 sed
2659 1977 2730 2029 ab
2761 1977 2920 2030 omni
2957 1979 3080 2031 labe
3112 1995 3177 2031 ac
3211 1967 3648 2049 pestelpurissi-

1999 2053 2535 2117 mas,Quamobrem
2559 2056 2607 2109 si
2643 2062 2944 2125 propterea
2967 2059 3046 2112 dii
3070 2075 3184 2114 non
3216 2063 3646 2128 perturbantur,

1998 2129 2154 2199 quod
2185 2133 2462 2187 animalia
2491 2139 2626 2188 sunt
2659 2137 2839 2198 beata.
2875 2153 2991 2192 non
3029 2141 3277 2204 misera;
3311 2145 3367 2192 et
3409 2146 3647 2208 propte—

1998 2224 2092 2264 rea
2125 2225 2326 2278 pecora
2379 2229 2492 2267 non
2526 2216 2959 2282 perturbantur,
2983 2218 3136 2287 quod
3168 2216 3452 2272 animalia
3483 2226 3642 2288 sunt,

1998 2303 2122 2354 qua
2157 2304 2259 2342 nec
2281 2291 2449 2344 beata
2481 2299 2724 2359 possunt
2752 2310 2900 2362 esse,
2950 2311 3052 2349 nec
3087 2297 3299 2348 misera
3323 2312 3335 2349 :
3358 2303 3539 2350 restat
3581 2301 3645 2350 ut

1998 2367 2290 2422 damones
2320 2369 2471 2424 sicut
2526 2371 2796 2427 homines
2848 2374 2972 2429 ideo
3026 2374 3455 2444 perturbentur,
3487 2377 3637 2446 quod

1997 2448 2280 2504 animalia
2319 2454 2457 2504 sunt
2500 2468 2614 2506 non
2653 2453 2840 2519 beata,
2879 2457 2980 2508 sed
3015 2455 3246 2510 misera.

2066 2531 2118 2583 2.
2138 2528 2364 2601 [XVIL]
2395 2531 2517 2596 Qua
2540 2533 2720 2603 igitur
2745 2533 3095 2603 insipientia,
3120 2535 3209 2590 vel
3235 2535 3424 2605 potius
3446 2553 3642 2594 amen-

1994 2611 2079 2666 tia
2109 2627 2209 2680 per
2239 2609 2496 2681 aliquam
2538 2612 2873 2683 religionem
2905 2615 3272 2670 dmmonibus
3312 2617 3642 2684 subdimur,

1994 2706 2129 2745 cum
2191 2706 2292 2761 per
2330 2707 2526 2746 veram
2579 2692 2919 2759 religionem
2949 2696 3020 2748 ab
3069 2711 3136 2749 ea
3165 2695 3495 2764 vitiositate,
3529 2714 3646 2768 qua

1992 2769 2111 2824 illis
2134 2785 2334 2824 sumus
2351 2769 3120 2838 similes,liberemur?cum
3145 2776 3300 2830 enim
3327 2776 3642 2846 daemones,

1992 2849 2146 2921 quod
2179 2854 2235 2904 et
2267 2850 2376 2904 iste
2402 2849 2705 2921 Apuleius,
2727 2853 2996 2924 quamvis
3035 2855 3119 2909 eis
3153 2853 3470 2925 plurimum
3513 2873 3642 2928 par-

1991 2933 2102 2994 cat,
2135 2932 2191 2983 et
2219 2928 2427 2983 divinis
2454 2930 2777 2988 honoribus
2800 2933 3007 3004 dignos
3029 2944 3284 3001 censeat,
3321 2939 3516 2991 tamen
3541 2953 3640 2992 co-

1989 3009 2142 3079 gitur
2184 3010 2467 3076 confiteri,
2502 3011 2586 3066 ira
2615 3011 3003 3083 instigentur;
3047 3016 3215 3070 nobis
3263 3031 3395 3070 vera
3439 3017 3639 3084 religio

1991 3090 2274 3161 praecipit,
2309 3106 2380 3145 ne
2413 3091 2498 3145 ira
2552 3092 2919 3162 instigemur,
2954 3095 3053 3150 sed
3087 3095 3138 3150 ei
3171 3096 3364 3166 potius
3395 3098 3634 3151 resista-

1991 3185 2142 3226 mus.
2175 3171 2315 3225 Cum
2371 3171 2663 3228 daemones
2712 3174 2883 3229 donis
2934 3174 3270 3242 inviientur,
3312 3174 3477 3230 nobis
3508 3193 3639 3231 vera

1990 3249 2194 3318 religio
2228 3248 2504 3320 praecipit,
2541 3268 2611 3307 ne
2642 3253 2916 3322 cuiquam
2967 3255 3250 3309 donorum
3302 3257 3638 3326 acceptione

1991 3329 2306 3384 faveamus.
2329 3330 2467 3386 Cum
2491 3332 2784 3388 daemones
2798 3333 3118 3390 honoribus
3135 3337 3522 3403 mulceantur,
3540 3353 3638 3392 no-

1989 3408 2081 3464 bis
2103 3427 2238 3464 vera
2270 3410 2471 3481 religio
2497 3413 2774 3482 praecipit,
2797 3420 2859 3466 ut
2889 3413 3102 3468 talibus
3127 3415 3284 3470 nullo
3310 3417 3480 3471 modo
3515 3433 3640 3471 mo-

1990 3489 2409 3544 veamur.Cum
2443 3492 2728 3546 daemones
2758 3495 3147 3562 quorumdam
3182 3494 3486 3549 hominum
3509 3513 3640 3551 oso-

1992 3583 2106 3634 res,
2140 3569 2531 3636 quorumdam
2555 3575 2844 3624 amatores
2877 3571 3014 3637 sint,
3041 3589 3156 3626 non
3181 3574 3452 3642 prudenti
3478 3579 3643 3628 tran-

1993 3645 2294 3718 quilloque
2337 3648 2586 3716 judicio,
2644 3651 2742 3703 sed
2802 3648 3021 3715 animo,
3071 3655 3136 3704 ut
3186 3649 3442 3719 appellat
3495 3650 3641 3719 ipse,

1993 3727 2245 3796 passivo;
2280 3727 2448 3780 nobis
2471 3742 2605 3780 vera
2623 3727 2824 3797 religio
2845 3728 3095 3798 praecipit
3110 3735 3194 3793 ,ut
3220 3728 3488 3783 inimicos
3503 3746 3642 3785 nos-

1992 3813 2112 3862 tros
2145 3806 2317 3860 etiam
2358 3804 2668 3876 diligamus
2699 3806 2906 3877 (Matth.
2936 3824 2992 3877 v,
3033 3809 3142 3878 44).
3177 3809 3474 3864 Postremo
3507 3825 3634 3864 om-

1992 3903 2121 3943 nem
2145 3891 2365 3941 motum
2386 3887 2572 3941 cordis
2593 3891 2648 3941 et
2677 3886 2867 3943 salum
2900 3890 3134 3955 mentis,
3169 3904 3491 3959 omnesque
3514 3892 3636 3944 tur-

1991 3968 2172 4026 bellas
2185 3973 2240 4023 et
2262 3973 2638 4038 tempestates
2660 3969 2858 4036 animi,
2880 3968 3086 4040 quibus
3108 3970 3403 4025 daemones
3429 3974 3642 4025 aestua-

1993 4067 2052 4107 re
2075 4054 2245 4120 atque
2267 4049 2551 4104 ﬂuctuare
2581 4050 2808 4116 asserit,
2842 4066 2945 4105 nos
2959 4067 3088 4104 vera
3107 4050 3303 4118 religio
3349 4051 3642 4120 deponere

1986 4131 2174 4202 jubet.
2199 4129 2334 4194 Quae
2364 4129 2542 4194 igitur
2563 4145 2739 4184 causa
2781 4135 2893 4195 est,
2912 4128 3022 4186 nisi
3061 4129 3307 4186 stultitia
3361 4146 3638 4201 errorque

1994 4211 2346 4267 miserabilis
2375 4211 2416 4279 ²,
2452 4217 2512 4265 ut
2542 4211 2590 4265 ei
2624 4216 2677 4265 te
2723 4212 2901 4267 facias
2944 4213 3269 4267 venerando
3327 4210 3637 4282 humilem,

1994 4292 2088 4347 cui
2146 4296 2201 4346 te
2256 4293 2458 4361 cupias
2516 4291 2754 4347 vivendo
2813 4291 3196 4360 dissimilem;
3244 4295 3300 4347 et
3361 4291 3644 4364 religione

1996 4372 2169 4442 colas,
2196 4387 2369 4440 quem
2403 4370 2614 4427 imitari
2647 4371 2966 4442 nolis,cum
2991 4373 3291 4446 religionis
3321 4389 3551 4429 summa
3569 4373 3643 4428 sit

1996 4454 2210 4508 imitari
2245 4469 2416 4525 quem
2449 4451 2637 4508 colis?

1996 4613 2227 4670 CAPUT
2257 4615 2448 4670 XVIII.
2477 4645 2546 4654 —
2581 4615 2769 4683 Qualis
2817 4615 3015 4686 religio
3053 4617 3146 4679 sit,
3177 4617 3237 4671 in
3275 4631 3385 4687 qua
3421 4615 3644 4671 docetur

2068 4694 2210 4766 quod
2240 4693 2508 4762 homines,
2539 4699 2598 4749 ut
2626 4694 3074 4751 commendentur
3093 4694 3200 4750 diis
3232 4695 3409 4764 bonis,
3439 4694 3639 4750 daemo-

2065 4775 2230 4831 nibus
2248 4777 2332 4830 uti
2359 4775 2586 4830 debeant
2614 4775 2912 4831 advocatis.

2069 4939 2300 4993 Frustra
2319 4936 2497 5008 igitur
2525 4934 2608 4990 eis
2633 4932 2934 5004 Apuleius,
2957 4938 3012 4986 et
3033 4931 3390 5004 quicumque
3406 4931 3487 4988 ita
3507 4946 3636 4990 sen-

2064 5197 2079 5230 1
2102 5189 2432 5265 ὈοᾶθκβΟὗΟ
2459 5189 2693 5265 δίᾳιθείρ
2717 5190 2862 5265 hunc
2885 5189 3060 5265 locum
3101 5204 3113 5240 :
3142 5189 3294 5265 ‘quia
3324 5189 3546 5265 verbum
3572 5191 3639 5265 _cle

1999 5257 2157 5306 verba
2177 5256 2376 5317 pathos
2398 5254 2588 5315 passio
2622 5251 2865 5315 idicitur,
2914 5255 3004 5302 sed
3045 5251 3248 5302 melius
3287 5251 3638 5316 perturbatio

2000 5321 2296 5373 diceretur,
2328 5321 2426 5368 etc.
2457 5319 2522 5366 M.

2062 5384 2083 5416 ²
2114 5383 2463 5445 ΡΙιιΓθδῷᾒδἸ
2482 5379 2789 5445 νῖηίναρἰιίε.

2064 5417 2848 5506 (αδ
2881 5442 3072 5501 Quaest
3098 5481 3109 5500 ,
3140 5455 3254 5503 cap.
3287 5441 3318 5490 6
3349 5451 3360 5488 :
3393 5441 3511 5506 Est,
3543 5443 3638 5502 ait,

2000 5504 2237 5558 Zenonis
2266 5509 2394 5572 haec
2423 5506 2689 5570 deﬁnitio,
2719 5513 2782 5554 ut
2806 5505 3152 5565 perturbatio
3169 5512 3257 5556 sit,
3286 5504 3640 5572 quodpathos

2002 5572 2100 5620 ille
2119 5572 2262 5626 dicit,
2278 5569 2474 5631 aversa
2503 5585 2534 5618 a
2552 5579 2697 5618 recta
2717 5571 2925 5617 ratione
2947 5577 3138 5616 contra
3171 5574 3435 5615 naturam
3458 5569 3639 5618 animi

2001 5633 2306 5684 commotio.
