4128 6184
416 321 533 384 243

406 457 584 524 tiunt,
619 456 776 512 hunc
809 449 1439 518 detulithonorem,sic
1457 466 1554 505 eos
1575 448 1633 502 in
1660 464 1788 503 aere
1813 448 2056 516 medios,

405 540 559 596 inter
588 539 889 593 aetherium
922 535 1131 590 cmlum
1185 539 1514 600 terramque
1554 530 1936 592 constituens,
1972 538 2052 598 ut,

407 620 670 691 quoniam
693 618 884 672 nullus
905 619 1041 669 deus
1063 613 1320 667 miscetur
1339 610 1553 665 homini
1577 610 1764 676 (Verba
1787 611 1825 663 Α
1835 611 2048 681 puleii),

410 702 560 772 quod
594 699 888 753 Platonem
922 695 1139 748 dixisse
1172 693 1495 764 perhibent,
1532 693 1626 746 isti
1657 691 1726 746 ad
1760 692 1897 746 deos
1930 709 2057 762 per-

411 771 599 836 ferant
631 795 830 848 preces
865 777 1191 835 hominum,
1224 778 1282 828 et
1313 774 1446 827 inde
1479 774 1546 826 ad
1584 771 1848 827 homines
1881 773 2060 842 impe-

413 866 565 916 trata
596 876 722 929 quas
758 860 1022 926 poscunt.
1061 855 1368 918 Indignum
1397 853 1551 908 enim
1578 856 1924 923 putaverunt
1955 852 2058 924 qui

412 939 928 1000 istacrediderunt,
956 936 1184 990 misceri
1211 936 1477 991 homines
1500 936 1611 989 diis
1636 941 1690 989 et
1712 934 1850 989 deos
1875 935 2059 990 homi-

409 1022 587 1077 nibus
621 1019 904 1086 :dignum
937 1025 1127 1072 autem
1165 1018 1396 1073 misceri
1451 1019 1744 1071 daemones
1774 1025 1827 1070 et
1859 1018 1972 1072 diis
2004 1020 2060 1071 et

409 1098 770 1162 hominibus,
799 1098 933 1152 hinc
967 1099 1142 1166 petita
1173 1097 1274 1167 qui
1307 1096 1578 1167 allegent,
1611 1096 1747 1150 inde
1777 1111 2059 1151 concessa

411 1180 512 1249 qui
541 1181 850 1248 apportent
880 1194 891 1230 :
927 1181 990 1231 ut
1012 1175 1277 1231 videlicet
1308 1176 1480 1230 homo
1520 1180 1738 1240 castus,
1769 1179 1825 1229 et
1865 1174 1935 1229 ab
1967 1191 2061 1229 ar-

405 1259 558 1313 tium
609 1257 966 1326 magicarum
1018 1255 1336 1311 sceleribus
1369 1255 1618 1321 alienus,
1653 1271 1751 1310 eos
1787 1259 2058 1326 patronos

409 1337 702 1404 adhibeat,
738 1354 837 1406 per
891 1353 1033 1406 quos
1085 1335 1253 1390 illum
1304 1334 1383 1389 dii
1433 1336 1762 1401 exaudiant,
1796 1335 1894 1405 qui
1941 1335 2062 1389 haec

415 1422 636 1486 amant,
671 1433 796 1488 quae
825 1416 921 1471 ille
946 1432 1056 1470 non
1091 1416 1340 1470 amando
1364 1415 1428 1469 ﬁt
1458 1415 1689 1486 dignior
1713 1431 1887 1486 quem
1921 1414 2063 1468 faci-

423 1499 538 1555 lius
567 1503 624 1553 et
650 1497 928 1552 libentius
977 1495 1252 1551 exaudire
1299 1495 1564 1551 debeant.
1599 1498 1811 1550 Amant
1850 1496 2065 1566 quippe

436 1579 520 1634 illi
548 1578 807 1634 scenicas
855 1578 1268 1647 turpitudines,
1311 1593 1454 1646 quas
1494 1592 1606 1630 non
1640 1580 1797 1630 amat
1828 1575 2053 1646 pudici-

434 1661 561 1715 tia:
597 1663 795 1712 amant
827 1657 881 1711 in
927 1656 1229 1710 maleﬁciis
1274 1671 1568 1724 magorum
1621 1653 1781 1709 mille
1820 1647 2065 1709 nocendi

417 1736 840 1807 artes(Virgit.,
882 1736 1096 1790 .Eneid.
1151 1735 1247 1789 lib.
1280 1736 1335 1797 7,
1386 1751 1523 1789 vers.
1581 1735 1728 1803 338),
1773 1752 1917 1802 quas
1949 1751 2064 1789 non

413 1824 568 1875 amat
595 1819 948 1872 innocentia.
985 1817 1129 1886 Ergo
1173 1822 1229 1871 et
1279 1814 1558 1886 pudicitia
1598 1821 1655 1870 et
1705 1816 2063 1883 innocentia,

415 1898 463 1954 si
495 1897 634 1968 quid
667 1897 740 1951 ab
773 1897 885 1950 diis
910 1896 1224 1966 impetrare
1255 1895 1520 1958 voluerit,
1556 1911 1666 1949 non
1696 1896 1909 1963 poterit
1942 1895 2068 1949 suis

422 1979 668 2044 meritis,
697 1977 807 2031 nisi
859 1977 982 2030 suis
1033 1974 1557 2030 intervenientibus
1609 1974 1886 2029 inimicis.
1943 1975 2066 2031 Non

419 2062 506 2114 est
556 2058 709 2129 quod
742 2057 850 2111 iste
885 2057 1109 2128 poetica
1141 2055 1438 2124 ﬁgmenta,
1473 2060 1530 2108 et
1587 2054 1866 2110 tbeatrica
1913 2053 2066 2109 ludi-

420 2139 548 2194 bria
573 2138 899 2208 justiﬁcare
937 2141 1199 2192 conetur.
1233 2135 1527 2191 Habemus
1573 2145 1771 2190 contra
1803 2136 1912 2190 ista
1945 2152 2064 2190 ma-

419 2219 668 2292 gistrum
701 2235 903 2273 eorum
926 2222 983 2272 et
1009 2222 1184 2272 tanta;
1227 2217 1380 2288 apud
1427 2233 1525 2271 eos
1556 2217 1917 2271 auctoritatis
1943 2217 2066 2272 Pla-

422 2306 616 2357 tonem
640 2315 653 2354 :
680 2299 727 2353 si
778 2300 965 2367 pudor
997 2299 1290 2352 humanus
1321 2298 1405 2352 ita
1426 2297 1496 2352 de
1523 2313 1584 2352 se
1617 2296 1763 2352 male
1789 2301 2067 2366 meretur,

411 2387 478 2438 ut
511 2399 622 2437 non
670 2380 856 2437 solum
899 2379 1107 2450 diligat
1136 2379 1347 2450 turpia,
1379 2395 1585 2434 verum
1637 2379 1812 2433 etiam
1851 2378 2067 2433 divini-

416 2463 521 2518 tati
557 2462 847 2518 existimet
877 2465 1066 2534 grata.

415 2605 644 2662 CAPUT
667 2603 815 2660 XIX.
851 2633 917 2644 --
944 2604 1013 2658 De
1044 2604 1331 2672 impietate
1354 2601 1494 2657 artis
1536 2603 1786 2672 magicae,
1816 2617 1940 2672 qum
1967 2618 2066 2674 pa-

644 2683 877 2740 trocinio
909 2682 1108 2738 nititur
1139 2684 1448 2753 spirituum
1497 2682 1888 2753 malignorum.

486 2811 665 2863 Porro
714 2809 994 2863 adversus
1045 2807 1295 2878 magicas
1337 2811 1510 2872 artes,
1545 2807 1616 2862 de
1645 2807 1861 2877 quibus
1883 2823 2065 2878 quos-

415 2890 549 2944 dam
584 2888 761 2942 nimis
791 2887 1054 2942 infelices
1084 2897 1140 2941 et
1172 2887 1346 2940 nimis
1369 2886 1581 2955 impios
1611 2887 1787 2940 etiam
1818 2886 2057 2957 gloriari

415 2969 576 3035 libet,
602 2985 792 3024 nonne
824 2973 1004 3037 ipsam
1059 2967 1353 3039 publicam
1409 2967 1634 3021 lucem'
1674 2973 1876 3022 testem
1922 2969 2063 3023 cita-

416 3049 489 3104 bo
511 3047 537 3102 ‘I
561 3048 672 3104 Cur
701 3049 857 3103 enim
891 3057 1006 3102 tam
1060 3046 1309 3117 graviter
1342 3045 1454 3100 ista
1495 3046 1829 3116 plectuntur
1859 3048 2062 3102 severi-

416 3136 535 3187 tate
581 3131 795 3204 legum,
828 3131 877 3186 si
926 3146 1096 3199 Opera
1133 3134 1270 3184 sunt
1303 3130 1608 3183 numinum
1640 3130 2012 3185 colendorum
2035 3129 2063 3184 ?

415 3216 500 3267 An
529 3212 674 3266 forte
704 3212 848 3266 istas
878 3211 1032 3279 leges
1062 3209 1376 3264 Christiani
1407 3209 1810 3276 instituerunt,
1843 3211 2058 3280 quibus

413 3296 568 3346 artes
606 3291 841 3362 magicae
872 3289 1239 3361 puniuntur?
1273 3289 1604 3343 Secundum
1657 3305 1829 3359 quem
1879 3289 2061 3345 alium

414 3370 815 3439 sensum,nisi
848 3372 1000 3440 quod
1053 3369 1171 3423 baac
1223 3369 1506 3424 maleﬁcia
1554 3371 1750 3439 generi
1802 3369 2061 3426 humano

410 3453 734 3523 perniciosa
764 3467 892 3506 esse
925 3466 1038 3505 non
1088 3450 1335 3504 dubium
1369 3457 1472 3516 est,
1506 3450 1587 3504 ait
1620 3458 1784 3520 poeta
1813 3449 2063 3506 clarissi-

414 3548 568 3599 nius,

461 3657 659 3713 Testor.
694 3657 872 3715 chara,
903 3656 1044 3710 deos.
1078 3657 1132 3706 et
1160 3657 1228 3714 te.
1257 3669 1529 3717 germana,
1560 3657 1820 3718 tuumque

467 3720 627 3771 Dulce
657 3722 836 3783 caput.
866 3719 1100 3781 magicas
1131 3719 1358 3768 invitam
1387 3720 1648 3780 accingier
1677 3723 1854 3783 artes?

762 3783 1028 3846 (Virgil.,
1058 3783 1284 3832 rEneid.
1317 3783 1412 3830 lib.
1443 3784 1491 3838 4,
1519 3797 1659 3830 vers.
1691 3782 1800 3837 492,
1836 3781 1972 3842 493.)

402 3871 550 3930 Illud
609 3873 808 3940 etiam,
859 3875 1013 3946 quod
1064 3873 1179 3930 alio
1228 3873 1350 3928 loco
1397 3874 1465 3927 de
1515 3872 1606 3927 his
1639 3872 1861 3926 artibus
1892 3870 2068 3925 dicit’

467 4000 642 4062 Atque
670 4000 816 4049 satas
845 3999 950 4048 alio
980 3999 1092 4047 vidi
1122 3997 1400 4062 traducere
1420 4010 1513 4062 _me
1524 4009 1670 4062 sses;

1313 4057 1530 4118 (Eulog.
1562 4058 1610 4118 8,
1643 4071 1785 4104 vers.
1816 4055 1921 4115 99.)

408 4165 475 4204 eo
498 4151 647 4218 quod
682 4149 789 4202 bac
817 4147 1091 4218 pestifera
1122 4146 1516 4216 scelerataque
1550 4145 1817 4199 doctrina
1843 4146 2067 4202 fructus

411 4230 588 4283 alieni
610 4229 668 4282 in
694 4229 839 4282 alias
871 4233 1056 4280 terras
1080 4226 1384 4279 transferri
1414 4224 1836 4293 perhibentur:
1877 4243 2067 4283 nonne

407 4306 470 4363 in
501 4307 805 4362 duodecim
825 4306 1084 4372 Tabulis,
1107 4306 1163 4359 id
1189 4310 1276 4360 est
1307 4305 1696 4360 Romanorum
1722 4308 2069 4379 antiquissi-

413 4388 529 4443 mis
560 4386 808 4459 legibus,
833 4386 1028 4442 Cicero
1052 4390 1475 4440 commemorat
1496 4401 1622 4440 esse
1644 4387 2068 4463 conscriptum,

413 4469 466 4525 ei
499 4469 600 4539 qui
635 4469 741 4523 hoc
772 4467 969 4523 fecerit
1021 4466 1382 4538 supplicium
1414 4466 1790 4522 constitutum
1815 4469 1885 4538 (a)
1908 4468 1936 4523 ‘?
1966 4469 2069 4523 Po-

415 4555 634 4606 stremo
666 4548 788 4619 ipse
820 4547 1092 4619 Apuleius
1127 4547 1412 4618 numquid
1447 4548 1600 4619 apud
1627 4547 1853 4618 jutlices
1883 4549 2072 4605 chris-

417 4631 606 4686 tianos
639 4630 711 4686 de
752 4629 997 4701 magicis
1023 4629 1250 4684 artibus
1281 4635 1590 4685 accusatus
1637 4636 1725 4685 est
1755 4631 1831 4700 (b)
1861 4630 1886 4685 ?
1920 4632 2072 4695 Quas

419 4713 621 4782 utique
645 4709 755 4766 sibi
787 4711 1065 4780 objectas,
1093 4709 1140 4766 si
1164 4709 1390 4766 divinas
1414 4714 1471 4766 et
1503 4711 1628 4783 pias
1657 4727 1785 4766 esse
1819 4715 2069 4776 noverat,

420 4796 479 4849 et
525 4791 851 4846 divinarum
902 4794 1258 4862 potestatum
1293 4791 1566 4862 cperibus
1612 4806 1917 4860 congruas,
1956 4808 2071 4846 non

423 4872 607 4929 solum
632 4889 726 4928 eas
753 4871 1012 4928 conﬁteri
1045 4873 1378 4940 debuit,sed
1407 4873 1580 4927 etiam
1609 4872 1889 4943 proﬁteri,
1921 4871 2074 4941 leges

491 5030 502 5062 ¹
540 5025 625 5074 Sic
654 5037 780 5072 mss.
812 5025 879 5072 At
907 5024 1054 5078 editi,
1085 5023 1332 5083 gloriari
1361 5023 1491 5071 libet
1528 5024 1589 5071 in
1622 5023 1844 5072 nomine
1863 5022 2077 5072 daemo-

428 5103 587 5147 num,
624 5088 798 5149 ips-am
829 5087 1106 5144 publicam
1133 5087 1328 5145 lucem,
1349 5088 1450 5135 etc.

489 5155 570 5211 (a)
600 5147 661 5197 lii
686 5149 964 5197 duodecim
995 5149 1316 5197 Tabularum
1341 5148 1650 5210 fragmentis
1679 5150 1772 5202 est,
1810 5147 1920 5201 Qui
1949 5151 2076 5207 fru-

425 5229 516 5274 ges
545 5211 868 5260 excantasit.
907 5212 1013 5262 Qui
1044 5211 1260 5258 malum
1297 5225 1523 5274 cqi'men
1567 5211 1933 5257 incantasit...
1967 5224 2076 5274 neu

428 5271 679 5322 alienam
726 5283 957 5335 segetem
996 5275 1286 5332 φάεα-ερὲς.
1341 5273 1444 5335 Has
1494 5271 1635 5335 leges
1676 5273 2074 5335 inemoraﬁtgPli-

428 5337 568 5392 nius,
598 5337 692 5383 lib.
729 5332 808 5384 28‘.
843 5335 1101 5383 Historiae
1131 5334 1410 5385 naturalis.
1434 5346 1543 5395 cap.
1579 5334 1637 5389 2;
1671 5332 1883 5391 Seneca,
1915 5334 2062 5384 lib.4.

430 5399 810 5508 Quuaes'tiolnpm
859 5399 1204 5454 naturalium,
1238 5410 1350 5457 cap.
1382 5395 1447 5454 7;
1483 5395 1734 5458 Apuleius
1775 5397 1832 5444 in
1877 5397 2074 5458 Apolo-

435 5475 535 5508 ma.
563 5473 589 5507 e
645 5475 713 5508 ai
743 5499 753 5508 .

465 5463 535 5510 ia.
563 5463 615 5507 et
645 5462 753 5510 alii.

434 5476 871 5585 Βιῗὸεθιῦἓιὲίαεὶε
899 5520 1199 5585 postulatus
1227 5520 1329 5570 fuit
1357 5520 1607 5585 Apuleius
1634 5521 1783 5585 apud
1797 5520 2074 5585 Claudium

436 5584 667 5647 Africae
696 5583 1016 5646 praefectum
1060 5584 1277 5647 minime
1330 5583 1697 5647 christianum.
1743 5583 2073 5647 Yid.A_Epist.

438 5644 729 5696 Marcellini
759 5650 811 5696 et
843 5649 1062 5709 August.
1098 5645 1203 5703 136,
1236 5660 1289 5694 n.
1323 5645 1366 5702 1,
1399 5648 1451 5695 et
1481 5645 1586 5702 138,
1618 5660 1710 5695 nn.
1745 5645 1821 5709 18,
1854 5645 1930 5694 19.

1457 317 1558 376 DE
1605 313 1969 376 CIVlTATE
2014 314 2167 389 DEI,
2215 313 2278 374 S.
2327 313 2758 375 AUGUSTINI

3694 313 3809 377 244

2171 448 2414 520 culpans
2447 449 2660 520 potius,
2695 449 2907 520 quibus
2943 449 3064 505 haec
3087 450 3531 520 prohiberentur
3558 457 3614 508 et
3643 455 3816 510 dam-

2162 529 2357 585 nanda
2392 535 2754 600 putarentur,
2789 547 2914 600 qua:
2968 531 3163 586 haberi
3223 533 3490 586 miranda
3539 539 3594 588 et
3628 551 3808 590 vene-

2163 611 2337 666 randa
2361 616 2664 680 Oporterct.
2700 613 2785 666 Ita
2817 613 2967 667 enim
2992 613 3074 667 vel
3108 613 3456 668 sententiam
3482 631 3648 670 suam
3676 633 3804 686 per-

2165 692 2438 746 suaderet
2477 690 2798 760 judicibus,
2829 693 2936 758 vel,
2971 691 3021 748 si
3071 693 3155 747 illi
3209 695 3536 749 secundum
3571 696 3805 767 iniquas

2163 771 2318 841 leges
2365 778 2657 841 saperent,
2690 789 2936 842 eumque
2977 772 3117 828 talia
3168 775 3575 844 praedicantem
3628 785 3803 849 atque

2165 851 2500 907 laudantem
2558 859 2739 906 morte
2792 852 3164 920 mulctarent,
3199 855 3378 925 digna
3407 857 3617 912 anima:
3647 858 3808 914 illius

2164 933 2455 986 dmmones
2505 932 2657 986 dona
2708 933 3105 1001 rependerent,
3143 951 3242 1004 pro
3297 951 3544 1006 quorum
3595 939 3813 995 divinis

2165 1012 2440 1083 operibus
2473 1013 2858 1082 praedicandis
2897 1012 3212 1070 humanam
3244 1013 3415 1069 vitam
3462 1016 3575 1070 sibi
3626 1019 3810 1074 adimi

2167 1107 2279 1145 non
2314 1091 2561 1147 timeret.
2586 1093 2745 1146 Sicut
2778 1097 3062 1164 martyres
3093 1093 3296 1163 nostri,
3320 1111 3448 1150 cum
3469 1096 3548 1151 eis
3581 1113 3681 1167 pro
3704 1099 3819 1154 cri-

2167 1173 2320 1226 mine
2350 1171 2698 1241 objiceretur
2745 1173 3067 1228 christiana
3117 1174 3338 1244 religio,
3373 1191 3487 1245 qua
3534 1185 3819 1234 noverant

2167 1267 2229 1307 se
2262 1251 2384 1306 ﬁeri
2420 1252 2607 1306 salvos
2646 1256 2701 1306 et
2741 1252 3192 1322 gloriosissimos
3240 1255 3299 1310 in
3346 1261 3654 1322 aeternum,
3697 1275 3812 1314 non

2165 1347 2293 1386 eam
2326 1333 2613 1402 negando,
2656 1331 3004 1404 temporales
3051 1351 3248 1405 poenas
3297 1337 3536 1392 evadere
3581 1338 3814 1409 delege-

2167 1415 2336 1478 runt;
2369 1413 2465 1464 sed
2505 1412 2689 1480 potius
2719 1412 3069 1483 conﬁtendo,
3103 1415 3448 1485 proﬁtendo,
3493 1419 3814 1486 praedicau-

2169 1493 2261 1561 do,
2282 1496 2337 1546 et
2371 1508 2471 1561 pro
2498 1493 2602 1546 hac
2631 1492 2824 1547 omnia
2857 1493 3100 1549 ﬁdeliter
3127 1495 3467 1568 fortiterque
3490 1498 3816 1567 tolerando,

2168 1579 2224 1628 et
2249 1589 2380 1627 cum
2417 1573 2511 1644 pia
2541 1575 2850 1628 securitate
2895 1575 3216 1640 moriendo,
3254 1575 3413 1648 leges
3444 1579 3660 1649 quibus
3695 1597 3823 1652 pro-

2169 1653 2500 1722 hibebatur,
2531 1655 2898 1709 erusbescere
2924 1657 3350 1727 compulerunt,
3387 1661 3717 1732 mutarique
3742 1661 3822 1718 fe-

2170 1739 2390 1788 cerunt.
2427 1734 2611 1804 Hujus
2643 1741 2838 1790 autem
2869 1737 3200 1808 philosophi
3235 1737 3514 1794 Platonici
3537 1741 3821 1811 capiosis—

2169 1816 2320 1871 sima
2349 1821 2406 1870 et
2436 1816 2850 1871 dissertissima
2876 1823 3064 1872 exstat
3091 1820 3294 1880 oratio.
3327 1837 3442 1890 qua
3481 1822 3698 1878 crimen
3725 1841 3819 1880 ar-

2168 1897 2315 1951 tium
2353 1897 2704 1966 magicarum
2739 1917 2768 1952 a
2801 1913 2862 1952 se
2893 1899 3146 1954 alienum
3171 1915 3296 1956 esse
3328 1901 3605 1968 defendit,
3639 1921 3824 1976 scquc

2167 1977 2332 2032 aliter
2363 1994 2477 2032 non
2509 1979 2632 2032 vult
2659 1979 3032 2034 innocentem
3065 1981 3268 2050 videri,
3304 1981 3417 2037 nisi
3458 1998 3523 2038 ea
3556 1984 3823 2055 negando

2169 2075 2295 2130 quin
2330 2075 2442 2113 non
2467 2065 2715 2130 possunt
2745 2059 2818 2113 ab
2850 2059 3162 2116 innocente
3195 2065 3499 2119 committi.
3533 2068 3603 2120 At
3624 2067 3830 2123 omnia

2169 2139 2446 2196 miracula
2477 2156 2796 2210 magorum,
2820 2157 2968 2211 quos
3000 2147 3150 2196 recte
3173 2143 3350 2199 sentit
3380 2160 3509 2200 esse
3539 2146 3831 2202 damnan-

2170 2221 2294 2286 dos,
2330 2220 2615 2275 doctrinis
2664 2220 2809 2275 ﬁunt
2857 2226 2913 2276 et
2954 2222 3229 2290 cperibus
3270 2226 3637 2293 daemonum;
3674 2244 3832 2297 quos

2169 2302 2380 2357 viderit
2411 2317 2513 2355 cur
2544 2306 2769 2356 senseat
2802 2301 3190 2372 honorandos,
3224 2320 3428 2362 necess
3443 2306 3594 2362 arios
3609 2322 3707 2362 eos
3737 2325 3836 2364 as-

2171 2398 2368 2438 serens
2400 2382 2757 2452 perferendis
2791 2383 2861 2438 ad
2900 2385 3038 2440 deos
3091 2386 3308 2442 nostris
3341 2389 3630 2456 precibus,
3664 2405 3816 2460 quo-

2171 2478 2302 2517 rum
2330 2462 2610 2517 debemus
2661 2479 2835 2532 opera
2881 2464 3156 2534 devitarc,
3190 2466 3242 2521 si
3295 2469 3364 2523 ad
3410 2468 3589 2524 Deum
3624 2486 3823 2526 verum

2172 2557 2368 2614 preces
2411 2546 2636 2596 nostras
2667 2541 2934 2598 volumus
2974 2546 3287 2614 pervenire.
3348 2548 3563 2604 Deinde
3611 2565 3827 2618 quam,

2172 2621 2373 2693 quales
2400 2638 2597 2692 preces
2628 2622 2929 2678 hominum
2953 2625 3066 2678 diis
3093 2625 3271 2682 bonis
3301 2643 3403 2697 per
3423 2629 3717 2684 daemones
3747 2629 3834 2684 al-

2171 2703 2349 2773 legari
2383 2708 2566 2773 putat,
2593 2704 2870 2775 magicas,
2904 2722 2975 2760 an
3029 2705 3216 2762 licitas
3243 2707 3271 2761 ?
3301 2708 3359 2764 Si
3406 2711 3686 2780 magicas,
3719 2727 3830 2766 no-

2173 2786 2301 2841 lunt
2326 2783 2472 2840 tales
2500 2801 2512 2839 :
2546 2785 2591 2838 si
2625 2785 2832 2852 licitas,
2855 2787 3060 2842 nolunt
3087 2804 3185 2855 per
3206 2789 3370 2845 tales.
3393 2789 3452 2845 Si
3474 2795 3672 2846 autem
3694 2808 3838 2862 pec--

2172 2869 2331 2921 cator
2365 2864 2652 2936 paenitens
2707 2881 2904 2935 preces
2965 2867 3172 2934 fundit,
3229 2870 3479 2924 maxime
3509 2869 3556 2924 si
3600 2871 3836 2940 aliquid

2173 2945 2462 3015 magicum
2497 2945 2771 3014 admisit;
2805 2947 2961 3001 itane
2996 2949 3228 3003 tandem
3262 2947 3381 3004 illis
3409 2950 3840 3006 intercedenti-

2171 3025 2284 3081 bus
2314 3025 2524 3095 accipit
2570 3026 2826 3094 veniam,
2868 3027 3085 3098 quibus
3135 3027 3575 3099 impellentibus
3607 3036 3708 3084 aut.
3741 3032 3827 3086 fa-

2175 3105 2446 3160 ventibus
2492 3106 2845 3161 sececidisse
2881 3106 3101 3178 plangit
3150 3108 3206 3163 in
3223 3108 3598 3179 culpam?An
3627 3115 3680 3165 et
3705 3110 3824 3182 ipsi

2173 3186 2464 3240 daemones
2499 3190 2561 3238 ut
2585 3186 2805 3256 possint
2839 3187 3264 3256 pcenitentibus
3291 3190 3496 3246 mereri
3525 3191 3842 3261 indulgen-

2173 3265 2338 3331 tiam,
2375 3267 2591 3334 priores
2624 3271 2824 3336 agunt,
2849 3267 3004 3338 quod
3042 3283 3140 3323 eos
3173 3270 3534 3341 deceperint,
3560 3272 3841 3340 poeniten-~

2174 3347 2314 3400 tiam
2339 3345 2403 3398 1?
2435 3348 2554 3400 Hoc
2610 3362 2778 3401 nemo
2831 3364 3103 3418 unquam
3157 3351 3226 3404 de
3258 3350 3622 3406 daemonibus
3653 3351 3838 3407 dixit:

2173 3425 2312 3496 quia
2342 3424 2387 3478 si
2422 3428 2500 3480 ita
2530 3432 2703 3493 esset,
2730 3443 3102 3498 nequaquam
3146 3429 3256 3484 sibi
3293 3432 3572 3486 auderent
3601 3428 3838 3487 divinos

2173 3505 2418 3560 honores
2465 3512 2750 3576 expetere,
2783 3508 2879 3577 qui
2933 3509 3277 3578 paenitendo
3319 3511 3718 3566 desiderarent
3762 3513 3838 3568 ad

2173 3587 2412 3658 gratiam
2448 3587 2625 3641 venias
2657 3588 2954 3658 pervenire
2985 3589 3026 3643 ’.
3068 3589 3150 3644 lbi
3190 3590 3346 3646 enim
3379 3595 3469 3647 est
3496 3592 3842 3649 detestanda

2175 3667 2468 3738 superbia,
2506 3667 2596 3722 hic
2628 3668 2930 3724 humilitas
2963 3669 3314 3725 miseranda.

2172 3833 2412 3890 CAPUT
2443 3835 2560 3891 XX.
2595 3867 2664 3875 —
2694 3835 2771 3888 An
2794 3833 3132 3890 credendum
3162 3835 3237 3889 sit
3276 3833 3416 3904 quod
3471 3835 3554 3890 dii
3594 3835 3724 3890 boni
3751 3836 3826 3890 li-

2245 3915 2458 3971 bentius
2483 3916 2816 3971 dmmonibus
2853 3931 3018 3987 quam
3056 3915 3365 3971 hominibus
3393 3917 3747 3972 misceantur.

2239 4051 2311 4105 At
2338 4050 2493 4105 enim
2529 4067 2740 4120 urgens
2770 4067 2949 4105 causa
2969 4054 3027 4105 et
3055 4051 3392 4106 arctissima
3423 4052 3578 4123 cogit
3605 4053 3826 4108 demo-

2171 4146 2271 4185 nes
2289 4130 2509 4185 medios
2540 4130 2691 4185 inter
2721 4131 2858 4185 deos
2890 4137 2947 4186 et
2980 4130 3244 4185 homines
3298 4148 3489 4204 agere,
3524 4138 3587 4187 ut
3617 4134 3684 4186 ab
3718 4132 3832 4188 bo-

2171 4210 2431 4264 minibus
2455 4210 2691 4264 offerant
2723 4213 3073 4276 desiderata,
3107 4217 3164 4264 et
3194 4227 3226 4264 a
3277 4212 3391 4267 diis
3435 4214 3680 4267 referant
3713 4213 3830 4267 im-

2170 4295 2411 4362 petrata.
2438 4291 2712 4354 Quaenam
2734 4291 2966 4346 tandem
2985 4307 3162 4346 causa
3178 4296 3265 4346 est
3281 4293 3475 4356 ista,et
3490 4297 3706 4362 quanta
3723 4309 3833 4347 ne-

2170 4371 2586 4436 cessitas?Quia
2605 4373 2822 4439 nullus,
2846 4373 3141 4444 inquiunt,
3162 4373 3310 4428 Deus
3333 4375 3613 4429 miscetur
3630 4375 3790 4429 homi
3805 4407 3830 4418 ο

2173 4453 2252 4507 ni.
2290 4451 2560 4506 Praeclara
2600 4453 2770 4524 igitur
2808 4455 3095 4508 sanctitas
3116 4453 3235 4521 Dei,
3263 4454 3361 4525 qui
3398 4470 3511 4510 non
3551 4453 3838 4510 miscetur

2173 4532 2395 4588 homini
2415 4532 2791 4604 supplicanti,
2819 4539 2873 4589 et
2898 4535 3193 4589 miscetur
3215 4535 3462 4589 δεδωοοὶ
3495 4537 3789 4606 armganti
3821 4557 3838 4606 ;

2177 4629 2290 4668 non
2314 4613 2590 4668 miscetur
2621 4615 2838 4670 homini
2857 4615 3185 4684 paenitenti,
3209 4615 3560 4671 etmiscetur
3581 4617 3841 4673 daemoni

2177 4694 2521 4764 decipienti;
2559 4711 2670 4749 non
2696 4697 2972 4750 miscetur
3003 4696 3222 4750 homini
3255 4696 3614 4768 cont'ugienti
3650 4698 3719 4752 ad
3747 4698 3841 4753 di-

2179 4773 2499 4842 vinitatem,
2519 4779 2572 4829 et
2594 4775 2870 4832 miscetur
2891 4776 3142 4830 daamoni
3175 4777 3411 4846 ﬁngenti
3431 4777 3796 4832 divinitatem
3825 4795 3842 4844 ;

2181 4871 2295 4910 non
2328 4856 2603 4911 miscetur
2622 4857 2841 4911 homini
2878 4858 3093 4928 petenti
3127 4857 3575 4927 indulgentiam,
3599 4858 3826 4913 etmis-

2179 4942 2343 4990 cetur
2363 4937 2608 4991 daamoni
2633 4938 2896 4991 suadenti
2923 4937 3388 5007 nequitiam,non
3434 4939 3715 4991 miscetur
3732 4937 3841 4992 ho-

2180 5015 2321 5070 mini
2345 5016 2889 5087 perphi1090pbicos
2904 5016 3081 5072 libros
3098 5024 3293 5085 poetas
3306 5016 3375 5073 de
3394 5017 3534 5073 bene
3549 5017 3827 5074 instituta
3867 5063 3875 5068 .

2179 5099 2410 5153 civitate
2449 5098 2775 5166 pellenti,et
2815 5098 3092 5152 miscetur
3120 5099 3368 5154 daemoni
3395 5115 3428 5152 a
3456 5099 3832 5168 principibus

2178 5182 2236 5231 et
2269 5176 2586 5248 pontiiicus
2617 5177 2867 5232 civitatis
2902 5195 3003 5249 per
3023 5178 3286 5233 scenicos
3323 5177 3490 5232 ludos
3532 5183 3838 5248 poetarum

2246 5459 2260 5490 ι
2295 5455 2389 5503 Hic
2420 5453 2560 5515 apud
2590 5453 2717 5500 Lov.
2766 5452 2998 5504 additur.
3032 5459 3093 5499 ut
3122 5460 3178 5515 et,
3206 5451 3312 5512 ipsi
3335 5459 3523 5510 postea
3550 5447 3843 5515 accipiant

2182 5512 2594 5579 indulgentiam
2626 5531 2643 5562 :
2677 5517 2820 5578 quod
2851 5515 2918 5564 ab
2947 5515 3104 5564 editis
3137 5514 3259 5564 aliis
3288 5515 3341 5563 et
3388 5527 3420 5562 a
3455 5512 3842 5575 manuscriptis

2181 5582 2348 5630 abest.

2246 5644 2266 5677 ‘3
2297 5642 2468 5691 Nostri
2496 5642 2638 5702 Mss,
2674 5640 2967 5700 pertinere.
3000 5639 3065 5687 M.
