4128 6184
290 299 398 358 245

288 429 534 487 ludibria
555 430 906 503 requirenti;
933 449 1049 488 non
1090 434 1370 491 miscetur
1413 435 1636 492 homini
1679 439 1918 495 deorum

290 511 1126 583 criminaﬁngereprohibenti,
1160 524 1214 570 et
1260 516 1541 572 miscetur
1573 518 1822 575 daamoni
1858 539 1920 578 se

287 591 442 648 falsis
464 591 706 647 deorum
739 591 1084 648 criminibus
1116 594 1426 650 oblectanti
1453 614 1470 665 ;
1502 614 1614 652 non
1645 600 1921 656 miscetur

285 671 498 726 homini
536 688 834 742 magorum
857 674 1260 744 scelerajustis
1297 677 1522 747 legibus
1557 681 1842 750 punienti,
1865 686 1922 737 et

285 752 552 832 miscetur
579 752 824 807 daemoni
861 756 1114 822 magicas
1145 762 1299 813 artes
1330 758 1556 812 docenti
1588 763 1644 812 et
1666 760 1917 832 implen-

281 830 354 897 ti;
383 848 500 887 non
532 832 807 887 miscetur
834 833 1053 889 homini
1085 835 1472 892 imitationem
1515 830 1797 897 daemonis
1831 843 1917 898 fu-

281 911 555 982 gienti,et
593 913 872 1028 miscetur
928 913 1177 970 damoni
1233 917 1625 987 deceptionem
1668 920 1922 980 hominis

285 991 626 1046 aucupanti.

285 1006 591 1061 aucupanti
613 1006 626 1046 ε

284 1168 681 1255 CAPUTKXI.
704 1200 774 1212 —-
802 1173 885 1226 An
906 1171 1242 1255 (temonibus
1287 1179 1502 1233 nuntiis
1527 1189 1580 1235 et
1607 1183 1926 1255 interpreti-

343 1250 443 1385 ὺαέ
611 1257 865 1385 πέιαηιαν,
921 1254 1160 1325 fallique
1206 1272 1263 1312 se
1305 1259 1378 1314 ab
1418 1261 1496 1314 eis
1523 1271 1620 1316 aut
1642 1248 1922 1334 ignorent,

345 1347 416 1384 au
474 1346 534 1385 ve
561 1347 618 1385 ιη
649 1374 662 1385 .

345 1346 443 1385 aut
474 1346 662 1388 vomu.

344 1493 394 1548 1.
420 1492 535 1549 Sed
571 1492 851 1549 nimirum
881 1498 1056 1551 tantae
1088 1497 1268 1568 hujus
1293 1501 1672 1560 absurditatis
1693 1510 1749 1561 et
1771 1508 1924 1563 indi-

275 1572 516 1644 gnitatis
545 1578 636 1629 est
667 1589 882 1645 magna
914 1577 1256 1646 necessitas,
1307 1582 1462 1650 quod
1512 1582 1736 1640 scilicet
1784 1587 1922 1643 deos

276 1652 544 1708 aetherios
577 1652 833 1708 humana
862 1660 1134 1711 curantes
1167 1658 1303 1728 quid
1336 1665 1639 1718 terrestres
1658 1664 1922 1723 homines

276 1738 513 1803 agerent
546 1733 747 1803 utique
779 1733 1000 1804 lateret,
1035 1737 1144 1792 nisi
1179 1739 1472 1796 daemones
1505 1744 1646 1798 aerii
1678 1746 1919 1802 nuutia-

274 1820 433 1880 rent;
472 1814 749 1885 quoniam
781 1815 964 1871 either
993 1819 1162 1890 longe
1193 1837 1224 1874 a
1254 1826 1408 1877 terra
1425 1829 1515 1879 est
1546 1824 1776 1898 alteque
1795 1845 1923 1883 sus-

271 1909 510 1978 pensus,
565 1911 664 1950 aer
700 1912 834 1978 vero
881 1898 1080 1954 aetheri
1142 1904 1420 1972 terraeque
1484 1908 1813 1978 contiguus.
1875 1910 1920 1964 Ο

268 1974 600 2030 mirabilem
633 1976 983 2048 sapientiam
1010 1979 1022 2034 Ι
1057 1980 1203 2044 Quid
1238 1983 1395 2038 aliud
1422 1984 1492 2041 de
1523 1987 1630 2043 diis
1646 1974 1752 2044 isti
1784 2007 1921 2046 sen-

267 2054 446 2122 tiunt,
498 2072 646 2126 quos
705 2073 910 2113 omnes
972 2060 1224 2129 optimos
1290 2062 1510 2132 volunt,
1560 2067 1669 2122 nisi
1722 2085 1820 2124 eos
1869 2078 1922 2124 et

269 2132 536 2190 humana
571 2151 818 2219 ‘curare,
878 2153 949 2192 ne
1005 2139 1168 2195 cultu
1227 2141 1528 2198 videantur
1572 2145 1818 2219 indigni,
1869 2157 1923 2204 et

268 2224 508 2286 propter
536 2216 958 2273 elementorum
990 2219 1328 2276 distantiam
1376 2223 1636 2280 humana
1677 2216 1920 2296 nescire,

267 2299 331 2350 ut
352 2296 671 2351 credantur
699 2297 993 2353 dmmones
1045 2301 1379 2365 necessarii,
1411 2309 1467 2356 et
1504 2305 1576 2358 ob
1606 2305 1714 2360 hoc
1746 2307 1920 2360 etiam

262 2374 382 2463 ipsi
419 2379 699 2463 putentur
728 2376 974 2463 colendi,
1009 2393 1110 2463 per
1148 2396 1296 2463 quos
1328 2381 1405 2435 dii
1440 2383 1669 2452 possint
1696 2395 1748 2440 et
1780 2386 1922 2456 quid

260 2452 327 2534 in
365 2453 545 2534 rebus
577 2452 854 2534 humanis
903 2462 1107 2524 agatur
1148 2458 1445 2515 addiscere
1473 2466 1529 2516 et
1571 2463 1668 2517 ubi
1700 2452 1926 2534 oportet

259 2531 619 2588 hominibus
649 2533 1002 2590 subvenire?
1035 2536 1150 2592 Hoc
1166 2537 1214 2591 si
1240 2539 1320 2593 ita
1341 2545 1447 2608 est,
1471 2541 1583 2596 diis
1611 2531 1924 2602 istis—bonis

259 2612 469 2695 magis
503 2618 790 2695 notusiest
821 2615 1046 2670 daimon
1080 2633 1180 2686 per
1209 2635 1418 2689 corpus
1442 2622 1719 2692 vicinum,
1745 2641 1922 2695 quam

261 2691 450 2748 homo
479 2707 578 2760 per
601 2694 863 2748 animum
892 2696 1128 2752 bonum.
1163 2699 1206 2753 Ο
1238 2700 1484 2756 multum
1536 2691 1786 2761 dolenda
1831 2724 1924 2763 ne-

262 2773 532 2838 cessitas,
567 2790 639 2828 an
676 2775 870 2845 potius
893 2777 1185 2832 irridenda
1208 2780 1294 2835 vel
1317 2783 1661 2840 detestanda
1678 2789 1919 2854 vanitas,

263 2869 336 2908 ne
365 2854 452 2907 sit
480 2869 629 2907 vana
650 2854 963 2910 divinitas!
993 2858 1049 2912 Si
1084 2859 1236 2914 enim
1291 2861 1488 2916 animo
1519 2866 1591 2920 ab
1622 2869 1920 2924 obstaculo

262 2932 734 3018 corporislibero
758 2934 1020 2991 animum
1046 2943 1311 2995 nostrum
1337 2943 1527 3000 videre
1547 2945 1625 3000 dii
1649 2957 1897 3018 possunt

263 2999 382 3070 non
413 3013 487 3066 ad
525 3014 632 3070 hoc
661 3015 1027 3073 daemonibus
1050 3018 1319 3091 indigent
1349 2999 1572 3081 nuntiis
1595 2999 1621 3082 :7
1644 2999 1918 3084 siautem

262 3095 598 3174 animorum
641 3095 856 3150 indicia
895 3099 1238 3170 corporalia,
1279 3104 1476 3174 qualia
1508 3112 1648 3162 sunt
1697 3111 1894 3165 vultus

262 3173 505 3258 locutio,
525 3182 739 3258 motus,
757 3193 856 3246 per
874 3162 1082 3249 corpus
1104 3162 1274 3237 suum
1289 3162 1512 3240 istherii
1535 3188 1612 3242 dii
1637 3162 1917 3258 senti—unt:

265 3257 318 3309 et
364 3253 505 3309 inde
557 3254 833 3324 colligunt
885 3259 1026 3329 quid
1071 3261 1242 3316 etiam
1284 3264 1575 3322 daemones
1626 3253 1918 3335 nuntient,

263 3339 520 3417 possunt
549 3341 609 3417 et
638 3338 954 3417 mendaciis
1001 3341 1328 3398 demonum
1379 3346 1585 3417 decipi.
1638 3349 1812 3406 Porro
1871 3353 1920 3405 si

267 3415 526 3497 deorum,
549 3415 826 3497 divinitas
875 3435 909 3472 a
957 3419 1320 3478 daemonibus
1373 3415 1727 3496 non‘potest
1776 3429 1918 3497 falli,

266 3496 376 3577 ab‘
415 3496 626 3577 eadem
675 3496 995 3568 divinitate,
1043 3503 1198 3572 quod
1251 3504 1498 3574 agimus,
1541 3523 1657 3561 non
1727 3496 1921 3577 potest

265 3574 532 3647 ignorari
555 3575 598 3630 ⁸.

331 3658 382 3709 2.
416 3655 647 3710 Vellem
682 3661 876 3713 autem
927 3659 1067 3715 mibi
1116 3660 1212 3715 isti
1257 3662 1534 3730 dicerent,
1569 3671 1760 3721 utrum
1811 3668 1921 3723 diis

266 3732 570 3817 damones
584 3737 1057 3817 nuntiaverintde
1074 3741 1421 3799 criminibus
1436 3744 1674 3800 deorum
1700 3749 1919 3817 poetica

262 3815 482 3873 Platoni
515 3816 828 3888 displicere
859 3820 1156 3892 ﬁgmenta,
1189 3831 1242 3879 el
1273 3825 1386 3880 sibi
1416 3842 1484 3880 ea
1524 3815 1748 3897 placere
1779 3829 1919 3885 cela-

262 3898 482 3964 verint;
528 3914 602 3953 an
637 3902 954 3970 utrumque
1003 3903 1439 3972 occultaverint,
1495 3908 1746 3979 deosque
1793 3927 1918 3967 esse

262 3979 578 4067 maluerint
608 3981 787 4067 totius
837 3982 949 4067 rei-
976 3982 1151 4055 hujus
1201 3986 1471 4056 ignaros;
1500 4005 1570 4044 an
1606 3998 1916 4064 utrumque

266 4058 676 4144 indicaverint,
701 4064 764 4144 et
790 4061 1119 4144 religiosam
1153 4082 1292 4137 erga
1329 4069 1469 4124 deos
1501 4069 1756 4127 Platonis
1788 4058 1917 4144 p'ru-

265 4137 541 4209 dentiam,
574 4140 723 4224 etin
755 4142 911 4211 [deos
957 4145 1299 4213 injuriosam
1351 4151 1653 4207 libidinem
1703 4137 1910 4224 suam;

263 4234 327 4306 an
359 4220 974 4306 sententiamquidem
1014 4225 1282 4295 Platonis,
1306 4245 1416 4299 qua
1448 4231 1632 4286 noluit
1652 4234 1790 4290 deos
1815 4220 1916 4305 per

263 4299 496 4367 impiam
533 4300 829 4356 licentiam
864 4308 1161 4371 poetarum
1196 4306 1356 4363 falsis
1386 4311 1732 4368 criminibus
1764 4299 1910 4368 in't'a-

265 4380 422 4468 mari,
458 4383 724 4452 ignotam
745 4382 869 4468 _diis
901 4399 1030 4439 esse
1059 4385 1364 4456 voluerint,
1418 4408 1584 4446 suam
1635 4409 1768 4448 vero
1819 4411 1912 4449 ne-

266 4459 523 4544 quitiam,
579 4478 697 4544 qua
745 4461 918 4519 ludos
965 4466 1222 4522 scenicos
1278 4477 1495 4536 amant,
1555 4474 1764 4544 quibus
1813 4475 1911 4531 illa

267 4539 498 4623 deorum
558 4543 844 4623 dedecora
901 4546 1289 4616 celebrantur,
1336 4539 1586 4623 prodere
1622 4573 1736 4612 non
1782 4574 1910 4614 eru-

267 4617 492 4707 buerint
512 4622 602 4679 vel
634 4624 959 4682 timuerint.
992 4632 1206 4684 Horum
1233 4617 1639 4707 quatuor,qua3
1671 4639 1912 4694 interro-

273 4703 452 4772 gando
476 4707 782 4776 proposui,
833 4708 1154 4789 quodlibet,
1197 4703 1432 4785 eligant,
1465 4703 1609 4773 et'in
1650 4721 1912 4789 quolibet

267 4793 456 4867 eorum
515 4790 803 4867 quantum
858 4788 996 4843 mali
1049 4790 1120 4846 de
1175 4792 1289 4850 diis
1356 4795 1522 4850 bonis
1574 4788 1908 4867 opinentur,

269 4864 696 4945 attendantsSi
740 4868 894 4924 enim
946 4872 1191 4941 primum
1242 4875 1542 4945 elegerint,
1584 4864 1907 4936 confessuri

269 4947 398 4995 sunt
429 4959 552 4999 non
601 4944 843 5003 licuisse
894 4949 1006 5005 diis
1053 4953 1220 5008 bonis
1269 4944 1536 5011 habitare
1580 4972 1710 5012 cum
1758 4959 1910 5016 bono

264 5017 510 5113 Platone,
547 5028 781 5113 quando
803 5044 1004 5113 eorum
1036 5031 1282 5103 injurias
1317 5036 1676 5106 prohibebat.
1713 5044 1770 5094 et
1811 5039 1908 5095 ha-

264 5099 474 5192 bitasse
504 5123 640 5192 cum
673 5108 1038 5167 dmmonibus
1070 5099 1256 5181 malis,
1282 5099 1514 5188 quando
1536 5134 1734 5175 eorum
1759 5121 1912 5190 inju-

267 5187 359 5259 riis
386 5187 762 5244 exsultabant
791 5207 804 5259 ;
839 5207 973 5247 cum
1023 5193 1106 5247 dii
1155 5187 1314 5251 boni,
1344 5198 1638 5256 hominem
1693 5187 1908 5258 bonum

270 5257 430 5336 longe
460 5284 495 5322 a
546 5284 608 5324 se
653 5272 906 5340 positum
959 5274 1190 5331 nonnisi
1240 5294 1340 5349 per
1389 5279 1569 5336 malos
1617 5257 1911 5339 daemones

327 5536 347 5598 ξ
373 5535 560 5598 abest,
591 5537 676 5588 ab.
715 5539 774 5588 in
801 5541 1049 5592 omnibus
1080 5546 1278 5596 nostris
1307 5547 1425 5597 Mss.
1459 5549 1524 5598 Μ.

332 5593 351 5628 2
379 5597 474 5649 Hic
503 5599 693 5662 incipit
719 5606 879 5667 caput
903 5603 961 5654 21
994 5606 1050 5656 in
1079 5593 1200 5657 ius;

1657 300 1891 364 LIBER
1933 303 2318 366 OCTAVUS.

3559 304 3674 368 246

2028 445 2292 503 nossent,
2327 458 2470 512 quos
2490 440 2713 497 vicinos
2736 439 2754 476 1
2783 457 2954 497 nosse
2982 459 3093 497 non
3113 446 3367 513 possent.
3393 441 3451 497 Si
3478 446 3674 498 autem

2026 525 2348 579 secundum
2406 523 2703 592 elegerint,
2765 528 2820 576 et
2870 531 3180 593 utrumque
3237 523 3590 577 occultatum
3643 541 3673 577 a

2028 605 2392 658 daemonibus
2446 604 2716 668 dixerint,
2773 608 2836 656 ut
2879 603 2958 657 dii
3007 605 3243 658 omnino
3294 604 3581 658 nescirent
3620 609 3676 659 et

2028 685 2286 739 Platonis
2323 683 2820 755 religiosissimam
2858 683 3036 753 legem
3071 693 3119 737 et
3147 686 3474 738 daemonum
3501 685 3679 738 sacri-

2027 764 2206 837 legam
2241 765 2684 819 delectationem
2715 765 2892 834 ;quid
2948 767 3002 816 in
3056 763 3224 818 rebus
3273 764 3548 818 humanis
3581 779 3679 831 per

2028 847 2418 902 internuntios
2461 847 2751 900 daemones
2799 845 2875 899 dii
2929 861 3099 900 nosse
3149 844 3363 898 utiliter
3407 849 3674 913 possunt,

2029 930 2259 1002 quando
2293 929 2390 982 illa
2424 928 2713 993 nesciunt,
2746 943 2873 996 quas
2905 926 2962 980 in
2994 927 3267 980 honorem
3301 928 3537 979 deorum
3585 926 3678 980 b0-

2030 1027 2240 1066 norum
2275 1011 2553 1081 religione
2586 1009 2868 1062 bonorum
2903 1007 3210 1062 hominum
3245 1012 3448 1060 contra
3479 1007 3676 1060 libidi-

2033 1107 2163 1147 nem
2219 1091 2504 1144 malorum
2565 1090 2894 1143 daainonum
2971 1085 3411 1142 decernuntur?
3439 1086 3494 1138 Si
3544 1101 3678 1140 vero

2029 1172 2268 1227 tertium
2300 1170 2598 1240 elegerint,
2633 1174 2690 1224 et
2721 1185 2836 1223 non
2869 1168 3057 1222 solum
3100 1166 3452 1221 sententiam
3488 1165 3682 1220 Plato—

2033 1253 2126 1308 nis
2156 1252 2398 1306 deorum
2431 1250 2678 1318 injurias
2724 1248 3148 1318 prohibentem,
3202 1247 3301 1301 sed
3354 1247 3528 1301 etiam
3562 1246 3682 1300 dae-

2031 1347 2274 1386 monum
2327 1330 2646 1400 nequitiam
2699 1330 2938 1383 deorum
2987 1327 3220 1396 injuriis
3268 1324 3680 1393 exsultantem,

2031 1426 2134 1483 per
2163 1411 2398 1466 eosdem
2432 1410 2726 1463 daemones
2775 1408 3009 1462 nuntios
3059 1407 3168 1460 diis
3200 1404 3527 1459 innotuisse
3557 1421 3680 1459 res-

2031 1491 2377 1562 ponderint;
2409 1490 2517 1544 hoc
2550 1488 2820 1544 nuntiare
2868 1496 2973 1555 est,
3031 1504 3103 1542 an
3146 1485 3472 1541 insultare?
3503 1486 3571 1540 Et
3601 1483 3680 1539 dii

2030 1576 2344 1643 utrumque
2376 1570 2459 1626 sic
2490 1570 2757 1636 audiunt,
2800 1568 2883 1624 sic
2932 1576 3244 1637 utrumque
3293 1570 3675 1635 cognoscunt,

2031 1656 2093 1708 ut
2123 1669 2239 1706 non
2271 1650 2459 1706 solum
2490 1650 2780 1720 malignos
2813 1650 3102 1704 daemones
3134 1648 3375 1700 deorum
3411 1646 3681 1713 dignitati

2029 1738 2086 1790 et
2119 1732 2371 1788 Platonis
2405 1732 2666 1802 religioni
2701 1729 2984 1785 contraria
3022 1727 3322 1798 Cupientes
3371 1732 3544 1796 atque
3595 1726 3680 1780 fa-

2029 1815 2246 1869 cientes
2276 1831 2310 1867 a
2340 1829 2446 1868 suo
2492 1827 2731 1867 accessu
2779 1827 2894 1865 non
2945 1813 3198 1872 arceant,
3250 1821 3451 1861 verum
3501 1805 3678 1859 etiam

2030 1911 2130 1965 per
2159 1894 2289 1948 illos
2321 1893 2503 1948 malos
2535 1893 2895 1964 propinquos
2926 1889 3149 1943 Platoni
3179 1889 3328 1942 bono
3362 1887 3678 1958 longinquo
3748 1927 3752 1931 .

2028 1976 2179 2030 dona
2209 1974 2631 2029 transmittant.
2658 1973 2751 2026 Sic
2773 1971 2929 2026 enim
2958 1985 3053 2024 eos
3073 1968 3490 2024 elementorum
3515 1966 3678 2038 quasi

2028 2059 2286 2112 catenata
2319 2054 2498 2108 series
2528 2051 2841 2122 colligavit,
2891 2053 2957 2104 ut
3003 2048 3121 2104 illis
3151 2066 3184 2103 a
3214 2048 3431 2118 quibus
3481 2046 3678 2101 crimi-

2030 2141 2268 2200 nantur,
2301 2132 2576 2203 conjungi
2613 2131 2869 2200 possint;
2904 2129 3034 2183 huic
3065 2147 3094 2182 a
3127 2144 3242 2198 quo
3264 2129 3676 2194 defenduntur,

2030 2231 2145 2270 non
2181 2215 2442 2284 possint:
2479 2217 2792 2281 utrumque
2823 2211 3098 2274 scientes,
3130 2209 3230 2262 sed
3264 2207 3410 2260 aeris
3439 2217 3488 2258 et
3513 2210 3679 2284 terra:

2031 2281 2284 2365 pondera
2317 2295 2704 2346 transmutare
2737 2306 2851 2343 non
2886 2287 3165 2342 valentes.
3196 2286 3326 2340 Jam
3359 2284 3512 2354 quod
3548 2281 3680 2365 reli-

2031 2361 2215 2445 quum
2248 2377 2356 2439 est,
2387 2372 2436 2425 si
2469 2377 2741 2440 quartum
2775 2367 3074 2435 elegerint,
3110 2367 3274 2435 pejus
3316 2369 3404 2418 est
3435 2361 3679 2445 caeteris.

2031 2442 2172 2522 Quis
2202 2452 2356 2507 enim
2394 2452 2557 2516 ferat,
2589 2453 2638 2504 si
2671 2453 2969 2520 poetarum
3004 2448 3074 2501 de
3106 2446 3220 2502 diis
3251 2442 3683 2522 immortalibus

2030 2532 2346 2590 criminosa
2377 2531 2651 2600 ﬁgmenta
2682 2536 2735 2582 et
2762 2527 3118 2582 theatrorum
3144 2525 3383 2595 indigna
3406 2521 3679 2589 ludibria,

2031 2627 2311 2682 suamque
2342 2609 2399 2663 in
2438 2609 2526 2662 his
2559 2606 2831 2661 omnibus
2883 2604 3353 2659 ardentissimam
3387 2601 3681 2671 cupidita-

2032 2697 2145 2746 tem
2178 2697 2235 2746 et
2265 2688 2670 2745 suavissimam
2702 2686 3056 2756 voluptatem
3082 2683 3194 2737 diis
3216 2684 3510 2737 daemones
3537 2697 3681 2735 nun-

2029 2773 2342 2838 tiaverunt,
2376 2773 2450 2830 et,
2486 2768 2633 2834 quod
2671 2765 2830 2820 Plato
2865 2763 3264 2834 philosophica
3302 2762 3580 2832 gravitate
3610 2761 3680 2815 de

2028 2852 2246 2922 optima
2278 2847 2575 2918 republica
2620 2848 2736 2901 haec
2785 2844 2986 2900 omnia
3034 2843 3262 2898 censuit
3306 2839 3677 2906 removenda,

2025 2935 2369 2997 tacuerunt;
2406 2933 2468 2982 ut
2492 2929 2613 2998 jam
2646 2928 2722 2980 dii
2757 2925 2892 2980 boni
2928 2941 3028 2994 per
3056 2923 3202 2978 tales
3235 2923 3473 2976 nuntios
3505 2936 3678 2975 nosse

2027 3015 2310 3080 cogantur
2358 3009 2511 3064 mala
2560 3007 2973 3079 pessimorum,
3026 3021 3131 3060 nec
3182 3002 3395 3067 aliena,
3445 3001 3550 3056 sed
3588 3017 3680 3055 eo-

2026 3095 2289 3149 rumdem
2315 3091 2674 3157 nuntiorum,
2709 3095 2884 3159 atque
2917 3087 3005 3141 bis
3037 3085 3322 3141 contraria
3345 3100 3462 3138 non
3487 3085 3678 3136 sinan-

2030 3179 2123 3230 tur
2153 3188 2326 3228 nosse
2358 3173 2508 3226 bona
2565 3169 3070 3242 philosophorum,
3121 3181 3254 3220 cum
3301 3164 3402 3218 illa
3451 3163 3568 3218 sint
3621 3163 3677 3216 in

2025 3255 2327 3325 iniuriam,
2358 3255 2471 3309 ista
2502 3252 2558 3306 in
2584 3251 2858 3306 honorem
2892 3249 3155 3320 ipsorum
3196 3246 3485 3302 deorum?

2029 3433 2256 3490 CAPUT
2295 3434 2465 3490 XXII.
2503 3464 2574 3474 —
2632 3433 2703 3487 De
2752 3431 3070 3500 abiicienda
3125 3431 3280 3486 cultu
3338 3430 3677 3498 dmmonum,

2578 3519 2770 3568 contra
2800 3512 3124 3582 Apuleium.

2099 3671 2242 3734 Quia
2283 3669 2462 3740 igitur
2493 3668 2638 3724 nihil
2663 3670 2907 3723 istorum
2932 3669 3185 3736 quatuor
3206 3662 3544 3733 eligendum
3568 3665 3675 3729 est,

2027 3768 2097 3806 ne
2130 3751 2189 3804 in
2222 3749 2485 3820 quolibet
2514 3764 2715 3804 eorum
2751 3748 2820 3802 de
2853 3745 2965 3800 diis
3012 3750 3132 3799 tam
3166 3743 3316 3798 male
3347 3741 3675 3820 sentiatur;

2026 3835 2209 3887 restat
2240 3819 2304 3884 ut
2337 3829 2497 3884 nullo
2522 3828 2693 3882 modo
2717 3826 3072 3882 credendum
3099 3825 3198 3888 sit,
3225 3823 3378 3893 quod
3402 3819 3676 3887 Apuleius

2024 3912 2372 3984 persuadere
2405 3910 2632 3977 nititur,
2663 3916 2717 3963 et
2744 3907 3100 3978 quicumque
3128 3903 3226 3959 alii
3248 3906 3390 3984 sunt
3412 3901 3675 3971 ejusdem

2023 3983 2323 4049 sententia
2373 3989 2722 4063 philosophi,
2770 3989 2852 4044 ita
2920 4003 3048 4043 esse
3101 3983 3327 4042 medios
3383 3984 3676 4063 daemones

2021 4073 2171 4128 inter
2222 4062 2463 4127 deoswet
2513 4068 2782 4124 homines
2842 4071 3122 4138 tanquam
3179 4062 3576 4121 internuntios
3622 4078 3677 4127 ei

2021 4154 2388 4223 interpretes,
2422 4153 2521 4222 qui
2555 4150 2692 4205 hinc
2725 4150 2912 4204 ferant
2933 4148 3238 4218 petitiones
3265 4151 3515 4210 nostras,
3538 4144 3675 4200 inde

2019 4237 2271 4291 referant
2305 4236 2538 4289 deorum
2589 4232 2929 4303 suppetias:
2967 4230 3068 4285 sed
3116 4245 3240 4285 esse
3288 4227 3529 4298 spiritus
3568 4243 3674 4282 no-

2020 4316 2187 4371 cendi
2219 4315 2656 4386 cupidissimos,
2689 4329 2722 4366 a
2745 4311 2976 4382 justitia
3013 4311 3244 4381 penitus
3290 4309 3534 4371 alienos,
3571 4323 3672 4362 su-

2019 4395 2221 4466 perbia
2254 4395 2535 4462 tumidos,
2559 4392 2874 4447 invidentia
2894 4389 3120 4455 lividos,
3145 4387 3369 4444 fallacia
3391 4387 3666 4444 callidos:

2021 4476 2118 4546 qui
2143 4477 2199 4529 in
2232 4476 2339 4531 hoc
2371 4476 2605 4546 quidem
2637 4490 2764 4528 aere
2797 4472 3239 4543 habitant,quia
3261 4471 3331 4524 de
3350 4467 3476 4524 coeli
3501 4485 3671 4538 supe-

2019 4553 3014 4624 riorissublimitatedejecti,merito
3030 4551 3468 4623 irregressibilis
3486 4556 3670 4604 trans-

2018 4636 2340 4708 gressionis
2364 4637 2422 4691 in
2446 4637 2554 4692 hoc
2570 4635 2680 4690 sibi
2707 4651 2959 4701 congruo
2981 4633 3131 4687 velut
3155 4648 3380 4686 carcere
3405 4630 3670 4701 praedam-

2019 4717 2136 4772 nati
2153 4722 2314 4782 sunt;
2340 4733 2444 4772 nec
2469 4721 2659 4771 tamen
2683 4717 2817 4784 quia
2839 4729 3009 4783 supra
3026 4717 3205 4765 terras
3227 4714 3283 4763 et
3305 4726 3490 4779 aquas
3516 4708 3669 4763 aeri’l

2018 4796 2184 4852 locus
2205 4801 2308 4863 est,
2345 4797 2471 4852 ideo
2503 4801 2559 4850 et
2583 4795 2694 4865 ipsi
2728 4801 2862 4848 sunt
2886 4791 3108 4845 meritis
3133 4790 3461 4857 superiores
3487 4787 3669 4865 homi-

2017 4879 2211 4944 nibus,
2234 4880 2446 4948 quieos
2463 4893 2575 4932 non
2589 4864 2818 4930 terreno
2832 4884 3093 4948 corpore,
3109 4869 3208 4923 sed
3227 4866 3406 4922 electo
3430 4867 3486 4920 in
3507 4864 3668 4948 auxi-

2016 4958 2161 5013 lium
2185 4945 2300 5012 Deo
2323 4973 2474 5021 vero,
2509 4955 2600 5024 pia
2625 4955 2815 5006 mente
2839 4947 3106 5005 facillime
3131 4950 3410 5018 superant
3431 4950 3528 5016 (α).
3552 4945 3665 5000 Sed

2018 5037 2218 5092 multis
2250 5034 2419 5106 plane
2440 5031 2877 5105 participatione
2900 5045 3048 5086 veras
3069 5026 3361 5100 religionis
3381 5025 3664 5097 indignis,

2084 5309 2097 5341 ί
2130 5303 2286 5361 Editi,
2316 5302 2423 5352 sibi
2452 5301 2681 5351 vicinos.
2726 5301 2902 5360 Abest,
2932 5299 3058 5356 sibi,
3090 5315 3122 5350 a
3150 5300 3270 5348 Mss.
3304 5298 3454 5347 Forte
3482 5297 3661 5358 legen-

2017 5370 2163 5424 dum,
2189 5382 2342 5427 quos.
2369 5365 2471 5412 etsi
2492 5364 2722 5419 vicinos,
2753 5377 2908 5412 nosse
2937 5378 3048 5411 non
3082 5369 3318 5426 possent.

2081 5430 2102 5463 ²
2134 5430 2258 5478 Sola
2285 5429 2445 5478 editio
2474 5429 2620 5479 Lov..
2651 5440 2862 5475 aereus.

2081 5493 2158 5550 (α)
2187 5493 2259 5541 De
2285 5493 2399 5541 loco
2431 5492 2749 5540 daemonum
2796 5491 2951 5552 plura
2994 5486 3298 5552 passim_in
3332 5486 3479 5552 hisce
3508 5485 3659 5552 libris

2015 5549 2176 5606 haliet
2205 5555 2549 5616 Augustinus.
2582 5553 2769 5602 Confer
2796 5549 2962 5616 etiam
2986 5549 3075 5616 lib.
3109 5552 3173 5598 de
3196 5550 3309 5616 Nat.
3330 5549 3458 5598 Boni
3475 5550 3655 5599 contra

2017 5619 2242 5669 Manicb.
2276 5612 2315 5666 ii
2359 5616 2439 5672 33,
2473 5620 2526 5667 et
2553 5617 2618 5666 de
2643 5618 2820 5679 Agone
2847 5614 3165 5672 Christiano,
3197 5627 3230 5662 n
3267 5612 3312 5661 3.
