4158 6192
375 276 493 336 247

368 416 647 483 tauquam
680 410 867 482 captis
899 408 1269 480 subditisque
1315 406 1727 462 dominantur:
1762 423 2009 479 quorum

368 493 637 547 maximas
673 491 815 562 parti
848 490 1212 546 mirabilibus
1260 492 1316 543 et
1354 486 1659 544 fallacibus
1689 490 1870 561 signis
1898 490 2017 546 sive

368 571 682 638 factorum,
716 572 839 626 sive
871 571 1302 641 praedictorum,
1326 569 1465 624 deos
1514 583 1576 623 se
1611 585 1739 625 esse
1772 586 2018 641 persua-

369 657 593 709 serunt.
644 652 1007 716 Quibusdam
1070 663 1205 704 vero
1263 649 1403 703 vitia
1457 665 1659 705 eorum
1716 649 2018 721 aliquanto

370 734 652 788 attentius
691 738 748 787 et
778 731 1125 801 diligentius
1155 730 1547 793 intuentibus,
1572 747 1684 786 non
1712 735 2022 803 potuerunt

372 817 723 885 persuadere
754 813 906 882 quod
942 811 1021 864 dii
1063 811 1201 876 sint,
1261 819 1436 882 atque
1480 812 1630 867 inter
1668 813 1805 868 deos
1834 824 1887 867 et
1918 814 2021 867 bo-

377 896 567 949 mines
629 892 1023 947 internuntios
1070 908 1136 947 ac
1156 893 1568 948 beneliciorum
1619 895 2023 963 impetratores

374 989 438 1029 se
467 990 595 1028 esse
625 972 955 1026 ﬁnxerunt:
990 974 1037 1026 si
1065 987 1252 1027 tamen
1276 990 1386 1029 non
1412 975 1589 1028 istum
1615 977 1820 1029 saltem
1848 976 2025 1030 hono-

371 1069 490 1108 rem
540 1053 808 1108 homines
852 1053 937 1108 eis
976 1055 1351 1109 deferendum
1397 1060 1694 1125 putarunt,
1746 1055 1845 1126 qui
1894 1055 2023 1111 illos

373 1149 480 1189 nec
510 1135 647 1190 deos
677 1151 806 1190 esse
835 1135 1170 1201 credebant,
1197 1136 1334 1205 quia
1351 1135 1534 1191 malos
1552 1135 1862 1202 videbant;
1888 1138 2026 1191 deos

372 1219 569 1269 autem
602 1231 805 1271 omnes
837 1213 1019 1271 bonos
1046 1214 1336 1281 volebant,
1370 1231 1475 1270 nec
1505 1216 1798 1271 audebant
1827 1220 2025 1271 tamen

369 1295 612 1349 omnino
639 1294 914 1366 indignos
946 1293 1138 1350 dicere
1168 1294 1387 1350 honore
1417 1295 1613 1350 divino
1639 1313 1654 1363 ;
1687 1296 1932 1350 maxime
1954 1310 2026 1351 ne

368 1372 728 1430 offenderent
758 1375 1029 1445 populos,
1061 1390 1095 1429 a
1125 1374 1338 1446 quibus
1368 1374 1454 1431 eis
1471 1376 1785 1431 cernebant
1807 1376 2029 1431 invetee

367 1458 498 1511 rata
521 1454 938 1527 superstitione
967 1471 1071 1527 per
1100 1460 1186 1511 tot
1217 1471 1386 1512 sarca
1415 1459 1472 1512 et
1489 1456 1706 1525 templa
1733 1456 1955 1513 serviri.

369 1622 599 1679 CAPUT
636 1621 835 1678 XXIII.
863 1653 930 1663 —
953 1621 1097 1688 Quid
1119 1622 1340 1676 Hermes
1363 1620 1749 1691 Trismegistus
1769 1620 1834 1677 de
1861 1620 2031 1676 idolo-

440 1705 614 1759 latria
641 1705 893 1771 senserit,
924 1708 975 1758 et
1006 1703 1151 1759 unde
1192 1702 1334 1759 scire
1353 1703 1596 1776 potuerit
1622 1706 2033 1775 superstitiones

443 1782 742 1857 Egyptias
772 1782 1125 1852 au/erendas.

451 1919 502 1975 1.
534 1919 678 1976 Nam
710 1918 943 1975 diversa
972 1920 1044 1974 de
1074 1918 1188 1975 illis
1218 1918 1455 1974 Hermes
1497 1918 1828 1992 Egyptius,
1862 1935 2034 1992 quem

381 2001 833 2071 Trismegistum
883 2007 1117 2070 vocant,
1149 2000 1335 2055 sensit
1380 2004 1437 2057 et
1465 2001 1703 2072 scripsit
1731 2002 1828 2071 (α).
1890 2006 2040 2071 Apu-

379 2079 533 2136 leius
575 2080 732 2135 enim
766 2081 904 2135 deos
935 2082 1173 2151 quidem
1207 2080 1341 2136 illos
1372 2085 1579 2150 negat:
1604 2082 1701 2135 sed
1735 2096 1868 2137 cum
1897 2080 2040 2136 dicit

380 2160 466 2218 ita
494 2161 649 2215 inter
678 2159 950 2215 homines
979 2160 1237 2231 deosque
1265 2160 1515 2231 quadam
1567 2160 1876 2216 medietate
1905 2178 2037 2217 ver-

380 2241 521 2306 sari,
574 2245 639 2296 ut
694 2239 1035 2296 hominibus
1102 2241 1256 2312 apud
1316 2242 1475 2311 ipsos
1528 2241 1668 2295 deos
1726 2241 2037 2297 necessarii

374 2321 708 2385 videantur,
755 2320 977 2375 cultum
1032 2336 1235 2377 eorum
1290 2337 1324 2377 a
1376 2336 1763 2392 supernorum
1797 2323 2034 2379 deorum

374 2401 650 2473 religione
690 2418 807 2457 non
859 2406 1112 2474 separat.
1170 2401 1275 2457 Ille
1319 2407 1516 2457 autem
1562 2401 1865 2474 Egyptius
1894 2403 2039 2458 alios

376 2483 514 2540 deos
545 2497 670 2538 esse
701 2481 843 2537 dicit
873 2500 905 2537 a
939 2498 1177 2539 summo
1208 2482 1323 2538 Deo
1358 2483 1560 2550 factos,
1596 2482 1743 2538 alios
1759 2483 1830 2538 ab
1853 2483 2039 2539 homi-

376 2563 574 2620 nibus.
628 2562 745 2618 Hoc
793 2562 891 2633 qui
944 2563 1130 2631 audit,
1183 2563 1339 2618 sicut
1384 2580 1416 2617 a
1466 2578 1559 2618 me
1615 2563 1868 2632 positum
1926 2569 2035 2632 est,

378 2648 548 2717 putat
578 2643 693 2699 dici
725 2643 795 2698 de
830 2642 1188 2714 simulacris,
1222 2644 1362 2713 quia
1392 2644 1408 2678 ¹
1442 2660 1615 2715 opera
1646 2650 1786 2699 sunt
1818 2661 2038 2699 manu-

379 2740 477 2781 um
527 2722 966 2780 bominum:at
1022 2723 1120 2780 ille
1179 2722 1436 2779 visibilis
1495 2727 1551 2779 et
1606 2725 2041 2781 contrectabilia

376 2804 715 2873 simulacra,
760 2805 911 2860 velut
963 2820 1208 2875 corpora
1255 2804 1507 2859 deorum
1583 2820 1713 2861 esse
1790 2806 2040 2875 asserit;

383 2885 577 2941 inesse
607 2893 802 2940 autem
852 2884 946 2941 his
993 2885 1276 2956 quosdam
1326 2884 1568 2954 spiritus
1615 2884 1907 2953 invitatos,
1939 2886 2039 2958 qui

384 2965 619 3021 valeant
648 2964 890 3036 aliquid,
914 2964 1033 3021 sive
1051 2967 1120 3020 ad
1149 2965 1501 3031 nocendum,
1518 2967 1639 3020 sive
1662 2966 1733 3021 ad
1758 2966 2044 3022 desideria

389 3062 589 3102 eorum
641 3045 927 3101 nonnulla
974 3045 1347 3117 complenda,
1395 3062 1430 3101 a
1489 3048 1705 3118 quibus
1744 3045 1828 3101 eis
1868 3039 2041 3102 divini

398 3127 651 3183 honores
677 3130 734 3181 et
780 3126 977 3182 cultus
1023 3128 1301 3198 obsequia
1341 3126 1703 3184 deferuntur.
1749 3133 1865 3184 Hos
1912 3144 2045 3201 ergo

397 3208 644 3279 spiritus
673 3206 995 3264 invisibiles
1023 3224 1123 3279 per
1151 3217 1332 3264 artem
1366 3209 1678 3279 quamdam
1711 3208 2040 3267 visibilibus

400 3289 578 3343 rebus
609 3287 928 3358 corporalis
961 3288 1216 3343 materiai
1266 3290 1535 3360 copulare
1558 3290 1601 3357 ³,
1633 3297 1697 3345 ut
1728 3292 1847 3346 sint
1884 3296 2048 3361 quasi

400 3368 661 3423 animata
690 3382 952 3437 corpora,
1003 3368 1118 3424 illis
1163 3369 1468 3439 spiritibus
1512 3369 1701 3426 dicata
1730 3376 1786 3426 et
1813 3374 2052 3430 subdita

399 3447 735 3514 simulacra,
797 3447 906 3502 hoc
962 3464 1084 3505 esse
1152 3449 1292 3505 dicit
1347 3454 1482 3507 deos
1540 3453 1744 3518 facere,
1804 3469 2052 3526 eamque

402 3544 673 3599 magnam
708 3531 766 3583 et
795 3528 1121 3585 mirabilem
1155 3531 1293 3586 deos
1326 3530 1573 3587 faciendi
1620 3534 1913 3605 accepisse
1944 3536 2052 3592 bo-

401 3608 590 3665 mines
621 3614 986 3681 potestatem.
1031 3611 1214 3684 Hujus
1259 3611 1504 3686 [Egyptii
1552 3614 1747 3681 verba,
1797 3617 1947 3672 sicut
1992 3617 2052 3672 in

404 3695 662 3749 nostram
693 3690 952 3761 linguam
985 3692 1362 3766 interpretata
1393 3699 1553 3764 sunt,
1605 3712 1817 3768 ponam
1864 3699 1956 3771 (b).
1990 3700 2056 3754 Et

405 3774 673 3846 quoniam
703 3772 770 3828 de
817 3777 1159 3846 cognatione,
1208 3775 1420 3847 inquit,
1470 3784 1523 3833 et
1568 3778 1840 3835 consortio
1884 3779 2058 3834 hami.

408 3869 547 3909 num
574 3857 912 3926 deorumque
959 3858 1117 3913 nobis
1166 3856 1445 3913 indicitur
1496 3873 1694 3923 sermo,
1744 3865 2057 3929 potestatem

411 3933 674 4002 hominis,
692 3950 721 3990 o
751 3935 986 4005 Asclepi,
1010 3940 1230 4006 vimque
1244 3952 1515 4007 cognosce.
1538 3938 1824 4005 Dominus,
1848 3938 2055 4009 inquit,

407 4021 460 4071 et
492 4019 677 4078 Pater,
709 4016 796 4069 vel
817 4016 956 4085 quod
984 4026 1065 4070 est
1093 4032 1391 4082 summum,
1443 4018 1603 4083 Deus,
1637 4026 1698 4072 ut
1724 4019 1943 4089 eﬂ‘ector
1982 4027 2061 4074 est

409 4095 637 4149 deorum
665 4093 982 4160 cwlestium,
1015 4094 1096 4148 ita
1126 4094 1283 4149 homo
1312 4095 1468 4163 fictor
1506 4106 1590 4150 est
1625 4096 1848 4151 deorum
1878 4098 1981 4165 qui
1998 4099 2055 4151 in

410 4175 628 4239 templis
655 4184 781 4228 sunt
801 4174 1046 4227 humana
1070 4177 1433 4242 proximitate
1461 4179 1700 4231 contenti
1721 4178 1762 4229 ³.
1791 4176 1854 4230 Et
1886 4176 2058 4246 paulo

412 4256 543 4322 post
576 4267 589 4305 :
622 4253 703 4307 Ita
734 4253 1071 4315 humanitas,
1106 4254 1319 4323 inquit,
1352 4270 1563 4324 semper
1595 4271 1806 4311 memor
1845 4259 2060 4314 naturae

415 4340 465 4387 et
492 4333 731 4398 originis
759 4346 870 4386 suae
890 4330 914 4364 ⁴
944 4330 1003 4385 in
1031 4329 1145 4385 illa
1173 4334 1483 4388 divinitatis
1523 4334 1834 4391 imitatione
1878 4353 2060 4405 perse-
2098 4367 2100 4370 ν

414 4421 607 4475 verat;
653 4416 712 4467 ut
759 4410 929 4467 sicuti
979 4414 1142 4466 Pater
1183 4429 1249 4468 ac
1286 4416 1568 4481 Dominus,
1614 4419 1674 4470 ut
1720 4417 1811 4472 sui
1852 4420 2061 4476 similes

481 4565 499 4637 ξ
532 4561 680 4617 Lov.,
712 4575 852 4625 quae
877 4574 896 4609 :
922 4560 1365 4614 dissentientibus
1392 4564 1550 4614 editis
1569 4565 1691 4617 aliis
1712 4568 1765 4618 et
1786 4580 1915 4618 man
1926 4571 2067 4621 useri

419 4627 636 4735 pussMs.
665 4685 807 4741 2050,
839 4685 1112 4749 copulari.
1143 4689 1211 4737 M.

487 4750 507 4816 εξ
537 4749 599 4816 in
626 4749 836 4816 dialogo
862 4749 1108 4799 Mercurii
1133 4752 1391 4816 Asclepio,
1423 4753 1730 4814 conjuncti.

489 4812 511 4847 ι
539 4812 872 4882 ΙμρδοΙθΡὶο,
894 4826 1110 4874 semper
1138 4812 1325 4882 vicina
1342 4812 1581 4865 naturae
1600 4825 1651 4865 et
1675 4819 1893 4882 origini
1911 4836 2063 4871 suae.

424 4877 578 4951 Apud
604 4876 750 4934 Lov.,
770 4876 1235 4951 ’s‘e‘rnperimemor
1267 4879 1549 4951 humanae
1594 4876 1838 4951 naturae
1868 4890 1919 4951 et
1959 4884 2068 4932 ori-

424 4939 763 5050 gizgigtige.
789 4939 967 4999 Abest,
997 4939 1298 4999 humanae,
1349 4955 1383 4991 θ,
1424 4944 1645 4994 caeteris
1688 4946 1845 4995 editis
1874 4948 1926 4995 et
1953 4960 2067 4996 ma-

425 5017 499 5050 nu
716 5037 729 5050 .

425 5015 729 5053 ιιιιεοΐιοιιδ.

490 5068 564 5122 (α)
594 5064 711 5112 Vid.
742 5064 884 5114 Lact.
914 5064 1006 5113 lib.
1057 5064 1081 5113 1
1132 5065 1326 5122 Instit.,
1376 5080 1487 5130 cap.
1515 5069 1565 5130 6,
1607 5072 1662 5120 et
1702 5070 1885 5136 Cyrill.
1926 5074 2068 5123 cont.

424 5128 621 5178 Julian.
652 5126 745 5174 lib.
778 5125 824 5175 1.

513 5141 621 5176 1811.
652 5141 745 5174 ιω.
778 5141 824 5175 1.

487 5191 553 5257 (b,
586 5190 730 5257 Quae
756 5187 897 5257 intra
915 5188 1440 5257 at_fert_Atigustiuus1
1466 5196 1594 5257 sunt
1619 5207 1685 5243 ex
1712 5196 1921 5257 dialogo
1948 5197 2071 5246 Her-

425 5253 583 5302 metis
610 5251 869 5313 Asclepio.
896 5252 988 5312 qui
1034 5252 1101 5300 ab
1142 5253 1363 5313 Apuleio
1392 5254 1728 5306 Madaurensi
1756 5259 1814 5306 in
1843 5251 2071 5307 latinum

425 5325 719 5378 conversus
744 5316 1093 5378 praenotatur
1124 5326 1135 5361 :
1168 5315 1258 5378 sed
1304 5317 1511 5378 Apuleii
1540 5318 1780 5369 latinitas
1828 5322 1902 5369 ibi
1931 5322 2072 5370 desi-

426 5378 646 5440 deratur
672 5375 740 5440 ab
767 5376 1005 5440 eruditis.
1038 5401 1100 5440 έ-
1136 5392 1157 5421 c
1205 5375 1383 5427 Oratio
1424 5381 1580 5440 plane
1612 5383 1751 5433 sicca
1789 5386 1843 5432 et
1881 5397 2072 5433 exsan-

432 5454 454 5483 ι
484 5438 617 5508 guis.
655 5456 680 5482 ιι
710 5439 889 5508 inquit
912 5439 1153 5508 barcher,
1188 5455 1208 5484 ι
1241 5438 1484 5508 nihilun
1509 5444 1679 5508 simile
1707 5447 1910 5496 habens
1938 5451 2073 5508 Apu-

433 5516 455 5547 ι
484 5500 691 5571 Ieiunas
739 5500 988 5571 ubertati,
1014 5500 1413 5571 _Wouy_eriu_m._
1454 5503 1776 5571 Scriverium
1835 5500 2074 5571 aliosque

435 5562 688 5673 ξιιέἓὶξοξ
702 5565 968 5674 1éiruditos
1010 5565 1245 5629 impulit,
1288 5566 1351 5616 ut
1391 5578 1458 5616 ex
1505 5568 1622 5630 ejus
1675 5571 1887 5634 scriptis
1913 5562 2073 5635 ejice—

1427 274 1529 334 DE
1572 273 1936 336 CIVITATE
1977 275 2137 350 DEI,
2181 278 2246 338 S.
2292 272 2720 338 AUGUSTINI

3654 279 3772 339 248

2119 419 2316 475 essent,
2347 409 2472 465 deos
2499 409 2628 478 fecit
2655 409 2904 472 aternos,
2929 407 3008 463 ita
3040 407 3373 465 humanitas
3398 409 3528 466 deos
3544 427 3669 468 suos
3705 428 3779 469 ea:

2120 492 2211 547 sui
2238 491 2422 547 vultus
2451 487 2825 546 similitudine
2845 489 3131 560 ﬁguraret.
3158 491 3260 546 Hic
3283 508 3415 547 cum
3443 491 3773 566 Asclepius,

2124 573 2194 628 ad
2230 587 2403 643 quem
2437 570 2685 625 maxime
2718 570 3082 639 loquebatur,
3106 570 3156 626 ei
3178 573 3582 642 respondisset
3606 580 3779 644 atque

2123 653 2384 716 dixisset,
2436 651 2671 705 Statuas
2719 650 2886 714 dicis,
2940 665 2972 704 ο
3019 649 3434 722 Trismegiste:
3478 658 3603 707 tum
3660 653 3774 720 ille,

2124 731 2365 797 Statuas,
2398 732 2610 802 inquit,
2641 744 2671 784 ο
2700 727 2938 799 Asclepi,
2965 728 3224 786 videsne‘
3259 745 3529 802 quatenus
3568 738 3633 787 tu
3661 732 3779 803 ipse

2125 813 2393 883 (ti/ﬁdas?
2419 815 2628 866 statuas
2677 811 2959 865 animatas
3001 827 3159 866 sensu
3208 818 3257 866 et
3304 813 3513 884 spiritu
3559 814 3777 884 plenas,

2127 899 2386 964 tantaque
2405 894 2666 960 [acientes
2686 896 2737 944 et
2754 889 2890 943 talia
2902 894 3140 947 :statuas
3153 893 3476 961 futurorum
3490 897 3775 962 praescius,

2126 988 2297 1045 eaque
2326 979 2490 1038 sorte,
2524 976 2666 1038 vate,
2697 971 2947 1039 somniis,
2974 970 3270 1042 multisque
3299 972 3433 1027 aliis
3455 975 3620 1028 rebus
3645 989 3780 1044 prae-

2128 1054 2367 1109 dicentes
2387 1055 2408 1087 ²
2425 1071 2448 1117 ;
2469 1051 2876 1108 imbecillitates
2906 1052 3216 1109 hominibus
3244 1056 3550 1124 ilacientes,
3581 1072 3780 1127 easque

2129 1140 2401 1201 curantes,
2450 1134 2737 1188 tristitiam
2787 1131 3184 1204 ltetitiamque3
3230 1150 3329 1205 pro
3384 1137 3624 1191 meritis.
3681 1138 3774 1191 An

2131 1216 2383 1285 ignoras,
2413 1230 2442 1270 0
2474 1211 2702 1282 Asclepi,
2754 1211 2898 1282 quod
2953 1215 3218 1285 Aigyptus
3263 1214 3446 1286 imago
3492 1217 3564 1271 sit
3612 1217 3779 1279 caeli;

2131 1303 2250 1363 aut,
2282 1293 2422 1366 quod
2450 1301 2527 1349 est
2547 1294 2748 1361 verius,
2780 1292 3072 1349 translatio
3104 1300 3199 1349 aut
3229 1293 3502 1351 descensio
3531 1297 3784 1351 omnium

2133 1392 2252 1449 qum
2270 1375 2651 1445 gubernantur
2678 1382 2839 1444 atque
2857 1382 3189 1431 exercentur
3217 1376 3280 1432 in
3308 1378 3441 1433 creto
3458 1395 3480 1440 ;
3512 1394 3576 1433 ac
3615 1381 3667 1434 si
3693 1379 3753 1433 di
3764 1409 3784 1422 ο

2132 1456 2361 1512 cendum
2403 1465 2499 1523 est,
2541 1455 2724 1511 verius
2769 1456 2918 1509 terra
2973 1463 3160 1512 nostra
3232 1460 3429 1513 mundi
3480 1459 3649 1514 totius
3706 1468 3787 1515 est

2135 1536 2445 1607 templum?
2474 1541 2539 1593 Et
2566 1542 2770 1605 tamen,
2814 1537 3073 1612 quoniam
3116 1540 3378 1608 praescire
3415 1544 3615 1594 cuncta
3653 1555 3787 1609 pru-

2134 1617 2353 1673 dentem
2381 1618 2549 1686 decet,
2582 1620 2728 1676 istud
2755 1637 2845 1679 vos
2866 1624 3130 1690 ignorare
3143 1621 3231 1690 fas
3251 1634 3362 1674 non
3382 1627 3494 1674 est:
3521 1621 3789 1675 Futurum

2139 1703 2352 1763 tempus
2405 1707 2505 1767 est,
2566 1717 2669 1772 quo
2715 1711 2984 1773 appareat
3039 1701 3319 1770 Egyptios
3374 1699 3646 1756 incassum
3693 1702 3785 1771 pia

2138 1784 2321 1835 mente
2349 1780 2703 1837 divinitatem
2731 1784 2917 1839 sedula
2943 1781 3215 1850 religione
3234 1795 3477 1837 seivasse
3494 1779 3518 1815 ⁴
3545 1791 3594 1837 et
3609 1784 3788 1837 omnis

2140 1876 2331 1917 eorum
2374 1871 2566 1919 sancta
2608 1866 2891 1921 veneratio
2939 1866 3000 1919 in
3047 1863 3276 1918 irritum
3323 1878 3520 1918 casura
3546 1865 3787 1935 frustra-

2142 1942 2292 1997 bitur
2307 1941 2352 1997 ⁵.

2202 2024 2257 2077 2.
2289 2022 2507 2080 Deinde
2538 2025 2743 2081 multis
2772 2025 2967 2082 verbis
3009 2024 3249 2079 Hermes
3280 2024 3436 2079 hunc
3467 2024 3655 2081 locum
3687 2041 3788 2081 ex-

2143 2103 2429 2175 sequitur,
2456 2104 2518 2160 in
2549 2121 2664 2176 quo
2683 2105 2909 2161 videtur
2935 2104 3043 2161 hoe
3063 2108 3301 2174 tempus
3324 2104 3651 2175 praedicere,
3669 2120 3791 2176 quo

2142 2183 2461 2240 christiana
2492 2185 2712 2255 religio,
2746 2191 2964 2258 quanto
2992 2191 3082 2240 est
3108 2184 3361 2240 veracior
3392 2191 3565 2257 atque
3608 2202 3792 2241 sanc-

2144 2263 2271 2332 tior,
2304 2270 2467 2321 tanto
2496 2266 2900 2323 vehementius
2939 2271 2997 2321 et
3030 2265 3268 2321 liberius
3308 2271 3510 2321 cuncta
3555 2265 3795 2321 fallacia

2144 2345 2424 2415 figmenta
2454 2347 2771 2414 subvertit;
2805 2353 2869 2403 ut
2910 2346 3097 2418 gratis.
3142 2345 3429 2401 verissimi
3474 2344 3792 2400 Salvatoris

2143 2424 2345 2482 liberet
2365 2426 2655 2482 hominem
2689 2428 2760 2483 ab
2791 2428 2876 2483 eis
2905 2427 3022 2481 diis
3047 2442 3195 2497 quos
3245 2425 3383 2480 facit
3429 2425 3625 2492 homo,
3656 2424 3790 2481 etei

2146 2508 2259 2563 Dec
2284 2507 2496 2562 subdat
2524 2524 2559 2562 a
2588 2524 2702 2579 quo
2746 2508 2934 2564 factus
2982 2511 3071 2563 est
3116 2506 3311 2561 homo.
3361 2505 3472 2560 Sed
3524 2505 3788 2572 Hermes,

2144 2603 2278 2645 cum
2312 2586 2421 2641 ista
2450 2588 2728 2658 praedicit,
2759 2587 2914 2643 velut
2945 2587 3171 2643 amicus
3201 2586 3419 2641 eisdem
3446 2585 3788 2641 ludiﬁcatio~

2146 2669 2322 2723 nibus
2349 2668 2679 2723 daemonum
2711 2668 2992 2740 loquitur,
3025 2683 3130 2723 nec
3159 2665 3544 2722 christianum
3576 2680 3788 2720 nomen

2146 2748 2441 2805 evidenter
2490 2748 2799 2818 exprimit;
2832 2748 2933 2803 sed
2991 2752 3270 2818 tanquam
3327 2761 3397 2801 ea
3448 2744 3793 2801 tollerentur

2147 2833 2322 2900 atque
2369 2827 2723 2897 delerentur,
2783 2843 3029 2898 quorum
3088 2826 3489 2882 observatione
3545 2824 3793 2880 caelestis
3872 2890 3875 2891 ν

2148 2907 2476 2965 similitudo
2506 2908 2899 2964 custodiretur
2928 2908 2986 2962 in
3018 2907 3285 2978 Egypto,
3336 2905 3419 2960 ita
3460 2904 3579 2960 haec
3605 2904 3797 2959 futura

2148 2988 2483 3061 deplorans,
2514 2989 2781 3047 luctuosa
2797 2988 3232 3061 quodammodo
3256 2987 3667 3058 pradicatione
3684 2990 3798 3040 tes-

2149 3073 2323 3125 tatur.
2357 3069 2494 3124 Erat
2520 3069 2675 3125 enim
2706 3072 2777 3125 de
2807 3070 2920 3138 his,
2953 3069 3024 3123 de
3058 3068 3271 3139 quibus
3301 3064 3798 3137 dicitApostolus,

2153 3150 2309 3223 quod
2339 3154 2716 3218 cognoscentes
2743 3151 2932 3210 Deum,
2965 3163 3077 3204 non
3104 3149 3245 3203 sicut
3275 3147 3440 3201 Deum
3460 3144 3802 3215 gloriﬁcave-

2153 3237 2308 3296 runt,
2333 3236 2428 3286 aut
2455 3230 2665 3301 gratias
2695 3234 2922 3302 egerunt
2943 3246 2964 3291 ;
2991 3229 3083 3284 sed
3129 3230 3467 3284 evanuerunt
3504 3229 3565 3282 in
3596 3228 3806 3295 cogita-

2155 3313 2397 3370 tionibus
2425 3314 2566 3382 suis,
2597 3322 2647 3368 et
2674 3313 3024 3368 obscuratum
3053 3313 3132 3367 est
3148 3308 3418 3381 insipiens
3447 3325 3542 3364 cor
3572 3323 3763 3365 eorum
3786 3325 3807 3364 :

2156 3394 2394 3449 dicentes
2424 3395 2569 3449 enim
2600 3410 2661 3448 se
2679 3409 2794 3449 esse
2831 3392 3129 3464 sapientes,
3173 3390 3334 3446 stulti
3382 3391 3524 3461 facti
3549 3397 3679 3444 sunt
3706 3405 3727 3451 ;
3754 3395 3811 3444 et

2153 3478 2573 3531 mmutauerunt
2601 3475 2848 3544 gloriam
2897 3474 3216 3542 incorrupti
3242 3472 3341 3527 Dei
3388 3473 3449 3527 in
3482 3469 3809 3526 similitudi-

2158 3572 2285 3612 nem
2305 3557 2568 3627 imaginis
2598 3553 2979 3625 corruptibilis
3008 3552 3251 3608 hominis
3297 3552 3471 3624 (Rom.
3505 3567 3546 3620 ι,
3575 3551 3766 3615 21-23)
3792 3565 3809 3605 :

2161 3640 2219 3693 et
2249 3643 2479 3706 ca'tera,
2513 3652 2638 3708 qua
2669 3649 3126 3690 commemorare
3175 3633 3416 3704 longum
3464 3636 3575 3687 est.
3629 3629 3815 3687 Multa

2162 3716 2378 3787 quippe
2433 3716 2575 3772 talia
2629 3716 2771 3771 dicit
2817 3715 2888 3770 de
2945 3729 3063 3769 uno
3113 3729 3245 3768 vero
3295 3712 3412 3768 Deo
3469 3710 3814 3769 fabricatore

2164 3796 2391 3864 mundi,
2434 3796 2627 3867 qualia
2658 3795 2868 3851 veritas
2915 3793 3126 3850 habet:
3173 3798 3231 3849 et
3279 3792 3474 3848 nescio
3522 3791 3817 3863 quomodo

2161 3877 2264 3933 illa
2296 3877 2700 3933 obscuratione
2746 3874 2939 3932 cordis
2967 3875 3038 3931 ad
3088 3875 3202 3930 ista
3258 3873 3572 3939 delabitur,
3607 3877 3670 3927 ut
3700 3871 3821 3927 diis

2163 3975 2311 4030 quos
2340 3957 2648 4012 conﬁtetur
2676 3958 2746 4011 ab
2771 3956 3111 4012 hominibus
3133 3954 3279 4025 ﬁeri,
3303 3969 3538 4025 semper
3558 3952 3691 4009 velit
3712 3953 3822 4008 ho-

2165 4042 2355 4096 mines
2386 4037 2576 4105 subdi,
2620 4042 2675 4093 et
2706 4037 2827 4092 hinc
2868 4037 3062 4092 futuro
3110 4040 3373 4106 tempore
3423 4034 3662 4106 plangat
3707 4050 3821 4088 au-

2164 4118 2317 4177 ferri.
2362 4118 2538 4183 Quasi
2579 4118 2893 4189 quidquam
2946 4116 3025 4172 sit
3063 4114 3351 4171 infelicius
3407 4115 3663 4181 homine,
3726 4113 3822 4168 cui

2165 4219 2274 4259 sua
2329 4199 2609 4271 figmenta
2654 4197 3068 4253 dominantur:
3128 4212 3260 4250 cum
3312 4194 3390 4250 sit
3448 4193 3696 4261 facilius,
3758 4197 3824 4271 ut

2164 4269 2442 4353 tanquam
2468 4279 2607 4333 deos
2630 4278 2893 4346 colendo,
2909 4293 3049 4347 quos
3074 4276 3226 4345 fecit,
3246 4291 3352 4331 nec
3370 4275 3494 4346 ipse
3516 4274 3591 4329 sit
3609 4269 3825 4327 homo6

2232 4384 2249 4417 1
2281 4379 2426 4433 Mss,
2464 4376 2629 4433 vides,
2660 4376 2859 4438 absque
2886 4373 3167 4438 particula,
3200 4388 3270 4422 ne
3297 4384 3319 4436 ;
3355 4384 3493 4434 quae
3521 4372 3580 4420 in
3608 4370 3825 4420 excusis

2166 4445 2247 4495 est
2269 4444 2323 4492 et
2348 4442 2407 4490 in
2437 4439 2692 4501 Asclepio.

2231 4506 2253 4540 2
2282 4504 2369 4554 Sic
2394 4496 2924 4567 plures-etqmelioris
2950 4501 3110 4567 notae
3153 4499 3275 4567 Mss:
3310 4498 3381 4547 At
3407 4496 3648 4567 editi._ea
3676 4509 3822 4567 quae

2166 4556 2495 4632 forteivatles
2523 4564 2706 4632 omnis
2737 4564 2975 4632 ignoret,
3006 4562 3069 4609 in
3098 4561 3298 4609 multis
3318 4568 3410 4632 ﬁet
3448 4558 3623 4632 variis
3654 4556 3821 4605 rebus

2161 4624 3024 4696 praedicenteslAsclepius.vero.
3036 4638 3254 4696 .easque
3302 4624 3444 4696 I‘orte
3468 4628 3621 4696 pate:
3634 4634 3823 4696 omnes

2168 4682 2424 4748 somniis,
2454 4682 2761 4764 multisque
2791 4687 2939 4764 aliis.
2968 4686 3135 4764 rebus:
3152 4682 3554 4764 praedicente?
3589 4682 3824 4764 S‘cd‘no;

2171 4761 2405 4808 atrorum
2416 4745 2906 4813 'manuscr'iptorum
2923 4749 3139 4813 lectioni
3159 4749 3306 4813 favet
3323 4748 3464 4813 altus
3476 4747 3578 4796 ists
3594 4745 3827 4813 Asclepii

2171 4807 2337 4878 locus,
2368 4817 2639 4882 quaedam
2669 4807 2910 4862 sortibus
2938 4820 2987 4859 et
3035 4810 3477 4861 divinationibus
3498 4807 3824 4873 praedicen-

2179 4892 2279 4933 tes.

2238 4932 2424 4999 δῖνοι,
2462 4939 2753 4995 laetitiam,
2783 4938 2843 4985 in
2878 4936 3119 4999 Asclepio
3160 4936 3507 4986 desideratur.
3550 4959 3613 4969 —
3641 4932 3828 4982 Noster

2173 5010 2236 5069 Δ,
2270 5006 2656 5069 laetitiamque
2682 5003 2996 5069 afferentes.

2238 5069 2262 5105 ι
2290 5068 2376 5119 Sic
2402 5061 2640 5131 plerique
2666 5061 3032 5131 manuscripti,
3050 5061 3290 5131 _quibus_
3305 5061 3580 5131 Asclepius
3606 5070 3829 5108 consen-

2175 5134 2257 5183 tit.
2290 5132 2357 5180 At
2383 5124 2528 5185 e'diti,
2551 5124 2856 5176 divinitati
2902 5124 3160 5173 sedulam
3207 5124 3537 5185 religionem
3565 5134 3829 5185 servasse.

2173 5197 2328 5245 Forte
2355 5184 2973 5254 legendum,__d_ivin_itati
3000 5187 3198 5254 sedula.
3242 5184 3520 5249 religione
3560 5184 3820 5232 servisse.

2175 5285 2237 5294 —
2265 5259 2386 5306 Mss.
2407 5250 2503 5305 766
2530 5256 2584 5303 et
2611 5251 2754 5318 2053,
2784 5250 3100 5297 divinitate.
3132 5250 3198 5297 M.
3517 5309 3528 5318 _
3604 5307 3615 5318 ο
3697 5306 3708 5318 ,
3791 5306 3802 5317 _

2240 5322 2259 5353 ⁵
2291 5319 2478 5371 Verba,
2510 5326 2558 5365 et
2587 5314 2771 5364 omnis
2803 5326 2993 5381 eorum
3022 5309 3824 5381 _.~:_ancta__veneratio‘in‘irri-

2177 5390 2294 5430 tum
2325 5369 2532 5430 casura
2577 5375 2974 5440 frustrabitur,
3022 5374 3267 5424 Mercurii
3298 5375 3425 5423 sunt
3468 5373 3526 5421 in
3560 5369 3820 5431 Asclepio,

2177 5445 2268 5493 sed
2301 5445 2388 5493 hic
2416 5457 2521 5493 non
2550 5437 2815 5491 habentur
2843 5438 2897 5485 in
2924 5437 3044 5486 Mss.

2241 5507 2263 5540 ⁸
2292 5508 2447 5565 Editi,
2490 5520 2615 5554 cum
2672 5504 2746 5553 sit
2791 5499 3044 5565 facilius,
3080 5499 3209 5565 ﬁeri
3251 5499 3374 5565 deos
3417 5494 3641 5565 colendo

3173 5563 3442 5613 sudantur
3494 5558 3565 5608 ad
3616 5568 3684 5606 ve

3723 5507 3824 5542 υοε

2177 5569 2323 5629 fecit.
2385 5563 2480 5618 nec
2538 5569 2652 5630 ipse
2713 5565 2787 5613 sit
2847 5563 3023 5612 homo.
3080 5563 3442 5613 Emendantur
3494 5563 3565 5608 ad
3616 5563 3824 5606 veteres

2175 5632 2358 5682 libros.
