4128 6184
245 365 344 426 249

247 513 404 568 quam
432 500 500 550 ut
520 513 620 567 per
640 498 768 568 ejus
783 499 1004 555 cultum
1031 500 1110 556 dii
1144 501 1372 570 possint
1406 517 1552 570 esse,
1576 517 1722 572 quos
1745 500 1880 555 fecit

249 577 427 632 homo.
458 576 642 632 Citius
663 581 816 634 enim
847 581 908 633 fit
932 588 996 634 ut
1018 581 1190 636 homo
1212 581 1270 635 in
1297 581 1513 636 honore
1542 581 1765 652 positus
1791 597 1887 652 pe-

249 657 471 712 coribus
498 674 610 712 non
631 658 962 731 intelligens
977 667 1344 732 comparetur
1365 662 1532 732 (Psal.
1557 679 1748 727 xnvm,
1771 663 1880 729 13‘,

247 755 404 810 quam
438 746 502 792 ut
525 741 680 809 operi
705 739 800 794 Dei
818 743 886 795 ad
915 743 1041 811 ejus
1059 743 1372 813 imaginem
1397 746 1564 810 facto,
1589 744 1644 797 id
1665 748 1751 798 est
1772 742 1881 813 ipsi

242 818 475 885 homini,
494 836 641 888 opus
659 821 912 876 hominis
933 823 1286 890 praeferatur.
1305 825 1660 896 Quapropter
1673 824 1877 879 merito

243 899 398 954 homo
423 900 618 954 deficit
641 903 714 954 ab
740 900 861 967 illo,
887 903 983 973 qui
1006 919 1140 958 eum
1176 904 1331 970 fecit,
1355 919 1482 959 cum
1507 904 1618 959 sibi
1642 905 1879 974 praeficit

241 982 354 1051 ipse
385 980 546 1051 quod
572 980 723 1038 fecit.

295 1060 344 1115 3.
378 1061 510 1115 Haec
555 1079 720 1129 vana,
763 1063 1111 1134 deceptoria,
1147 1065 1494 1137 perniciosa,
1543 1065 1870 1137 sacrilega‘

239 1140 463 1196 Hermes
485 1143 810 1214 Egyptius,
825 1145 963 1216 quia
982 1151 1210 1216 tempus
1235 1165 1348 1217 quo
1365 1148 1731 1201 auferrentur
1746 1163 1879 1201 ven-

233 1229 417 1280 turum
437 1224 918 1288 sciebat,dolebat
943 1228 1071 1282 :sed
1089 1232 1206 1282 tam
1231 1229 1601 1299 impudenter
1625 1227 1876 1296 dolebat,

235 1318 395 1373 quam
426 1303 833 1373 imprudenter
857 1307 1090 1364 sciebat.
1115 1308 1238 1364 Non
1262 1311 1414 1363 enim
1443 1309 1558 1364 haec
1581 1310 1628 1362 ei
1654 1309 1873 1365 revela-

237 1388 383 1437 verat
417 1383 672 1453 Spiritus
709 1391 967 1454 sanctus,
1011 1389 1159 1444 sicut
1187 1388 1492 1460 Pr0phetis
1519 1390 1874 1461 sanctis,qui

231 1463 338 1519 haec
351 1466 740 1535 przevidentes
756 1483 888 1524 cum
910 1469 1292 1526 exsultatione
1306 1471 1574 1526 dicebant
1599 1488 1612 1525 :
1639 1471 1875 1539 Sifaciet

226 1543 374 1600 homo
395 1545 546 1612 deos,
575 1555 626 1602 et
646 1563 762 1602 ecce
783 1547 1012 1618 ipsinon
1036 1559 1162 1605 sunt
1182 1551 1261 1605 dii
1285 1553 1500 1612 (Jerem.
1526 1552 1770 1620 xv1,20).
1806 1553 1874 1607 Et

223 1623 323 1680 alio
353 1625 513 1682 loco:
535 1626 655 1681 Erit
670 1628 728 1682 in
765 1628 862 1684 illo
888 1629 994 1696 die,
1029 1630 1161 1686 dicit
1180 1634 1470 1701 Dominus,
1495 1635 1871 1688 exterminabo

221 1707 435 1760 nomina
457 1705 887 1764 simulacrorum
917 1727 948 1764 α
981 1715 1146 1780 terra,
1180 1719 1233 1766 et
1268 1728 1372 1767 non
1403 1713 1514 1781 iam
1544 1717 1649 1768 erit
1681 1729 1871 1767 eorum

219 1788 476 1840 memoria
492 1787 674 1855 (Zach.
701 1791 913 1861 xm,2).
936 1792 1166 1862 Proprie
1184 1809 1314 1847 vero
1333 1794 1402 1847 de
1426 1794 1684 1866 )Egypto,
1716 1794 1866 1862 quod

221 1868 280 1920 ad
305 1867 459 1920 hanc
487 1883 601 1921 rem
631 1870 858 1936 attinet,
881 1871 1406 1930 itasmctuslsaias
1437 1874 1771 1945 prOphetat:
1806 1876 1870 1930 Et

219 1947 574 2001 movebuntur
586 1953 1181 2023 manufactangyptia
1193 1954 1342 2024 facie
1358 1956 1499 2025 ejus,
1514 1965 1564 2010 et
1576 1972 1668 2010 cor
1679 1972 1868 2010 eorum

219 2027 473 2081 vincetur
493 2028 583 2081 ’in
600 2032 676 2083 eis
698 2031 846 2099 (1δαί.
869 2049 986 2098 xxx,
1015 2035 1093 2104 l):
1115 2041 1388 2090 etcaetera
1406 2037 1764 2104 hujusmodi.
1787 2042 1867 2091 Ex

220 2120 329 2186 quo
344 2122 558 2176 genere
577 2119 626 2163 et
645 2110 726 2164 illi
747 2119 934 2180 erant,
954 2115 1049 2182 qui
1079 2120 1382 2170 venturum
1408 2117 1558 2184 quod
1584 2117 1866 2186 sciebant,

215 2185 434 2242 venisse
460 2189 790 2249 gaudebant
816 2207 828 2244 :
853 2194 1042 2262 qualis
1065 2194 1324 2260 Simeon,
1347 2195 1536 2265 qualis
1557 2199 1742 2261 Anna,
1767 2191 1864 2264 qui

215 2279 342 2320 mox
366 2273 567 2320 natum
593 2267 823 2335 Jesum;
850 2272 1040 2339 qualis
1064 2273 1374 2335 Elisabeth,
1398 2290 1523 2343 quin
1539 2275 1713 2328 etiam
1739 2289 1870 2327 con-

212 2355 443 2416 ceptum
468 2349 526 2400 in
549 2349 765 2417 Spiritu
790 2353 1025 2418 agnovit
1047 2352 1196 2418 (Luc.
1232 2371 1294 2423 ιι,
1320 2354 1532 2419 25-38;
1566 2369 1604 2419 ι,
1636 2353 1865 2421 lit-45):

210 2427 412 2496 qualis
447 2427 671 2495 Petrus,
704 2429 994 2484 revelante
1017 2430 1178 2486 Patre
1202 2433 1421 2498 dicens,
1450 2435 1522 2487 Tu
1543 2449 1596 2486 es
1621 2433 1869 2487 Christus

204 2505 391 2559 Filius
415 2505 512 2559 Dei
542 2507 652 2561 vivi
681 2507 889 2573 (Matth.
919 2527 1031 2574 xvr,
1061 2511 1170 2581 16).
1203 2511 1348 2566 lluic
1378 2517 1573 2567 autem
1605 2512 1866 2584 ngyptio

204 2584 286 2639 illi
321 2584 576 2655 spiritus
601 2587 993 2644 indiceverant
1018 2591 1211 2646 futura
1241 2596 1502 2664 tempora
1525 2592 1864 2664 perditionis

207 2681 345 2730 suae,
383 2667 487 2735 qui
519 2667 692 2721 etiam
720 2670 988 2738 praesenti
1013 2671 1070 2725 in
1095 2687 1264 2726 carne
1287 2673 1526 2728 Domino
1553 2677 1864 2730 trementes

206 2745 503 2813 dixerunt,
549 2746 695 2814 Quid
726 2748 932 2803 venisti
965 2755 1094 2805 ante
1125 2762 1339 2821 tempus
1367 2755 1594 2823 perdere
1627 2769 1720 2807 nos
1760 2754 1858 2824 (Id.

205 2840 320 2890 vm,
351 2825 509 2893 29)?
532 2827 651 2880 sive
682 2830 821 2897 quia
837 2830 1092 2884 subitum
1129 2831 1246 2886 illis
1270 2832 1396 2901 fuit,
1419 2833 1569 2902 quod
1603 2834 1858 2889 futurum

206 2907 460 2974 quidem,
481 2908 581 2961 sed
604 2906 825 2962 tardius
843 2909 1404 2980 Opinabantur;sive
1423 2913 1560 2983 quia
1588 2913 1860 2984 perditio-

207 3000 328 3040 nem
350 3002 524 3042 suam
549 2986 697 3042 hanc
715 2988 900 3057 ipsam
921 2990 1211 3060 dicebant,
1232 3009 1344 3064 qua
1368 2993 1538 3048 ﬁebat
1561 2998 1622 3048 ut
1645 2995 1858 3066 cogniti

204 3073 626 3136 spernerentur.
662 3069 729 3123 Et
767 3071 872 3124 hoc
916 3075 1038 3126 erat
1068 3077 1197 3127 ante
1241 3077 1472 3142 tempus,
1517 3074 1571 3127 id
1605 3078 1692 3129 est
1723 3079 1856 3130 ante

200 3149 420 3216 tempus
448 3147 682 3217 judicii,
733 3166 845 3221 quo
889 3156 1104 3208 interna
1151 3154 1526 3210 damnatione
1571 3155 1849 3226 puniendi

207 3233 333 3283 sunt
363 3245 505 3284 cum
532 3230 804 3285 omnibus
830 3231 1003 3286 etiam
1031 3232 1387 3300 hominibus,
1411 3235 1511 3305 qui
1543 3250 1739 3291 eorum
1765 3255 1852 3293 so-

203 3307 396 3364 cietate
429 3311 774 3365 detinentur
805 3329 819 3367 :
865 3311 1015 3366 sicut
1047 3313 1244 3384 religio
1287 3315 1556 3385 loquitur,
1589 3332 1714 3386 quae
1749 3334 1854 3373 nec

207 3386 362 3456 fallit,
416 3407 530 3445 nec
580 3392 803 3446 fallitur
845 3409 858 3459 ;
913 3409 1025 3448 non
1060 3394 1212 3450 sicut
1250 3395 1355 3450 iste
1405 3398 1571 3466 quasi
1624 3397 1645 3428 3
1694 3397 1855 3451 omni

202 3476 357 3525 vento
393 3472 678 3528 doctrina:
707 3473 844 3528 hinc
863 3479 1037 3544 atque
1060 3476 1194 3530 inde
1217 3476 1496 3547 perflatus
1527 3478 1740 3547 (Ephes.
1777 3492 1854 3541 iv,

203 3548 302 3618 14),
325 3556 381 3606 et
406 3551 573 3607 falsis
599 3568 733 3608 vera
753 3554 1136 3624 permiscens,
1161 3555 1318 3610 dolet
1338 3557 1507 3626 quasi
1537 3557 1851 3624 perituram

205 3629 542 3701 religionem
576 3648 755 3704 quam
789 3639 986 3704 postea
1025 3635 1356 3701 confitetur,
1398 3649 1669 3691 errorem.

204 3806 421 3865 CAPUT
451 3809 662 3866 XXIV.
697 3843 763 3852 —
781 3813 1050 3881 Quomodo
1073 3817 1304 3870 Hermes
1329 3818 1578 3886 patenter
1597 3815 1621 3850 ⁵
1650 3833 1854 3888 paren-

261 3899 368 3970 tum
386 3895 709 3948 suorumsit
731 3897 1012 3964 confessus
1044 3911 1309 3967 errorem,
1339 3914 1501 3970 quem
1536 3903 1719 3956 tamen
1749 3903 1849 3958 do-

265 3969 428 4028 luerit
457 3972 870 4034 destruendum.

259 4129 303 4183 1.
338 4131 467 4186 Post
499 4130 684 4186 multa
703 4131 860 4188 enim
884 4133 954 4186 ad
984 4130 1091 4189 hoc
1124 4132 1320 4204 ipsum
1349 4137 1514 4208 redit,
1541 4144 1606 4194 ut
1639 4138 1846 4196 iterum

199 4205 335 4291 dicat
365 4212 436 4266 de
467 4211 586 4266 diis
627 4227 776 4282 quos
818 4211 1086 4268 homines
1127 4214 1410 4283 fecerunt,
1443 4205 1522 4273 ita
1553 4219 1795 4291 loquens
1827 4237 1840 4277 :

198 4286 285 4370 Sed
309 4292 425 4361 jam
475 4291 552 4370 de
601 4293 799 4347 talibus
847 4293 959 4347 sint
1003 4296 1139 4348 satis
1187 4293 1330 4351 dicta
1385 4296 1549 4354 (alia.
1607 4286 1840 4370 iterum,

198 4365 388 4454 inquit,
411 4369 505 4454 ‘ad
533 4371 815 4454 hominem
837 4376 1244 4454 rationemque
1286 4377 1596 4445 redeamus,
1630 4397 1702 4436 ex
1739 4365 1842 4454 quo

204 4446 368 4505 divino
388 4451 530 4506 dono
561 4451 718 4506 homo
749 4452 972 4508 animal
1002 4454 1207 4510 dictum
1239 4463 1316 4512 est
1348 4459 1638 4516 rationale.
1664 4446 1843 4520 Minus

207 4529 334 4585 enim
354 4533 634 4602 miranda,
676 4533 778 4588 etsi
803 4534 1062 4589 miranda
1082 4543 1210 4592 sunt
1231 4555 1352 4611 qua
1372 4541 1435 4595 de
1451 4543 1672 4598 homine
1698 4545 1842 4602 dicta

207 4620 335 4666 sunt.
365 4613 636 4669 Omnium
665 4613 815 4668 enim
841 4615 1189 4672 mirabilium
1218 4619 1350 4674 vicit
1386 4621 1838 4690 admirationem,

209 4700 334 4785 quod
352 4701 510 4785 homo
534 4701 787 4785 divinam
805 4704 986 4774 potuit
1013 4705 1271 4763 invenire
1292 4714 1573 4778 naturam,
1614 4729 1842 4785 eamque

203 4780 415 4847 efﬁcere.
451 4783 724 4851 Quoniam
746 4801 874 4855 ergo
893 4789 1087 4859 proavi
1114 4791 1288 4845 nostri
1312 4794 1546 4847 multum
1574 4780 1841 4850 errabant

205 4860 330 4916 circa
353 4863 580 4921 deorum
610 4869 878 4923 rationem
907 4869 1202 4936 increduli,
1242 4881 1296 4927 et
1329 4889 1440 4929 non
1483 4874 1841 4932 animadver-

202 4942 345 4999 tentes
373 4946 451 5002 ad
481 4948 691 5004 cultum
722 4950 1150 5025 religionemque
1191 4954 1463 5022 divinam,
1509 4957 1840 5017 invenerunt

254 5230 267 5296 ξ
298 5229 688 5296 έιί-(ιμοιῄΜεεη
719 5234 1045 5296 sacrilegia.

246 5287 272 5359 ξ
298 5287 452 5359 Εόἱῖί.
487 5294 780 5359 rincietur.
802 5301 869 5346 At
898 5287 1039 5354 MSS"
1059 5299 1328 5352 vincetur.
1362 5303 1528 5352 Isaias
1556 5305 1612 5355 in
1643 5305 1838 5359 Graeco

199 5347 358 5408 habet,
389 5347 744 5408 éttéthe'seta-i.

249 5416 583 5494 3‘l_.ovn.~q‘ui
641 5422 981 5494 Editiautern
1020 5424 1112 5474 alii
1156 5428 1208 5476 et
1237 5430 1608 5493 manuscripti,
1651 5434 1836 5494 quasi.

201 5477 366 5548 —.hll‘s.
573 5484 671 5545 qui
701 5487 886 5548 quasi.
923 5488 987 5534 M.

196 5537 268 5646 κέ
293 5539 374 5590 Sic
403 5537 723 5595 Vind.'Am.'
740 5549 822 5597 Er.
857 5551 909 5598 et
937 5563 1121 5600 omnes
1153 5551 1273 5602 Mss.
1329 5581 1383 5590 —
1415 5555 1475 5603 In
1534 5557 1611 5612 B.,
1641 5573 1832 5626 quam,

255 5665 273 5696 ⁵
300 5664 640 5735 Manuscripti
670 5685 778 5723 non
806 5674 1020 5734 habent,
1049 5685 1326 5737 patenter.

1603 365 1838 426 LIBER
1883 364 2260 429 OCTAVUS.

3515 367 3635 426 250

1990 505 2168 555 artem
2205 515 2312 570 qua
2354 500 2630 569 efﬁcerent
2669 499 2812 554 deos.
2846 501 2947 555 Cui
2995 501 3226 555 inventae
3255 499 3632 571 adiunxerunt

1988 583 2255 635 virtutem
2286 579 2349 635 de
2396 581 2591 635 mundi
2639 589 2845 635 natura
2893 580 3354 648 convenientem,-
3400 598 3630 652 eamque

1990 661 2295 728 miscentes,
2351 661 2665 732 quoniam‘
2717 661 2930 717 animas
2977 667 3154 732 facere
3209 678 3319 716 non
3357 667 3624 732 poterant,

1987 747 2270 797 evocantes
2300 744 2520 797 animas
2541 744 2854 797 dmmonum
2881 743 2965 797 vel
3019 743 3366 812 angelorum,
3399 757 3489 797 eas
3538 745 3624 796 in-

1985 821 2244 877 diderunt
2269 823 2601 894 imaginibus
2621 823 2827 878 sanctis
2859 822 3170 892 divinisque
3198 825 3496 891 mysteriis,
3528 838 3628 893 per

1984 920 2119 975 quas
2167 904 2315 958 idola
2357 909 2406 958 et
2469 905 2600 959 bene
2634 905 2897 974 faciendi,
2931 911 2979 957 ct
3021 903 3186 965 male,
3237 904 3374 956 vires
3433 903 3631 958 habere

1980 987 2282 1055 potuissent
2327 987 2477 1053 rPag.
2503 985 2614 1057 99).
2646 986 2848 1040 Nescio
2873 989 3068 1039 utrum
3102 983 3186 1037 sic
3220 982 3631 1038 confiterentur

1982 1066 2096 1136 ipsi
2136 1066 2428 1122 daemones
2486 1065 2757 1136 adjurati,
2824 1065 3116 1137 quomodo
3166 1063 3274 1118 iste
3326 1063 3628 1117 confessus

1985 1150 2094 1201 est.
2150 1148 2443 1215 Quoniam,
2497 1147 2708 1218 inquit,
2754 1147 2954 1218 proavi
2995 1145 3168 1200 nostri
3195 1146 3430 1197 multum
3462 1158 3626 1197 erra-

1986 1225 2114 1281 bant
2141 1227 2287 1281 circa
2327 1229 2552 1282 deorum
2605 1227 2875 1283 rationem
2926 1224 3219 1288 increduli,
3267 1231 3318 1278 ct
3347 1239 3459 1277 non
3497 1224 3628 1278 ani-

1979 1309 2375 1362 maduertentes
2396 1308 2464 1362 ait
2484 1309 2690 1362 cultum
2718 1307 3146 1376 religionemque
3171 1304 3441 1367 divinam,
3474 1301 3628 1358 inve-

1979 1392 2179 1442 nerunt
2208 1393 2385 1443 artem
2413 1405 2520 1459 qua
2548 1389 2821 1458 efﬁcerent
2849 1387 2990 1442 deos.
3021 1386 3161 1441 Num
3194 1386 3472 1456 quidnam
3515 1381 3630 1438 sal-

1981 1475 2092 1523 tem
2146 1469 2518 1524 mediocriter
2551 1485 2648 1524 eos
2687 1469 2834 1523 dixit
2880 1484 3123 1533 errasse,
3159 1472 3224 1521 ut
3263 1466 3410 1520 hanc
3443 1467 3626 1518 artem

1975 1546 2304 1604 invenirent
2338 1550 2579 1604 faciendi
2611 1550 2784 1618 deos;
2818 1553 2913 1604 aut
2935 1552 3240 1603 contentus
3274 1547 3383 1601 fuit
3417 1544 3627 1613 dicere,

1981 1629 2283 1698 Errabant,
2336 1629 2449 1685 nisi
2499 1629 2739 1684 adderet
2785 1631 2841 1685 et
2884 1628 3118 1693 diceret,
3174 1626 3423 1681 Multum
3473 1641 3627 1681 erra-

1978 1711 2116 1766 bant
2161 1712 2189 1766 ?
2229 1711 2341 1767 Iste
2389 1727 2522 1782 ergo
2555 1710 2772 1766 multus
2803 1726 2962 1765 error
3001 1713 3057 1764 et
3099 1707 3477 1764 incredulitas
3511 1723 3626 1764 non

1977 1792 2562 1847 animadvertentium
2609 1792 2678 1847 ad
2721 1789 2944 1846 cultum
2986 1789 3440 1860 religionemque
3487 1788 3628 1843 divi-

1975 1890 2128 1940 nam,
2161 1873 2378 1928 invenit
2419 1878 2599 1928 artem
2653 1889 2766 1944 qua
2808 1873 3063 1928 efficeret
3105 1871 3264 1927 deos.
3317 1875 3384 1926 Et
3430 1875 3624 1926 tamen

1973 1955 2127 2027 quod
2171 1953 2388 2009 multus
2428 1970 2587 2010 error
2635 1961 2687 2008 et
2735 1953 3112 2009 incredulitas
3161 1958 3216 2008 et
3273 1970 3306 2005 a
3359 1950 3518 2006 cultu
3562 1968 3628 2008 ac

1974 2035 2252 2105 religione
2291 2035 2488 2089 divina
2531 2034 2754 2089 aversio
2803 2034 2984 2089 animi
3040 2033 3281 2098 invenit,
3331 2037 3393 2087 ut
3449 2032 3628 2086 homo

1973 2120 2096 2169 arte
2142 2117 2348 2170 faceret
2385 2117 2542 2183 deos,
2577 2114 2686 2170 hoc
2731 2114 2888 2169 dolet
2932 2114 3019 2168 vir
3055 2113 3288 2179 sapiens
3345 2116 3622 2180 tanquam

1973 2194 2314 2263 religionem
2346 2195 2600 2250 divinam
2635 2199 2875 2249 venturo
2907 2199 3060 2248 certo
3092 2198 3352 2262 tempore
3391 2191 3623 2245 auferri.

1975 2273 2115 2327 Vide
2146 2275 2194 2328 si
2229 2291 2340 2329 non
2373 2281 2428 2329 et
2457 2276 2510 2329 vi
2542 2275 2738 2329 divina
2768 2276 3055 2344 majorum
3089 2287 3326 2327 suorum
3365 2286 3620 2326 errorem

1973 2353 2332 2424 praeteritum
2375 2356 2635 2424 prodere,
2667 2358 2723 2409 et
2759 2354 2815 2408 vi
2845 2352 3131 2408 diabolica
3177 2353 3197 2386 ³
3245 2367 3476 2421 poenam
3508 2351 3625 2405 da:-

1974 2448 2213 2488 monum
2249 2433 2498 2488 futuram
2532 2433 2722 2487 dolere
2749 2431 3136 2501 compellitur.
3161 2432 3218 2486 Si
3251 2431 3402 2485 enim
3429 2430 3621 2500 proavi

1969 2528 2172 2568 eorum
2205 2513 2450 2569 multum
2482 2514 2725 2570 errando
2758 2513 2908 2567 circa
2938 2513 3178 2567 deorum
3212 2511 3494 2566 rationem
3529 2510 3622 2564 in—

1970 2593 2310 2649 credulitate
2339 2600 2392 2650 et
2423 2593 2722 2648 aversione
2753 2593 2931 2648 animi
2981 2609 3015 2648 a
3044 2593 3200 2647 cultu
3234 2606 3300 2647 ac
3341 2589 3620 2660 religione

1967 2672 2167 2728 divina
2198 2674 2542 2728 invenerunt
2571 2679 2756 2729 artem
2790 2689 2906 2743 qua
2936 2673 3072 2727 deos
3100 2672 3395 2727 efﬁcerent
3423 2686 3437 2737 ;
3478 2668 3613 2740 quid

1966 2753 2205 2820 mirum,
2238 2754 2286 2809 si
2320 2753 2440 2808 haec
2471 2770 2562 2809 ars
2583 2753 2921 2808 detestanda
2951 2751 3234 2823 quidquid
3255 2749 3388 2806 fecit
3413 2765 3614 2804 aversa

1963 2849 1994 2888 a
2026 2832 2303 2903 religione
2333 2831 2552 2900 divina,
2593 2833 2851 2886 aufertur
2880 2831 3160 2902 religione
3206 2831 3419 2898 divina,
3474 2844 3606 2883 cum

1961 2913 2172 2968 veritas
2203 2913 2476 2968 emendat
2507 2929 2783 2980 errorem,
2810 2912 2952 2968 fides
2981 2909 3611 2982 redarguitincreduli-

1959 2998 2160 3057 tatem,
2195 2994 2495 3050 conversio
2528 2994 2764 3065 corrigit
2795 2993 3156 3049 eversionem
3194 2992 3216 3026 3
3243 2991 3269 3046 ?

2030 3075 2082 3129 '3.
2118 3075 2178 3130 Si
2225 3075 2379 3131 enim
2423 3075 2615 3131 tacitis
2647 3073 2841 3130 causis
2884 3073 3142 3140 dixisset,
3188 3088 3431 3143 proavos
3477 3088 3616 3128 suos

1959 3153 2246 3212 invenisse
2295 3164 2480 3211 artem
2511 3172 2626 3226 qua
2681 3157 2819 3211 deos
2859 3155 3154 3222 iacerent;
3191 3158 3458 3209 nostrum
3510 3153 3620 3206 fuit

1961 3238 2185 3307 utique,
2222 3236 2268 3292 si
2302 3238 2439 3308 quid
2473 3244 2694 3292 rectum
2731 3237 3000 3308 piumque
3036 3251 3397 3307 saperemus,
3429 3238 3618 3289 atten-

1959 3313 2094 3371 dere
2124 3321 2178 3370 et
2198 3316 2390 3371 videre
2423 3332 2795 3388 nequaquam
2828 3317 2960 3373 illos
2993 3317 3064 3372 ad
3098 3317 3246 3370 hanc
3279 3321 3463 3370 artem
3490 3330 3617 3386 per-

1958 3405 2230 3450 venturos
2261 3397 2464 3462 fuisse,
2499 3413 2612 3466 qua
2660 3398 2829 3452 homo
2861 3399 2996 3452 deos
3044 3397 3200 3461 facit,
3233 3397 3277 3449 si
3309 3412 3340 3448 a
3374 3395 3612 3449 veritate

1959 3489 2073 3527 non
2099 3476 2456 3538 aberrarent,
2481 3477 2528 3529 si
2553 3491 2620 3529 ea
2647 3491 2773 3545 quae
2801 3475 2911 3530 Deo
2932 3476 3107 3541 digna
3129 3481 3267 3529 sunt
3289 3474 3610 3542 crederent,

1959 3553 2010 3606 si
2060 3553 2316 3608 animum
2367 3554 2736 3609 adverterent
2776 3555 2845 3608 ad
2881 3554 3100 3608 cultum
3153 3552 3612 3623 religionemque

1957 3630 2238 3686 divinam.
2271 3633 2340 3686 Et
2369 3637 2567 3688 tamen
2601 3634 2650 3688 si
2682 3649 2888 3687 causas
2932 3631 3073 3686 artis
3105 3633 3284 3702 hujus
3319 3647 3422 3684 nos
3453 3629 3610 3684 dice-

1957 3728 2158 3767 remus
2205 3711 2446 3766 multum
2493 3729 2750 3767 errorem
2798 3711 3104 3767 hominum
3138 3720 3195 3766 et
3223 3707 3609 3765 incredulita-

1955 3798 2072 3847 tem
2107 3797 2163 3846 et
2193 3790 2374 3845 animi
2406 3792 2659 3846 errantis
2691 3796 2865 3861 atque
2895 3790 3153 3846 inﬁdelis
3184 3809 3217 3847 a
3247 3790 3441 3846 divina
3471 3789 3606 3845 reli-

1955 3875 2126 3946 gione
2170 3873 2552 3940 eversionem,
2587 3881 2897 3943 utcumque
2944 3873 3180 3927 ferenda
3221 3875 3377 3927 esset
3415 3871 3609 3941 impu-

1955 3955 2154 4010 dentia
2186 3951 2583 4009 resistentium
2625 3953 2854 4010 veritati
2887 3969 2899 4008 :
2935 3967 3069 4008 cum
3102 3969 3235 4008 vero
3269 3952 3424 4006 idem
3457 3951 3603 4022 ipse,

1953 4036 2053 4106 qui
2111 4037 2456 4104 potestatem
2506 4033 2686 4105 hujus
2745 4035 2886 4090 artis
2937 4047 3108 4106 super
3156 4031 3355 4089 omnia
3403 4039 3607 4088 calere

1953 4115 2195 4170 miratur
2225 4115 2283 4169 in
2319 4114 2572 4184 homine,
2607 4132 2719 4187 qua
2752 4114 2836 4170 illi
2869 4115 3008 4170 deos
3042 4114 3226 4171 facere
3255 4129 3603 4170 concessum

1949 4201 2051 4265 est,
2086 4204 2138 4251 et
2181 4195 2338 4251 dolet
2367 4203 2674 4251 venturum
2717 4211 2844 4251 esse
2886 4199 3139 4264 tempus,
3172 4212 3284 4267 quo
3322 4194 3444 4250 haec
3475 4209 3604 4250 om-

1951 4276 2046 4331 nia
2076 4277 2316 4332 deorum
2353 4277 2628 4349 ligmenta
2658 4277 2730 4330 ab
2771 4277 3107 4332 hominibus
3139 4276 3401 4342 institua,
3431 4276 3601 4332 etiam

1949 4358 2172 4429 legibus
2211 4360 2533 4428 jubeantur
2577 4358 2827 4426 auferri;
2861 4357 3170 4413 confitetur
3208 4363 3400 4413 tamen
3433 4361 3602 4425 atque

1946 4439 2220 4510 exprimit
2263 4454 2490 4504 causas,
2525 4454 2706 4508 quare
2736 4439 2802 4492 ad
2852 4439 2964 4494 ista
3003 4448 3338 4508 perventum
3385 4437 3476 4503 sit,
3509 4436 3596 4490 di-

1948 4535 2084 4574 cens
2118 4535 2356 4588 proavos
2389 4535 2529 4573 suos
2563 4518 2747 4573 multo
2779 4534 2965 4573 errore
2997 4524 3054 4572 et
3086 4518 3509 4584 incredulitate,
3544 4525 3599 4571 et

1949 4599 2210 4653 animum
2245 4613 2360 4652 non
2393 4598 2745 4653 advertendo
2777 4598 2846 4651 ad
2879 4599 3104 4652 cultum
3138 4598 3596 4668 religionemque

1947 4678 2203 4733 divinam
2245 4678 2537 4733 invenisse
2576 4677 2727 4733 hanc
2764 4684 2942 4732 artem
2977 4693 3091 4747 qua
3130 4677 3386 4732 facerent
3407 4678 3543 4732 deos
3579 4693 3592 4732 :

1949 4774 2052 4814 nos
2084 4757 2226 4830 quid
2266 4761 2490 4829 oportet
2520 4758 2706 4813 dicere
2738 4757 2824 4811 vel
2858 4757 3051 4827 potius
3083 4757 3224 4826 quid
3256 4770 3446 4827 agere,
3479 4754 3594 4810 nisi

1947 4845 2197 4911 quantas
2230 4854 2539 4908 possumus
2570 4837 2786 4906 gratias
2818 4834 3062 4890 Domino
3093 4835 3210 4890 Deo
3241 4847 3460 4901 nostro,
3495 4835 3594 4905 qui

1944 4919 2066 4975 haec
2095 4917 2404 4976 contrariis
2435 4918 2655 4984 causis,
2685 4931 2863 4988 quam
2897 4914 3168 4968 instituta
3198 4919 3356 4984 sunt,
3384 4915 3594 4968 abstu-

1943 4999 2058 5055 lit?
2085 5000 2226 5054 Nam
2257 4995 2414 5068 quod
2445 4995 2704 5049 instituit
2734 4993 3048 5049 multitudo
3087 4993 3322 5061 erroris,
3351 4994 3594 5049 abstulit

1942 5079 2034 5135 via
2073 5077 2332 5134 veritatis
2366 5091 2380 5142 ;
2412 5074 2569 5146 quod
2622 5075 2872 5130 instituit
2911 5073 3314 5142 incredulitas,
3349 5071 3591 5130 abstulit

2007 5437 2022 5468 1
2058 5433 2116 5479 In
2146 5431 2405 5493 Asclepio;
2437 5440 2488 5478 et
2522 5433 2810 5493 quoniam.

2004 5494 2025 5528 2
2056 5494 2140 5543 Sic
2169 5495 2250 5541 Er.
2284 5498 2336 5543 et
2367 5496 2485 5543 Mss.
2520 5493 2586 5544 At
2614 5497 2757 5550 Lov.,
2790 5504 2838 5543 et
2871 5495 3088 5544 invidia
3113 5493 3396 5543 diabolica.

2005 5558 2026 5590 3
2056 5557 2210 5608 Editi.
2243 5572 2368 5604 cum
2402 5557 2606 5606 veritas
2643 5560 2886 5606 emendet
2933 5571 3197 5610 errarent,
3229 5557 3361 5618 ﬁdes
3393 5556 3586 5605 redar-

1939 5629 2076 5680 guat
2119 5620 2589 5672 incredulitatem.
2625 5621 2905 5670 conversio
2946 5619 3190 5681 corrigat
3223 5619 3585 5672 (eversionem.

1937 5684 2006 5732 At
2029 5683 2172 5743 Mss,
2202 5683 2473 5742 emendat,
2504 5684 2814 5747 redarguit,
2842 5681 3094 5744 corrigit.
