4158 6192
475 320 584 380 251

475 453 671 521 ﬁdes;
714 453 868 524 quod
921 451 1168 507 instituit
1210 469 1244 507 a
1290 450 1447 508 cultu
1494 451 1700 507 divinae
1753 454 1769 488 ¹
1818 453 2114 526 religionis

473 534 716 602 aversio,
739 532 976 588 abstulit
995 534 1063 587 ad
1091 549 1269 587 unum
1295 549 1490 588 verum
1523 534 1704 589 Deum
1729 541 2115 605 sanctumque

474 615 772 670 conversio
808 630 820 668 :
850 629 955 668 nec
977 613 1036 666 in
1059 613 1183 668 sola
1202 617 1466 685 Egypto,
1491 630 1666 686 quam
1700 613 1879 668 solam
1911 615 1968 668 in
2002 615 2114 669 isto

476 692 701 763 plangit
727 696 1055 748 daemonum
1089 694 1350 762 spiritus,
1385 694 1484 748 sed
1523 695 1579 748 in
1617 694 1775 748 omni
1807 699 1958 749 terra
1987 711 2113 764 quis

472 778 670 830 cantat
705 773 942 828 Domino
980 774 1268 828 canticum
1304 790 1516 829 novum
1551 791 1564 842 ;
1598 775 1750 829 sicut
1780 791 1908 830 vere
1939 791 2113 830 sacrae

474 859 532 909 et
552 871 682 909 vere
705 853 1052 924 prophetica:
1070 853 1292 909 Littera:
1309 855 1793 926 praenuntiarunt,
1821 857 1913 910 ubi
1938 856 2116 924 scrip-

472 939 595 989 tum
623 940 730 1002 est,
773 933 999 990 Cantate
1039 935 1270 990 Domino
1299 939 1581 991 canticum
1618 953 1818 991 novum
1847 954 1866 998 ;
1894 943 2115 992 cantate

469 1015 721 1083 Domino,
753 1017 932 1070 omnis
989 1026 1140 1071 terra
1170 1018 1341 1087 (Psal.
1381 1034 1505 1083 xcv,
1543 1019 1611 1088 1).
1642 1018 1868 1072 Titulus
1899 1019 2116 1088 quippe

470 1093 678 1162 psalmi
712 1095 888 1164 hujus
930 1106 1036 1163 est,
1070 1097 1294 1164 Quando
1341 1097 1530 1152 domus
1573 1097 1958 1166 aediﬁcabatur
1993 1106 2118 1164 post

472 1177 862 1244 captivitatem.
893 1176 1229 1232 [Ediﬁcatur
1259 1179 1415 1233 enim
1447 1179 1658 1233 domus
1689 1178 1936 1233 Domino
1971 1177 2117 1232 civi-

476 1261 563 1309 tas
600 1255 695 1310 Dei
728 1254 745 1289 ι
773 1271 903 1326 quae
949 1260 1036 1311 est
1072 1266 1272 1312 sancta
1303 1257 1572 1326 Ecclesia,
1623 1258 1682 1313 in
1731 1257 1890 1313 omni
1940 1265 2111 1322 terra,

475 1343 603 1405 post
635 1350 762 1390 eam
791 1335 1204 1407 captivitatem,
1247 1355 1360 1409 qua
1387 1337 1517 1394 illos
1558 1339 1844 1404 homines,
1879 1338 1948 1392 de
1980 1339 2114 1410 qui-

471 1415 584 1471 bus
616 1417 987 1472 credentibus
1017 1417 1077 1472 in
1119 1418 1300 1474 Deum
1339 1424 1614 1490 tenquam
1647 1419 1940 1491 lapidibus
1969 1420 2113 1476 vivis

470 1498 679 1551 domus
711 1497 1030 1553 aedificatur
1077 1500 1122 1570 (Ι
1173 1503 1321 1556 Petr.
1374 1517 1436 1568 ll,
1478 1502 1552 1569 5),
1587 1507 1788 1572 captos
1825 1501 2114 1556 daemonia

470 1578 866 1647 possidebant.
889 1579 1081 1648 Neque
1111 1581 1265 1635 enim
1300 1584 1436 1651 quia
1468 1581 1642 1635 homo
1671 1582 1811 1636 deos
1843 1582 2109 1649 faciebat,

466 1656 594 1712 ideo
620 1673 734 1712 non
756 1658 826 1712 ab
857 1658 939 1713 eis
966 1660 1368 1730 possidebatur
1399 1663 1523 1732 ipse
1544 1662 1642 1730 qui
1675 1663 1905 1728 fecerat,
1929 1679 2110 1730 quau-

471 1737 544 1792 do
611 1738 666 1791 in
709 1754 907 1794 eorum
962 1740 1295 1796 societatem
1343 1742 1583 1797 colendo
1633 1744 2044 1798 traducebatur
2094 1759 2108 1798 :

474 1818 808 1874 societatem
858 1820 1006 1886 dico,
1058 1837 1172 1875 non
1234 1821 1522 1876 idolorum
1583 1823 1951 1889 stolidarum,
2010 1824 2112 1879 sed

468 1903 827 1954 versutorum
879 1901 1315 1957 daemoniorum.
1371 1907 1514 1958 Nam
1563 1904 1700 1973 quid
1749 1912 1887 1958 sunt
1935 1903 2112 1984 idola,

468 1980 583 2035 nisi
617 1982 770 2052 quod
807 1983 1007 2036 eadem
1041 1983 1340 2054 Scriptura
1373 1984 1533 2051 dicit,
1573 1986 1768 2040 Oculos
1812 1987 2030 2053 habent,
2063 1980 2116 2043 et

467 2075 576 2114 non
615 2059 798 2115 vident
843 2063 863 2095 ²
900 2062 1067 2132 (Psal.
1111 2079 1270 2130 cxm,
1317 2063 1373 2134 5)
1417 2080 1431 2118 :
1483 2070 1538 2120 et
1585 2065 1867 2136 quidquid
1900 2065 2013 2120 tale
2043 2068 2112 2122 de

467 2141 728 2196 materiis
760 2142 891 2197 licet
919 2143 1135 2198 aliahre
1183 2144 1473 2215 effigiatis,
1517 2151 1714 2200 tamen
1755 2147 1872 2201 vita
1901 2163 2111 2202 sensu-

467 2236 579 2291 que
611 2223 964 2288 carentibus,
1009 2223 1320 2279 dicendum
1353 2226 1464 2279 fuit
1495 2226 1572 2296 (a)
1605 2226 1632 2280 ‘?
1678 2227 1786 2281 Sed
1821 2228 2112 2282 immundi

466 2300 711 2370 spiritus
749 2301 966 2356 eisdem
991 2302 1324 2359 simulacris
1363 2310 1485 2360 arte
1537 2305 1637 2361 illa
1685 2307 1904 2361 nefaria
1951 2306 2112 2363 colli-

465 2379 600 2449 gati,
657 2382 943 2436 cultorum
991 2399 1231 2438 suorum
1291 2385 1519 2440 animus
1579 2385 1636 2440 in
1722 2403 1890 2441 suam
1934 2387 2113 2443 socie-

462 2464 641 2516 tatem
674 2462 988 2534 redigendo
1021 2464 1435 2520 miserabiliter
1471 2468 1915 2535 captivaverant.
1950 2467 2110 2526 Unde

461 2541 601 2595 dicit
630 2543 942 2612 Apostolus
977 2559 990 2598 :
1031 2545 1243 2600 Scimus
1273 2548 1404 2616 quia
1432 2547 1579 2602 nihil
1607 2557 1683 2603 est
1721 2547 1932 2603 idolum
1960 2565 1980 2610 ;
2011 2551 2110 2604 sed

461 2638 581 2692 qum
627 2621 912 2677 immolant
962 2623 1176 2689 Gentes,
1217 2624 1504 2680 daemoniis
1553 2628 1862 2695 immolant,
1910 2633 1961 2684 et
2000 2645 2106 2685 non

457 2703 566 2757 Deo
601 2703 772 2782 :nolo
801 2719 890 2758 vos
913 2706 1082 2759 socios
1096 2706 1228 2775 ﬁeri
1243 2705 1704 2776 demoniorumu
1737 2709 1930 2777 Cor.x,
1965 2711 2056 2782 20)
2092 2727 2108 2766 :

460 2785 599 2836 Post
629 2781 780 2836 hanc
811 2800 946 2853 ergo
979 2786 1399 2853 captivitatem,
1433 2804 1546 2858 qua
1578 2789 1844 2844 homines
1874 2807 1907 2844 a
1939 2781 2108 2846 mali-

459 2861 590 2931 gnis
623 2861 986 2917 daemonibus
1014 2866 1375 2932 tenebantur,
1413 2867 1509 2921 Dei
1553 2869 1760 2923 domus
1790 2871 2108 2926 aedificatur

459 2939 521 2993 in
552 2941 710 2994 omni
743 2944 895 2995 terra
927 2957 941 2994 :
978 2943 1128 2997 unde
1176 2942 1404 2998 titulum
1439 2945 1536 3000 ille
1564 2946 1826 3017 psalmus
1859 2950 2105 3019 accepit,

460 3019 556 3074 ubi
590 3019 824 3086 dicitur,
859 3021 1083 3076 Cantale
1117 3023 1343 3077 Domino
1383 3029 1654 3080 canticum
1694 3043 1893 3082 novum
1921 3043 1942 3089 .·
1971 3044 2106 3084 can-

458 3102 571 3155 tate
604 3100 851 3167 Domino,
884 3103 1060 3157 omnis
1092 3106 1263 3158 terra.
1298 3103 1526 3160 Cantate
1557 3107 1804 3173 Domino,
1845 3112 1900 3163 et
1947 3107 2107 3164 bene-

459 3178 602 3234 dicte
621 3194 817 3234 nomen
847 3181 966 3250 ejus
994 3198 1014 3243 ;
1039 3181 1172 3236 bene
1192 3187 1455 3239 nuntiate
1477 3186 1624 3240 diem
1651 3203 1721 3242 ea:
1749 3189 1840 3243 die
1865 3189 2108 3246 salutare

457 3261 592 3327 eius.
629 3260 962 3340 Annuntiate
987 3264 1043 3317 in
1069 3263 1317 3331 gentibus
1338 3267 1582 3335 gloriam
1603 3270 1741 3340 ejus,
1773 3272 1835 3324 in
1855 3271 2106 3328 omnibus

451 3339 672 3420 populis
706 3342 989 3399 mirabilia
1037 3346 1176 3415 ejus.
1210 3346 1479 3414 Quoniam
1529 3339 1762 3419 magnus
1813 3354 2103 3420 Dominus,

453 3424 506 3476 et
535 3419 841 3476 laudabilis
869 3423 1062 3492 nimis,
1118 3429 1387 3484 terribilis
1431 3433 1508 3484 est
1539 3447 1701 3500 super
1739 3447 1924 3488 omnes
1953 3419 2102 3490 deos.

457 3501 598 3570 Quia
628 3517 813 3557 omnes
852 3503 934 3558 dii
981 3506 1233 3562 Gentium
1278 3508 1569 3578 daemonia,
1611 3513 1876 3569 Dominus
1924 3524 2107 3572 autem

455 3582 617 3638 caelos
645 3582 780 3654 fecit
815 3585 986 3652 (Psal.
1019 3603 1142 3642 xcv.
1186 3589 1325 3662 1-5).

534 3663 589 3747 3.
625 3663 733 3728 Qui
767 3666 1118 3747 ergodoluit
1147 3676 1454 3726 venturum
1489 3671 1671 3728 fuisse
1702 3675 1958 3745 tempus,
1990 3692 2106 3747 quo

462 3743 789 3800 auferretur
829 3745 1022 3803 cultus
1054 3747 1366 3820 idolorum,
1406 3753 1551 3808 etin
1592 3768 1688 3808 eos
1727 3743 2110 3824 qui—colerent

453 3824 788 3907 dominatio,
820 3826 1264 3897 daemoniorum,
1323 3832 1472 3888 malo
1531 3834 1741 3903 spiritu
1792 3835 2105 3907 instigatus

451 3921 684 3975 semper
704 3906 1120 3964 volebatistam
1146 3913 1535 3981 captivitatem
1563 3906 2107 3986 manere,quatran-

451 3986 891 4042 sactaPsalmus
913 3990 1070 4044 canit
1091 3991 1359 4046 aedificari
1379 3994 1619 4050 domum
1652 3995 1710 4050 in
1735 3997 1893 4050 omni
1927 4001 2102 4052 terra.

457 4064 892 4143 Praenuntiabat
948 4066 1048 4121 illa
1077 4069 1314 4124 Hermes
1343 4071 1626 4141 dolendo;
1678 4076 2106 4143 praenuntiabant

457 4142 578 4198 haec
628 4147 918 4216 Propheta
974 4149 1294 4218 gaudendo.
1339 4153 1408 4205 Et
1449 4153 1586 4223 quia
1633 4142 1883 4225 spiritus
1923 4157 2106 4212 victor

456 4227 568 4288 est,
592 4225 691 4294 qui
724 4225 844 4280 haec
877 4241 977 4294 per
999 4233 1232 4282 sanctos
1257 4229 1572 4301 PrOphetas
1621 4238 1903 4301 canebat;
1937 4236 2105 4292 etiam

468 4302 692 4385 Hermes
718 4305 1061 4385 ipseeaquaa
1076 4307 1310 4365 nolebat
1340 4320 1391 4365 et
1413 4312 1641 4368 dolebat
1673 4317 2041 4385 auferri,non
2072 4337 2104 4374 a

461 4383 846 4451 prudentibus
860 4391 916 4438 et
940 4387 1212 4444 fidelibus
1234 4395 1288 4446 et
1311 4391 1616 4462 religiosis,
1651 4396 1748 4449 sed
1774 4397 1845 4449 ab
1865 4383 2106 4452 erranti-

455 4462 567 4517 bus
589 4479 654 4546 eo
685 4463 998 4520 incredulis
1027 4476 1081 4523 et
1110 4486 1141 4522 a
1165 4469 1319 4525 cultu
1345 4472 1551 4527 divinae
1577 4474 1870 4546 religionis
1889 4479 2102 4534 aversis

458 4557 586 4597 esse
610 4544 1068 4612 instituta,miris
1098 4553 1280 4606 modis
1304 4560 1539 4608 coactus
1568 4561 1659 4610 est
1689 4544 1971 4614 confiteri.
1996 4559 2101 4623 Qui

456 4625 723 4692 quamvis
753 4641 851 4682 eos
881 4628 1128 4699 appellet
1157 4633 1310 4697 deos,
1344 4641 1536 4690 tamen
1566 4652 1698 4692 cum
1733 4639 1872 4694 dicit
1902 4656 1935 4694 a
1975 4640 2102 4695 tali-

456 4705 565 4792 bus
599 4707 934 4767 hominibus
965 4713 1166 4779 factos,
1199 4715 1396 4786 quales
1446 4733 1574 4772 esse
1608 4719 1806 4792 utique
1849 4740 1959 4778 non
2001 4723 2097 4779 de-

457 4788 687 4857 bemus,
729 4792 867 4849 velit
908 4793 1073 4866 nolit,
1105 4797 1360 4853 ostendit
1400 4797 1672 4855 colendos
1709 4788 1827 4858 non
1858 4819 1985 4860 esse
2030 4808 2102 4862 ab

453 4871 539 4957 eis
575 4874 689 4957 qui
720 4874 866 4957 tales
916 4893 1031 4933 non
1072 4883 1230 4947 sunt,
1278 4880 1482 4952 quales
1531 4881 1768 4939 fuerunt
1813 4902 1842 4938 a
1887 4886 2100 4957 quibus

455 4952 590 5008 facti
623 4959 758 5009 sunt
798 4973 814 5024 ;
846 4955 952 5012 hoc
1001 4966 1084 5012 est
1125 4976 1158 5014 a
1187 4961 1595 5030 prudentibus,
1640 4952 1930 5030 fidelibus,
1967 4967 2102 5023 reli-

450 5033 630 5116 giosis
663 5051 680 5090 :
711 5035 888 5092 simul
919 5039 1092 5093 etiam
1136 5041 1568 5112 demonstrans,
1618 5047 1777 5116 ipsos
1811 5047 2099 5115 homines,

451 5113 550 5184 qui
583 5130 683 5171 eos
715 5117 997 5185 fecerunt,
1028 5117 1261 5176 sibimet
1299 5113 1670 5193 importasse‘,
1707 5132 1766 5182 ut
1796 5143 1893 5184 eos
1928 5113 2098 5185 habe;

450 5199 580 5250 rent
607 5196 744 5251 deos
776 5196 873 5268 qui
901 5197 981 5251 dii
1007 5214 1122 5253 non
1155 5206 1338 5256 erant.
1366 5201 1582 5259 Verum
1614 5211 1705 5260 est
1733 5210 1948 5279 quippe
1976 5209 2099 5266 ilud

517 5431 536 5465 ί
568 5430 660 5481 Hic
687 5431 801 5482 sola
827 5431 987 5482 editio
1017 5431 1160 5490 ιον..
1192 5435 1404 5487 divino.

449 5492 834 5606 MS!-
891 5497 944 5545 et
998 5495 1178 5558 plures
1216 5499 1364 5560 Mss,
1407 5501 1684 5556 videbunt.
1733 5533 1794 5544 —
1823 5507 1907 5561 Sic
1937 5510 2099 5561 etiam

520 5615 588 5678 (α)
623 5617 738 5668 Vid.
770 5620 922 5682 epist.
959 5620 1069 5678 102,
1100 5635 1193 5672 nn.
1224 5622 1303 5681 18,
1334 5623 1412 5675 19.

1529 320 1632 380 DE
1673 317 2039 382 CIVITATE
2084 322 2236 395 DEI,
2281 326 2346 385 S.
2392 320 2820 386 AUGUSTINI

3756 319 3882 380 2κὲ

2228 455 2656 527 propheticum,
2688 454 2744 509 Si
2785 455 2955 523 faciet
3001 454 3157 509 homo
3195 452 3341 518 deos,
3383 457 3436 507 et
3478 467 3597 508 ecce
3623 452 3733 523 ipsi
3761 470 3877 509 non

2223 546 2351 591 sunt
2380 535 2464 590 dii
2506 535 2726 607 (Jerem.
2777 550 2891 602 xvr,
2939 534 3052 605 20).
3109 535 3250 588 Deos
3281 549 3416 604 ergo
3449 534 3615 601 tales,
3659 533 3870 589 talium

2224 617 2385 684 deos,
2419 623 2542 672 arte
2595 617 2775 670 factos
2821 631 2853 669 a
2886 616 3123 674 talibus.
3172 630 3302 670 cum
3343 613 3692 684 appellasset
3731 614 3872 668 Her-

2224 714 2348 753 mes
2399 715 2414 766 ;
2463 699 2518 751 id
2552 701 2656 762 est,
2702 695 2874 750 idolis
2922 699 3234 761 daemones,
3297 711 3398 765 per
3437 700 3623 748 artem
3675 695 3872 750 nescio

2223 794 2424 849 quam,
2457 777 2840 845 cupiditatum
2874 792 3112 830 suarum
3148 775 3394 829 vinculis
3436 773 3711 845 illigatos,
3735 791 3872 830 cum

2222 857 2538 930 appellaret
2569 857 2748 912 factos
2795 857 2866 911 ab
2915 855 3255 911 hominibus
3305 855 3463 919 deos,
3518 871 3629 908 non
3676 864 3870 910 tamen

2220 939 2303 994 eis
2354 937 2534 1003 dedit,
2588 937 2740 1009 quod
2791 936 3126 991 Platonicus
3178 935 3456 1004 Apuleius
3504 935 3680 1006 (unde
3729 936 3876 990 satis

2215 1020 2341 1090 jam
2374 1019 2649 1082 diximus,
2683 1022 2740 1072 et
2771 1033 2944 1089 quam
2969 1017 3046 1070 sit
3075 1015 3488 1070 inconveniens
3521 1016 3871 1071 absurdum-

2221 1114 2334 1170 que
2384 1099 2884 1166 monstravimus),
2940 1102 3003 1151 ut
3043 1095 3155 1166 ipsi
3205 1101 3401 1150 essent
3438 1097 3780 1166 interpretes
3807 1101 3871 1152 et

2221 1179 2635 1234 intercessores
2661 1179 2814 1234 inter
2862 1177 2998 1232 deos
3045 1192 3193 1247 quos
3226 1175 3358 1232 fecit
3385 1178 3556 1242 Deus,
3594 1186 3648 1230 et
3678 1175 3868 1231 homi-

2221 1274 2324 1314 nes
2364 1274 2512 1329 quos
2560 1258 2711 1313 idem
2744 1256 2878 1312 fecit
2925 1258 3070 1311 Deus
3121 1271 3135 1324 ;
3179 1255 3315 1311 hinc
3363 1256 3671 1310 afferentes
3715 1264 3875 1325 vota,

2218 1339 2350 1394 inde
2383 1353 2629 1394 munera
2679 1337 3012 1392 referentes.
3055 1335 3244 1391 Nimis
3281 1335 3438 1392 enim
3490 1335 3734 1391 stultum
3779 1342 3876 1392 est

2218 1418 2474 1487 credere,
2518 1419 2656 1472 deos
2696 1433 2842 1489 quos
2884 1417 3144 1472 fecerunt
3184 1416 3473 1485 homines,
3517 1415 3648 1486 plus
3678 1416 3877 1473 valere

2219 1499 2371 1568 apud
2404 1500 2543 1553 deos
2583 1513 2698 1568 quo
2729 1498 2862 1552 fecit
2897 1501 3067 1564 Deus,
3101 1511 3275 1566 quam
3308 1497 3505 1551 valent
3533 1496 3642 1567 ipsi
3680 1496 3874 1552 homi-

2219 1594 2346 1644 nes,
2385 1595 2534 1648 quos
2587 1579 2740 1633 idem
2795 1577 2917 1648 ipse
2973 1577 3108 1630 fecit
3155 1575 3329 1630 Dcus.
3383 1577 3612 1631 Daemon
3650 1576 3871 1647 quippe

2216 1658 2534 1714 simulacro
2566 1664 2686 1712 arte
2727 1659 2905 1724 impia
2935 1654 3239 1728 colligatus
3281 1656 3351 1709 ab
3387 1657 3637 1723 homine,
3681 1656 3869 1713 factus

2216 1743 2304 1793 est
2334 1737 2485 1793 Deus
2519 1756 2531 1806 ;
2566 1738 2664 1792 seb
2697 1736 2796 1792 tali
2829 1736 3076 1804 homini,
3117 1753 3230 1790 non
3263 1736 3422 1790 omni
3456 1736 3693 1792 homini.
3727 1737 3876 1800 Qua-

2217 1817 2291 1872 lis
2321 1824 2410 1872 est
2440 1835 2576 1888 ergo
2603 1818 2714 1873 iste
2743 1818 2912 1885 deus,
2937 1831 3110 1888 quem
3140 1832 3254 1872 non
3288 1816 3503 1871 faceret
3542 1816 3714 1872 homo
3755 1817 3874 1873 nisi

2218 1913 2422 1954 errans
2451 1904 2508 1953 et
2528 1898 2868 1953 incredulus
2899 1902 2956 1951 et
2987 1913 3222 1951 aversus
3254 1913 3287 1951 a
3327 1912 3457 1952 vero
3504 1898 3611 1952 Deo
3641 1897 3668 1950 ?
3700 1899 3877 1954 Porro

2218 1980 2269 2034 si
2309 1980 2605 2034 daemones
2647 1977 2748 2049 qui
2803 1976 3080 2032 coluntur
3125 1977 3184 2031 in
3230 1975 3487 2047 templis,
3539 1994 3638 2048 per
3685 1986 3876 2033 artem

2218 2059 2412 2113 nescio
2444 2073 2615 2126 quam
2656 2057 3009 2129 imaginibus
3043 2055 3230 2124 inditi,
3267 2057 3373 2111 hoc
3422 2061 3509 2112 est
3537 2057 3874 2115 visibilibus

2219 2138 2569 2206 simulacris,
2605 2139 2677 2192 ab
2708 2138 2791 2192 eis
2827 2137 3162 2193 hominibus
3194 2137 3291 2208 qui
3323 2137 3429 2193 hac
3459 2142 3580 2193 arte
3614 2141 3878 2194 fecerunt

2219 2219 2378 2284 deos,
2413 2235 2538 2274 cum
2570 2219 2907 2272 aberrarent
2955 2217 3262 2288 aversique
3305 2222 3498 2272 essent
3555 2233 3590 2272 a
3619 2217 3786 2272 cultu
3820 2223 3882 2274 et

2217 2297 2497 2369 religione
2518 2299 2734 2363 divina,
2756 2314 2870 2352 non
2884 2307 3019 2352 sunt
3037 2296 3372 2352 internuntii
3393 2312 3495 2352 nec
3519 2297 3872 2368 interpretes

2217 2379 2368 2434 inter
2399 2379 2663 2434 homines
2693 2387 2750 2432 et
2781 2379 2938 2444 deos,
2973 2381 3030 2433 et
3055 2382 3286 2448 prOpter
3317 2393 3451 2432 suos
3484 2378 3768 2447 pessimos
3799 2395 3867 2434 ac

2215 2460 2591 2532 turpissimos
2633 2475 2842 2524 mores,
2893 2463 2950 2514 et
2997 2459 3150 2529 quod
3199 2459 3464 2513 homines
3509 2457 3552 2527 ί,
3593 2460 3863 2530 quamvis

2212 2545 2471 2596 errantes
2519 2539 2570 2594 ei
2616 2538 2898 2594 increduli
2929 2543 2987 2593 et
3008 2538 3192 2593 aversi
3222 2555 3256 2592 a
3277 2537 3436 2592 cultu
3471 2553 3538 2594 ac
3587 2540 3866 2612 religione

2214 2621 2429 2688 divina,
2465 2625 2660 2676 tamen
2691 2621 2775 2675 eis
2820 2619 2946 2675 sine
2969 2619 3147 2674 dubio
3192 2620 3462 2676 meliores
3511 2627 3664 2689 sunt,
3719 2637 3866 2693 quos

2213 2699 2353 2756 deos
2381 2700 2490 2772 ipsi
2531 2705 2656 2754 arte
2704 2699 2963 2756 fecerunt
3009 2716 3022 2753 :
3074 2704 3254 2754 restat
3311 2705 3374 2756 ut
3405 2701 3553 2769 quod
3598 2709 3859 2771 possunt,

2212 2782 2792 2850 tanquamdaamones
2815 2779 3060 2849 possint,
3088 2779 3171 2834 vel
3194 2780 3360 2852 quasi
3387 2781 3664 2836 beneficia
3689 2798 3860 2852 pres-

2210 2862 2388 2915 tando
2421 2859 2608 2931 magis
2651 2866 2941 2923 nocentes,
2974 2861 3112 2930 quia
3144 2860 3325 2931 magis
3355 2860 3707 2931 decipientes
3731 2881 3745 2929 ;
3770 2861 3860 2917 vel

2207 2946 2406 3011 aperte
2441 2940 2871 2996 malefaciendo.
2905 2940 3020 2996 Nec
3050 2949 3242 2996 tamen
3290 2941 3592 3012 quodlibet
3619 2940 3860 3011 horum,

2211 3019 2323 3074 nisi
2373 3019 2608 3092 quando
2668 3024 2726 3074 et
2782 3029 3064 3092 quantum
3115 3021 3137 3054 ²
3185 3021 3578 3092 permittuntur
3635 3021 3753 3078 alta
3803 3028 3863 3078 et

2209 3109 2428 3155 secreta
2462 3101 2555 3156 Dei
2590 3099 2949 3172 providentia
2981 3117 2994 3154 :
3032 3117 3144 3156 non
3176 3106 3372 3157 autem
3419 3109 3693 3173 tauquam
3737 3119 3863 3159 me-

2207 3182 2285 3235 dii
2327 3181 2481 3235 inter
2522 3181 2790 3235 homines
2837 3185 2894 3236 et
2933 3182 3071 3253 de_os
3107 3197 3206 3253 per
3254 3182 3573 3238 amicitiam
3615 3183 3858 3239 deorum

2210 3261 2462 3315 multum
2487 3262 2640 3332 apud
2674 3260 2940 3316 homines
2967 3246 3210 3316 valeant.
3249 3261 3310 3316 Hi
3334 3262 3489 3318 enim
3514 3262 3628 3317 diis
3665 3262 3864 3331 bouis,

2210 3356 2356 3412 quos
2381 3346 2618 3396 sanctos
2661 3340 2913 3411 Angelos
2963 3357 3069 3396 nos
3117 3357 3393 3397 vocamus
3430 3342 3864 3414 rationalesque

2208 3425 2504 3476 creaturas
2533 3427 2746 3475 sanctis
2773 3421 3023 3476 caelestis
3046 3420 3422 3477 habitationis
3445 3421 3488 3490 ³,
3513 3423 3634 3478 sive
3657 3423 3861 3491 Sedes,

2207 3501 2326 3556 sive
2356 3500 2816 3566 Dominationes,
2860 3502 2978 3556 sive
3023 3501 3400 3574 Principalus,
3441 3502 3562 3559 sive
3602 3502 3863 3560 Potesta-

2209 3585 2316 3649 tes,
2365 3581 2537 3637 amici
2585 3597 2712 3637 esse
2757 3581 2996 3636 omnino
3051 3598 3164 3636 non
3224 3588 3467 3652 possunt
3517 3599 3532 3650 ;
3573 3601 3608 3638 a
3645 3585 3862 3655 quibus

2209 3667 2324 3718 tam
2373 3662 2544 3731 longe
2595 3663 2809 3725 absunt
2861 3661 3041 3718 animi
3094 3662 3418 3729 affectione,
3467 3679 3643 3735 quam
3689 3663 3863 3737 longe

2211 3743 2427 3799 absunt
2458 3759 2492 3797 a
2521 3741 2837 3797 virtutibus
2869 3741 3026 3809 vitia,
3059 3746 3117 3798 et
3144 3759 3176 3797 a
3210 3742 3467 3800 bonitate
3512 3743 3748 3800 malitia.

2208 3899 2439 3956 CAPUT
2469 3898 2646 3955 XXV.
2671 3931 2739 3940 —
2769 3900 2844 3954 De
2873 3899 2960 3954 his
2979 3915 3102 3971 quas
3121 3902 3326 3957 sanctis
3346 3902 3576 3972 Angelis
3605 3908 3658 3960 et
3679 3903 3864 3960 homi-

2561 3980 2724 4035 nibus
2743 3989 2971 4050 possunt
2995 3996 3111 4037 esse
3129 3985 3462 4038 communia.

2277 4116 2442 4172 Nullo
2475 4116 2646 4172 modo
2678 4117 2856 4189 igitur
2887 4134 2987 4188 per
3015 4119 3344 4176 damonum
3378 4121 3546 4193 quasi
3589 4121 3873 4178 medieta-

2206 4200 2318 4252 tem
2353 4197 2726 4252 ambiendum
2761 4198 2950 4254 estad
2989 4201 3452 4257 benevolentiam
3491 4217 3587 4258 seu
3639 4203 3867 4259 beneﬁ-

2206 4277 2455 4332 centiam
2488 4278 2751 4344 deorum,
2784 4279 2870 4333 vel
2913 4281 3106 4350 potius
3139 4282 3425 4336 honorum
3455 4282 3801 4354 Augelorum
3849 4302 3864 4352 ;

2207 4358 2305 4412 sed
2342 4373 2443 4427 per
2480 4357 2643 4412 bonne
2694 4358 3006 4414 voluntatis
3060 4361 3529 4428 similitudinem,
3560 4379 3678 4434 qua
3723 4380 3860 4420 cum

2207 4437 2322 4492 illis
2342 4453 2573 4506 sumus,
2595 4445 2650 4492 et
2675 4454 2805 4494 cum
2829 4439 2945 4494 illis
2979 4441 3252 4506 vivimus,
3283 4452 3335 4496 et
3359 4459 3490 4497 cum
3526 4443 3643 4498 illis
3673 4445 3858 4500 Deum

2208 4534 2378 4590 quem
2425 4517 2622 4574 colunt
2670 4521 2936 4585 colimus,
2987 4523 3092 4576 etsi
3140 4537 3237 4577 eos
3283 4522 3614 4578 carnalibus
3671 4524 3860 4580 oculis

2205 4601 2398 4655 videre
2431 4617 2543 4655 non
2577 4617 2887 4671 possumus
2920 4619 2933 4658 :
2967 4602 3026 4658 in
3058 4613 3340 4673 quantum
3371 4613 3566 4662 autem
3598 4606 3860 4663 dissimi-

2203 4679 2452 4735 litudine
2479 4679 2800 4736 voluntatis
2829 4687 2886 4737 et
2918 4682 3229 4754 fragilitate
3261 4685 3626 4742 infirmitatis
3656 4687 3855 4744 miseri

2205 4776 2432 4827 sumus,
2465 4761 2522 4815 in
2551 4766 2780 4816 tantum
2821 4763 2892 4816 ab
2922 4762 3004 4818 eis
3036 4764 3204 4836 longe
3225 4781 3437 4822 sumus
3468 4769 3596 4824 vita
3626 4768 3858 4837 merito,

2207 4857 2322 4896 non
2345 4842 2604 4912 corporis
2625 4841 2772 4898 loco.
2795 4843 2918 4897 Non
2940 4843 3088 4899 enim
3113 4847 3252 4916 quia
3274 4849 3329 4902 in
3354 4851 3508 4904 terra
3524 4849 3858 4905 conditione

2205 4923 2396 4978 carnis
2439 4922 2791 4984 habitamus,
2833 4923 2929 4978 sed
2963 4923 3012 4979 si
3053 4924 3428 4984 immunditia
3463 4929 3655 4984 cordis
3685 4930 3706 4964 ‘
3737 4935 3855 4986 ter-

2206 5018 2344 5058 rena
2383 5003 2668 5074 sapimus,
2693 5019 2812 5059 non
2854 5005 2936 5059 eis
2970 5006 3290 5079 iungimur.
3327 5009 3473 5065 Cum
3507 5025 3639 5066 vero
3679 5027 3854 5067 sana-

2272 5265 2287 5298 ί
2319 5262 2531 5335 ῌίιὶςὶβς
2553 5267 2782 5335 propter
2797 5280 2938 5335 suos
2964 5268 3231 5335 pessimos
3259 5284 3322 5320 ac
3351 5272 3705 5335 turpissimos
3731 5293 3857 5328 mo-

2203 5339 2292 5402 re:
2318 5325 2626 5402 ipsietidm
2654 5325 2924 5402 homines.
2963 5325 3304 5394 Castigantur
3331 5347 3364 5384 α
3396 5325 3789 5402 manuscript“;

2266 5387 2288 5457 ξ
2318 5388 2377 5457 I_n
2407 5389 2528 5457 Mss.
2559 5403 2666 5457 non
2691 5393 2871 5457 est,_et
2902 5387 3198 5457 quantu'm.

2268 5451 2722 5518 3AProbaeAnotae
2756 5451 2927 5518 Mss,"
2940 5457 3190 5506 caelestes
3221 5459 3588 5512 habitationes
3617 5479 3633 5512 :
3673 5465 3858 5518 minus

2203 5514 2497 5590 reptaﬁiosi
2525 5514 2660 5590 forte
2697 5517 2850 5590 'velis
2878 5514 2992 5590 pro,
3021 5529 3258 5590 sanctae,
3290 5514 3694 5590 leges-stagna,

2264 5574 2293 5650 ξ
2316 5575 2473 5648 Editi,
2511 5579 2606 5650 sed
2656 5578 2708 5628 si
2742 5595 2846 5650 per
2878 5574 3316 5650 immunditiam
3341 5574 3854 5650 “cordisl'At'Mssq

2199 5637 2293 5686 sed
2317 5639 2366 5686 si
2378 5653 2481 5701 per
2509 5637 2878 5692 immunditiis
2908 5645 3103 5694 cordis.
