4128 6184
311 277 418 341 253

311 430 455 484 mur,
481 421 546 470 ut
575 415 772 485 quales
802 416 914 488 ipsi
944 423 1102 484 sunt,
1137 418 1324 477 simus
1358 441 1374 488 ;
1411 421 1522 477 fide
1559 422 1790 477 interim
1823 423 1941 478 illis

308 497 780 567 prepinquamus,
834 499 882 552 si
932 499 1003 552 ab
1052 500 1149 554 illo
1182 517 1286 556 nos
1336 503 1454 557 lieri
1490 503 1712 570 beatos,
1759 520 1791 557 a
1823 520 1938 574 quo

306 581 358 631 et
402 576 512 645 ipsi
557 576 689 630 facti
751 582 908 643 sunt,
950 580 1118 633 etiam
1169 581 1314 650 ipsis
1369 583 1698 639 faventibus
1755 583 1943 640 credi-

308 672 454 712 mus.

307 826 532 884 CAPUT
581 827 769 884 XXVI.
819 861 890 870 —
930 831 1079 898 Quod
1128 831 1307 887 omnis
1354 832 1552 901 religio
1593 834 1943 904 Pagunorum

535 912 684 966 circa
714 911 957 966 homines
985 918 1225 968 mortuos
1250 916 1424 984 fuerit
1452 912 1697 985 impleta.

376 1076 424 1128 1.
456 1074 608 1130 Sane
647 1075 1064 1134 advertendum
1109 1085 1198 1135 est
1236 1082 1527 1151 quomodo
1575 1079 1686 1137 iste
1730 1082 1942 1152 [Egyp-

301 1153 441 1222 tius,
473 1170 604 1210 cum
638 1157 854 1212 doleret
885 1167 1114 1231 tempus
1153 1177 1282 1216 esse
1320 1167 1651 1229 venturum,
1697 1179 1812 1234 quo
1842 1161 1943 1216 illa

299 1234 662 1291 auferrentur
718 1254 784 1291 ex
832 1239 1098 1310 Egypto,
1160 1257 1288 1312 quae
1345 1245 1556 1298 fatetur
1610 1259 1643 1297 a
1689 1243 1941 1297 multum

298 1315 629 1370 errantibus
657 1321 716 1372 et
743 1316 1083 1386 incredulis,
1105 1329 1156 1376 et
1181 1339 1214 1376 a
1236 1322 1391 1378 cultu
1415 1322 1622 1378 divinas
1647 1322 1942 1394 religionis

298 1395 513 1450 aversis
544 1412 670 1451 esse
702 1397 994 1469 instituta,
1038 1401 1114 1455 ait
1155 1401 1307 1457 inter
1337 1408 1575 1459 cratera:
1623 1405 1765 1459 Tunc
1797 1413 1941 1458 terra

296 1475 402 1529 ista
437 1476 784 1532 sanctissima
819 1480 968 1533 sedes
1007 1481 1359 1537 delubrorum
1393 1489 1556 1554 atque
1591 1485 1938 1552 templorum,

293 1554 674 1625 sepulcrorum
706 1561 810 1613 erit
831 1565 1633 1633 mortuorumqueplenissima.
1653 1566 1827 1629 Quasi
1847 1581 1938 1618 ve-

296 1651 380 1700 ro,
400 1637 448 1690 si
468 1636 570 1692 illa
589 1655 698 1692 non
723 1641 1108 1708 auferrentur,
1133 1661 1244 1698 non
1268 1656 1456 1699 essent
1483 1645 1742 1700 homines
1763 1645 1940 1700 mori-

295 1715 702 1783 turi,autalibi
728 1727 922 1775 essent
956 1725 1165 1776 mortui
1204 1726 1452 1794 ponendi
1474 1741 1649 1796 quam
1671 1727 1726 1782 in
1747 1732 1934 1780 terra:

295 1801 352 1850 et
367 1798 562 1868 utique
580 1806 800 1869 quanto
823 1801 952 1862 plus
967 1801 1288 1858 volveretur
1313 1805 1591 1875 temporis
1609 1811 1664 1861 et
1685 1806 1936 1873 dierum,

296 1883 455 1931 tanto
475 1878 825 1950 majoresset
843 1897 1121 1937 numerus
1135 1886 1560 1951 sepulcrorum,
1578 1891 1812 1957 propter
1826 1903 1942 1941 ma-

289 1955 473 2026 jorem
497 1974 804 2014 numerum
822 1967 1208 2019 mortuorum.
1225 1963 1334 2018 Sed
1351 1965 1460 2021 hoc
1479 1955 1935 2035 videturdolere,

292 2038 445 2116 quod
466 2040 752 2094 memorias
775 2047 1087 2111 martyrum
1114 2051 1444 2098 nostrorum
1471 2045 1704 2116 templis
1735 2063 1936 2100 eorum

292 2113 674 2188 delubrisque
706 2123 1109 2176 succederent:
1153 2127 1218 2178 ut
1259 2124 1528 2179 videlicet
1567 2113 1660 2195 qui
1703 2125 1824 2180 haec
1856 2126 1938 2180 le-

289 2201 441 2265 gunt
470 2198 664 2253 animo
698 2217 730 2252 a
763 2200 930 2254 nobis
974 2217 1177 2256 averso
1209 2208 1384 2273 atque
1416 2221 1706 2274 perverso,
1740 2208 1941 2273 putent

291 2288 330 2326 a
359 2274 605 2346 Paganis
637 2278 775 2332 deos
825 2280 1014 2333 cultos
1067 2280 1247 2336 fuisse
1292 2281 1351 2335 in
1401 2282 1658 2353 templis,
1700 2299 1733 2337 a
1772 2282 1943 2337 nobis

285 2359 491 2408 autem
525 2354 636 2408 coli
682 2362 940 2411 mortuos
978 2357 1038 2412 in
1073 2359 1374 2428 sepulcris.
1419 2362 1606 2416 Tanta
1648 2361 1801 2416 enim
1839 2362 1940 2416 ho-

281 2434 488 2487 mines
510 2433 677 2504 impii
700 2435 954 2491 cascitate
977 2437 1035 2492 in
1062 2443 1287 2493 montes
1309 2441 1741 2509 quodammodo
1767 2441 1943 2496 offen-

278 2513 463 2574 dunt,
497 2527 704 2584 resque
745 2515 944 2571 oculos
989 2533 1130 2572 suos
1172 2519 1442 2575 ferientes
1482 2521 1691 2576 nolunt
1727 2521 1939 2586 videre,

284 2599 354 2645 ut
395 2607 512 2645 non
563 2593 872 2650 attendant
921 2597 977 2651 in
1028 2598 1307 2653 omnibus
1337 2597 1548 2654 litteris
1578 2600 1938 2672 Paganorum

281 2676 394 2752 aut
433 2686 550 2752 non
593 2673 864 2741 inveniri,
915 2687 1008 2731 aut
1041 2681 1134 2732 vix
1178 2678 1424 2735 inveniri
1474 2682 1634 2748 deos,
1685 2683 1782 2752 qui
1825 2699 1938 2738 non

280 2749 556 2806 homines
591 2752 826 2822 fuerint,
873 2757 1242 2828 mortuisque
1272 2760 1446 2814 divini
1484 2749 1737 2816 honores
1769 2761 1940 2817 delati

283 2830 411 2885 sint
459 2835 499 2884 ¹.
553 2832 774 2888 Omitto
823 2836 978 2905 quod
1039 2837 1222 2894 Varro
1274 2840 1435 2905 dicit,
1485 2857 1688 2896 omnes
1735 2843 1806 2897 ab
1855 2842 1939 2898 eis

284 2915 552 2965 mortuos
583 2913 906 2969 existimari
958 2916 1158 2973 Manes
1207 2919 1368 2984 deos,
1425 2929 1478 2974 et
1510 2920 1708 2989 probat
1741 2937 1842 2992 per
1871 2939 1939 2978 ea

283 3006 474 3056 sacra,
507 3009 635 3063 qua:
675 2995 949 3050 omnibus
997 2997 1112 3052 fere
1144 2999 1393 3056 mortuis
1433 3000 1800 3069 exhibentur,
1835 3003 1934 3061 ubi

284 3076 344 3124 et
374 3069 546 3127 ludos
577 3081 1000 3131 commemorat
1045 3078 1338 3149 funebres,
1386 3085 1666 3152 tanquam
1710 3081 1818 3138 hoc
1859 3085 1934 3140 sit

290 3152 609 3231 maximum
655 3155 979 3211 divinitatis
1020 3157 1315 3229 indicium,
1369 3166 1520 3231 quod
1565 3178 1675 3217 non
1707 3162 1933 3218 soleant

280 3228 407 3284 ludi
440 3232 551 3287 nisi
595 3236 935 3292 numinibus
966 3237 1264 3296 celebrari.

353 3314 410 3394 2.
457 3312 700 3394 Hermes
749 3318 894 3386 ipse,
955 3319 1026 3374 de
1073 3337 1188 3391 quo
1225 3337 1380 3376 nunc
1429 3323 1642 3393 agitur,
1691 3324 1750 3378 in
1806 3326 1931 3394 ipso

276 3392 486 3448 eodem
537 3393 690 3449 libro
742 3397 838 3451 ubi
879 3399 1043 3470 quasi
1087 3400 1283 3455 futura
1332 3392 1777 3471 pren’untiando
1825 3392 1928 3458 de-

273 3475 516 3546 plorans
547 3477 650 3544 ait,
684 3479 828 3533 Tunc
873 3486 1022 3535 terra
1073 3481 1179 3536 ista
1228 3485 1576 3538 sanctissima
1605 3485 1753 3538 sedes
1783 3483 1932 3539 delu-

267 3557 496 3612 brorum
529 3565 695 3630 atque
737 3562 1086 3625 templorum,
1131 3564 1514 3633 sepulcrorum
1558 3566 1664 3618 erit
1695 3574 1933 3620 mortuo-

276 3655 516 3710 rumque
541 3642 895 3711 plenissima;
927 3643 1067 3700 deos
1095 3645 1349 3715 IEgypti,
1375 3643 1642 3698 homines
1675 3649 1932 3700 mortuos

274 3735 411 3775 esse
463 3725 734 3776 testatur.
796 3723 937 3778 Cum
999 3724 1153 3778 enim
1209 3724 1447 3779 dixisset
1505 3740 1746 3793 proavos
1794 3741 1931 3781 suos

281 3803 544 3860 multum
593 3810 854 3860 errantes
903 3806 1055 3861 circa
1103 3807 1340 3860 deorum
1395 3805 1694 3872 rationem,
1749 3805 1933 3862 incre-

281 3883 457 3938 dulos
482 3888 541 3938 et
573 3901 684 3940 non
735 3887 1270 3942 animadvertentes
1317 3886 1389 3941 ad
1437 3885 1656 3941 cultum
1702 3886 1932 3956 religio-

278 3979 540 4036 nemque
568 3965 846 4034 divinam,
896 3967 1190 4022 invenisse
1237 3970 1422 4021 artem
1474 3981 1586 4037 qua
1633 3965 1931 4023 efﬁcerent

275 4044 420 4099 deos
445 4062 460 4111 ;
490 4043 594 4099 Cui
624 4047 877 4112 inventas,
911 4048 1123 4118 inquit,
1163 4046 1543 4118 adjunxerunt
1573 4047 1834 4102 virtutem
1863 4048 1933 4104 de

275 4125 484 4178 mundi
508 4135 709 4180 natura
745 4125 1172 4193 convenientem,
1205 4142 1431 4198 eamque
1465 4128 1763 4196 miscentes,
1795 4143 1930 4198 quo-

277 4207 439 4259 niam
469 4209 693 4260 animas
723 4206 906 4278 facere
944 4223 1051 4261 non
1094 4211 1364 4276 poterant,
1409 4213 1686 4263 evocantes
1715 4207 1930 4264 animas

277 4287 598 4341 daemonum
617 4288 699 4342 vel
731 4286 1083 4356 angelorum,
1117 4303 1206 4342 eas
1238 4287 1563 4343 indiderunt
1595 4291 1930 4359 imaginibus

270 4370 484 4422 sanctis
512 4367 828 4438 divinisque
873 4369 1172 4440 mysteriis,
1221 4384 1320 4438 per
1365 4386 1497 4440 quas
1536 4370 1682 4425 idola
1721 4374 1772 4425 et
1803 4370 1933 4426 bene

264 4448 545 4518 faciendi,
572 4458 622 4504 et
641 4450 810 4518 male,
841 4451 983 4505 vires
1003 4450 1204 4505 habere
1232 4452 1570 4520 potuissent:
1605 4451 1816 4506 deinde
1844 4467 1932 4506 se-

271 4530 482 4600 quitur
512 4542 794 4601 tanquam
826 4530 934 4586 boc
964 4530 1245 4602 exemplis
1279 4532 1648 4601 probaturus,
1684 4537 1741 4586 et
1772 4531 1930 4599 dicit,

267 4612 417 4665 Avus
447 4609 599 4664 enim
621 4615 772 4676 tuus,
799 4626 828 4666 ο
858 4611 1086 4682 Asclepi,
1112 4611 1400 4669 medicinae
1416 4613 1638 4681 primus
1659 4614 1930 4678 inventor,

272 4691 370 4746 cui
398 4691 670 4761 templum
697 4697 1067 4748 consecratum
1114 4697 1191 4748 est
1239 4694 1301 4748 in
1352 4697 1530 4747 monte
1568 4691 1760 4761 Libyae
1788 4695 1936 4746 circa

271 4771 436 4827 littus
492 4771 926 4840 Crocodilorum,
986 4775 1043 4827 in
1103 4787 1206 4844 quo
1254 4773 1373 4841 eius
1431 4774 1568 4841 iacet
1624 4774 1935 4825 mundanus

283 4853 470 4921 homo,
503 4855 568 4908 id
594 4856 669 4909 est
697 4869 927 4925 corpus:
971 4853 1214 4925 reliquus
1242 4854 1410 4919 enim,
1443 4853 1527 4907 vel
1559 4853 1737 4923 potius
1766 4855 1933 4919 totus,

282 4935 341 4986 si
367 4942 444 4989 est
472 4935 632 4988 homo
663 4938 806 4988 lotus
856 4935 914 4987 in
945 4949 1106 4988 sensu
1152 4934 1297 5002 vitae,
1347 4933 1550 4986 melior
1584 4931 1845 4987 remeavit
1874 4929 1934 4984 in

277 5012 510 5082 calum,
569 5016 759 5068 omnia
815 5013 986 5069 etiam
1043 5030 1192 5068 nunc
1258 5014 1570 5068 hominibus
1617 5011 1936 5082 adjumenta

277 5104 558 5165 praestans
588 5095 830 5163 inﬁrmis
861 5096 1088 5149 numine
1117 5109 1266 5149 nunc
1283 5110 1401 5160 suo,
1432 5108 1559 5164 quae
1587 5100 1717 5150 ante
1734 5093 1939 5148 solebat

355 5377 370 5407 ι
408 5371 548 5420 Ante
575 5369 706 5419 editi
739 5369 814 5420 sic
842 5370 1056 5427 habent,
1105 5370 1205 5433 qui
1255 5385 1360 5418 non
1412 5371 1658 5418 homines
1690 5371 1932 5429 fuerint,

282 5435 546 5486 omnibus
599 5437 784 5480 tamen
828 5435 1062 5482 honores
1115 5434 1376 5482 studeant
1413 5433 1666 5480 exhibere
1699 5433 1934 5493 divinos,

281 5500 453 5564 quasi
486 5495 644 5564 nihil.
671 5510 915 5564 unquam
946 5497 1318 5564 humanitatis
1350 5496 1663 5564 habuerint.
1683 5495 1758 5564 _Et
1778 5498 1935 5564 paulo

357 5565 428 5623 at,
470 5557 797 5608 existimari
833 5559 1030 5608 inanes
1077 5559 1216 5608 deos.
1267 5559 1590 5609 Emendatur
1635 5559 1701 5608 ad
1731 5557 1935 5609 veteres

307 5628 468 5676 ibi-os.

1668 288 1899 348 LIBER
1943 290 2326 356 OCTAVUS.

3573 313 3688 372 254

2038 427 2333 487 medicina:
2379 440 2497 489 arte
2541 437 2802 506 praebere.
2853 441 2996 498 Ecce
3043 443 3187 498 dixit
3236 448 3528 502 mortuum
3579 446 3690 502 coli

2051 511 2299 596 pro_d_eo
2330 514 2387 568 in
2423 531 2487 570 eo
2529 516 2652 572 loco
2687 520 2786 573 ubi
2834 521 3082 578 habebat
3111 525 3474 596 sepulcrum:
3510 527 3690 584 falsus

2050 591 2386 677 sic-fallens,
2434 599 2586 666 quod
2641 603 2921 657 remeavit
2969 603 3025 657 in
3078 591 3302 660 coal-um.
3353 609 3688 677 Adjungens

2049 669 2260 726 deinde
2300 673 2488 729 aliud:
2543 679 2780 748 Hermes,
2832 682 3042 752 inquit,
3092 686 3248 750 cuius
3291 669 3502 741 avitu'm
3550 669 3690 742 mihi

2048 765 2243 805 nomen
2278 757 2376 820 est,
2406 772 2588 811 nonne
2633 761 2691 812 in
2722 763 2832 815 sibi
2863 767 3182 829 cognomine
3219 770 3405 833 patria
3432 770 3445 802 ί
3475 769 3684 822 consis-

2049 838 2184 896 tens,
2218 849 2406 888 omnes
2433 839 2690 892 mortales
2721 841 2962 911 undique
2983 845 3258 897 venientes
3287 846 3509 915 adjuvat
3531 853 3693 918 atque

2048 917 2371 968 conservat?
2396 915 2496 970 Hic
2547 920 2702 972 enim
2738 919 2978 974 Hermes
3013 925 3218 991 major,
3265 923 3319 977 id
3355 931 3437 978 est
3477 915 3696 981 Mercu-

2051 991 2193 1073 rius,
2227 1009 2401 1063 quem
2435 995 2575 1052 dicit
2605 1015 2775 1054 avum
2805 1017 2979 1055 suum
3014 1003 3215 1069 fuisse,
3249 1003 3306 1056 in
3334 1003 3688 1073 Hermopoli,

2052 1069 2158 1125 hoc
2190 1073 2362 1128 estin
2395 1076 2480 1130 sui
2533 1077 2782 1133 nominis
2813 1080 3059 1149 civitate,
3111 1098 3239 1136 esse
3279 1069 3622 1154 perhibetur
3648 1069 3689 1139 ’ζ

2050 1151 2194 1206 Ecce
2225 1153 2369 1209 duos
2401 1154 2538 1212 deos
2569 1158 2705 1212 dicit
2754 1159 3022 1216 homines
3055 1161 3253 1227 fuisse,
3280 1151 3688 1231 szsculapium

2051 1235 2106 1310 et
2138 1231 2512 1290 Mercurium.
2547 1237 2656 1292 Sed
2689 1241 2757 1294 de
2777 1239 3102 1310 [Esculapio
3126 1247 3182 1296 et
3204 1241 3380 1296 Graeci
3415 1247 3469 1296 et
3501 1243 3690 1296 Latini

2048 1309 2157 1366 hoc
2189 1313 2342 1368 idem
2385 1317 2675 1386 sentiunt;
2728 1309 3078 1375 Mercurium
3124 1326 3310 1376 autem
3362 1321 3526 1376 multi
3576 1338 3690 1377 non

2049 1398 2260 1464 putant
2308 1396 2484 1452 fuisse
2535 1400 2856 1468 mortalem,
2909 1418 3078 1473 quem
3135 1408 3324 1458 tamen
3366 1403 3475 1458 iste
3521 1419 3688 1458 avum

2049 1490 2220 1528 suum
2255 1475 2436 1532 fuisse
2469 1484 2737 1536 testatur.
2784 1485 2854 1536 At
2892 1483 3046 1537 enim
3080 1482 3232 1538 alius
3271 1489 3358 1538 cst
3396 1483 3514 1550 ille,
3545 1483 3692 1538 alius

2049 1553 2178 1617 iste,
2228 1559 2496 1625 quamvis
2546 1560 2747 1615 eodem
2801 1563 3035 1617 nomine
3086 1570 3512 1634 nuncupentur.
3565 1563 3689 1618 Non

2048 1635 2300 1690 multum
2339 1655 2550 1708 pugno,
2584 1641 2726 1695 alius
2766 1641 2862 1697 ille
2893 1643 2990 1702 sit,
3033 1643 3184 1698 alius
3226 1643 3366 1698 iste:
3400 1660 3593 1698 verum
3635 1647 3692 1698 et

2045 1715 2176 1783 iste,
2201 1718 2348 1772 siJut
2380 1720 2767 1792 zEsculapius,
2809 1739 2877 1778 ex
2908 1723 3140 1778 homine
3183 1726 3332 1780 deux
3363 1725 3688 1780 secundum

2044 1798 2451 1854 testimonium
2501 1803 2643 1855 tanti
2675 1803 2828 1873 apud
2879 1820 3019 1859 suos
3049 1805 3175 1871 viri,
3223 1804 3393 1876 hujus
3427 1805 3684 1860 Trisme-

2045 1877 2202 1947 gisti,
2241 1881 2468 1950 nepotis
2497 1881 2610 1936 sui.

2114 1957 2166 2011 3.
2201 1960 2403 2014 Adhuc
2435 1961 2617 2026 addit,
2641 1963 2894 2019 etdicit:
2925 1965 3036 2019 Isin
3057 1981 3184 2021 vero
3215 1967 3479 2021 uxorem’
3513 1966 3688 2021 Osiris

2045 2052 2208 2107 quam
2237 2041 2413 2093 multa
2447 2041 2585 2096 bona
2613 2047 2882 2112 praestare
2907 2047 3228 2114 propitiam,
3261 2048 3481 2118 quantis
3512 2048 3692 2102 obesse

2043 2119 2244 2172 scimus
2277 2118 2481 2173 iratam
2501 2126 2524 2173 Ρ
2549 2122 2766 2177 Deinde
2800 2128 2863 2178 ut
2884 2126 3220 2180 ostenderet
3249 2142 3314 2180 ex
3347 2127 3452 2180 hoc
3483 2143 3692 2195 genere

2047 2211 2176 2250 esse
2206 2199 2357 2266 deos,
2392 2216 2539 2268 quos
2562 2201 2657 2254 illa
2680 2207 2799 2257 arte
2831 2202 3100 2258 homines
3127 2205 3376 2259 faciunt:
3413 2205 3565 2259 unde
3595 2205 3695 2260 dat

2045 2275 2292 2347 intelligi
2327 2279 2626 2334 daamones
2657 2297 2720 2334 se
2750 2281 2975 2352 Opinari
3004 2299 3071 2337 ex
3104 2283 3396 2338 hominum
3435 2292 3691 2339 mortuo-

2047 2372 2179 2410 rum
2213 2357 2426 2412 animis
2457 2359 2769 2426 exstitisse,
2795 2377 2942 2430 quos
2973 2379 3076 2433 per
3104 2369 3307 2431 artem,
3339 2381 3510 2434 quam
3545 2364 3697 2417 inve-

2048 2441 2264 2490 nerunt
2311 2436 2580 2492 homines
2641 2438 2894 2494 multum
2959 2447 3235 2508 errantes,
3296 2443 3581 2497 increduli
3637 2447 3694 2498 et

2046 2515 2380 2584 irreligiosi,
2416 2519 2497 2572 ait
2525 2517 2742 2573 inditus
2775 2519 3129 2587 simulacris,
3163 2522 3298 2593 quia
3327 2523 3384 2577 hi
3418 2522 3515 2593 qui
3547 2522 3691 2578 tales

2048 2596 2185 2651 deos
2209 2595 2515 2665 faciebant,
2547 2598 2774 2655 animas
2808 2601 2993 2657 facere
3016 2619 3128 2658 non
3155 2603 3356 2674 utique
3390 2609 3689 2674 poterant:

2047 2693 2180 2731 cum
2212 2679 2281 2732 de
2305 2677 2457 2732 Iside
2485 2679 2746 2747 dixisset,
2772 2683 2926 2752 quod
2951 2684 3425 2751 commemoravi,
3457 2683 3692 2755 quantis

2046 2757 2247 2812 obesse
2291 2758 2509 2813 scimus
2553 2761 2782 2828 iratam,
2831 2768 3065 2818 secutus
3109 2765 3398 2834 adjunxit,
3445 2766 3694 2819 Terrenis

2043 2839 2244 2891 etenim
2273 2836 2384 2892 diis
2431 2848 2592 2909 atque
2632 2841 2924 2897 mundanis
2960 2844 3126 2910 facile
3165 2851 3243 2898 est
3282 2843 3476 2910 irasci,
3511 2849 3694 2912 utpote

2042 2917 2140 2987 qui
2166 2917 2280 2971 sint
2301 2918 2368 2972 ab
2399 2919 2712 2975 hominibus
2743 2937 2812 2976 ea:
2841 2927 3074 2993 utraque
3093 2933 3297 2978 natura
3324 2923 3507 2993 ‘facti
3527 2929 3692 2996 atque

2038 2999 2344 3066 compositi.
2390 2997 2467 3052 Ex
2517 3004 2757 3070 utraque
2807 3008 3016 3058 natura
3064 3005 3224 3073 dicit,
3275 3020 3342 3059 ex
3392 3005 3589 3060 anima
3634 3008 3691 3059 et

2039 3093 2313 3149 corpore:
2368 3086 2431 3133 ut
2481 3096 2579 3146 pro
2628 3082 2823 3137 anima
2872 3084 2950 3138 sit
3000 3084 3249 3151 daemon,
3303 3101 3400 3153 pro
3449 3101 3688 3154 corpore

2038 3158 2447 3213 simulacrum.
2485 3159 2630 3216 Unde
2647 3161 2896 3232 contigit,
2931 3162 3144 3232 inquit,
3177 3166 3244 3218 ab
3274 3165 3544 3235 Afgyptiis
3575 3164 3689 3219 haec

2035 3246 2224 3292 sancta
2254 3239 2527 3294 animalia
2559 3243 2889 3312 nuncupari,
2911 3243 3124 3314 colique
3149 3260 3246 3313 per
3273 3244 3525 3312 singulas
3555 3246 3687 3299 civi-

2037 3321 2172 3371 tates
2227 3333 2420 3372 eorum
2480 3321 2719 3388 animas,
2775 3337 3006 3392 quorum
3058 3327 3189 3376 sunt
3240 3329 3570 3379 consecratae
3616 3325 3692 3378 vi-

2039 3401 2214 3451 ventes
2245 3398 2286 3464 ⁵,
2322 3399 2404 3452 ita
2450 3405 2512 3452 ut
2559 3415 2742 3453 eorum
2794 3400 3008 3467 legibus
3042 3400 3376 3466 incoluntur,
3415 3407 3468 3457 et
3503 3419 3687 3458 eorum

2035 3477 2350 3529 nominibus
2395 3488 2800 3547 nuncupentur.
2840 3478 2946 3533 Ubi
2985 3485 3072 3533 est
3121 3481 3222 3535 illa
3260 3481 3418 3535 velut
3448 3483 3684 3552 querela

2035 3553 2323 3620 luctuosa,
2369 3558 2522 3625 quod
2573 3561 2727 3611 terra
2781 3558 3029 3626 Egyptii
3090 3560 3460 3614 sanctissima
3513 3561 3680 3615 sedes

2035 3633 2404 3689 delubrorum
2442 3640 2613 3704 atque
2645 3637 3020 3706 templorum,
3044 3639 3446 3707 sepulcrorum
3483 3641 3677 3694 futura

2035 3718 2192 3768 esset
2223 3717 2704 3784 mortuorumque
2746 3715 3139 3786 plenissima?
3176 3718 3392 3786 Nempe
3435 3717 3680 3788 spiritus

2033 3792 2224 3854 fallax,
2279 3793 2452 3861 cujus
2498 3792 2782 3849 instinctu
2834 3795 3072 3848 llcrmes
3121 3796 3234 3850 ista
3282 3795 3534 3866 dicebat,
3586 3814 3686 3866 per

2033 3889 2166 3930 eum
2201 3872 2396 3943 ipsum
2447 3877 2682 3930 coactus
2730 3880 2820 3930 est
2867 3874 3124 3930 confiteri
3167 3877 3289 3946 jam
3343 3880 3481 3931 tunc
3519 3875 3678 3931 illam

2034 3958 2247 4009 terram
2280 3951 2683 4024 sepulcrorum
2717 3959 2774 4010 et
2817 3961 3203 4021 mortuorum,
3246 3972 3392 4028 quos
3439 3972 3539 4026 pro
3571 3956 3684 4012 diis

2036 4033 2321 4100 colebant,
2357 4033 2538 4089 fuisse
2564 4033 2983 4104 plenissimam.
3016 4035 3126 4092 Sed
3151 4037 3318 4092 dolor
3349 4037 3677 4092 daemonum

2037 4131 2140 4186 per
2165 4130 2301 4170 eum
2334 4114 2696 4185 loquebatur,
2731 4117 2826 4187 qui
2873 4133 3010 4172 suas
3043 4117 3268 4174 futuras
3299 4133 3496 4189 pcenas
3525 4119 3679 4188 apud

2035 4200 2373 4251 sanctorum
2421 4199 2742 4267 martyrum
2795 4198 3104 4252 memorias
3136 4198 3440 4254 imminere
3471 4214 3680 4255 mcere-

2099 4368 2225 4436 1_Sic
2254 4369 2893 4436 MssgApudErLautem
2940 4373 2994 4420 et
3040 4370 3186 4428 Lov.,
3229 4372 3289 4421 in
3331 4373 3682 4436 cognominis

2033 4432 2126 4480 sui
2147 4433 2362 4493 patria.
2395 4431 2649 4481 Servatur
2666 4433 2776 4483 illic
2803 4448 2990 4483 sensus
3023 4448 3034 4482 :
3066 4436 3154 4484 sed
3185 4431 3411 4486 minime
3429 4438 3485 4484 in
3513 4438 3688 4487 Ascle-

2032 4495 2271 4562 pio,_<1ui‘
2294 4495 2471 4552 habet,
2503 4495 2607 4543 sibi
2644 4511 2944 4558 cognomen
2984 4499 3244 4559 patrium
3277 4515 3295 4547 :
3333 4501 3533 4549 omissa
3567 4513 3686 4562 par-

2035 4558 2213 4612 ticula.
2251 4558 2329 4606 in.

2099 4619 2119 4652 ²
2150 4620 2209 4668 lu
2239 4621 2339 4670 hoc
2371 4621 2628 4682 vigesimo
2657 4623 2807 4671 sexto
2836 4623 3007 4685 capite
3035 4624 3200 4672 verba
3227 4624 3488 4674 nonnulla
3517 4636 3684 4674 remo-

2035 4682 2230 4747 vimus.
2260 4697 2397 4744 quae
2442 4685 2625 4732 addita
2663 4685 2875 4734 fuerant
2898 4682 2977 4734 ~in
3019 4685 3244 4740 excusis,
3289 4687 3345 4734 in
3384 4687 3579 4747 quibus
3606 4687 3686 4736 ita

2033 4745 2342 4806 legebatur;
2379 4747 2579 4794 Falsus
2609 4761 2672 4794 ac
2700 4747 2909 4804 falle-ns
2938 4747 3200 4803 (dicendo)
3236 4748 3381 4806 quod
3399 4745 3683 4796 remeavit

2035 4807 2099 4856 in
2128 4808 2325 4856 coelum
2381 4808 2591 4864 (omnia
2620 4809 2780 4856 etiam
2817 4823 2968 4855 nunc
3009 4807 3328 4855 hominibus
3355 4807 3684 4867 adjumenta

2028 4879 2336 4940 praestans
2377 4869 2660 4940 inﬁrmis).
2720 4869 3563 4940 Adiungenshdeindm_aliud.
3619 4871 3685 4920 Et

2071 4933 2196 4980 aulo
2225 4934 2345 4993 post
2377 4945 2386 4978 :
2423 4929 2494 4977 In
2517 4929 2634 4993 Asui
2684 4929 2932 4993 nominis
2969 4930 3193 4978 civitate
3217 4929 3542 4993 perhibetur
3571 4945 3683 4980 esse

2071 4947 2196 4980 81110
2225 4947 2345 4993 ροδι
2377 4947 2386 4978 ἒ
2423 4947 2494 4977 1n
2539 4947 2630 4976 εαι
2684 4947 2932 4976 ποτηιηιδ
2969 4947 3193 4978 σιυιῑαισ
3217 4947 3542 4993 permoetur
3571 4947 3679 4980 €886

2035 4947 2384 5057 Escpultus)._
2410 4991 2660 5057 Verbum,
2717 4991 2990 5057 sepultus,
3027 4995 3092 5057 et?
3126 4993 3233 5042 alia
3261 4994 3567 5057 parenthesi
3599 4995 3679 5043 in-

2037 5053 2320 5119 clusa__non
2350 5054 2425 5101 ibi
2455 5053 2719 5119 habentur
2747 5053 2802 5101 in
2832 5056 3220 5119 manuscriptis.

2100 5119 2150 5184 3_
2176 5117 2336 5184 Vox._
2368 5131 2613 5184 uxorem,
2645 5117 2823 5184 _abest
2867 5131 2918 5184 a_
2941 5117 3320 5184 manuscriptis
3365 5131 3570 5184 necnon
3612 5119 3680 5168 ab

2036 5181 2292 5245 Asclepio,
2323 5181 2379 5228 in
2407 5193 2513 5242 quo
2543 5179 2617 5228 sic
2645 5179 2868 5241 legitur:
2887 5181 3020 5230 Isim
3052 5198 3175 5232 vero
3204 5179 3254 5234 et
3285 5183 3488 5233 Osirim
3508 5197 3678 5245 quam

2035 5243 2218 5293 multa
2246 5244 2386 5292 bona
2411 5247 2694 5304 praestare
2726 5245 2988 5306 propitia,
3021 5254 3241 5296 tantum
3271 5247 3447 5294 obesse
3473 5243 3682 5294 scimus

2036 5307 2204 5356 irata.

2099 5370 2120 5403 ⁴
2153 5370 2395 5418 Mercurii
2432 5369 2701 5432 Asclepius
2731 5384 2838 5433 pro,
2871 5386 2939 5420 ex
2968 5380 3205 5434 utraque
3242 5378 3470 5426 natura,
3501 5371 3676 5428 habet,

2033 5441 2306 5495 extraque
2326 5441 2591 5479 naturam
2623 5450 2638 5490 ;
2668 5435 3080 5495 corruptissime.

2097 5497 2118 5529 δ
2142 5495 2227 5544 Sic
2246 5495 2360 5542 Am.
2393 5497 2446 5543 et
2474 5498 2969 5562 manuscriptiﬂcum
2998 5497 3257 5562 Asclepiot
3284 5497 3342 5544 A.
3390 5495 3534 5553 Lov..
3578 5497 3679 5562 qui

2034 5572 2095 5604 ea
2127 5571 2506 5605 consecravere
2536 5557 2796 5610 viventes.
2831 5558 2915 5608 Sic
2944 5560 3104 5610 etiam
3133 5561 3212 5608 Er.
3248 5562 3454 5611 mutato
3485 5557 3676 5619 solum.

2036 5635 2118 5681 ea,
2149 5621 2224 5677 in,
2261 5635 2369 5670 eas.
