  <div class='ocr_page' id='page_1' title='image "/cluster/home/n/w/nwhite01/storage/ocr_20150623/41/hvd.32044096580634/133.png"; bbox 0 0 4128 6184; ppageno 0'>
   <div class='ocr_carea' id='block_1_1' title="bbox 395 323 512 384">
    <p class='ocr_par' dir='ltr' id='par_1_1' title="bbox 395 323 512 384">
     <span class='ocr_line' id='line_1_1' title="bbox 395 323 512 384; baseline 0 -1"><span class='ocrx_word' id='word_1_1' title='bbox 395 323 512 384; x_wconf 77' lang='grc'>255</span> 
     </span>
    </p>
   </div>
   <div class='ocr_carea' id='block_1_2' title="bbox 398 448 2042 521">
    <p class='ocr_par' dir='ltr' id='par_1_2' title="bbox 398 448 2042 521">
     <span class='ocr_line' id='line_1_2' title="bbox 398 448 2042 521; baseline -0.007 -7"><span class='ocrx_word' id='word_1_2' title='bbox 398 459 558 514; x_wconf 89' lang='lat' dir='ltr'>bant.</span> <span class='ocrx_word' id='word_1_3' title='bbox 597 461 661 512; x_wconf 90' lang='lat' dir='ltr'>In</span> <span class='ocrx_word' id='word_1_4' title='bbox 695 455 896 511; x_wconf 89' lang='lat' dir='ltr'>multis</span> <span class='ocrx_word' id='word_1_5' title='bbox 939 454 1094 510; x_wconf 89' lang='lat' dir='ltr'>enim</span> <span class='ocrx_word' id='word_1_6' title='bbox 1139 449 1357 506; x_wconf 80' lang='lat' dir='ltr'>talibus</span> <span class='ocrx_word' id='word_1_7' title='bbox 1408 448 1549 503; x_wconf 91' lang='lat' dir='ltr'>locis</span> <span class='ocrx_word' id='word_1_8' title='bbox 1598 449 1948 521; x_wconf 80' lang='lat' dir='ltr'>torquentur</span> <span class='ocrx_word' id='word_1_9' title='bbox 1985 450 2042 502; x_wconf 88' lang='lat' dir='ltr'>et</span> 
     </span>
    </p>
   </div>
   <div class='ocr_carea' id='block_1_3' title="bbox 402 526 2042 606">
    <p class='ocr_par' dir='ltr' id='par_1_3' title="bbox 402 526 2042 606">
     <span class='ocr_line' id='line_1_3' title="bbox 402 526 2042 606; baseline -0.008 -10"><span class='ocrx_word' id='word_1_10' title='bbox 402 538 771 604; x_wconf 85' lang='lat' dir='ltr'>conﬁtentur,</span> <span class='ocrx_word' id='word_1_11' title='bbox 804 539 861 592; x_wconf 88' lang='lat' dir='ltr'>et</span> <span class='ocrx_word' id='word_1_12' title='bbox 904 534 974 592; x_wconf 88' lang='lat' dir='ltr'>de</span> <span class='ocrx_word' id='word_1_13' title='bbox 1015 530 1302 606; x_wconf 77' lang='lat' dir='ltr'>possessis</span> <span class='ocrx_word' id='word_1_14' title='bbox 1347 526 1652 583; x_wconf 85' lang='lat' dir='ltr'>hominum</span> <span class='ocrx_word' id='word_1_15' title='bbox 1703 526 2042 599; x_wconf 78' lang='lat' dir='ltr'>corporibus</span> 
     </span>
    </p>
   </div>
   <div class='ocr_carea' id='block_1_4' title="bbox 401 620 732 690">
    <p class='ocr_par' dir='ltr' id='par_1_4' title="bbox 401 620 732 690">
     <span class='ocr_line' id='line_1_4' title="bbox 401 620 732 690; baseline -0.015 -14"><span class='ocrx_word' id='word_1_16' title='bbox 401 620 732 690; x_wconf 88' lang='lat' dir='ltr'>ejiciuntur.</span> 
     </span>
    </p>
   </div>
   <div class='ocr_carea' id='block_1_5' title="bbox 405 748 2046 823">
    <p class='ocr_par' dir='ltr' id='par_1_5' title="bbox 405 748 2046 823">
     <span class='ocr_line' id='line_1_5' title="bbox 405 748 2046 823; baseline -0.005 -12"><span class='ocrx_word' id='word_1_17' title='bbox 405 753 632 811; x_wconf 88' lang='lat' dir='ltr'><strong>CAPUT</strong></span> <span class='ocrx_word' id='word_1_18' title='bbox 664 753 895 809; x_wconf 85' lang='lat' dir='ltr'>XXVII.</span> <span class='ocrx_word' id='word_1_19' title='bbox 929 781 996 791; x_wconf 58' lang='grc' dir='ltr'>-ιι</span> <span class='ocrx_word' id='word_1_20' title='bbox 1050 751 1122 805; x_wconf 83' lang='lat' dir='ltr'>De</span> <span class='ocrx_word' id='word_1_21' title='bbox 1151 749 1309 805; x_wconf 87' lang='lat' dir='ltr'>modo</span> <span class='ocrx_word' id='word_1_22' title='bbox 1356 749 1600 816; x_wconf 78' lang='lat' dir='ltr'>honoris,</span> <span class='ocrx_word' id='word_1_23' title='bbox 1648 767 1807 823; x_wconf 85' lang='lat' dir='ltr'><em>quem</em></span> <span class='ocrx_word' id='word_1_24' title='bbox 1854 748 2046 806; x_wconf 77' lang='lat' dir='ltr'>Chris-</span> 
     </span>
    </p>
   </div>
   <div class='ocr_carea' id='block_1_6' title="bbox 777 831 1667 904">
    <p class='ocr_par' dir='ltr' id='par_1_6' title="bbox 777 831 1667 904">
     <span class='ocr_line' id='line_1_6' title="bbox 777 831 1667 904; baseline -0.002 -16"><span class='ocrx_word' id='word_1_25' title='bbox 777 831 920 888; x_wconf 86' lang='lat' dir='ltr'>tiani</span> <span class='ocrx_word' id='word_1_26' title='bbox 955 831 1299 904; x_wconf 73' lang='lat' dir='ltr'>martyribus</span> <span class='ocrx_word' id='word_1_27' title='bbox 1329 833 1667 903; x_wconf 82' lang='lat' dir='ltr'>impendunt.</span> 
     </span>
    </p>
   </div>
   <div class='ocr_carea' id='block_1_7' title="bbox 482 965 2043 1040">
    <p class='ocr_par' dir='ltr' id='par_1_7' title="bbox 482 965 2043 1040">
     <span class='ocr_line' id='line_1_7' title="bbox 482 965 2043 1040; baseline -0.004 -14"><span class='ocrx_word' id='word_1_28' title='bbox 482 974 531 1026; x_wconf 90' lang='grc'>1.</span> <span class='ocrx_word' id='word_1_29' title='bbox 572 972 686 1026; x_wconf 90' lang='lat' dir='ltr'>Nec</span> <span class='ocrx_word' id='word_1_30' title='bbox 735 973 926 1024; x_wconf 89' lang='lat' dir='ltr'>tamen</span> <span class='ocrx_word' id='word_1_31' title='bbox 983 986 1088 1025; x_wconf 90' lang='lat' dir='ltr'>nos</span> <span class='ocrx_word' id='word_1_32' title='bbox 1138 969 1355 1024; x_wconf 86' lang='lat' dir='ltr'>eisdem</span> <span class='ocrx_word' id='word_1_33' title='bbox 1403 968 1758 1040; x_wconf 74' lang='lat' dir='ltr'>martyribus</span> <span class='ocrx_word' id='word_1_34' title='bbox 1805 965 2043 1036; x_wconf 85' lang='lat' dir='ltr'>templa,</span> 
     </span>
    </p>
   </div>
   <div class='ocr_carea' id='block_1_8' title="bbox 408 1049 2044 1119">
    <p class='ocr_par' dir='ltr' id='par_1_8' title="bbox 408 1049 2044 1119">
     <span class='ocr_line' id='line_1_8' title="bbox 408 1049 2044 1119; baseline -0.004 -10"><span class='ocrx_word' id='word_1_35' title='bbox 408 1052 746 1119; x_wconf 87' lang='lat' dir='ltr'>sacerdotia,</span> <span class='ocrx_word' id='word_1_36' title='bbox 793 1068 957 1106; x_wconf 89' lang='lat' dir='ltr'>sacra</span> <span class='ocrx_word' id='word_1_37' title='bbox 1009 1057 1062 1106; x_wconf 88' lang='lat' dir='ltr'>et</span> <span class='ocrx_word' id='word_1_38' title='bbox 1092 1051 1378 1106; x_wconf 89' lang='lat' dir='ltr'>sacriﬁcia</span> <span class='ocrx_word' id='word_1_39' title='bbox 1425 1049 1870 1105; x_wconf 77' lang='lat' dir='ltr'>constituimus:</span> <span class='ocrx_word' id='word_1_40' title='bbox 1904 1063 2044 1118; x_wconf 93' lang='lat' dir='ltr'>quo-</span> 
     </span>
    </p>
   </div>
   <div class='ocr_carea' id='block_1_9' title="bbox 408 1131 2044 1203">
    <p class='ocr_par' dir='ltr' id='par_1_9' title="bbox 408 1131 2044 1203">
     <span class='ocr_line' id='line_1_9' title="bbox 408 1131 2044 1203; baseline -0.002 -15"><span class='ocrx_word' id='word_1_41' title='bbox 408 1135 564 1189; x_wconf 87' lang='lat' dir='ltr'><strong>niam</strong></span> <span class='ocrx_word' id='word_1_42' title='bbox 599 1150 712 1187; x_wconf 88' lang='lat' dir='ltr'>non</span> <span class='ocrx_word' id='word_1_43' title='bbox 746 1131 882 1203; x_wconf 88' lang='lat' dir='ltr'>ipsi,</span> <span class='ocrx_word' id='word_1_44' title='bbox 933 1133 1032 1188; x_wconf 85' lang='lat' dir='ltr'>sed</span> <span class='ocrx_word' id='word_1_45' title='bbox 1076 1131 1232 1188; x_wconf 92' lang='lat' dir='ltr'>Deus</span> <span class='ocrx_word' id='word_1_46' title='bbox 1278 1149 1480 1187; x_wconf 90' lang='lat' dir='ltr'>eorum</span> <span class='ocrx_word' id='word_1_47' title='bbox 1534 1132 1702 1186; x_wconf 88' lang='lat' dir='ltr'>nobis</span> <span class='ocrx_word' id='word_1_48' title='bbox 1743 1136 1828 1185; x_wconf 88' lang='lat' dir='ltr'>est</span> <span class='ocrx_word' id='word_1_49' title='bbox 1879 1131 2044 1185; x_wconf 87' lang='lat' dir='ltr'>Deus.</span> 
     </span>
    </p>
   </div>
   <div class='ocr_carea' id='block_1_10' title="bbox 409 1213 2047 1283">
    <p class='ocr_par' dir='ltr' id='par_1_10' title="bbox 409 1213 2047 1283">
     <span class='ocr_line' id='line_1_10' title="bbox 409 1213 2047 1283; baseline -0.003 -14"><span class='ocrx_word' id='word_1_50' title='bbox 409 1213 775 1269; x_wconf 78' lang='lat' dir='ltr'>Honoremus</span> <span class='ocrx_word' id='word_1_51' title='bbox 818 1230 956 1269; x_wconf 88' lang='lat' dir='ltr'>sane</span> <span class='ocrx_word' id='word_1_52' title='bbox 1001 1215 1308 1269; x_wconf 85' lang='lat' dir='ltr'>memorias</span> <span class='ocrx_word' id='word_1_53' title='bbox 1339 1229 1534 1268; x_wconf 91' lang='lat' dir='ltr'>eorum</span> <span class='ocrx_word' id='word_1_54' title='bbox 1567 1218 1845 1283; x_wconf 90' lang='lat' dir='ltr'>tanquam</span> <span class='ocrx_word' id='word_1_55' title='bbox 1880 1227 2047 1266; x_wconf 90' lang='lat' dir='ltr'>sanc-</span> 
     </span>
    </p>
   </div>
   <div class='ocr_carea' id='block_1_11' title="bbox 408 1293 2046 1364">
    <p class='ocr_par' dir='ltr' id='par_1_11' title="bbox 408 1293 2046 1364">
     <span class='ocr_line' id='line_1_11' title="bbox 408 1293 2046 1364; baseline -0.003 -14"><span class='ocrx_word' id='word_1_56' title='bbox 408 1298 603 1350; x_wconf 87' lang='lat' dir='ltr'>torum</span> <span class='ocrx_word' id='word_1_57' title='bbox 636 1293 940 1351; x_wconf 87' lang='lat' dir='ltr'>hominum</span> <span class='ocrx_word' id='word_1_58' title='bbox 978 1295 1095 1361; x_wconf 89' lang='lat' dir='ltr'>Dei,</span> <span class='ocrx_word' id='word_1_59' title='bbox 1120 1294 1217 1364; x_wconf 88' lang='lat' dir='ltr'>qui</span> <span class='ocrx_word' id='word_1_60' title='bbox 1251 1309 1438 1364; x_wconf 89' lang='lat' dir='ltr'>usque</span> <span class='ocrx_word' id='word_1_61' title='bbox 1470 1294 1537 1347; x_wconf 91' lang='lat' dir='ltr'>ad</span> <span class='ocrx_word' id='word_1_62' title='bbox 1575 1297 1819 1348; x_wconf 90' lang='lat' dir='ltr'>mortem</span> <span class='ocrx_word' id='word_1_63' title='bbox 1851 1307 2046 1363; x_wconf 88' lang='lat' dir='ltr'>corpo-</span> 
     </span>
    </p>
   </div>
   <div class='ocr_carea' id='block_1_12' title="bbox 407 1372 2049 1446">
    <p class='ocr_par' dir='ltr' id='par_1_12' title="bbox 407 1372 2049 1446">
     <span class='ocr_line' id='line_1_12' title="bbox 407 1372 2049 1446; baseline -0.002 -16"><span class='ocrx_word' id='word_1_64' title='bbox 407 1390 539 1431; x_wconf 89' lang='lat' dir='ltr'>rum</span> <span class='ocrx_word' id='word_1_65' title='bbox 570 1391 809 1430; x_wconf 87' lang='lat' dir='ltr'>suorum</span> <span class='ocrx_word' id='word_1_66' title='bbox 841 1392 944 1446; x_wconf 92' lang='lat' dir='ltr'>pro</span> <span class='ocrx_word' id='word_1_67' title='bbox 967 1375 1202 1429; x_wconf 77' lang='lat' dir='ltr'>veritate</span> <span class='ocrx_word' id='word_1_68' title='bbox 1231 1377 1546 1439; x_wconf 82' lang='lat' dir='ltr'>certarunt,</span> <span class='ocrx_word' id='word_1_69' title='bbox 1579 1376 1642 1426; x_wconf 89' lang='lat' dir='ltr'>ut</span> <span class='ocrx_word' id='word_1_70' title='bbox 1662 1372 2049 1427; x_wconf 88' lang='lat' dir='ltr'>innotesceret</span> 
     </span>
    </p>
   </div>
   <div class='ocr_carea' id='block_1_13' title="bbox 406 1452 2046 1526">
    <p class='ocr_par' dir='ltr' id='par_1_13' title="bbox 406 1452 2046 1526">
     <span class='ocr_line' id='line_1_13' title="bbox 406 1452 2046 1526; baseline -0.004 -14"><span class='ocrx_word' id='word_1_71' title='bbox 406 1473 539 1512; x_wconf 89' lang='lat' dir='ltr'>vera</span> <span class='ocrx_word' id='word_1_72' title='bbox 570 1455 792 1526; x_wconf 80' lang='lat' dir='ltr'>religio,</span> <span class='ocrx_word' id='word_1_73' title='bbox 827 1455 989 1512; x_wconf 83' lang='lat' dir='ltr'><strong>falsis</strong></span> <span class='ocrx_word' id='word_1_74' title='bbox 1021 1455 1289 1525; x_wconf 90' lang='lat' dir='ltr'>ﬁctisque</span> <span class='ocrx_word' id='word_1_75' title='bbox 1331 1453 1639 1510; x_wconf 82' lang='lat' dir='ltr'>convictis:</span> <span class='ocrx_word' id='word_1_76' title='bbox 1675 1455 1830 1525; x_wconf 92' lang='lat' dir='ltr'>quod</span> <span class='ocrx_word' id='word_1_77' title='bbox 1871 1452 2046 1507; x_wconf 89' lang='lat' dir='ltr'>etiam</span> 
     </span>
    </p>
   </div>
   <div class='ocr_carea' id='block_1_14' title="bbox 409 1535 2047 1608">
    <p class='ocr_par' dir='ltr' id='par_1_14' title="bbox 409 1535 2047 1608">
     <span class='ocr_line' id='line_1_14' title="bbox 409 1535 2047 1608; baseline -0.002 -14"><span class='ocrx_word' id='word_1_78' title='bbox 409 1537 459 1594; x_wconf 89' lang='lat' dir='ltr'><strong>si</strong></span> <span class='ocrx_word' id='word_1_79' title='bbox 508 1537 607 1608; x_wconf 90' lang='lat' dir='ltr'>qui</span> <span class='ocrx_word' id='word_1_80' title='bbox 667 1545 835 1592; x_wconf 90' lang='lat' dir='ltr'>antea</span> <span class='ocrx_word' id='word_1_81' title='bbox 893 1536 1248 1601; x_wconf 90' lang='lat' dir='ltr'>sentiebant,</span> <span class='ocrx_word' id='word_1_82' title='bbox 1312 1536 1572 1591; x_wconf 90' lang='lat' dir='ltr'>timendo</span> <span class='ocrx_word' id='word_1_83' title='bbox 1631 1535 2047 1605; x_wconf 87' lang='lat' dir='ltr'>reprimebant.</span> 
     </span>
    </p>
   </div>
   <div class='ocr_carea' id='block_1_15' title="bbox 409 1615 2047 1687">
    <p class='ocr_par' dir='ltr' id='par_1_15' title="bbox 409 1615 2047 1687">
     <span class='ocr_line' id='line_1_15' title="bbox 409 1615 2047 1687; baseline -0.002 -14"><span class='ocrx_word' id='word_1_84' title='bbox 409 1619 549 1685; x_wconf 89' lang='lat' dir='ltr'><strong>Quis</strong></span> <span class='ocrx_word' id='word_1_85' title='bbox 600 1621 795 1673; x_wconf 85' lang='lat' dir='ltr'>autem</span> <span class='ocrx_word' id='word_1_86' title='bbox 855 1617 1075 1673; x_wconf 84' lang='lat' dir='ltr'>audivit</span> <span class='ocrx_word' id='word_1_87' title='bbox 1121 1616 1436 1687; x_wconf 89' lang='lat' dir='ltr'>aliquando</span> <span class='ocrx_word' id='word_1_88' title='bbox 1490 1615 1747 1671; x_wconf 90' lang='lat' dir='ltr'>ﬁdelium</span> <span class='ocrx_word' id='word_1_89' title='bbox 1803 1620 2047 1670; x_wconf 87' lang='lat' dir='ltr'>stantem</span> 
     </span>
    </p>
   </div>
   <div class='ocr_carea' id='block_1_16' title="bbox 411 1698 2050 1769">
    <p class='ocr_par' dir='ltr' id='par_1_16' title="bbox 411 1698 2050 1769">
     <span class='ocr_line' id='line_1_16' title="bbox 411 1698 2050 1769; baseline -0.002 -14"><span class='ocrx_word' id='word_1_90' title='bbox 411 1699 769 1755; x_wconf 88' lang='lat' dir='ltr'>sacerdotem</span> <span class='ocrx_word' id='word_1_91' title='bbox 805 1699 876 1754; x_wconf 91' lang='lat' dir='ltr'>ad</span> <span class='ocrx_word' id='word_1_92' title='bbox 909 1698 1087 1755; x_wconf 89' lang='lat' dir='ltr'>altare</span> <span class='ocrx_word' id='word_1_93' title='bbox 1117 1699 1293 1754; x_wconf 87' lang='lat' dir='ltr'>etiam</span> <span class='ocrx_word' id='word_1_94' title='bbox 1327 1713 1501 1767; x_wconf 86' lang='lat' dir='ltr'>super</span> <span class='ocrx_word' id='word_1_95' title='bbox 1532 1701 1803 1752; x_wconf 90' lang='lat' dir='ltr'>sanctum</span> <span class='ocrx_word' id='word_1_96' title='bbox 1837 1712 2050 1769; x_wconf 90' lang='lat' dir='ltr'>corpus</span> 
     </span>
    </p>
   </div>
   <div class='ocr_carea' id='block_1_17' title="bbox 411 1778 2048 1852">
    <p class='ocr_par' dir='ltr' id='par_1_17' title="bbox 411 1778 2048 1852">
     <span class='ocr_line' id='line_1_17' title="bbox 411 1778 2048 1852; baseline -0.002 -16"><span class='ocrx_word' id='word_1_97' title='bbox 411 1780 679 1852; x_wconf 83' lang='lat' dir='ltr'>martyris</span> <span class='ocrx_word' id='word_1_98' title='bbox 711 1781 781 1835; x_wconf 90' lang='lat' dir='ltr'>ad</span> <span class='ocrx_word' id='word_1_99' title='bbox 812 1781 910 1835; x_wconf 92' lang='lat' dir='ltr'>Dei</span> <span class='ocrx_word' id='word_1_100' title='bbox 944 1780 1223 1836; x_wconf 84' lang='lat' dir='ltr'>honorem</span> <span class='ocrx_word' id='word_1_101' title='bbox 1257 1778 1593 1846; x_wconf 85' lang='lat' dir='ltr'>cultumque</span> <span class='ocrx_word' id='word_1_102' title='bbox 1625 1782 2048 1845; x_wconf 89' lang='lat' dir='ltr'>constructum,</span> 
     </span>
    </p>
   </div>
   <div class='ocr_carea' id='block_1_18' title="bbox 411 1857 2047 1930">
    <p class='ocr_par' dir='ltr' id='par_1_18' title="bbox 411 1857 2047 1930">
     <span class='ocr_line' id='line_1_18' title="bbox 411 1857 2047 1930; baseline -0.002 -16"><span class='ocrx_word' id='word_1_103' title='bbox 411 1860 601 1915; x_wconf 89' lang='lat' dir='ltr'>dicere</span> <span class='ocrx_word' id='word_1_104' title='bbox 633 1861 687 1914; x_wconf 93' lang='lat' dir='ltr'>in</span> <span class='ocrx_word' id='word_1_105' title='bbox 725 1860 1011 1930; x_wconf 89' lang='lat' dir='ltr'>precibus,</span> <span class='ocrx_word' id='word_1_106' title='bbox 1062 1858 1248 1914; x_wconf 84' lang='lat' dir='ltr'>Oﬁ&#39;ero</span> <span class='ocrx_word' id='word_1_107' title='bbox 1299 1857 1400 1913; x_wconf 82' lang='lat' dir='ltr'>tibi</span> <span class='ocrx_word' id='word_1_108' title='bbox 1449 1857 1820 1924; x_wconf 90' lang='lat' dir='ltr'>sacriﬁcium,</span> <span class='ocrx_word' id='word_1_109' title='bbox 1864 1857 2047 1923; x_wconf 88' lang='lat' dir='ltr'>Petre,</span> 
     </span>
    </p>
   </div>
   <div class='ocr_carea' id='block_1_19' title="bbox 409 1939 2052 2011">
    <p class='ocr_par' dir='ltr' id='par_1_19' title="bbox 409 1939 2052 2011">
     <span class='ocr_line' id='line_1_19' title="bbox 409 1939 2052 2011; baseline -0.003 -16"><span class='ocrx_word' id='word_1_110' title='bbox 409 1941 498 1995; x_wconf 91' lang='lat' dir='ltr'>vel</span> <span class='ocrx_word' id='word_1_111' title='bbox 526 1939 723 2008; x_wconf 87' lang='lat' dir='ltr'>Paule,</span> <span class='ocrx_word' id='word_1_112' title='bbox 757 1940 842 1995; x_wconf 88' lang='lat' dir='ltr'>vel</span> <span class='ocrx_word' id='word_1_113' title='bbox 873 1940 1183 2011; x_wconf 84' lang='lat' dir='ltr'>Cypriane;</span> <span class='ocrx_word' id='word_1_114' title='bbox 1218 1955 1351 1993; x_wconf 91' lang='lat' dir='ltr'>cum</span> <span class='ocrx_word' id='word_1_115' title='bbox 1401 1939 1555 2010; x_wconf 87' lang='lat' dir='ltr'>apud</span> <span class='ocrx_word' id='word_1_116' title='bbox 1590 1953 1788 1993; x_wconf 89' lang='lat' dir='ltr'>eorum</span> <span class='ocrx_word' id='word_1_117' title='bbox 1824 1953 2052 1991; x_wconf 84' lang='lat' dir='ltr'>memo-</span> 
     </span>
    </p>
   </div>
   <div class='ocr_carea' id='block_1_20' title="bbox 411 2019 2050 2092">
    <p class='ocr_par' dir='ltr' id='par_1_20' title="bbox 411 2019 2050 2092">
     <span class='ocr_line' id='line_1_20' title="bbox 411 2019 2050 2092; baseline -0.001 -17"><span class='ocrx_word' id='word_1_118' title='bbox 411 2021 528 2076; x_wconf 91' lang='lat' dir='ltr'>rias</span> <span class='ocrx_word' id='word_1_119' title='bbox 558 2021 834 2076; x_wconf 70' lang='lat' dir='ltr'>offeratur</span> <span class='ocrx_word' id='word_1_120' title='bbox 863 2021 997 2087; x_wconf 90' lang='lat' dir='ltr'>Deo,</span> <span class='ocrx_word' id='word_1_121' title='bbox 1031 2021 1131 2092; x_wconf 92' lang='lat' dir='ltr'>qui</span> <span class='ocrx_word' id='word_1_122' title='bbox 1162 2037 1258 2076; x_wconf 89' lang='lat' dir='ltr'>eos</span> <span class='ocrx_word' id='word_1_123' title='bbox 1289 2023 1344 2074; x_wconf 88' lang='lat' dir='ltr'>et</span> <span class='ocrx_word' id='word_1_124' title='bbox 1373 2019 1641 2074; x_wconf 88' lang='lat' dir='ltr'>homines</span> <span class='ocrx_word' id='word_1_125' title='bbox 1673 2025 1731 2072; x_wconf 91' lang='lat' dir='ltr'>et</span> <span class='ocrx_word' id='word_1_126' title='bbox 1762 2025 2050 2089; x_wconf 81' lang='lat' dir='ltr'>martyres</span> 
     </span>
    </p>
   </div>
   <div class='ocr_carea' id='block_1_21' title="bbox 415 2097 2050 2172">
    <p class='ocr_par' dir='ltr' id='par_1_21' title="bbox 415 2097 2050 2172">
     <span class='ocr_line' id='line_1_21' title="bbox 415 2097 2050 2172; baseline -0.002 -16"><span class='ocrx_word' id='word_1_127' title='bbox 415 2102 581 2170; x_wconf 82' lang='lat' dir='ltr'>fecit;</span> <span class='ocrx_word' id='word_1_128' title='bbox 615 2108 672 2157; x_wconf 91' lang='lat' dir='ltr'>et</span> <span class='ocrx_word' id='word_1_129' title='bbox 711 2104 929 2158; x_wconf 87' lang='lat' dir='ltr'>sanctis</span> <span class='ocrx_word' id='word_1_130' title='bbox 980 2104 1102 2156; x_wconf 88' lang='lat' dir='ltr'><strong>suis</strong></span> <span class='ocrx_word' id='word_1_131' title='bbox 1152 2099 1384 2172; x_wconf 86' lang='lat' dir='ltr'>Angelis</span> <span class='ocrx_word' id='word_1_132' title='bbox 1433 2097 1651 2154; x_wconf 83' lang='lat' dir='ltr'>cmlesti</span> <span class='ocrx_word' id='word_1_133' title='bbox 1694 2098 1908 2154; x_wconf 88' lang='lat' dir='ltr'>honore</span> <span class='ocrx_word' id='word_1_134' title='bbox 1956 2114 2050 2153; x_wconf 88' lang='lat' dir='ltr'>so-</span> 
     </span>
    </p>
   </div>
   <div class='ocr_carea' id='block_1_22' title="bbox 411 2179 2050 2249">
    <p class='ocr_par' dir='ltr' id='par_1_22' title="bbox 411 2179 2050 2249">
     <span class='ocr_line' id='line_1_22' title="bbox 411 2179 2050 2249; baseline -0.003 -10"><span class='ocrx_word' id='word_1_135' title='bbox 411 2182 618 2249; x_wconf 83' lang='lat' dir='ltr'>ciavit;</span> <span class='ocrx_word' id='word_1_136' title='bbox 665 2189 728 2237; x_wconf 86' lang='lat' dir='ltr'>ut</span> <span class='ocrx_word' id='word_1_137' title='bbox 777 2199 844 2237; x_wconf 90' lang='lat' dir='ltr'>ea</span> <span class='ocrx_word' id='word_1_138' title='bbox 893 2181 1227 2237; x_wconf 84' lang='lat' dir='ltr'>celebritate</span> <span class='ocrx_word' id='word_1_139' title='bbox 1275 2185 1332 2236; x_wconf 91' lang='lat' dir='ltr'>et</span> <span class='ocrx_word' id='word_1_140' title='bbox 1377 2185 1489 2236; x_wconf 90' lang='lat' dir='ltr'>Deo</span> <span class='ocrx_word' id='word_1_141' title='bbox 1537 2195 1670 2235; x_wconf 89' lang='lat' dir='ltr'>vero</span> <span class='ocrx_word' id='word_1_142' title='bbox 1701 2179 1771 2235; x_wconf 90' lang='lat' dir='ltr'>de</span> <span class='ocrx_word' id='word_1_143' title='bbox 1816 2179 2050 2234; x_wconf 91' lang='lat' dir='ltr'>illorum</span> 
     </span>
    </p>
   </div>
   <div class='ocr_carea' id='block_1_23' title="bbox 412 2259 2052 2334">
    <p class='ocr_par' dir='ltr' id='par_1_23' title="bbox 412 2259 2052 2334">
     <span class='ocr_line' id='line_1_23' title="bbox 412 2259 2052 2334; baseline -0.002 -16"><span class='ocrx_word' id='word_1_144' title='bbox 412 2262 666 2319; x_wconf 87' lang='lat' dir='ltr'>victoriis</span> <span class='ocrx_word' id='word_1_145' title='bbox 713 2263 930 2334; x_wconf 83' lang='lat' dir='ltr'>gratias</span> <span class='ocrx_word' id='word_1_146' title='bbox 977 2278 1240 2334; x_wconf 88' lang='lat' dir='ltr'>agamus,</span> <span class='ocrx_word' id='word_1_147' title='bbox 1289 2265 1346 2316; x_wconf 89' lang='lat' dir='ltr'>et</span> <span class='ocrx_word' id='word_1_148' title='bbox 1401 2276 1504 2317; x_wconf 90' lang='lat' dir='ltr'>nos</span> <span class='ocrx_word' id='word_1_149' title='bbox 1552 2262 1617 2315; x_wconf 89' lang='lat' dir='ltr'>ad</span> <span class='ocrx_word' id='word_1_150' title='bbox 1669 2259 2052 2315; x_wconf 83' lang='lat' dir='ltr'>imitationem</span> 
     </span>
    </p>
   </div>
   <div class='ocr_carea' id='block_1_24' title="bbox 412 2340 2052 2415">
    <p class='ocr_par' dir='ltr' id='par_1_24' title="bbox 412 2340 2052 2415">
     <span class='ocr_line' id='line_1_24' title="bbox 412 2340 2052 2415; baseline -0.004 -16"><span class='ocrx_word' id='word_1_151' title='bbox 412 2343 619 2400; x_wconf 85' lang='lat' dir='ltr'>talium</span> <span class='ocrx_word' id='word_1_152' title='bbox 651 2360 996 2399; x_wconf 90' lang='lat' dir='ltr'>coronarum</span> <span class='ocrx_word' id='word_1_153' title='bbox 1043 2349 1214 2414; x_wconf 87' lang='lat' dir='ltr'>atque</span> <span class='ocrx_word' id='word_1_154' title='bbox 1267 2342 1597 2415; x_wconf 90' lang='lat' dir='ltr'>palmarum</span> <span class='ocrx_word' id='word_1_155' title='bbox 1649 2342 1849 2396; x_wconf 87' lang='lat' dir='ltr'>eodem</span> <span class='ocrx_word' id='word_1_156' title='bbox 1892 2340 2052 2394; x_wconf 56' lang='lat' dir='ltr'>invo.</span> 
     </span>
    </p>
   </div>
   <div class='ocr_carea' id='block_1_25' title="bbox 411 2421 2054 2480">
    <p class='ocr_par' dir='ltr' id='par_1_25' title="bbox 411 2421 2054 2480">
     <span class='ocr_line' id='line_1_25' title="bbox 411 2421 2054 2480; baseline -0.003 0"><span class='ocrx_word' id='word_1_157' title='bbox 411 2429 538 2480; x_wconf 91' lang='lat' dir='ltr'>cato</span> <span class='ocrx_word' id='word_1_158' title='bbox 570 2425 630 2480; x_wconf 93' lang='lat' dir='ltr'>in</span> <span class='ocrx_word' id='word_1_159' title='bbox 657 2423 938 2479; x_wconf 88' lang='lat' dir='ltr'>auxilium</span> <span class='ocrx_word' id='word_1_160' title='bbox 973 2440 1040 2478; x_wconf 83' lang='lat' dir='ltr'>ex</span> <span class='ocrx_word' id='word_1_161' title='bbox 1071 2423 1307 2478; x_wconf 90' lang='lat' dir='ltr'>illorum</span> <span class='ocrx_word' id='word_1_162' title='bbox 1342 2422 1637 2477; x_wconf 71' lang='lat' dir='ltr'>memorias</span> <span class='ocrx_word' id='word_1_163' title='bbox 1682 2421 2054 2477; x_wconf 84' lang='lat' dir='ltr'>renovatione</span> 
     </span>
    </p>
   </div>
   <div class='ocr_carea' id='block_1_26' title="bbox 409 2501 2053 2576">
    <p class='ocr_par' dir='ltr' id='par_1_26' title="bbox 409 2501 2053 2576">
     <span class='ocr_line' id='line_1_26' title="bbox 409 2501 2053 2576; baseline -0.002 -16"><span class='ocrx_word' id='word_1_164' title='bbox 409 2504 832 2561; x_wconf 80' lang='lat' dir='ltr'>adhortemur?</span> <span class='ocrx_word' id='word_1_165' title='bbox 859 2505 1253 2576; x_wconf 62' lang='lat' dir='ltr'>Quaecumque</span> <span class='ocrx_word' id='word_1_166' title='bbox 1294 2503 1470 2575; x_wconf 86' lang='lat' dir='ltr'>igitur</span> <span class='ocrx_word' id='word_1_167' title='bbox 1517 2502 1872 2559; x_wconf 89' lang='lat' dir='ltr'>adhibentur</span> <span class='ocrx_word' id='word_1_168' title='bbox 1919 2501 2053 2558; x_wconf 82' lang='lat' dir='ltr'>reli-</span> 
     </span>
    </p>
   </div>
   <div class='ocr_carea' id='block_1_27' title="bbox 411 2582 2056 2657">
    <p class='ocr_par' dir='ltr' id='par_1_27' title="bbox 411 2582 2056 2657">
     <span class='ocr_line' id='line_1_27' title="bbox 411 2582 2056 2657; baseline -0.002 -16"><span class='ocrx_word' id='word_1_169' title='bbox 411 2586 709 2657; x_wconf 89' lang='lat' dir='ltr'>giosorum</span> <span class='ocrx_word' id='word_1_170' title='bbox 743 2584 1026 2656; x_wconf 88' lang='lat' dir='ltr'>obsequia</span> <span class='ocrx_word' id='word_1_171' title='bbox 1064 2587 1122 2642; x_wconf 93' lang='lat' dir='ltr'>in</span> <span class='ocrx_word' id='word_1_172' title='bbox 1157 2591 1472 2655; x_wconf 82' lang='lat' dir='ltr'>martyrum</span> <span class='ocrx_word' id='word_1_173' title='bbox 1514 2582 1679 2649; x_wconf 92' lang='lat' dir='ltr'>locis,</span> <span class='ocrx_word' id='word_1_174' title='bbox 1715 2587 2056 2638; x_wconf 86' lang='lat' dir='ltr'>ornamenta</span> 
     </span>
    </p>
   </div>
   <div class='ocr_carea' id='block_1_28' title="bbox 410 2663 2052 2734">
    <p class='ocr_par' dir='ltr' id='par_1_28' title="bbox 410 2663 2052 2734">
     <span class='ocr_line' id='line_1_28' title="bbox 410 2663 2052 2734; baseline -0.002 -13"><span class='ocrx_word' id='word_1_175' title='bbox 410 2675 546 2722; x_wconf 88' lang='lat' dir='ltr'>sunt</span> <span class='ocrx_word' id='word_1_176' title='bbox 579 2665 1016 2734; x_wconf 86' lang='lat' dir='ltr'>memoriarum,</span> <span class='ocrx_word' id='word_1_177' title='bbox 1049 2682 1164 2720; x_wconf 92' lang='lat' dir='ltr'>non</span> <span class='ocrx_word' id='word_1_178' title='bbox 1216 2681 1383 2721; x_wconf 88' lang='lat' dir='ltr'>sacra</span> <span class='ocrx_word' id='word_1_179' title='bbox 1425 2663 1510 2720; x_wconf 80' lang='lat' dir='ltr'>vel</span> <span class='ocrx_word' id='word_1_180' title='bbox 1565 2663 1850 2719; x_wconf 89' lang='lat' dir='ltr'>sacriﬁcia</span> <span class='ocrx_word' id='word_1_181' title='bbox 1898 2679 2052 2718; x_wconf 88' lang='lat' dir='ltr'>mor-</span> 
     </span>
    </p>
   </div>
   <div class='ocr_carea' id='block_1_29' title="bbox 409 2744 2054 2817">
    <p class='ocr_par' dir='ltr' id='par_1_29' title="bbox 409 2744 2054 2817">
     <span class='ocr_line' id='line_1_29' title="bbox 409 2744 2054 2817; baseline -0.002 -17"><span class='ocrx_word' id='word_1_182' title='bbox 409 2750 647 2801; x_wconf 87' lang='lat' dir='ltr'>tuorum</span> <span class='ocrx_word' id='word_1_183' title='bbox 695 2751 975 2817; x_wconf 84' lang='lat' dir='ltr'>tauquam</span> <span class='ocrx_word' id='word_1_184' title='bbox 1027 2744 1266 2801; x_wconf 91' lang='lat' dir='ltr'>deorum</span> <span class='ocrx_word' id='word_1_185' title='bbox 1314 2745 1411 2815; x_wconf 92' lang='lat' dir='ltr'>(a).</span> <span class='ocrx_word' id='word_1_186' title='bbox 1464 2744 1828 2812; x_wconf 88' lang='lat' dir='ltr'>Quicumque</span> <span class='ocrx_word' id='word_1_187' title='bbox 1876 2746 2054 2797; x_wconf 89' lang='lat' dir='ltr'>etiam</span> 
     </span>
    </p>
   </div>
   <div class='ocr_carea' id='block_1_30' title="bbox 410 2822 2054 2897">
    <p class='ocr_par' dir='ltr' id='par_1_30' title="bbox 410 2822 2054 2897">
     <span class='ocr_line' id='line_1_30' title="bbox 410 2822 2054 2897; baseline -0.004 -15"><span class='ocrx_word' id='word_1_188' title='bbox 410 2826 612 2897; x_wconf 86' lang='lat' dir='ltr'>epulas</span> <span class='ocrx_word' id='word_1_189' title='bbox 639 2843 776 2882; x_wconf 88' lang='lat' dir='ltr'>suas</span> <span class='ocrx_word' id='word_1_190' title='bbox 805 2842 870 2881; x_wconf 91' lang='lat' dir='ltr'>eo</span> <span class='ocrx_word' id='word_1_191' title='bbox 893 2826 1183 2889; x_wconf 83' lang='lat' dir='ltr'>deferunt.</span> <span class='ocrx_word' id='word_1_192' title='bbox 1217 2827 1370 2897; x_wconf 90' lang='lat' dir='ltr'>quod</span> <span class='ocrx_word' id='word_1_193' title='bbox 1396 2825 1632 2894; x_wconf 89' lang='lat' dir='ltr'>quidem</span> <span class='ocrx_word' id='word_1_194' title='bbox 1667 2841 1698 2877; x_wconf 93' lang='lat' dir='ltr'><strong>a</strong></span> <span class='ocrx_word' id='word_1_195' title='bbox 1717 2822 2054 2878; x_wconf 89' lang='lat' dir='ltr'>christianis</span> 
     </span>
    </p>
   </div>
   <div class='ocr_carea' id='block_1_31' title="bbox 409 2902 2058 2976">
    <p class='ocr_par' dir='ltr' id='par_1_31' title="bbox 409 2902 2058 2976">
     <span class='ocr_line' id='line_1_31' title="bbox 409 2902 2058 2976; baseline -0.004 -12"><span class='ocrx_word' id='word_1_196' title='bbox 409 2906 751 2964; x_wconf 90' lang='lat' dir='ltr'>melioribus</span> <span class='ocrx_word' id='word_1_197' title='bbox 783 2923 897 2962; x_wconf 88' lang='lat' dir='ltr'>non</span> <span class='ocrx_word' id='word_1_198' title='bbox 949 2906 1034 2972; x_wconf 87' lang='lat' dir='ltr'>ﬁt,</span> <span class='ocrx_word' id='word_1_199' title='bbox 1069 2910 1125 2960; x_wconf 92' lang='lat' dir='ltr'>et</span> <span class='ocrx_word' id='word_1_200' title='bbox 1156 2905 1212 2959; x_wconf 92' lang='lat' dir='ltr'>in</span> <span class='ocrx_word' id='word_1_201' title='bbox 1249 2905 1542 2976; x_wconf 84' lang='lat' dir='ltr'>plerisque</span> <span class='ocrx_word' id='word_1_202' title='bbox 1580 2913 1862 2958; x_wconf 78' lang='lat' dir='ltr'>terrarum</span> <span class='ocrx_word' id='word_1_203' title='bbox 1897 2902 2058 2957; x_wconf 90' lang='lat' dir='ltr'>nulla</span> 
     </span>
    </p>
   </div>
   <div class='ocr_carea' id='block_1_32' title="bbox 410 2984 2052 3056">
    <p class='ocr_par' dir='ltr' id='par_1_32' title="bbox 410 2984 2052 3056">
     <span class='ocr_line' id='line_1_32' title="bbox 410 2984 2052 3056; baseline -0.003 -13"><span class='ocrx_word' id='word_1_204' title='bbox 410 2987 547 3044; x_wconf 87' lang='lat' dir='ltr'>talis</span> <span class='ocrx_word' id='word_1_205' title='bbox 577 2991 664 3042; x_wconf 89' lang='lat' dir='ltr'>est</span> <span class='ocrx_word' id='word_1_206' title='bbox 693 2987 1085 3054; x_wconf 87' lang='lat' dir='ltr'>consuetudo;</span> <span class='ocrx_word' id='word_1_207' title='bbox 1111 2990 1306 3040; x_wconf 90' lang='lat' dir='ltr'>tamen</span> <span class='ocrx_word' id='word_1_208' title='bbox 1331 2989 1690 3056; x_wconf 89' lang='lat' dir='ltr'>quicumque</span> <span class='ocrx_word' id='word_1_209' title='bbox 1722 2984 1776 3038; x_wconf 91' lang='lat' dir='ltr'>id</span> <span class='ocrx_word' id='word_1_210' title='bbox 1812 2985 2052 3052; x_wconf 80' lang='lat' dir='ltr'>faciunt,</span> 
     </span>
    </p>
   </div>
   <div class='ocr_carea' id='block_1_33' title="bbox 412 3067 2057 3141">
    <p class='ocr_par' dir='ltr' id='par_1_33' title="bbox 412 3067 2057 3141">
     <span class='ocr_line' id='line_1_33' title="bbox 412 3067 2057 3141; baseline -0.004 -17"><span class='ocrx_word' id='word_1_211' title='bbox 412 3085 560 3141; x_wconf 88' lang='lat' dir='ltr'>quas</span> <span class='ocrx_word' id='word_1_212' title='bbox 590 3084 726 3124; x_wconf 89' lang='lat' dir='ltr'>cum</span> <span class='ocrx_word' id='word_1_213' title='bbox 761 3067 1159 3139; x_wconf 89' lang='lat' dir='ltr'>apposuerint,</span> <span class='ocrx_word' id='word_1_214' title='bbox 1193 3073 1381 3130; x_wconf 88' lang='lat' dir='ltr'>orant,</span> <span class='ocrx_word' id='word_1_215' title='bbox 1413 3072 1470 3120; x_wconf 90' lang='lat' dir='ltr'>et</span> <span class='ocrx_word' id='word_1_216' title='bbox 1509 3069 1804 3128; x_wconf 78' lang='lat' dir='ltr'>aut‘erunt,</span> <span class='ocrx_word' id='word_1_217' title='bbox 1836 3070 1898 3120; x_wconf 89' lang='lat' dir='ltr'>ut</span> <span class='ocrx_word' id='word_1_218' title='bbox 1928 3080 2057 3119; x_wconf 87' lang='lat' dir='ltr'>ves-</span> 
     </span>
    </p>
   </div>
   <div class='ocr_carea' id='block_1_34' title="bbox 412 3145 2056 3218">
    <p class='ocr_par' dir='ltr' id='par_1_34' title="bbox 412 3145 2056 3218">
     <span class='ocr_line' id='line_1_34' title="bbox 412 3145 2056 3218; baseline -0.005 -11"><span class='ocrx_word' id='word_1_219' title='bbox 412 3154 638 3217; x_wconf 85' lang='lat' dir='ltr'>cantur,</span> <span class='ocrx_word' id='word_1_220' title='bbox 671 3149 757 3205; x_wconf 90' lang='lat' dir='ltr'>vel</span> <span class='ocrx_word' id='word_1_221' title='bbox 805 3166 873 3203; x_wconf 87' lang='lat' dir='ltr'>ex</span> <span class='ocrx_word' id='word_1_222' title='bbox 915 3148 998 3203; x_wconf 91' lang='lat' dir='ltr'>eis</span> <span class='ocrx_word' id='word_1_223' title='bbox 1047 3147 1222 3204; x_wconf 86' lang='lat' dir='ltr'>etiam</span> <span class='ocrx_word' id='word_1_224' title='bbox 1270 3146 1672 3218; x_wconf 83' lang='lat' dir='ltr'>indigentibus</span> <span class='ocrx_word' id='word_1_225' title='bbox 1713 3145 2056 3217; x_wconf 80' lang='lat' dir='ltr'>largiantur,</span> 
     </span>
    </p>
   </div>
   <div class='ocr_carea' id='block_1_35' title="bbox 412 3227 2056 3297">
    <p class='ocr_par' dir='ltr' id='par_1_35' title="bbox 412 3227 2056 3297">
     <span class='ocr_line' id='line_1_35' title="bbox 412 3227 2056 3297; baseline -0.005 -9"><span class='ocrx_word' id='word_1_226' title='bbox 412 3231 765 3288; x_wconf 89' lang='lat' dir='ltr'>sanctiticari</span> <span class='ocrx_word' id='word_1_227' title='bbox 795 3229 908 3285; x_wconf 91' lang='lat' dir='ltr'>sibi</span> <span class='ocrx_word' id='word_1_228' title='bbox 934 3228 951 3262; x_wconf 83' lang='grc'>¹</span> <span class='ocrx_word' id='word_1_229' title='bbox 986 3245 1082 3284; x_wconf 88' lang='lat' dir='ltr'>eas</span> <span class='ocrx_word' id='word_1_230' title='bbox 1113 3227 1315 3283; x_wconf 90' lang='lat' dir='ltr'>volunt</span> <span class='ocrx_word' id='word_1_231' title='bbox 1348 3243 1451 3297; x_wconf 91' lang='lat' dir='ltr'>per</span> <span class='ocrx_word' id='word_1_232' title='bbox 1482 3227 1685 3282; x_wconf 87' lang='lat' dir='ltr'>merita</span> <span class='ocrx_word' id='word_1_233' title='bbox 1735 3235 2056 3297; x_wconf 84' lang='lat' dir='ltr'>martyrum</span> 
     </span>
    </p>
   </div>
   <div class='ocr_carea' id='block_1_36' title="bbox 411 3307 2058 3379">
    <p class='ocr_par' dir='ltr' id='par_1_36' title="bbox 411 3307 2058 3379">
     <span class='ocr_line' id='line_1_36' title="bbox 411 3307 2058 3379; baseline -0.005 -11"><span class='ocrx_word' id='word_1_234' title='bbox 411 3313 472 3368; x_wconf 90' lang='lat' dir='ltr'>in</span> <span class='ocrx_word' id='word_1_235' title='bbox 499 3313 729 3366; x_wconf 91' lang='lat' dir='ltr'>nomine</span> <span class='ocrx_word' id='word_1_236' title='bbox 761 3309 992 3365; x_wconf 90' lang='lat' dir='ltr'>Domini</span> <span class='ocrx_word' id='word_1_237' title='bbox 1039 3316 1353 3378; x_wconf 81' lang='lat' dir='ltr'>martyrum</span> <span class='ocrx_word' id='word_1_238' title='bbox 1406 3307 1505 3379; x_wconf 72' lang='grc' dir='ltr'>(ὁ).</span> <span class='ocrx_word' id='word_1_239' title='bbox 1540 3307 1663 3362; x_wconf 91' lang='lat' dir='ltr'>Non</span> <span class='ocrx_word' id='word_1_240' title='bbox 1709 3318 1900 3362; x_wconf 88' lang='lat' dir='ltr'>autem</span> <span class='ocrx_word' id='word_1_241' title='bbox 1934 3321 2058 3361; x_wconf 89' lang='lat' dir='ltr'>esse</span> 
     </span>
    </p>
   </div>
   <div class='ocr_carea' id='block_1_37' title="bbox 411 3387 2055 3461">
    <p class='ocr_par' dir='ltr' id='par_1_37' title="bbox 411 3387 2055 3461">
     <span class='ocr_line' id='line_1_37' title="bbox 411 3387 2055 3461; baseline -0.004 -14"><span class='ocrx_word' id='word_1_242' title='bbox 411 3393 523 3447; x_wconf 86' lang='lat' dir='ltr'>ista</span> <span class='ocrx_word' id='word_1_243' title='bbox 569 3391 856 3447; x_wconf 89' lang='lat' dir='ltr'>sacriﬁcia</span> <span class='ocrx_word' id='word_1_244' title='bbox 907 3394 1230 3461; x_wconf 81' lang='lat' dir='ltr'>martyrum</span> <span class='ocrx_word' id='word_1_245' title='bbox 1287 3390 1445 3443; x_wconf 91' lang='lat' dir='ltr'>novit</span> <span class='ocrx_word' id='word_1_246' title='bbox 1492 3387 1593 3460; x_wconf 91' lang='lat' dir='ltr'>qui</span> <span class='ocrx_word' id='word_1_247' title='bbox 1641 3387 1798 3442; x_wconf 89' lang='lat' dir='ltr'>novit</span> <span class='ocrx_word' id='word_1_248' title='bbox 1849 3402 2055 3452; x_wconf 86' lang='lat' dir='ltr'>unum,</span> 
     </span>
    </p>
   </div>
   <div class='ocr_carea' id='block_1_38' title="bbox 413 3467 2060 3544">
    <p class='ocr_par' dir='ltr' id='par_1_38' title="bbox 413 3467 2060 3544">
     <span class='ocr_line' id='line_1_38' title="bbox 413 3467 2060 3544; baseline -0.004 -16"><span class='ocrx_word' id='word_1_249' title='bbox 413 3473 563 3544; x_wconf 90' lang='lat' dir='ltr'>quod</span> <span class='ocrx_word' id='word_1_250' title='bbox 615 3471 791 3528; x_wconf 90' lang='lat' dir='ltr'>etiam</span> <span class='ocrx_word' id='word_1_251' title='bbox 837 3469 859 3503; x_wconf 77' lang='grc'><strong>²</strong></span> <span class='ocrx_word' id='word_1_252' title='bbox 902 3469 1021 3525; x_wconf 92' lang='lat' dir='ltr'>illic</span> <span class='ocrx_word' id='word_1_253' title='bbox 1070 3469 1327 3534; x_wconf 71' lang='lat' dir='ltr'>offertur,</span> <span class='ocrx_word' id='word_1_254' title='bbox 1377 3468 1742 3525; x_wconf 90' lang='lat' dir='ltr'>Sacriﬁcium</span> <span class='ocrx_word' id='word_1_255' title='bbox 1787 3467 2060 3525; x_wconf 88' lang='lat' dir='ltr'>Christia-</span> 
     </span>
    </p>
   </div>
   <div class='ocr_carea' id='block_1_39' title="bbox 413 3567 641 3610">
    <p class='ocr_par' dir='ltr' id='par_1_39' title="bbox 413 3567 641 3610">
     <span class='ocr_line' id='line_1_39' title="bbox 413 3567 641 3610; baseline -0.022 0"><span class='ocrx_word' id='word_1_256' title='bbox 413 3567 641 3610; x_wconf 89' lang='lat' dir='ltr'>norum.</span> 
     </span>
    </p>
   </div>
   <div class='ocr_carea' id='block_1_40' title="bbox 483 3629 2060 3703">
    <p class='ocr_par' dir='ltr' id='par_1_40' title="bbox 483 3629 2060 3703">
     <span class='ocr_line' id='line_1_40' title="bbox 483 3629 2060 3703; baseline -0.003 -14"><span class='ocrx_word' id='word_1_257' title='bbox 483 3636 538 3688; x_wconf 89' lang='grc'>2.</span> <span class='ocrx_word' id='word_1_258' title='bbox 571 3632 686 3689; x_wconf 90' lang='lat' dir='ltr'>Nos</span> <span class='ocrx_word' id='word_1_259' title='bbox 719 3631 917 3703; x_wconf 90' lang='lat' dir='ltr'>itaque</span> <span class='ocrx_word' id='word_1_260' title='bbox 950 3636 1237 3702; x_wconf 81' lang='lat' dir='ltr'>martyres</span> <span class='ocrx_word' id='word_1_261' title='bbox 1268 3634 1496 3688; x_wconf 89' lang='lat' dir='ltr'>nostros</span> <span class='ocrx_word' id='word_1_262' title='bbox 1518 3646 1622 3687; x_wconf 89' lang='lat' dir='ltr'>nec</span> <span class='ocrx_word' id='word_1_263' title='bbox 1652 3629 1864 3688; x_wconf 82' lang='lat' dir='ltr'>divinis</span> <span class='ocrx_word' id='word_1_264' title='bbox 1883 3629 2060 3685; x_wconf 86' lang='lat' dir='ltr'>hono-</span> 
     </span>
    </p>
   </div>
   <div class='ocr_carea' id='block_1_41' title="bbox 481 3792 1242 3853">
    <p class='ocr_par' dir='ltr' id='par_1_41' title="bbox 481 3792 1242 3853">
     <span class='ocr_line' id='line_1_41' title="bbox 481 3792 1242 3853; baseline -0.001 -9"><span class='ocrx_word' id='word_1_265' title='bbox 481 3797 497 3832; x_wconf 78' lang='grc'><strong>1</strong></span> <span class='ocrx_word' id='word_1_266' title='bbox 531 3795 616 3845; x_wconf 89' lang='lat' dir='ltr'>Sic</span> <span class='ocrx_word' id='word_1_267' title='bbox 643 3795 766 3845; x_wconf 84' lang='lat' dir='ltr'>Mss.</span> <span class='ocrx_word' id='word_1_268' title='bbox 798 3793 938 3844; x_wconf 90' lang='lat' dir='ltr'>Editi</span> <span class='ocrx_word' id='word_1_269' title='bbox 967 3808 1112 3853; x_wconf 86' lang='lat' dir='ltr'>vero,</span> <span class='ocrx_word' id='word_1_270' title='bbox 1145 3792 1242 3843; x_wconf 85' lang='lat' dir='ltr'>ibi.</span> 
     </span>
    </p>
   </div>
   <div class='ocr_carea' id='block_1_42' title="bbox 479 3855 1906 3916">
    <p class='ocr_par' dir='ltr' id='par_1_42' title="bbox 479 3855 1906 3916">
     <span class='ocr_line' id='line_1_42' title="bbox 479 3855 1906 3916; baseline -0.001 -9"><span class='ocrx_word' id='word_1_271' title='bbox 479 3857 502 3891; x_wconf 74' lang='grc'>²</span> <span class='ocrx_word' id='word_1_272' title='bbox 531 3859 688 3914; x_wconf 86' lang='lat' dir='ltr'>Editi,</span> <span class='ocrx_word' id='word_1_273' title='bbox 721 3861 847 3907; x_wconf 79' lang='lat' dir='ltr'>Deo.</span> <span class='ocrx_word' id='word_1_274' title='bbox 879 3860 948 3907; x_wconf 82' lang='lat' dir='ltr'>At</span> <span class='ocrx_word' id='word_1_275' title='bbox 971 3859 1115 3913; x_wconf 74' lang='lat' dir='ltr'>Mss,</span> <span class='ocrx_word' id='word_1_276' title='bbox 1144 3863 1279 3916; x_wconf 87' lang='lat' dir='ltr'>loco,</span> <span class='ocrx_word' id='word_1_277' title='bbox 1310 3857 1438 3912; x_wconf 81' lang='lat' dir='ltr'>Deo.</span> <span class='ocrx_word' id='word_1_278' title='bbox 1468 3857 1687 3912; x_wconf 84' lang='lat' dir='ltr'>habent,</span> <span class='ocrx_word' id='word_1_279' title='bbox 1718 3855 1906 3905; x_wconf 84' lang='lat' dir='ltr'>etiam.</span> 
     </span>
    </p>
   </div>
   <div class='ocr_carea' id='block_1_43' title="bbox 481 3917 1721 4046">
    <p class='ocr_par' dir='ltr' id='par_1_43' title="bbox 481 3917 1721 4046">
     <span class='ocr_line' id='line_1_43' title="bbox 481 3917 1721 4046; baseline 0 -78"><span class='ocrx_word' id='word_1_280' title='bbox 481 3921 550 4046; x_wconf 52' lang='lat' dir='ltr'>(ag</span> <span class='ocrx_word' id='word_1_281' title='bbox 582 3921 730 3995; x_wconf 81' lang='lat' dir='ltr'>Conf.</span> <span class='ocrx_word' id='word_1_282' title='bbox 759 3922 853 3995; x_wconf 72' lang='lat' dir='ltr'>lib.</span> <span class='ocrx_word' id='word_1_283' title='bbox 885 3921 947 3968; x_wconf 88' lang='lat'>20</span> <span class='ocrx_word' id='word_1_284' title='bbox 975 3923 1160 3971; x_wconf 89' lang='lat' dir='ltr'>contra</span> <span class='ocrx_word' id='word_1_285' title='bbox 1188 3920 1463 3975; x_wconf 87' lang='lat' dir='ltr'>Faustum.</span> <span class='ocrx_word' id='word_1_286' title='bbox 1497 3935 1610 3984; x_wconf 88' lang='lat' dir='ltr'>cap.</span> <span class='ocrx_word' id='word_1_287' title='bbox 1641 3917 1721 3968; x_wconf 82' lang='lat'>21.</span> 
     </span>
     <span class='ocr_line' id='line_1_44' title="bbox 481 3981 1395 4045; baseline -0.004 -14"><span class='ocrx_word' id='word_1_288' title='bbox 481 3983 529 4045; x_wconf 78' lang='grc' dir='ltr'>[ὁ</span> <span class='ocrx_word' id='word_1_289' title='bbox 579 3983 709 4033; x_wconf 79' lang='lat' dir='ltr'>Vide</span> <span class='ocrx_word' id='word_1_290' title='bbox 735 3984 828 4031; x_wconf 86' lang='lat' dir='ltr'>11b.</span> <span class='ocrx_word' id='word_1_291' title='bbox 860 3982 891 4030; x_wconf 93' lang='lat'><strong>6</strong></span> <span class='ocrx_word' id='word_1_292' title='bbox 919 3982 1172 4036; x_wconf 80' lang='lat' dir='ltr'>Contess.,</span> <span class='ocrx_word' id='word_1_293' title='bbox 1203 3994 1317 4042; x_wconf 88' lang='lat' dir='ltr'>cap.</span> <span class='ocrx_word' id='word_1_294' title='bbox 1349 3981 1395 4029; x_wconf 95' lang='lat'>2.</span> 
     </span>
    </p>
   </div>
   <div class='ocr_carea' id='block_1_44' title="bbox 475 3981 1395 4045">
    <p class='ocr_par' dir='ltr' id='par_1_44' title="bbox 475 3981 1395 4045">
     <span class='ocr_line' id='line_1_45' title="bbox 475 3981 1395 4045; baseline -0.004 -14"><span class='ocrx_word' id='word_1_295' title='bbox 475 3981 550 4045; x_wconf 78' lang='grc' dir='ltr'>(ὁ)</span> <span class='ocrx_word' id='word_1_296' title='bbox 579 3983 709 4033; x_wconf 81' lang='lat' dir='ltr'>Vide</span> <span class='ocrx_word' id='word_1_297' title='bbox 735 3984 828 4031; x_wconf 89' lang='lat' dir='ltr'>lib.</span> <span class='ocrx_word' id='word_1_298' title='bbox 860 3982 891 4030; x_wconf 93' lang='lat'><strong>6</strong></span> <span class='ocrx_word' id='word_1_299' title='bbox 919 3982 1172 4036; x_wconf 80' lang='lat' dir='ltr'>Contess.,</span> <span class='ocrx_word' id='word_1_300' title='bbox 1203 3994 1317 4042; x_wconf 88' lang='lat' dir='ltr'>cap.</span> <span class='ocrx_word' id='word_1_301' title='bbox 1349 3981 1395 4029; x_wconf 95' lang='lat'>2.</span> 
     </span>
    </p>
   </div>
   <div class='ocr_carea' id='block_1_45' title="bbox 1445 305 2732 382">
    <p class='ocr_par' dir='ltr' id='par_1_45' title="bbox 1445 305 2732 382">
     <span class='ocr_line' id='line_1_46' title="bbox 1445 305 2732 382; baseline -0.009 -5"><span class='ocrx_word' id='word_1_302' title='bbox 1445 315 1548 377; x_wconf 86' lang='lat' dir='ltr'>DE</span> <span class='ocrx_word' id='word_1_303' title='bbox 1590 311 1959 375; x_wconf 84' lang='lat' dir='ltr'>CIVITATE</span> <span class='ocrx_word' id='word_1_304' title='bbox 2001 311 2154 382; x_wconf 83' lang='lat' dir='ltr'>DEI,</span> <span class='ocrx_word' id='word_1_305' title='bbox 2203 307 2262 370; x_wconf 90' lang='lat' dir='ltr'>S.</span> <span class='ocrx_word' id='word_1_306' title='bbox 2309 305 2732 370; x_wconf 83' lang='lat' dir='ltr'>AUGUSTINI</span> 
     </span>
    </p>
   </div>
   <div class='ocr_carea' id='block_1_46' title="bbox 3674 295 3792 357">
    <p class='ocr_par' dir='ltr' id='par_1_46' title="bbox 3674 295 3792 357">
     <span class='ocr_line' id='line_1_47' title="bbox 3674 295 3792 357; baseline 0 0"><span class='ocrx_word' id='word_1_307' title='bbox 3674 295 3792 357; x_wconf 75' lang='lat'>256</span> 
     </span>
    </p>
   </div>
   <div class='ocr_carea' id='block_1_47' title="bbox 2149 429 3804 511">
    <p class='ocr_par' dir='ltr' id='par_1_47' title="bbox 2149 429 3804 511">
     <span class='ocr_line' id='line_1_48' title="bbox 2149 429 3804 511; baseline -0.008 -12"><span class='ocrx_word' id='word_1_308' title='bbox 2149 443 2329 511; x_wconf 90' lang='lat' dir='ltr'>ribus,</span> <span class='ocrx_word' id='word_1_309' title='bbox 2391 457 2497 498; x_wconf 89' lang='lat' dir='ltr'>nec</span> <span class='ocrx_word' id='word_1_310' title='bbox 2555 438 2829 496; x_wconf 87' lang='lat' dir='ltr'>humanis</span> <span class='ocrx_word' id='word_1_311' title='bbox 2896 435 3243 492; x_wconf 89' lang='lat' dir='ltr'>criminibus</span> <span class='ocrx_word' id='word_1_312' title='bbox 3310 432 3578 498; x_wconf 90' lang='lat' dir='ltr'>colimus,</span> <span class='ocrx_word' id='word_1_313' title='bbox 3647 429 3804 486; x_wconf 82' lang='lat' dir='ltr'>sicut</span> 
     </span>
    </p>
   </div>
   <div class='ocr_carea' id='block_1_48' title="bbox 2151 511 3791 579">
    <p class='ocr_par' dir='ltr' id='par_1_48' title="bbox 2151 511 3791 579">
     <span class='ocr_line' id='line_1_49' title="bbox 2151 511 3791 579; baseline -0.009 0"><span class='ocrx_word' id='word_1_314' title='bbox 2151 523 2348 579; x_wconf 88' lang='lat' dir='ltr'>colunt</span> <span class='ocrx_word' id='word_1_315' title='bbox 2377 523 2462 578; x_wconf 90' lang='lat' dir='ltr'>illi</span> <span class='ocrx_word' id='word_1_316' title='bbox 2494 522 2632 578; x_wconf 90' lang='lat' dir='ltr'>deos</span> <span class='ocrx_word' id='word_1_317' title='bbox 2662 535 2834 575; x_wconf 86' lang='lat' dir='ltr'>suos:</span> <span class='ocrx_word' id='word_1_318' title='bbox 2870 534 2974 575; x_wconf 91' lang='lat' dir='ltr'>nec</span> <span class='ocrx_word' id='word_1_319' title='bbox 3005 516 3289 573; x_wconf 88' lang='lat' dir='ltr'>sacriﬁcia</span> <span class='ocrx_word' id='word_1_320' title='bbox 3320 513 3437 569; x_wconf 90' lang='lat' dir='ltr'>illis</span> <span class='ocrx_word' id='word_1_321' title='bbox 3468 511 3791 579; x_wconf 70' lang='lat' dir='ltr'>offerimus,</span> 
     </span>
    </p>
   </div>
   <div class='ocr_carea' id='block_1_49' title="bbox 2151 592 3798 674">
    <p class='ocr_par' dir='ltr' id='par_1_49' title="bbox 2151 592 3798 674">
     <span class='ocr_line' id='line_1_50' title="bbox 2151 592 3798 674; baseline -0.01 -13"><span class='ocrx_word' id='word_1_322' title='bbox 2151 621 2256 660; x_wconf 91' lang='lat' dir='ltr'>nec</span> <span class='ocrx_word' id='word_1_323' title='bbox 2303 620 2504 660; x_wconf 88' lang='lat' dir='ltr'>eorum</span> <span class='ocrx_word' id='word_1_324' title='bbox 2542 602 2752 674; x_wconf 90' lang='lat' dir='ltr'>probra</span> <span class='ocrx_word' id='word_1_325' title='bbox 2801 601 2858 654; x_wconf 76' lang='lat' dir='ltr'>ir.</span> <span class='ocrx_word' id='word_1_326' title='bbox 2910 615 3110 654; x_wconf 90' lang='lat' dir='ltr'>eorum</span> <span class='ocrx_word' id='word_1_327' title='bbox 3160 613 3326 651; x_wconf 89' lang='lat' dir='ltr'>sacra</span> <span class='ocrx_word' id='word_1_328' title='bbox 3373 592 3798 650; x_wconf 88' lang='lat' dir='ltr'>convertimus.</span> 
     </span>
    </p>
   </div>
   <div class='ocr_carea' id='block_1_50' title="bbox 2151 671 3802 748">
    <p class='ocr_par' dir='ltr' id='par_1_50' title="bbox 2151 671 3802 748">
     <span class='ocr_line' id='line_1_51' title="bbox 2151 671 3802 748; baseline -0.009 -8"><span class='ocrx_word' id='word_1_329' title='bbox 2151 686 2295 740; x_wconf 89' lang='lat' dir='ltr'>Nam</span> <span class='ocrx_word' id='word_1_330' title='bbox 2339 685 2408 739; x_wconf 90' lang='lat' dir='ltr'>de</span> <span class='ocrx_word' id='word_1_331' title='bbox 2456 671 2608 738; x_wconf 86' lang='lat' dir='ltr'>Iside</span> <span class='ocrx_word' id='word_1_332' title='bbox 2662 695 2837 735; x_wconf 89' lang='lat' dir='ltr'>uxore</span> <span class='ocrx_word' id='word_1_333' title='bbox 2883 678 3084 748; x_wconf 85' lang='lat' dir='ltr'>Osiris,</span> <span class='ocrx_word' id='word_1_334' title='bbox 3137 676 3404 747; x_wconf 72' lang='lat' dir='ltr'>Egyptia</span> <span class='ocrx_word' id='word_1_335' title='bbox 3452 674 3578 735; x_wconf 90' lang='lat' dir='ltr'>dea,</span> <span class='ocrx_word' id='word_1_336' title='bbox 3627 676 3686 726; x_wconf 87' lang='lat' dir='ltr'>et</span> <span class='ocrx_word' id='word_1_337' title='bbox 3726 671 3802 725; x_wconf 88' lang='lat' dir='ltr'>de</span> 
     </span>
    </p>
   </div>
   <div class='ocr_carea' id='block_1_51' title="bbox 2156 752 3798 838">
    <p class='ocr_par' dir='ltr' id='par_1_51' title="bbox 2156 752 3798 838">
     <span class='ocr_line' id='line_1_52' title="bbox 2156 752 3798 838; baseline -0.011 -16"><span class='ocrx_word' id='word_1_338' title='bbox 2156 766 2496 838; x_wconf 89' lang='lat' dir='ltr'>parentibus</span> <span class='ocrx_word' id='word_1_339' title='bbox 2545 779 2768 828; x_wconf 90' lang='lat' dir='ltr'>eorum,</span> <span class='ocrx_word' id='word_1_340' title='bbox 2819 761 2916 833; x_wconf 86' lang='lat' dir='ltr'>qui</span> <span class='ocrx_word' id='word_1_341' title='bbox 2967 775 3170 815; x_wconf 91' lang='lat' dir='ltr'>omnes</span> <span class='ocrx_word' id='word_1_342' title='bbox 3221 773 3385 828; x_wconf 88' lang='lat' dir='ltr'>reges</span> <span class='ocrx_word' id='word_1_343' title='bbox 3432 755 3612 808; x_wconf 83' lang='lat' dir='ltr'>fuisse</span> <span class='ocrx_word' id='word_1_344' title='bbox 3649 752 3798 808; x_wconf 64' lang='lat' dir='ltr'>serio</span> 
     </span>
    </p>
   </div>
   <div class='ocr_carea' id='block_1_52' title="bbox 2157 832 3802 917">
    <p class='ocr_par' dir='ltr' id='par_1_52' title="bbox 2157 832 3802 917">
     <span class='ocr_line' id='line_1_53' title="bbox 2157 832 3802 917; baseline -0.01 -14"><span class='ocrx_word' id='word_1_345' title='bbox 2157 832 2393 914; x_wconf 86' lang='lat' dir='ltr'>buntur,</span> <span class='ocrx_word' id='word_1_346' title='bbox 2458 846 2673 917; x_wconf 88' lang='lat' dir='ltr'>quibus</span> <span class='ocrx_word' id='word_1_347' title='bbox 2730 832 3064 912; x_wconf 84' lang='lat' dir='ltr'>parentibus</span> <span class='ocrx_word' id='word_1_348' title='bbox 3115 838 3240 893; x_wconf 89' lang='lat' dir='ltr'>suis</span> <span class='ocrx_word' id='word_1_349' title='bbox 3287 837 3385 891; x_wconf 91' lang='lat' dir='ltr'>illa</span> <span class='ocrx_word' id='word_1_350' title='bbox 3433 850 3563 891; x_wconf 92' lang='lat' dir='ltr'>cum</span> <span class='ocrx_word' id='word_1_351' title='bbox 3615 832 3802 888; x_wconf 82' lang='lat' dir='ltr'>sacri-</span> 
     </span>
    </p>
   </div>
   <div class='ocr_carea' id='block_1_53' title="bbox 2158 915 3807 994">
    <p class='ocr_par' dir='ltr' id='par_1_53' title="bbox 2158 915 3807 994">
     <span class='ocr_line' id='line_1_54' title="bbox 2158 915 3807 994; baseline -0.01 -10"><span class='ocrx_word' id='word_1_352' title='bbox 2158 928 2373 994; x_wconf 83' lang='lat' dir='ltr'>ﬁcaret,</span> <span class='ocrx_word' id='word_1_353' title='bbox 2409 915 2626 981; x_wconf 81' lang='lat' dir='ltr'>invenit</span> <span class='ocrx_word' id='word_1_354' title='bbox 2658 923 2853 979; x_wconf 91' lang='lat' dir='ltr'>hordei</span> <span class='ocrx_word' id='word_1_355' title='bbox 2898 929 3178 992; x_wconf 77' lang='lat' dir='ltr'>segetem,</span> <span class='ocrx_word' id='word_1_356' title='bbox 3211 925 3388 989; x_wconf 88' lang='lat' dir='ltr'>atque</span> <span class='ocrx_word' id='word_1_357' title='bbox 3435 917 3566 970; x_wconf 91' lang='lat' dir='ltr'>inde</span> <span class='ocrx_word' id='word_1_358' title='bbox 3605 915 3807 984; x_wconf 89' lang='lat' dir='ltr'>spicas</span> 
     </span>
    </p>
   </div>
   <div class='ocr_carea' id='block_1_54' title="bbox 2160 997 3811 1078">
    <p class='ocr_par' dir='ltr' id='par_1_54' title="bbox 2160 997 3811 1078">
     <span class='ocr_line' id='line_1_55' title="bbox 2160 997 3811 1078; baseline -0.01 -15"><span class='ocrx_word' id='word_1_359' title='bbox 2160 1009 2360 1064; x_wconf 90' lang='lat' dir='ltr'>marito</span> <span class='ocrx_word' id='word_1_360' title='bbox 2403 1008 2519 1078; x_wconf 89' lang='lat' dir='ltr'>regi</span> <span class='ocrx_word' id='word_1_361' title='bbox 2561 1010 2618 1060; x_wconf 89' lang='lat' dir='ltr'>et</span> <span class='ocrx_word' id='word_1_362' title='bbox 2663 1007 2790 1074; x_wconf 81' lang='lat' dir='ltr'>eius</span> <span class='ocrx_word' id='word_1_363' title='bbox 2834 1002 3160 1058; x_wconf 87' lang='lat' dir='ltr'>consiliario</span> <span class='ocrx_word' id='word_1_364' title='bbox 3206 997 3490 1054; x_wconf 89' lang='lat' dir='ltr'>Mercurio</span> <span class='ocrx_word' id='word_1_365' title='bbox 3531 997 3811 1049; x_wconf 88' lang='lat' dir='ltr'>demons-</span> 
     </span>
    </p>
   </div>
   <div class='ocr_carea' id='block_1_55' title="bbox 2156 1077 3808 1152">
    <p class='ocr_par' dir='ltr' id='par_1_55' title="bbox 2156 1077 3808 1152">
     <span class='ocr_line' id='line_1_56' title="bbox 2156 1077 3808 1152; baseline -0.011 -7"><span class='ocrx_word' id='word_1_366' title='bbox 2156 1089 2348 1152; x_wconf 86' lang='lat' dir='ltr'>travit,</span> <span class='ocrx_word' id='word_1_367' title='bbox 2397 1077 2545 1142; x_wconf 80' lang='lat' dir='ltr'>unde</span> <span class='ocrx_word' id='word_1_368' title='bbox 2593 1086 2859 1142; x_wconf 88' lang='lat' dir='ltr'>eamdem</span> <span class='ocrx_word' id='word_1_369' title='bbox 2892 1089 2947 1137; x_wconf 88' lang='lat' dir='ltr'>et</span> <span class='ocrx_word' id='word_1_370' title='bbox 2992 1082 3254 1137; x_wconf 85' lang='lat' dir='ltr'>Cererem</span> <span class='ocrx_word' id='word_1_371' title='bbox 3303 1077 3526 1144; x_wconf 90' lang='lat' dir='ltr'>volunt,</span> <span class='ocrx_word' id='word_1_372' title='bbox 3573 1091 3701 1146; x_wconf 64' lang='lat' dir='ltr'>quae</span> <span class='ocrx_word' id='word_1_373' title='bbox 3744 1079 3808 1128; x_wconf 89' lang='lat' dir='ltr'>et</span> 
     </span>
    </p>
   </div>
   <div class='ocr_carea' id='block_1_56' title="bbox 2158 1159 3807 1242">
    <p class='ocr_par' dir='ltr' id='par_1_56' title="bbox 2158 1159 3807 1242">
     <span class='ocr_line' id='line_1_57' title="bbox 2158 1159 3807 1242; baseline -0.011 -17"><span class='ocrx_word' id='word_1_374' title='bbox 2158 1175 2381 1242; x_wconf 87' lang='lat' dir='ltr'>quanta</span> <span class='ocrx_word' id='word_1_375' title='bbox 2427 1168 2600 1232; x_wconf 90' lang='lat' dir='ltr'>mala,</span> <span class='ocrx_word' id='word_1_376' title='bbox 2651 1183 2765 1221; x_wconf 91' lang='lat' dir='ltr'>non</span> <span class='ocrx_word' id='word_1_377' title='bbox 2804 1183 2838 1219; x_wconf 90' lang='lat' dir='ltr'>a</span> <span class='ocrx_word' id='word_1_378' title='bbox 2887 1165 3091 1236; x_wconf 89' lang='lat' dir='ltr'>poetis,</span> <span class='ocrx_word' id='word_1_379' title='bbox 3143 1160 3245 1214; x_wconf 89' lang='lat' dir='ltr'>sed</span> <span class='ocrx_word' id='word_1_380' title='bbox 3294 1159 3554 1231; x_wconf 85' lang='lat' dir='ltr'>mysticis</span> <span class='ocrx_word' id='word_1_381' title='bbox 3598 1169 3807 1209; x_wconf 87' lang='lat' dir='ltr'>corum</span> 
     </span>
    </p>
   </div>
   <div class='ocr_carea' id='block_1_57' title="bbox 2157 1238 3811 1309">
    <p class='ocr_par' dir='ltr' id='par_1_57' title="bbox 2157 1238 3811 1309">
     <span class='ocr_line' id='line_1_58' title="bbox 2157 1238 3811 1309; baseline -0.01 -4"><span class='ocrx_word' id='word_1_382' title='bbox 2157 1238 2368 1306; x_wconf 78' lang='lat' dir='ltr'>litteris</span> <span class='ocrx_word' id='word_1_383' title='bbox 2399 1247 2690 1302; x_wconf 69' lang='lat' dir='ltr'>memorias</span> <span class='ocrx_word' id='word_1_384' title='bbox 2725 1245 2995 1300; x_wconf 87' lang='lat' dir='ltr'>mandata</span> <span class='ocrx_word' id='word_1_385' title='bbox 3018 1243 3155 1309; x_wconf 87' lang='lat' dir='ltr'>sint,</span> <span class='ocrx_word' id='word_1_386' title='bbox 3189 1240 3363 1305; x_wconf 85' lang='lat' dir='ltr'>sicut,</span> <span class='ocrx_word' id='word_1_387' title='bbox 3398 1238 3586 1292; x_wconf 87' lang='lat' dir='ltr'>Leone</span> <span class='ocrx_word' id='word_1_388' title='bbox 3617 1250 3811 1290; x_wconf 86' lang='lat' dir='ltr'>sacer-</span> 
     </span>
    </p>
   </div>
   <div class='ocr_carea' id='block_1_58' title="bbox 2158 1314 3812 1402">
    <p class='ocr_par' dir='ltr' id='par_1_58' title="bbox 2158 1314 3812 1402">
     <span class='ocr_line' id='line_1_59' title="bbox 2158 1314 3812 1402; baseline -0.011 -15"><span class='ocrx_word' id='word_1_389' title='bbox 2158 1333 2288 1388; x_wconf 86' lang='lat' dir='ltr'>dote</span> <span class='ocrx_word' id='word_1_390' title='bbox 2335 1331 2633 1402; x_wconf 86' lang='lat' dir='ltr'>prodente,</span> <span class='ocrx_word' id='word_1_391' title='bbox 2693 1329 2763 1383; x_wconf 89' lang='lat' dir='ltr'>ad</span> <span class='ocrx_word' id='word_1_392' title='bbox 2822 1323 3214 1397; x_wconf 89' lang='lat' dir='ltr'>Olympiadem</span> <span class='ocrx_word' id='word_1_393' title='bbox 3280 1323 3531 1402; x_wconf 82' lang='lat' dir='ltr'>matrem</span> <span class='ocrx_word' id='word_1_394' title='bbox 3599 1314 3812 1402; x_wconf 76' lang='lat' dir='ltr'>scribit</span> 
     </span>
    </p>
   </div>
   <div class='ocr_carea' id='block_1_59' title="bbox 2157 1394 3814 1480">
    <p class='ocr_par' dir='ltr' id='par_1_59' title="bbox 2157 1394 3814 1480">
     <span class='ocr_line' id='line_1_60' title="bbox 2157 1394 3814 1480; baseline -0.011 -12"><span class='ocrx_word' id='word_1_395' title='bbox 2157 1394 2483 1468; x_wconf 77' lang='lat' dir='ltr'>Alexahder</span> <span class='ocrx_word' id='word_1_396' title='bbox 2520 1394 2627 1480; x_wconf 81' lang='lat' dir='ltr'>(a),</span> <span class='ocrx_word' id='word_1_397' title='bbox 2659 1408 2856 1479; x_wconf 86' lang='lat' dir='ltr'>legant</span> <span class='ocrx_word' id='word_1_398' title='bbox 2895 1394 3004 1476; x_wconf 81' lang='lat' dir='ltr'>qui</span> <span class='ocrx_word' id='word_1_399' title='bbox 3043 1407 3244 1460; x_wconf 90' lang='lat' dir='ltr'>volunt</span> <span class='ocrx_word' id='word_1_400' title='bbox 3292 1399 3378 1455; x_wconf 89' lang='lat' dir='ltr'>vel</span> <span class='ocrx_word' id='word_1_401' title='bbox 3432 1402 3710 1480; x_wconf 69' lang='lat' dir='ltr'>possunt,</span> <span class='ocrx_word' id='word_1_402' title='bbox 3748 1394 3814 1450; x_wconf 77' lang='lat' dir='ltr'>et</span> 
     </span>
    </p>
   </div>
   <div class='ocr_carea' id='block_1_60' title="bbox 2161 1476 3813 1564">
    <p class='ocr_par' dir='ltr' id='par_1_60' title="bbox 2161 1476 3813 1564">
     <span class='ocr_line' id='line_1_61' title="bbox 2161 1476 3813 1564; baseline -0.012 -15"><span class='ocrx_word' id='word_1_403' title='bbox 2161 1492 2416 1549; x_wconf 88' lang='lat' dir='ltr'>recolant</span> <span class='ocrx_word' id='word_1_404' title='bbox 2443 1476 2539 1564; x_wconf 87' lang='lat' dir='ltr'>qui</span> <span class='ocrx_word' id='word_1_405' title='bbox 2573 1476 2863 1562; x_wconf 49' lang='lat' dir='ltr'>legar—unt;</span> <span class='ocrx_word' id='word_1_406' title='bbox 2889 1491 2946 1541; x_wconf 90' lang='lat' dir='ltr'>et</span> <span class='ocrx_word' id='word_1_407' title='bbox 2972 1485 3208 1539; x_wconf 88' lang='lat' dir='ltr'>videant</span> <span class='ocrx_word' id='word_1_408' title='bbox 3229 1481 3446 1564; x_wconf 90' lang='lat' dir='ltr'>quibus</span> <span class='ocrx_word' id='word_1_409' title='bbox 3471 1476 3813 1564; x_wconf 72' lang='lat' dir='ltr'>hominibus</span> 
     </span>
    </p>
   </div>
   <div class='ocr_carea' id='block_1_61' title="bbox 2163 1557 3809 1642">
    <p class='ocr_par' dir='ltr' id='par_1_61' title="bbox 2163 1557 3809 1642">
     <span class='ocr_line' id='line_1_62' title="bbox 2163 1557 3809 1642; baseline -0.01 -13"><span class='ocrx_word' id='word_1_410' title='bbox 2163 1576 2432 1638; x_wconf 87' lang='lat' dir='ltr'>mortuis,</span> <span class='ocrx_word' id='word_1_411' title='bbox 2459 1557 2549 1627; x_wconf 60' lang='lat' dir='ltr'>yel</span> <span class='ocrx_word' id='word_1_412' title='bbox 2583 1557 2657 1626; x_wconf 74' lang='lat' dir='ltr'>de</span> <span class='ocrx_word' id='word_1_413' title='bbox 2683 1569 2896 1642; x_wconf 89' lang='lat' dir='ltr'>quibus</span> <span class='ocrx_word' id='word_1_414' title='bbox 2942 1581 3142 1622; x_wconf 88' lang='lat' dir='ltr'>eorum</span> <span class='ocrx_word' id='word_1_415' title='bbox 3185 1563 3355 1618; x_wconf 80' lang='lat' dir='ltr'>factis</span> <span class='ocrx_word' id='word_1_416' title='bbox 3383 1557 3809 1642; x_wconf 31' lang='lat' dir='ltr'>tanquam‘diis</span> 
     </span>
    </p>
   </div>
   <div class='ocr_carea' id='block_1_62' title="bbox 2162 1637 3812 1713">
    <p class='ocr_par' dir='ltr' id='par_1_62' title="bbox 2162 1637 3812 1713">
     <span class='ocr_line' id='line_1_63' title="bbox 2162 1637 3812 1713; baseline -0.012 -5"><span class='ocrx_word' id='word_1_417' title='bbox 2162 1671 2327 1710; x_wconf 86' lang='lat' dir='ltr'>sacra</span> <span class='ocrx_word' id='word_1_418' title='bbox 2358 1637 2571 1708; x_wconf 84' lang='lat' dir='ltr'>fuerint</span> <span class='ocrx_word' id='word_1_419' title='bbox 2603 1637 2890 1706; x_wconf 79' lang='lat' dir='ltr'>instituta.</span> <span class='ocrx_word' id='word_1_420' title='bbox 2921 1646 3087 1702; x_wconf 86' lang='lat' dir='ltr'>Absit</span> <span class='ocrx_word' id='word_1_421' title='bbox 3113 1647 3178 1699; x_wconf 90' lang='lat' dir='ltr'>ut</span> <span class='ocrx_word' id='word_1_422' title='bbox 3211 1658 3328 1703; x_wconf 88' lang='lat' dir='ltr'>eos.</span> <span class='ocrx_word' id='word_1_423' title='bbox 3376 1640 3639 1713; x_wconf 87' lang='lat' dir='ltr'>quamvis</span> <span class='ocrx_word' id='word_1_424' title='bbox 3665 1637 3812 1691; x_wconf 90' lang='lat' dir='ltr'>deos</span> 
     </span>
    </p>
   </div>
   <div class='ocr_carea' id='block_1_63' title="bbox 2163 1723 3810 1802">
    <p class='ocr_par' dir='ltr' id='par_1_63' title="bbox 2163 1723 3810 1802">
     <span class='ocr_line' id='line_1_64' title="bbox 2163 1723 3810 1802; baseline -0.012 -13"><span class='ocrx_word' id='word_1_425' title='bbox 2163 1733 2438 1802; x_wconf 88' lang='lat' dir='ltr'>habeant,</span> <span class='ocrx_word' id='word_1_426' title='bbox 2469 1732 2690 1788; x_wconf 90' lang='lat' dir='ltr'>sanctis</span> <span class='ocrx_word' id='word_1_427' title='bbox 2733 1727 3090 1800; x_wconf 88' lang='lat' dir='ltr'>martyribus</span> <span class='ocrx_word' id='word_1_428' title='bbox 3137 1723 3377 1789; x_wconf 86' lang='lat' dir='ltr'>nostris,</span> <span class='ocrx_word' id='word_1_429' title='bbox 3429 1735 3575 1791; x_wconf 89' lang='lat' dir='ltr'>quos</span> <span class='ocrx_word' id='word_1_430' title='bbox 3607 1723 3810 1772; x_wconf 86' lang='lat' dir='ltr'>tamen</span> 
     </span>
    </p>
   </div>
   <div class='ocr_carea' id='block_1_64' title="bbox 2163 1801 3809 1874">
    <p class='ocr_par' dir='ltr' id='par_1_64' title="bbox 2163 1801 3809 1874">
     <span class='ocr_line' id='line_1_65' title="bbox 2163 1801 3809 1874; baseline -0.013 -3"><span class='ocrx_word' id='word_1_431' title='bbox 2163 1817 2298 1870; x_wconf 90' lang='lat' dir='ltr'>deos</span> <span class='ocrx_word' id='word_1_432' title='bbox 2328 1801 2443 1868; x_wconf 90' lang='lat' dir='ltr'>non</span> <span class='ocrx_word' id='word_1_433' title='bbox 2476 1813 2781 1873; x_wconf 86' lang='lat' dir='ltr'>habemus,</span> <span class='ocrx_word' id='word_1_434' title='bbox 2814 1808 2938 1863; x_wconf 92' lang='lat' dir='ltr'>ulla</span> <span class='ocrx_word' id='word_1_435' title='bbox 2979 1823 3047 1862; x_wconf 84' lang='lat' dir='ltr'>ex</span> <span class='ocrx_word' id='word_1_436' title='bbox 3081 1808 3240 1874; x_wconf 89' lang='lat' dir='ltr'>parte</span> <span class='ocrx_word' id='word_1_437' title='bbox 3283 1801 3532 1856; x_wconf 87' lang='lat' dir='ltr'>audeant</span> <span class='ocrx_word' id='word_1_438' title='bbox 3564 1813 3809 1866; x_wconf 82' lang='lat' dir='ltr'>compa-</span> 
     </span>
    </p>
   </div>
   <div class='ocr_carea' id='block_1_65' title="bbox 2164 1880 3815 1952">
    <p class='ocr_par' dir='ltr' id='par_1_65' title="bbox 2164 1880 3815 1952">
     <span class='ocr_line' id='line_1_66' title="bbox 2164 1880 3815 1952; baseline -0.012 0"><span class='ocrx_word' id='word_1_439' title='bbox 2164 1913 2310 1952; x_wconf 87' lang='lat' dir='ltr'>rare.</span> <span class='ocrx_word' id='word_1_440' title='bbox 2344 1895 2438 1950; x_wconf 92' lang='lat' dir='ltr'>Sic</span> <span class='ocrx_word' id='word_1_441' title='bbox 2485 1893 2638 1948; x_wconf 90' lang='lat' dir='ltr'>enim</span> <span class='ocrx_word' id='word_1_442' title='bbox 2685 1907 2796 1945; x_wconf 91' lang='lat' dir='ltr'>non</span> <span class='ocrx_word' id='word_1_443' title='bbox 2846 1887 3263 1943; x_wconf 88' lang='lat' dir='ltr'>constituimus</span> <span class='ocrx_word' id='word_1_444' title='bbox 3306 1880 3656 1947; x_wconf 89' lang='lat' dir='ltr'>sacerdotes,</span> <span class='ocrx_word' id='word_1_445' title='bbox 3704 1892 3815 1932; x_wconf 85' lang='lat' dir='ltr'>nec</span> 
     </span>
    </p>
   </div>
   <div class='ocr_carea' id='block_1_66' title="bbox 2164 1957 3810 2040">
    <p class='ocr_par' dir='ltr' id='par_1_66' title="bbox 2164 1957 3810 2040">
     <span class='ocr_line' id='line_1_67' title="bbox 2164 1957 3810 2040; baseline -0.015 -5"><span class='ocrx_word' id='word_1_446' title='bbox 2164 1979 2462 2036; x_wconf 82' lang='lat' dir='ltr'>oﬁ&#39;erimus</span> <span class='ocrx_word' id='word_1_447' title='bbox 2503 1973 2785 2030; x_wconf 83' lang='lat' dir='ltr'>sacriﬁcia</span> <span class='ocrx_word' id='word_1_448' title='bbox 2832 1967 3186 2040; x_wconf 84' lang='lat' dir='ltr'>martyribus</span> <span class='ocrx_word' id='word_1_449' title='bbox 3234 1965 3488 2026; x_wconf 81' lang='lat' dir='ltr'>nostris;</span> <span class='ocrx_word' id='word_1_450' title='bbox 3540 1959 3679 2031; x_wconf 86' lang='lat' dir='ltr'>quia</span> <span class='ocrx_word' id='word_1_451' title='bbox 3716 1957 3810 2012; x_wconf 86' lang='lat' dir='ltr'>in-</span> 
     </span>
    </p>
   </div>
   <div class='ocr_carea' id='block_1_67' title="bbox 2163 2039 3812 2130">
    <p class='ocr_par' dir='ltr' id='par_1_67' title="bbox 2163 2039 3812 2130">
     <span class='ocr_line' id='line_1_68' title="bbox 2163 2039 3812 2130; baseline -0.013 -14"><span class='ocrx_word' id='word_1_452' title='bbox 2163 2073 2504 2130; x_wconf 74' lang='lat' dir='ltr'>congruum,</span> <span class='ocrx_word' id='word_1_453' title='bbox 2537 2056 2885 2120; x_wconf 89' lang='lat' dir='ltr'>indebitum,</span> <span class='ocrx_word' id='word_1_454' title='bbox 2917 2039 3186 2104; x_wconf 84' lang='lat' dir='ltr'>illicitum</span> <span class='ocrx_word' id='word_1_455' title='bbox 3219 2051 3326 2111; x_wconf 89' lang='lat' dir='ltr'>est,</span> <span class='ocrx_word' id='word_1_456' title='bbox 3353 2049 3531 2130; x_wconf 83' lang='lat' dir='ltr'>atque</span> <span class='ocrx_word' id='word_1_457' title='bbox 3561 2041 3658 2094; x_wconf 91' lang='lat' dir='ltr'>uni</span> <span class='ocrx_word' id='word_1_458' title='bbox 3689 2039 3812 2128; x_wconf 76' lang='lat' dir='ltr'>Deo</span> 
     </span>
    </p>
   </div>
   <div class='ocr_carea' id='block_1_68' title="bbox 2164 2119 3812 2197">
    <p class='ocr_par' dir='ltr' id='par_1_68' title="bbox 2164 2119 3812 2197">
     <span class='ocr_line' id='line_1_69' title="bbox 2164 2119 3812 2197; baseline -0.016 0"><span class='ocrx_word' id='word_1_459' title='bbox 2164 2119 2572 2197; x_wconf 71' lang='lat' dir='ltr'>tantummodo</span> <span class='ocrx_word' id='word_1_460' title='bbox 2622 2119 2922 2190; x_wconf 87' lang='lat' dir='ltr'>debitum:</span> <span class='ocrx_word' id='word_1_461' title='bbox 2973 2133 3037 2183; x_wconf 92' lang='lat' dir='ltr'>ut</span> <span class='ocrx_word' id='word_1_462' title='bbox 3087 2143 3190 2182; x_wconf 90' lang='lat' dir='ltr'>nec</span> <span class='ocrx_word' id='word_1_463' title='bbox 3248 2125 3598 2180; x_wconf 88' lang='lat' dir='ltr'>criminibus</span> <span class='ocrx_word' id='word_1_464' title='bbox 3654 2119 3812 2182; x_wconf 90' lang='lat' dir='ltr'>suis,</span> 
     </span>
    </p>
   </div>
   <div class='ocr_carea' id='block_1_69' title="bbox 2165 2197 3816 2285">
    <p class='ocr_par' dir='ltr' id='par_1_69' title="bbox 2165 2197 3816 2285">
     <span class='ocr_line' id='line_1_70' title="bbox 2165 2197 3816 2285; baseline -0.016 -7"><span class='ocrx_word' id='word_1_465' title='bbox 2165 2239 2272 2277; x_wconf 87' lang='lat' dir='ltr'>nec</span> <span class='ocrx_word' id='word_1_466' title='bbox 2303 2219 2456 2275; x_wconf 92' lang='lat' dir='ltr'>ludis</span> <span class='ocrx_word' id='word_1_467' title='bbox 2484 2233 2582 2274; x_wconf 90' lang='lat' dir='ltr'>eos</span> <span class='ocrx_word' id='word_1_468' title='bbox 2634 2210 2991 2285; x_wconf 88' lang='lat' dir='ltr'>turpissimis</span> <span class='ocrx_word' id='word_1_469' title='bbox 3036 2208 3421 2270; x_wconf 89' lang='lat' dir='ltr'>oblectemus,</span> <span class='ocrx_word' id='word_1_470' title='bbox 3454 2203 3555 2285; x_wconf 84' lang='lat' dir='ltr'>ubi</span> <span class='ocrx_word' id='word_1_471' title='bbox 3589 2197 3816 2285; x_wconf 64' lang='lat' dir='ltr'>velila-</span> 
     </span>
    </p>
   </div>
   <div class='ocr_carea' id='block_1_70' title="bbox 2165 2280 3816 2376">
    <p class='ocr_par' dir='ltr' id='par_1_70' title="bbox 2165 2280 3816 2376">
     <span class='ocr_line' id='line_1_71' title="bbox 2165 2280 3816 2376; baseline -0.015 -19"><span class='ocrx_word' id='word_1_472' title='bbox 2165 2302 2306 2376; x_wconf 84' lang='lat' dir='ltr'>gitia</span> <span class='ocrx_word' id='word_1_473' title='bbox 2325 2300 2420 2356; x_wconf 87' lang='lat' dir='ltr'>isti</span> <span class='ocrx_word' id='word_1_474' title='bbox 2443 2280 2993 2355; x_wconf 41' lang='lat' dir='ltr'>celebrant&#39;deorum</span> <span class='ocrx_word' id='word_1_475' title='bbox 3015 2304 3276 2355; x_wconf 87' lang='lat' dir='ltr'>suorum,</span> <span class='ocrx_word' id='word_1_476' title='bbox 3297 2286 3366 2350; x_wconf 90' lang='lat' dir='ltr'>si,</span> <span class='ocrx_word' id='word_1_477' title='bbox 3389 2299 3522 2340; x_wconf 86' lang='lat' dir='ltr'>cum</span> <span class='ocrx_word' id='word_1_478' title='bbox 3546 2280 3816 2376; x_wconf 80' lang='lat' dir='ltr'>homines</span> 
     </span>
    </p>
   </div>
   <div class='ocr_carea' id='block_1_71' title="bbox 2165 2359 3818 2448">
    <p class='ocr_par' dir='ltr' id='par_1_71' title="bbox 2165 2359 3818 2448">
     <span class='ocr_line' id='line_1_72' title="bbox 2165 2359 3818 2448; baseline -0.017 -7"><span class='ocrx_word' id='word_1_479' title='bbox 2165 2359 2383 2448; x_wconf 52' lang='lat' dir='ltr'>Essent,</span> <span class='ocrx_word' id='word_1_480' title='bbox 2435 2379 2572 2435; x_wconf 89' lang='lat' dir='ltr'>talia</span> <span class='ocrx_word' id='word_1_481' title='bbox 2617 2375 3071 2432; x_wconf 87' lang='lat' dir='ltr'>commiserunt;</span> <span class='ocrx_word' id='word_1_482' title='bbox 3119 2369 3210 2423; x_wconf 89' lang='lat' dir='ltr'>vel</span> <span class='ocrx_word' id='word_1_483' title='bbox 3272 2365 3518 2422; x_wconf 83' lang='lat' dir='ltr'>conﬁcta</span> <span class='ocrx_word' id='word_1_484' title='bbox 3565 2359 3818 2448; x_wconf 64' lang='lat' dir='ltr'>delecta-</span> 
     </span>
    </p>
   </div>
   <div class='ocr_carea' id='block_1_72' title="bbox 2168 2441 3809 2522">
    <p class='ocr_par' dir='ltr' id='par_1_72' title="bbox 2168 2441 3809 2522">
     <span class='ocr_line' id='line_1_73' title="bbox 2168 2441 3809 2522; baseline -0.018 0"><span class='ocrx_word' id='word_1_485' title='bbox 2168 2441 2726 2522; x_wconf 31' lang='lat' dir='ltr'>mentavdaemonum</span> <span class='ocrx_word' id='word_1_486' title='bbox 2773 2453 3104 2517; x_wconf 81' lang='lat' dir='ltr'>noxiorum,</span> <span class='ocrx_word' id='word_1_487' title='bbox 3153 2449 3205 2504; x_wconf 91' lang='lat' dir='ltr'>si</span> <span class='ocrx_word' id='word_1_488' title='bbox 3235 2447 3504 2502; x_wconf 85' lang='lat' dir='ltr'>homines</span> <span class='ocrx_word' id='word_1_489' title='bbox 3535 2459 3643 2497; x_wconf 91' lang='lat' dir='ltr'>non</span> <span class='ocrx_word' id='word_1_490' title='bbox 3679 2441 3809 2494; x_wconf 82' lang='lat' dir='ltr'>fue-</span> 
     </span>
    </p>
   </div>
   <div class='ocr_carea' id='block_1_73' title="bbox 2167 2521 3809 2612">
    <p class='ocr_par' dir='ltr' id='par_1_73' title="bbox 2167 2521 3809 2612">
     <span class='ocr_line' id='line_1_74' title="bbox 2167 2521 3809 2612; baseline -0.016 -10"><span class='ocrx_word' id='word_1_491' title='bbox 2167 2521 2324 2603; x_wconf 88' lang='lat' dir='ltr'>runt.</span> <span class='ocrx_word' id='word_1_492' title='bbox 2356 2546 2438 2598; x_wconf 81' lang='lat' dir='ltr'><strong>Ex</strong></span> <span class='ocrx_word' id='word_1_493' title='bbox 2470 2543 2575 2597; x_wconf 91' lang='lat' dir='ltr'>isto</span> <span class='ocrx_word' id='word_1_494' title='bbox 2606 2553 2814 2612; x_wconf 82' lang='lat' dir='ltr'>genere</span> <span class='ocrx_word' id='word_1_495' title='bbox 2844 2535 3180 2590; x_wconf 67' lang='lat' dir='ltr'>daemonum</span> <span class='ocrx_word' id='word_1_496' title='bbox 3203 2530 3463 2612; x_wconf 78' lang='lat' dir='ltr'>socrates</span> <span class='ocrx_word' id='word_1_497' title='bbox 3488 2541 3600 2612; x_wconf 79' lang='lat' dir='ltr'>non</span> <span class='ocrx_word' id='word_1_498' title='bbox 3632 2521 3809 2611; x_wconf 42' lang='lat' dir='ltr'>habe-</span> 
     </span>
    </p>
   </div>
   <div class='ocr_carea' id='block_1_74' title="bbox 2168 2601 3816 2692">
    <p class='ocr_par' dir='ltr' id='par_1_74' title="bbox 2168 2601 3816 2692">
     <span class='ocr_line' id='line_1_75' title="bbox 2168 2601 3816 2692; baseline -0.017 -9"><span class='ocrx_word' id='word_1_499' title='bbox 2168 2601 2257 2682; x_wconf 81' lang='lat' dir='ltr'>ret</span> <span class='ocrx_word' id='word_1_500' title='bbox 2287 2627 2483 2692; x_wconf 88' lang='lat' dir='ltr'>deum,</span> <span class='ocrx_word' id='word_1_501' title='bbox 2515 2622 2562 2678; x_wconf 88' lang='lat' dir='ltr'>si</span> <span class='ocrx_word' id='word_1_502' title='bbox 2596 2601 2834 2676; x_wconf 68' lang='lat' dir='ltr'>haberet</span> <span class='ocrx_word' id='word_1_503' title='bbox 2863 2617 3043 2672; x_wconf 91' lang='lat' dir='ltr'>Deum</span> <span class='ocrx_word' id='word_1_504' title='bbox 3086 2614 3136 2667; x_wconf 74' lang='grc' dir='ltr'>ιε</span> <span class='ocrx_word' id='word_1_505' title='bbox 3171 2611 3273 2665; x_wconf 91' lang='lat' dir='ltr'>sed</span> <span class='ocrx_word' id='word_1_506' title='bbox 3307 2610 3551 2692; x_wconf 82' lang='lat' dir='ltr'>fortasse</span> <span class='ocrx_word' id='word_1_507' title='bbox 3588 2601 3816 2692; x_wconf 68' lang='lat' dir='ltr'>homini</span> 
     </span>
    </p>
   </div>
   <div class='ocr_carea' id='block_1_75' title="bbox 2167 2680 3819 2764">
    <p class='ocr_par' dir='ltr' id='par_1_75' title="bbox 2167 2680 3819 2764">
     <span class='ocr_line' id='line_1_76' title="bbox 2167 2680 3819 2764; baseline -0.018 0"><span class='ocrx_word' id='word_1_508' title='bbox 2167 2680 2372 2764; x_wconf 39' lang='lat' dir='ltr'>ab—illa</span> <span class='ocrx_word' id='word_1_509' title='bbox 2401 2680 2523 2760; x_wconf 77' lang='lat' dir='ltr'>arte</span> <span class='ocrx_word' id='word_1_510' title='bbox 2571 2699 2816 2757; x_wconf 80' lang='lat' dir='ltr'>faciendi</span> <span class='ocrx_word' id='word_1_511' title='bbox 2845 2699 2985 2752; x_wconf 85' lang='lat' dir='ltr'>deos</span> <span class='ocrx_word' id='word_1_512' title='bbox 3030 2692 3217 2749; x_wconf 90' lang='lat' dir='ltr'>alieno</span> <span class='ocrx_word' id='word_1_513' title='bbox 3256 2694 3314 2744; x_wconf 88' lang='lat' dir='ltr'>et</span> <span class='ocrx_word' id='word_1_514' title='bbox 3359 2683 3678 2750; x_wconf 88' lang='lat' dir='ltr'>innocenti,</span> <span class='ocrx_word' id='word_1_515' title='bbox 3729 2680 3819 2764; x_wconf 79' lang='lat' dir='ltr'>illi</span> 
     </span>
    </p>
   </div>
   <div class='ocr_carea' id='block_1_76' title="bbox 2167 2761 3819 2857">
    <p class='ocr_par' dir='ltr' id='par_1_76' title="bbox 2167 2761 3819 2857">
     <span class='ocr_line' id='line_1_77' title="bbox 2167 2761 3819 2857; baseline -0.018 -13"><span class='ocrx_word' id='word_1_516' title='bbox 2167 2783 2613 2857; x_wconf 88' lang='lat' dir='ltr'>importaverint</span> <span class='ocrx_word' id='word_1_517' title='bbox 2642 2781 2816 2836; x_wconf 88' lang='lat' dir='ltr'>talem</span> <span class='ocrx_word' id='word_1_518' title='bbox 2867 2777 3065 2842; x_wconf 90' lang='lat' dir='ltr'>deum,</span> <span class='ocrx_word' id='word_1_519' title='bbox 3098 2772 3426 2857; x_wconf 38' lang='lat' dir='ltr'>qui‘eadem</span> <span class='ocrx_word' id='word_1_520' title='bbox 3467 2774 3588 2820; x_wconf 89' lang='lat' dir='ltr'>arte</span> <span class='ocrx_word' id='word_1_521' title='bbox 3625 2761 3819 2855; x_wconf 79' lang='lat' dir='ltr'>excel-</span> 
     </span>
    </p>
   </div>
   <div class='ocr_carea' id='block_1_77' title="bbox 2167 2845 3823 2930">
    <p class='ocr_par' dir='ltr' id='par_1_77' title="bbox 2167 2845 3823 2930">
     <span class='ocr_line' id='line_1_78' title="bbox 2167 2845 3823 2930; baseline -0.018 -5"><span class='ocrx_word' id='word_1_522' title='bbox 2167 2845 2284 2925; x_wconf 79' lang='lat' dir='ltr'>lere</span> <span class='ocrx_word' id='word_1_523' title='bbox 2317 2866 2640 2922; x_wconf 87' lang='lat' dir='ltr'>voluerunt.</span> <span class='ocrx_word' id='word_1_524' title='bbox 2673 2860 2818 2927; x_wconf 88' lang='lat' dir='ltr'>Quid</span> <span class='ocrx_word' id='word_1_525' title='bbox 2850 2874 2987 2930; x_wconf 87' lang='lat' dir='ltr'>ergo</span> <span class='ocrx_word' id='word_1_526' title='bbox 3015 2850 3223 2926; x_wconf 82' lang='lat' dir='ltr'>plura?</span> <span class='ocrx_word' id='word_1_527' title='bbox 3252 2849 3376 2905; x_wconf 88' lang='lat' dir='ltr'>Non</span> <span class='ocrx_word' id='word_1_528' title='bbox 3407 2862 3536 2902; x_wconf 90' lang='lat' dir='ltr'>esse</span> <span class='ocrx_word' id='word_1_529' title='bbox 3565 2845 3823 2930; x_wconf 87' lang='lat' dir='ltr'>spiritus</span> 
     </span>
    </p>
   </div>
   <div class='ocr_carea' id='block_1_78' title="bbox 2166 2928 3824 3013">
    <p class='ocr_par' dir='ltr' id='par_1_78' title="bbox 2166 2928 3824 3013">
     <span class='ocr_line' id='line_1_79' title="bbox 2166 2928 3824 3013; baseline -0.017 -7"><span class='ocrx_word' id='word_1_530' title='bbox 2166 2951 2312 3006; x_wconf 87' lang='lat' dir='ltr'>istos</span> <span class='ocrx_word' id='word_1_531' title='bbox 2364 2945 2638 3003; x_wconf 90' lang='lat' dir='ltr'>colendos</span> <span class='ocrx_word' id='word_1_532' title='bbox 2699 2928 2942 3013; x_wconf 35' lang='lat' dir='ltr'>pr0pter&#39;</span> <span class='ocrx_word' id='word_1_533' title='bbox 2983 2937 3158 2990; x_wconf 89' lang='lat' dir='ltr'>vitam</span> <span class='ocrx_word' id='word_1_534' title='bbox 3205 2933 3455 3013; x_wconf 83' lang='lat' dir='ltr'>beatam,</span> <span class='ocrx_word' id='word_1_535' title='bbox 3505 2942 3631 2997; x_wconf 77' lang='lat' dir='ltr'>quae</span> <span class='ocrx_word' id='word_1_536' title='bbox 3678 2928 3824 3013; x_wconf 81' lang='lat' dir='ltr'>post</span> 
     </span>
    </p>
   </div>
   <div class='ocr_carea' id='block_1_79' title="bbox 2171 3005 3818 3086">
    <p class='ocr_par' dir='ltr' id='par_1_79' title="bbox 2171 3005 3818 3086">
     <span class='ocr_line' id='line_1_80' title="bbox 2171 3005 3818 3086; baseline -0.018 0"><span class='ocrx_word' id='word_1_537' title='bbox 2171 3005 2415 3086; x_wconf 82' lang='lat' dir='ltr'>mortem</span> <span class='ocrx_word' id='word_1_538' title='bbox 2452 3029 2644 3081; x_wconf 88' lang='lat' dir='ltr'>futura</span> <span class='ocrx_word' id='word_1_539' title='bbox 2670 3005 2777 3086; x_wconf 78' lang='lat' dir='ltr'>est,</span> <span class='ocrx_word' id='word_1_540' title='bbox 2806 3005 3009 3076; x_wconf 81' lang='lat' dir='ltr'>nullus</span> <span class='ocrx_word' id='word_1_541' title='bbox 3038 3017 3124 3071; x_wconf 90' lang='lat' dir='ltr'>vel</span> <span class='ocrx_word' id='word_1_542' title='bbox 3157 3009 3520 3070; x_wconf 86' lang='lat' dir='ltr'>mediocriter</span> <span class='ocrx_word' id='word_1_543' title='bbox 3549 3005 3818 3086; x_wconf 86' lang='lat' dir='ltr'>prudens</span> 
     </span>
    </p>
   </div>
   <div class='ocr_carea' id='block_1_80' title="bbox 2170 3085 3816 3180">
    <p class='ocr_par' dir='ltr' id='par_1_80' title="bbox 2170 3085 3816 3180">
     <span class='ocr_line' id='line_1_81' title="bbox 2170 3085 3816 3180; baseline -0.018 -12"><span class='ocrx_word' id='word_1_544' title='bbox 2170 3085 2436 3180; x_wconf 74' lang='lat' dir='ltr'>ambigit.</span> <span class='ocrx_word' id='word_1_545' title='bbox 2489 3105 2600 3162; x_wconf 89' lang='lat' dir='ltr'>Sed</span> <span class='ocrx_word' id='word_1_546' title='bbox 2637 3085 2881 3159; x_wconf 76' lang='lat' dir='ltr'>fortasse</span> <span class='ocrx_word' id='word_1_547' title='bbox 2924 3095 3134 3154; x_wconf 91' lang='lat' dir='ltr'>dicturi</span> <span class='ocrx_word' id='word_1_548' title='bbox 3177 3098 3336 3161; x_wconf 87' lang='lat' dir='ltr'>sunt,</span> <span class='ocrx_word' id='word_1_549' title='bbox 3387 3091 3525 3180; x_wconf 78' lang='lat' dir='ltr'>deos</span> <span class='ocrx_word' id='word_1_550' title='bbox 3571 3085 3816 3180; x_wconf 70' lang='lat' dir='ltr'>quidem</span> 
     </span>
    </p>
   </div>
   <div class='ocr_carea' id='block_1_81' title="bbox 2170 3166 3815 3251">
    <p class='ocr_par' dir='ltr' id='par_1_81' title="bbox 2170 3166 3815 3251">
     <span class='ocr_line' id='line_1_82' title="bbox 2170 3166 3815 3251; baseline -0.019 -1"><span class='ocrx_word' id='word_1_551' title='bbox 2170 3209 2300 3251; x_wconf 89' lang='lat' dir='ltr'>esse</span> <span class='ocrx_word' id='word_1_552' title='bbox 2334 3166 2541 3247; x_wconf 63' lang='lat' dir='ltr'>omnes</span> <span class='ocrx_word' id='word_1_553' title='bbox 2591 3187 2792 3251; x_wconf 91' lang='lat' dir='ltr'>bonos,</span> <span class='ocrx_word' id='word_1_554' title='bbox 2841 3183 3127 3237; x_wconf 66' lang='lat' dir='ltr'>daemones</span> <span class='ocrx_word' id='word_1_555' title='bbox 3172 3186 3364 3233; x_wconf 88' lang='lat' dir='ltr'>autem</span> <span class='ocrx_word' id='word_1_556' title='bbox 3413 3172 3558 3227; x_wconf 88' lang='lat' dir='ltr'>alios</span> <span class='ocrx_word' id='word_1_557' title='bbox 3607 3166 3815 3232; x_wconf 85' lang='lat' dir='ltr'>malos,</span> 
     </span>
    </p>
   </div>
   <div class='ocr_carea' id='block_1_82' title="bbox 2169 3253 3818 3333">
    <p class='ocr_par' dir='ltr' id='par_1_82' title="bbox 2169 3253 3818 3333">
     <span class='ocr_line' id='line_1_83' title="bbox 2169 3253 3818 3333; baseline -0.019 -3"><span class='ocrx_word' id='word_1_558' title='bbox 2169 3274 2314 3330; x_wconf 87' lang='lat' dir='ltr'>alios</span> <span class='ocrx_word' id='word_1_559' title='bbox 2347 3272 2560 3327; x_wconf 86' lang='lat' dir='ltr'>bonos:</span> <span class='ocrx_word' id='word_1_560' title='bbox 2593 3274 2650 3322; x_wconf 91' lang='lat' dir='ltr'>et</span> <span class='ocrx_word' id='word_1_561' title='bbox 2679 3283 2777 3321; x_wconf 91' lang='lat' dir='ltr'>eos</span> <span class='ocrx_word' id='word_1_562' title='bbox 2811 3279 2909 3333; x_wconf 90' lang='lat' dir='ltr'>per</span> <span class='ocrx_word' id='word_1_563' title='bbox 2942 3276 3097 3332; x_wconf 90' lang='lat' dir='ltr'>quos</span> <span class='ocrx_word' id='word_1_564' title='bbox 3129 3261 3196 3312; x_wconf 91' lang='lat' dir='ltr'>ad</span> <span class='ocrx_word' id='word_1_565' title='bbox 3230 3258 3407 3310; x_wconf 90' lang='lat' dir='ltr'>vitam</span> <span class='ocrx_word' id='word_1_566' title='bbox 3439 3253 3497 3306; x_wconf 93' lang='lat' dir='ltr'><strong>in</strong></span> <span class='ocrx_word' id='word_1_567' title='bbox 3530 3255 3818 3333; x_wconf 68' lang='lat' dir='ltr'>aeternum</span> 
     </span>
    </p>
   </div>
   <div class='ocr_carea' id='block_1_83' title="bbox 2171 3329 3815 3420">
    <p class='ocr_par' dir='ltr' id='par_1_83' title="bbox 2171 3329 3815 3420">
     <span class='ocr_line' id='line_1_84' title="bbox 2171 3329 3815 3420; baseline -0.018 -11"><span class='ocrx_word' id='word_1_568' title='bbox 2171 3355 2401 3409; x_wconf 89' lang='lat' dir='ltr'>beatam</span> <span class='ocrx_word' id='word_1_569' title='bbox 2468 3329 2876 3420; x_wconf 85' lang='lat' dir='ltr'>perveniamus</span> <span class='ocrx_word' id='word_1_570' title='bbox 2929 3329 3204 3396; x_wconf 83' lang='lat' dir='ltr'>colendos</span> <span class='ocrx_word' id='word_1_571' title='bbox 3275 3351 3404 3391; x_wconf 87' lang='lat' dir='ltr'>esse</span> <span class='ocrx_word' id='word_1_572' title='bbox 3465 3329 3815 3420; x_wconf 71' lang='lat' dir='ltr'>censebunt,</span> 
     </span>
    </p>
   </div>
   <div class='ocr_carea' id='block_1_84' title="bbox 2171 3406 3819 3508">
    <p class='ocr_par' dir='ltr' id='par_1_84' title="bbox 2171 3406 3819 3508">
     <span class='ocr_line' id='line_1_85' title="bbox 2171 3406 3819 3508; baseline -0.018 -16"><span class='ocrx_word' id='word_1_573' title='bbox 2171 3406 2324 3508; x_wconf 73' lang='lat' dir='ltr'>quos</span> <span class='ocrx_word' id='word_1_574' title='bbox 2370 3406 2553 3487; x_wconf 76' lang='lat' dir='ltr'>bonos</span> <span class='ocrx_word' id='word_1_575' title='bbox 2609 3429 2941 3508; x_wconf 81' lang='lat' dir='ltr'>opinantur.</span> <span class='ocrx_word' id='word_1_576' title='bbox 2985 3419 3166 3508; x_wconf 28' lang='lat' dir='ltr'>‘Quod</span> <span class='ocrx_word' id='word_1_577' title='bbox 3207 3416 3383 3508; x_wconf 82' lang='lat' dir='ltr'>quale</span> <span class='ocrx_word' id='word_1_578' title='bbox 3432 3416 3527 3483; x_wconf 87' lang='lat' dir='ltr'>sit,</span> <span class='ocrx_word' id='word_1_579' title='bbox 3580 3411 3703 3481; x_wconf 84' lang='lat' dir='ltr'>jam</span> <span class='ocrx_word' id='word_1_580' title='bbox 3754 3406 3819 3462; x_wconf 88' lang='lat' dir='ltr'>in</span> 
     </span>
    </p>
   </div>
   <div class='ocr_carea' id='block_1_85' title="bbox 2170 3504 3243 3583">
    <p class='ocr_par' dir='ltr' id='par_1_85' title="bbox 2170 3504 3243 3583">
     <span class='ocr_line' id='line_1_86' title="bbox 2170 3504 3243 3583; baseline -0.02 -8"><span class='ocrx_word' id='word_1_581' title='bbox 2170 3504 2467 3574; x_wconf 72' lang='lat' dir='ltr'>volumine</span> <span class='ocrx_word' id='word_1_582' title='bbox 2496 3508 2760 3583; x_wconf 90' lang='lat' dir='ltr'>sequenti</span> <span class='ocrx_word' id='word_1_583' title='bbox 2792 3504 3104 3563; x_wconf 88' lang='lat' dir='ltr'>videndum</span> <span class='ocrx_word' id='word_1_584' title='bbox 3134 3505 3243 3556; x_wconf 87' lang='lat' dir='ltr'>est.</span> 
     </span>
    </p>
   </div>
   <div class='ocr_carea' id='block_1_86' title="bbox 2239 3754 3824 3835">
    <p class='ocr_par' dir='ltr' id='par_1_86' title="bbox 2239 3754 3824 3835">
     <span class='ocr_line' id='line_1_87' title="bbox 2239 3754 3824 3835; baseline -0.017 -4"><span class='ocrx_word' id='word_1_585' title='bbox 2239 3787 2255 3821; x_wconf 79' lang='grc'><strong>1</strong></span> <span class='ocrx_word' id='word_1_586' title='bbox 2292 3782 2481 3835; x_wconf 85' lang='lat' dir='ltr'>Verba.</span> <span class='ocrx_word' id='word_1_587' title='bbox 2513 3779 2563 3828; x_wconf 83' lang='lat' dir='ltr'>si</span> <span class='ocrx_word' id='word_1_588' title='bbox 2592 3777 2807 3828; x_wconf 73' lang='lat' dir='ltr'>haberet</span> <span class='ocrx_word' id='word_1_589' title='bbox 2855 3774 3050 3828; x_wconf 76' lang='lat' dir='ltr'>Deum,</span> <span class='ocrx_word' id='word_1_590' title='bbox 3095 3766 3293 3819; x_wconf 87' lang='lat' dir='ltr'>absunt</span> <span class='ocrx_word' id='word_1_591' title='bbox 3320 3777 3354 3814; x_wconf 87' lang='lat' dir='ltr'>a</span> <span class='ocrx_word' id='word_1_592' title='bbox 3397 3761 3520 3813; x_wconf 80' lang='lat' dir='ltr'>Mss.</span> <span class='ocrx_word' id='word_1_593' title='bbox 3548 3757 3661 3818; x_wconf 88' lang='lat'>766,</span> <span class='ocrx_word' id='word_1_594' title='bbox 3689 3754 3824 3805; x_wconf 75' lang='lat'>2050</span> 
     </span>
    </p>
   </div>
   <div class='ocr_carea' id='block_1_87' title="bbox 2171 3844 2488 3898">
    <p class='ocr_par' dir='ltr' id='par_1_87' title="bbox 2171 3844 2488 3898">
     <span class='ocr_line' id='line_1_88' title="bbox 2171 3844 2488 3898; baseline -0.025 1"><span class='ocrx_word' id='word_1_595' title='bbox 2171 3850 2227 3898; x_wconf 89' lang='lat' dir='ltr'>et</span> <span class='ocrx_word' id='word_1_596' title='bbox 2248 3846 2391 3896; x_wconf 74' lang='lat'>2053.</span> <span class='ocrx_word' id='word_1_597' title='bbox 2422 3844 2488 3892; x_wconf 85' lang='lat' dir='ltr'>M.</span> 
     </span>
    </p>
   </div>
   <div class='ocr_carea' id='block_1_88' title="bbox 2233 3901 2759 3973">
    <p class='ocr_par' dir='ltr' id='par_1_88' title="bbox 2233 3901 2759 3973">
     <span class='ocr_line' id='line_1_89' title="bbox 2233 3901 2759 3973; baseline -0.017 -13"><span class='ocrx_word' id='word_1_598' title='bbox 2233 3913 2315 3973; x_wconf 82' lang='lat' dir='ltr'>(a)</span> <span class='ocrx_word' id='word_1_599' title='bbox 2342 3909 2532 3971; x_wconf 82' lang='lat' dir='ltr'>Supra,</span> <span class='ocrx_word' id='word_1_600' title='bbox 2563 3917 2678 3966; x_wconf 82' lang='lat' dir='ltr'>cap.</span> <span class='ocrx_word' id='word_1_601' title='bbox 2708 3901 2759 3951; x_wconf 89' lang='grc'>5.</span> 
     </span>
    </p>
   </div>
   <div class='ocr_carea' id='block_1_89' title="bbox 413 4076 3813 4127">
    <p class='ocr_par' dir='ltr' id='par_1_89' title="bbox 413 4076 3813 4127">
     <span class='ocr_line' id='line_1_90' title="bbox 413 4076 3813 4127; baseline -0.008 -11"><span class='ocrx_word' id='word_1_602' title='bbox 413 4076 3813 4127; x_wconf 79' lang='lat'>________________________________________—</span> 
     </span>
    </p>
   </div>
   <div class='ocr_carea' id='block_1_90' title="bbox 1461 4209 2786 4356">
    <p class='ocr_par' dir='ltr' id='par_1_90' title="bbox 1461 4209 2786 4356">
     <span class='ocr_line' id='line_1_91' title="bbox 1461 4209 2786 4356; baseline -0.01 -1"><span class='ocrx_word' id='word_1_603' title='bbox 1461 4219 2016 4356; x_wconf 76' lang='lat' dir='ltr'><strong><em>LIBER</em></strong></span> <span class='ocrx_word' id='word_1_604' title='bbox 2120 4209 2786 4354; x_wconf 85' lang='lat' dir='ltr'>NONUS.</span> 
     </span>
    </p>
   </div>
   <div class='ocr_carea' id='block_1_91' title="bbox 421 4398 3884 4494">
    <p class='ocr_par' dir='ltr' id='par_1_91' title="bbox 421 4398 3884 4494">
     <span class='ocr_line' id='line_1_92' title="bbox 421 4398 3884 4494; baseline -0.007 -12"><span class='ocrx_word' id='word_1_605' title='bbox 421 4432 708 4492; x_wconf 85' lang='lat' dir='ltr'>Postquam</span> <span class='ocrx_word' id='word_1_606' title='bbox 737 4429 874 4479; x_wconf 84' lang='lat' dir='ltr'>dixit</span> <span class='ocrx_word' id='word_1_607' title='bbox 901 4429 956 4478; x_wconf 90' lang='lat' dir='ltr'>in</span> <span class='ocrx_word' id='word_1_608' title='bbox 991 4431 1260 4494; x_wconf 88' lang='lat' dir='ltr'>superiore</span> <span class='ocrx_word' id='word_1_609' title='bbox 1285 4430 1422 4480; x_wconf 89' lang='lat' dir='ltr'>libro</span> <span class='ocrx_word' id='word_1_610' title='bbox 1451 4431 1515 4480; x_wconf 89' lang='lat' dir='ltr'>de</span> <span class='ocrx_word' id='word_1_611' title='bbox 1543 4431 1840 4494; x_wconf 85' lang='lat' dir='ltr'>abjiciendo</span> <span class='ocrx_word' id='word_1_612' title='bbox 1873 4431 2202 4494; x_wconf 78' lang='lat' dir='ltr'>daemonum</span> <span class='ocrx_word' id='word_1_613' title='bbox 2223 4425 2389 4481; x_wconf 89' lang='lat' dir='ltr'>cultu,</span> <span class='ocrx_word' id='word_1_614' title='bbox 2414 4423 2614 4494; x_wconf 77' lang='lat' dir='ltr'>quippe</span> <span class='ocrx_word' id='word_1_615' title='bbox 2642 4420 2734 4481; x_wconf 89' lang='lat' dir='ltr'>qui</span> <span class='ocrx_word' id='word_1_616' title='bbox 2783 4403 3428 4494; x_wconf 42' lang='lat' dir='ltr'>spiritusmalps‘gglyg</span> <span class='ocrx_word' id='word_1_617' title='bbox 3712 4398 3831 4494; x_wconf 53' lang='grc' dir='ltr'>ἓξὲξ</span> <span class='ocrx_word' id='word_1_618' title='bbox 3881 4422 3884 4426; x_wconf 81' lang='lat'><strong><em>&#39;</em></strong></span> 
     </span>
    </p>
   </div>
   <div class='ocr_carea' id='block_1_92' title="bbox 487 4487 2430 4556">
    <p class='ocr_par' dir='ltr' id='par_1_92' title="bbox 487 4487 2430 4556">
     <span class='ocr_line' id='line_1_93' title="bbox 487 4487 2430 4556; baseline -0.005 -13"><span class='ocrx_word' id='word_1_619' title='bbox 487 4487 671 4543; x_wconf 81' lang='lat' dir='ltr'>multis</span> <span class='ocrx_word' id='word_1_620' title='bbox 699 4487 1076 4556; x_wconf 54' lang='lat' dir='ltr'>argumentis:</span> <span class='ocrx_word' id='word_1_621' title='bbox 1104 4495 1161 4542; x_wconf 92' lang='lat' dir='ltr'>in</span> <span class='ocrx_word' id='word_1_622' title='bbox 1190 4495 1291 4544; x_wconf 88' lang='lat' dir='ltr'>isto</span> <span class='ocrx_word' id='word_1_623' title='bbox 1319 4495 1426 4556; x_wconf 87' lang='lat' dir='ltr'>jam</span> <span class='ocrx_word' id='word_1_624' title='bbox 1461 4495 1597 4544; x_wconf 90' lang='lat' dir='ltr'>libro</span> <span class='ocrx_word' id='word_1_625' title='bbox 1611 4487 1692 4542; x_wconf 64' lang='lat' dir='ltr'>&#39;iis</span> <span class='ocrx_word' id='word_1_626' title='bbox 1728 4494 1957 4543; x_wconf 87' lang='lat' dir='ltr'>occurrit</span> <span class='ocrx_word' id='word_1_627' title='bbox 1985 4487 2430 4556; x_wconf 78' lang='lat' dir='ltr'>Augustinus,qui</span> 
     </span>
    </p>
   </div>
   <div class='ocr_carea' id='block_1_93' title="bbox 2454 4465 3831 4534">
    <p class='ocr_par' dir='ltr' id='par_1_93' title="bbox 2454 4465 3831 4534">
     <span class='ocr_line' id='line_1_94' title="bbox 2454 4465 3831 4534; baseline -0.02 0"><span class='ocrx_word' id='word_1_628' title='bbox 2454 4465 3167 4534; x_wconf 11' lang='lat' dir='ltr'>dulcimonumﬁdiﬂerentiam</span> <span class='ocrx_word' id='word_1_629' title='bbox 3195 4465 3682 4534; x_wconf 26' lang='lat' dir='ltr'>atterunt‘aliorum</span> <span class='ocrx_word' id='word_1_630' title='bbox 3714 4473 3831 4508; x_wconf 81' lang='lat' dir='ltr'>ma-</span> 
     </span>
    </p>
   </div>
   <div class='ocr_carea' id='block_1_94' title="bbox 484 4527 3836 4621">
    <p class='ocr_par' dir='ltr' id='par_1_94' title="bbox 484 4527 3836 4621">
     <span class='ocr_line' id='line_1_95' title="bbox 484 4527 3836 4621; baseline -0.011 -15"><span class='ocrx_word' id='word_1_631' title='bbox 484 4559 677 4621; x_wconf 86' lang='lat' dir='ltr'>lorum.</span> <span class='ocrx_word' id='word_1_632' title='bbox 712 4527 941 4621; x_wconf 57' lang='lat' dir='ltr'>aliorum</span> <span class='ocrx_word' id='word_1_633' title='bbox 969 4527 1236 4608; x_wconf 60' lang='lat' dir='ltr'>bonorun:</span> <span class='ocrx_word' id='word_1_634' title='bbox 1252 4527 2782 4621; x_wconf 44' lang='lat' dir='ltr'>:&quot;cfui&#39;iﬁé‘é&quot;éx&#39;ﬁioiivdiiiéiéiiii’i‘iiiSBéi‘Bhﬁi&#39;3113:1111?</span> <span class='ocrx_word' id='word_1_635' title='bbox 2825 4538 3088 4593; x_wconf 86' lang='lat' dir='ltr'>daemoni.</span> <span class='ocrx_word' id='word_1_636' title='bbox 3133 4535 3224 4585; x_wconf 84' lang='lat' dir='ltr'>sed</span> <span class='ocrx_word' id='word_1_637' title='bbox 3268 4531 3366 4582; x_wconf 86' lang='lat' dir='ltr'>uni</span> <span class='ocrx_word' id='word_1_638' title='bbox 3393 4527 3602 4578; x_wconf 82' lang='lat' dir='ltr'>Christo</span> <span class='ocrx_word' id='word_1_639' title='bbox 3630 4535 3836 4573; x_wconf 87' lang='lat' dir='ltr'>munus</span> 
     </span>
    </p>
   </div>
   <div class='ocr_carea' id='block_1_95' title="bbox 486 4620 2117 4683">
    <p class='ocr_par' dir='ltr' id='par_1_95' title="bbox 486 4620 2117 4683">
     <span class='ocr_line' id='line_1_96' title="bbox 486 4620 2117 4683; baseline -0.003 -13"><span class='ocrx_word' id='word_1_640' title='bbox 486 4620 794 4671; x_wconf 81' lang='lat' dir='ltr'>mediatoris</span> <span class='ocrx_word' id='word_1_641' title='bbox 825 4620 1102 4672; x_wconf 85' lang='lat' dir='ltr'>hominum</span> <span class='ocrx_word' id='word_1_642' title='bbox 1123 4622 1192 4671; x_wconf 87' lang='lat' dir='ltr'>ad</span> <span class='ocrx_word' id='word_1_643' title='bbox 1219 4621 1601 4672; x_wconf 85' lang='lat' dir='ltr'>beatitudinem</span> <span class='ocrx_word' id='word_1_644' title='bbox 1643 4620 1780 4672; x_wconf 87' lang='lat' dir='ltr'>osse</span> <span class='ocrx_word' id='word_1_645' title='bbox 1807 4621 2117 4683; x_wconf 90' lang='lat' dir='ltr'>competere.</span> 
     </span>
    </p>
   </div>
   <div class='ocr_carea' id='block_1_96' title="bbox 1861 4729 2405 4783">
    <p class='ocr_par' dir='ltr' id='par_1_96' title="bbox 1861 4729 2405 4783">
     <span class='ocr_line' id='line_1_97' title="bbox 1861 4729 2405 4783; baseline -0.018 1"><span class='ocrx_word' id='word_1_646' title='bbox 1861 4729 2405 4783; x_wconf 64' lang='lat' dir='ltr'>W-</span> 
     </span>
    </p>
   </div>
   <div class='ocr_carea' id='block_1_97' title="bbox 426 4886 2071 4966">
    <p class='ocr_par' dir='ltr' id='par_1_97' title="bbox 426 4886 2071 4966">
     <span class='ocr_line' id='line_1_98' title="bbox 426 4886 2071 4966; baseline -0.004 -16"><span class='ocrx_word' id='word_1_647' title='bbox 426 4893 654 4952; x_wconf 88' lang='lat' dir='ltr'>CAPUT</span> <span class='ocrx_word' id='word_1_648' title='bbox 682 4892 988 4950; x_wconf 82' lang='lat' dir='ltr'>PRIMUM.</span> <span class='ocrx_word' id='word_1_649' title='bbox 1031 4924 1100 4935; x_wconf 90' lang='lat'>--</span> <span class='ocrx_word' id='word_1_650' title='bbox 1129 4893 1212 4950; x_wconf 84' lang='lat' dir='ltr'>Ad</span> <span class='ocrx_word' id='word_1_651' title='bbox 1239 4908 1398 4966; x_wconf 81' lang='lat' dir='ltr'>quem</span> <span class='ocrx_word' id='word_1_652' title='bbox 1441 4891 1738 4947; x_wconf 78' lang='lat' dir='ltr'>articulum</span> <span class='ocrx_word' id='word_1_653' title='bbox 1768 4886 2071 4960; x_wconf 74' lang='lat' dir='ltr'>disputatio</span> 
     </span>
    </p>
   </div>
   <div class='ocr_carea' id='block_1_98' title="bbox 496 4967 2072 5048">
    <p class='ocr_par' dir='ltr' id='par_1_98' title="bbox 496 4967 2072 5048">
     <span class='ocr_line' id='line_1_99' title="bbox 496 4967 2072 5048; baseline -0.004 -17"><span class='ocrx_word' id='word_1_654' title='bbox 496 4974 791 5048; x_wconf 69' lang='lat' dir='ltr'>praemissa</span> <span class='ocrx_word' id='word_1_655' title='bbox 834 4976 1167 5046; x_wconf 83' lang='lat' dir='ltr'>pervenerit,</span> <span class='ocrx_word' id='word_1_656' title='bbox 1207 4973 1422 5046; x_wconf 82' lang='lat' dir='ltr'>etquid</span> <span class='ocrx_word' id='word_1_657' title='bbox 1463 4969 1865 5028; x_wconf 82' lang='lat' dir='ltr'>discutiendum</span> <span class='ocrx_word' id='word_1_658' title='bbox 1910 4967 1982 5024; x_wconf 85' lang='lat' dir='ltr'>sit</span> <span class='ocrx_word' id='word_1_659' title='bbox 2008 4967 2072 5024; x_wconf 82' lang='lat' dir='ltr'>de</span> 
     </span>
    </p>
   </div>
   <div class='ocr_carea' id='block_1_99' title="bbox 497 5055 1064 5127">
    <p class='ocr_par' dir='ltr' id='par_1_99' title="bbox 497 5055 1064 5127">
     <span class='ocr_line' id='line_1_100' title="bbox 497 5055 1064 5127; baseline -0.004 -14"><span class='ocrx_word' id='word_1_660' title='bbox 497 5055 720 5113; x_wconf 78' lang='lat' dir='ltr'>residua</span> <span class='ocrx_word' id='word_1_661' title='bbox 744 5057 1064 5127; x_wconf 53' lang='lat' dir='ltr'>quastione.</span> 
     </span>
    </p>
   </div>
   <div class='ocr_carea' id='block_1_100' title="bbox 497 5184 2071 5261">
    <p class='ocr_par' dir='ltr' id='par_1_100' title="bbox 497 5184 2071 5261">
     <span class='ocr_line' id='line_1_101' title="bbox 497 5184 2071 5261; baseline -0.006 -11"><span class='ocrx_word' id='word_1_662' title='bbox 497 5195 568 5251; x_wconf 87' lang='lat' dir='ltr'>Et</span> <span class='ocrx_word' id='word_1_663' title='bbox 625 5192 810 5249; x_wconf 86' lang='lat' dir='ltr'>bonos</span> <span class='ocrx_word' id='word_1_664' title='bbox 857 5194 914 5247; x_wconf 90' lang='lat' dir='ltr'>et</span> <span class='ocrx_word' id='word_1_665' title='bbox 960 5190 1147 5247; x_wconf 91' lang='lat' dir='ltr'>malos</span> <span class='ocrx_word' id='word_1_666' title='bbox 1192 5191 1333 5246; x_wconf 90' lang='lat' dir='ltr'>deos</span> <span class='ocrx_word' id='word_1_667' title='bbox 1381 5205 1504 5246; x_wconf 89' lang='lat' dir='ltr'>esse</span> <span class='ocrx_word' id='word_1_668' title='bbox 1556 5187 1797 5261; x_wconf 91' lang='lat' dir='ltr'>quidam</span> <span class='ocrx_word' id='word_1_669' title='bbox 1855 5184 2071 5257; x_wconf 91' lang='lat' dir='ltr'>opinati</span> 
     </span>
    </p>
   </div>
   <div class='ocr_carea' id='block_1_101' title="bbox 429 5269 2072 5346">
    <p class='ocr_par' dir='ltr' id='par_1_101' title="bbox 429 5269 2072 5346">
     <span class='ocr_line' id='line_1_102' title="bbox 429 5269 2072 5346; baseline -0.007 -15"><span class='ocrx_word' id='word_1_670' title='bbox 429 5278 596 5332; x_wconf 88' lang='lat' dir='ltr'>sunt:</span> <span class='ocrx_word' id='word_1_671' title='bbox 651 5272 884 5346; x_wconf 88' lang='lat' dir='ltr'>quidam</span> <span class='ocrx_word' id='word_1_672' title='bbox 942 5287 1075 5327; x_wconf 89' lang='lat' dir='ltr'>vero</span> <span class='ocrx_word' id='word_1_673' title='bbox 1136 5271 1207 5326; x_wconf 90' lang='lat' dir='ltr'>de</span> <span class='ocrx_word' id='word_1_674' title='bbox 1255 5271 1365 5327; x_wconf 89' lang='lat' dir='ltr'>diis</span> <span class='ocrx_word' id='word_1_675' title='bbox 1438 5269 1675 5326; x_wconf 90' lang='lat' dir='ltr'>meliora</span> <span class='ocrx_word' id='word_1_676' title='bbox 1736 5269 2072 5334; x_wconf 87' lang='lat' dir='ltr'>sentientes,</span> 
     </span>
    </p>
   </div>
   <div class='ocr_carea' id='block_1_102' title="bbox 435 5346 2072 5424">
    <p class='ocr_par' dir='ltr' id='par_1_102' title="bbox 435 5346 2072 5424">
     <span class='ocr_line' id='line_1_103' title="bbox 435 5346 2072 5424; baseline -0.007 -13"><span class='ocrx_word' id='word_1_677' title='bbox 435 5361 659 5411; x_wconf 87' lang='lat' dir='ltr'>tantum</span> <span class='ocrx_word' id='word_1_678' title='bbox 693 5353 777 5410; x_wconf 87' lang='lat' dir='ltr'>eis</span> <span class='ocrx_word' id='word_1_679' title='bbox 821 5351 1057 5408; x_wconf 90' lang='lat' dir='ltr'>honoris</span> <span class='ocrx_word' id='word_1_680' title='bbox 1106 5351 1418 5424; x_wconf 90' lang='lat' dir='ltr'>laudisque</span> <span class='ocrx_word' id='word_1_681' title='bbox 1460 5351 1817 5416; x_wconf 89' lang='lat' dir='ltr'>tribuerunt,</span> <span class='ocrx_word' id='word_1_682' title='bbox 1851 5351 1915 5402; x_wconf 90' lang='lat' dir='ltr'>ut</span> <span class='ocrx_word' id='word_1_683' title='bbox 1944 5346 2072 5400; x_wconf 90' lang='lat' dir='ltr'>nul-</span> 
     </span>
    </p>
   </div>
   <div class='ocr_carea' id='block_1_103' title="bbox 429 5425 2075 5491">
    <p class='ocr_par' dir='ltr' id='par_1_103' title="bbox 429 5425 2075 5491">
     <span class='ocr_line' id='line_1_104' title="bbox 429 5425 2075 5491; baseline -0.005 -2"><span class='ocrx_word' id='word_1_684' title='bbox 429 5436 549 5490; x_wconf 90' lang='lat' dir='ltr'>lum</span> <span class='ocrx_word' id='word_1_685' title='bbox 609 5437 851 5491; x_wconf 88' lang='lat' dir='ltr'>deorum</span> <span class='ocrx_word' id='word_1_686' title='bbox 914 5432 1136 5488; x_wconf 91' lang='lat' dir='ltr'>malum</span> <span class='ocrx_word' id='word_1_687' title='bbox 1185 5435 1418 5488; x_wconf 90' lang='lat' dir='ltr'>credere</span> <span class='ocrx_word' id='word_1_688' title='bbox 1472 5432 1768 5487; x_wconf 84' lang='lat' dir='ltr'>auderent.</span> <span class='ocrx_word' id='word_1_689' title='bbox 1833 5428 1936 5484; x_wconf 90' lang='lat' dir='ltr'>Sed</span> <span class='ocrx_word' id='word_1_690' title='bbox 1992 5425 2075 5481; x_wconf 92' lang='lat' dir='ltr'>illi</span> 
     </span>
    </p>
   </div>
   <div class='ocr_carea' id='block_1_104' title="bbox 434 5508 2077 5587">
    <p class='ocr_par' dir='ltr' id='par_1_104' title="bbox 434 5508 2077 5587">
     <span class='ocr_line' id='line_1_105' title="bbox 434 5508 2077 5587; baseline -0.005 -18"><span class='ocrx_word' id='word_1_691' title='bbox 434 5516 535 5585; x_wconf 91' lang='lat' dir='ltr'>qui</span> <span class='ocrx_word' id='word_1_692' title='bbox 584 5515 720 5570; x_wconf 87' lang='lat' dir='ltr'>deos</span> <span class='ocrx_word' id='word_1_693' title='bbox 779 5515 1066 5587; x_wconf 89' lang='lat' dir='ltr'>quosdam</span> <span class='ocrx_word' id='word_1_694' title='bbox 1115 5513 1321 5579; x_wconf 89' lang='lat' dir='ltr'>bonos,</span> <span class='ocrx_word' id='word_1_695' title='bbox 1374 5518 1656 5585; x_wconf 86' lang='lat' dir='ltr'>quosdam</span> <span class='ocrx_word' id='word_1_696' title='bbox 1717 5508 1898 5565; x_wconf 89' lang='lat' dir='ltr'>malos</span> <span class='ocrx_word' id='word_1_697' title='bbox 1951 5521 2077 5562; x_wconf 89' lang='lat' dir='ltr'>esse</span> 
     </span>
    </p>
   </div>
   <div class='ocr_carea' id='block_1_105' title="bbox 436 5590 2078 5667">
    <p class='ocr_par' dir='ltr' id='par_1_105' title="bbox 436 5590 2078 5667">
     <span class='ocr_line' id='line_1_106' title="bbox 436 5590 2078 5667; baseline -0.004 -17"><span class='ocrx_word' id='word_1_698' title='bbox 436 5595 728 5665; x_wconf 85' lang='lat' dir='ltr'>dixerunt,</span> <span class='ocrx_word' id='word_1_699' title='bbox 760 5597 1054 5651; x_wconf 75' lang='lat' dir='ltr'>daemones</span> <span class='ocrx_word' id='word_1_700' title='bbox 1101 5609 1336 5667; x_wconf 90' lang='lat' dir='ltr'>quoque</span> <span class='ocrx_word' id='word_1_701' title='bbox 1377 5592 1812 5665; x_wconf 86' lang='lat' dir='ltr'>appellaverunt</span> <span class='ocrx_word' id='word_1_702' title='bbox 1843 5590 2078 5645; x_wconf 89' lang='lat' dir='ltr'>nomine</span> 
     </span>
    </p>
   </div>
   <div class='ocr_carea' id='block_1_106' title="bbox 481 5670 2078 5746">
    <p class='ocr_par' dir='ltr' id='par_1_106' title="bbox 481 5670 2078 5746">
     <span class='ocr_line' id='line_1_107' title="bbox 481 5670 2078 5746; baseline -0.004 -16"><span class='ocrx_word' id='word_1_703' title='bbox 481 5687 725 5730; x_wconf 87' lang='lat' dir='ltr'>eorum:</span> <span class='ocrx_word' id='word_1_704' title='bbox 771 5689 1112 5746; x_wconf 83' lang='lat' dir='ltr'>quanquam</span> <span class='ocrx_word' id='word_1_705' title='bbox 1157 5681 1213 5732; x_wconf 90' lang='lat' dir='ltr'>et</span> <span class='ocrx_word' id='word_1_706' title='bbox 1242 5673 1401 5746; x_wconf 89' lang='lat' dir='ltr'>deos,</span> <span class='ocrx_word' id='word_1_707' title='bbox 1447 5673 1551 5729; x_wconf 88' lang='lat' dir='ltr'>sed</span> <span class='ocrx_word' id='word_1_708' title='bbox 1596 5671 1808 5741; x_wconf 88' lang='lat' dir='ltr'>rarius,</span> <span class='ocrx_word' id='word_1_709' title='bbox 1840 5670 2078 5724; x_wconf 89' lang='lat' dir='ltr'>nomine</span> 
     </span>
    </p>
   </div>
   <div class='ocr_carea' id='block_1_107' title="bbox 2180 4854 3839 4949">
    <p class='ocr_par' dir='ltr' id='par_1_107' title="bbox 2180 4854 3839 4949">
     <span class='ocr_line' id='line_1_108' title="bbox 2180 4854 3839 4949; baseline -0.021 -6"><span class='ocrx_word' id='word_1_710' title='bbox 2180 4887 2511 4941; x_wconf 73' lang='lat' dir='ltr'>daemonum</span> <span class='ocrx_word' id='word_1_711' title='bbox 2536 4899 2550 4949; x_wconf 89' lang='lat'><strong>;</strong></span> <span class='ocrx_word' id='word_1_712' title='bbox 2583 4879 2665 4933; x_wconf 86' lang='lat' dir='ltr'>ita</span> <span class='ocrx_word' id='word_1_713' title='bbox 2696 4877 2761 4930; x_wconf 91' lang='lat' dir='ltr'>ut</span> <span class='ocrx_word' id='word_1_714' title='bbox 2786 4871 2980 4942; x_wconf 91' lang='lat' dir='ltr'>ipsum</span> <span class='ocrx_word' id='word_1_715' title='bbox 3009 4867 3230 4934; x_wconf 82' lang='lat' dir='ltr'>Jovem,</span> <span class='ocrx_word' id='word_1_716' title='bbox 3261 4854 3671 4949; x_wconf 55' lang='lat' dir='ltr'>quemnvolunt</span> <span class='ocrx_word' id='word_1_717' title='bbox 3700 4865 3839 4949; x_wconf 67' lang='lat' dir='ltr'>esse</span> 
     </span>
    </p>
   </div>
   <div class='ocr_carea' id='block_1_108' title="bbox 2181 4931 3837 5030">
    <p class='ocr_par' dir='ltr' id='par_1_108' title="bbox 2181 4931 3837 5030">
     <span class='ocr_line' id='line_1_109' title="bbox 2181 4931 3837 5030; baseline -0.022 -9"><span class='ocrx_word' id='word_1_718' title='bbox 2181 4931 2373 5030; x_wconf 73' lang='lat' dir='ltr'>regem</span> <span class='ocrx_word' id='word_1_719' title='bbox 2424 4976 2490 5016; x_wconf 87' lang='lat' dir='ltr'>ao</span> <span class='ocrx_word' id='word_1_720' title='bbox 2536 4931 2857 5028; x_wconf 72' lang='lat' dir='ltr'>principem</span> <span class='ocrx_word' id='word_1_721' title='bbox 2905 4931 3687 5030; x_wconf 34' lang='lat' dir='ltr'>ceterorum-,iabuﬂomero</span> <span class='ocrx_word' id='word_1_722' title='bbox 3735 4931 3837 5024; x_wconf 48' lang='lat' dir='ltr'>fa:</span> 
     </span>
    </p>
   </div>
   <div class='ocr_carea' id='block_1_109' title="bbox 2181 5011 3840 5101">
    <p class='ocr_par' dir='ltr' id='par_1_109' title="bbox 2181 5011 3840 5101">
     <span class='ocr_line' id='line_1_110' title="bbox 2181 5011 3840 5101; baseline -0.022 1"><span class='ocrx_word' id='word_1_723' title='bbox 2181 5011 2761 5101; x_wconf 47' lang='lat' dir='ltr'>teanﬁ-ertemonem</span> <span class='ocrx_word' id='word_1_724' title='bbox 2789 5032 3199 5100; x_wconf 86' lang='lat' dir='ltr'>nuncupatum</span> <span class='ocrx_word' id='word_1_725' title='bbox 3233 5023 3334 5096; x_wconf 89' lang='lat' dir='ltr'>(a).</span> <span class='ocrx_word' id='word_1_726' title='bbox 3368 5019 3435 5075; x_wconf 83' lang='lat' dir='ltr'>Hi</span> <span class='ocrx_word' id='word_1_727' title='bbox 3476 5020 3694 5101; x_wconf 77' lang='lat' dir='ltr'>autem,</span> <span class='ocrx_word' id='word_1_728' title='bbox 3727 5011 3840 5084; x_wconf 86' lang='lat' dir='ltr'>qui</span> 
     </span>
    </p>
   </div>
   <div class='ocr_carea' id='block_1_110' title="bbox 2181 5092 3840 5187">
    <p class='ocr_par' dir='ltr' id='par_1_110' title="bbox 2181 5092 3840 5187">
     <span class='ocr_line' id='line_1_111' title="bbox 2181 5092 3840 5187; baseline -0.022 -2"><span class='ocrx_word' id='word_1_729' title='bbox 2181 5141 2386 5187; x_wconf 89' lang='lat' dir='ltr'>omnes</span> <span class='ocrx_word' id='word_1_730' title='bbox 2415 5124 2554 5178; x_wconf 89' lang='lat' dir='ltr'>deos</span> <span class='ocrx_word' id='word_1_731' title='bbox 2587 5113 2817 5174; x_wconf 86' lang='lat' dir='ltr'>nonnisi</span> <span class='ocrx_word' id='word_1_732' title='bbox 2849 5092 3036 5167; x_wconf 78' lang='lat' dir='ltr'>bonos</span> <span class='ocrx_word' id='word_1_733' title='bbox 3074 5122 3200 5164; x_wconf 89' lang='lat' dir='ltr'>esse</span> <span class='ocrx_word' id='word_1_734' title='bbox 3228 5092 3628 5187; x_wconf 28' lang='lat' dir='ltr'>asserunttet.</span> <span class='ocrx_word' id='word_1_735' title='bbox 3657 5092 3840 5187; x_wconf 78' lang='lat' dir='ltr'>longe</span> 
     </span>
    </p>
   </div>
   <div class='ocr_carea' id='block_1_111' title="bbox 2184 5175 3844 5282">
    <p class='ocr_par' dir='ltr' id='par_1_111' title="bbox 2184 5175 3844 5282">
     <span class='ocr_line' id='line_1_112' title="bbox 2184 5175 3844 5282; baseline -0.023 -17"><span class='ocrx_word' id='word_1_736' title='bbox 2184 5175 2614 5282; x_wconf 32' lang='lat' dir='ltr'>pFai-s-tanwtiores</span> <span class='ocrx_word' id='word_1_737' title='bbox 2645 5198 2730 5252; x_wconf 91' lang='lat' dir='ltr'>eis</span> <span class='ocrx_word' id='word_1_738' title='bbox 2773 5191 3110 5282; x_wconf 75' lang='lat' dir='ltr'>hominibus</span> <span class='ocrx_word' id='word_1_739' title='bbox 3141 5185 3242 5282; x_wconf 59' lang='lat' dir='ltr'>qui</span> <span class='ocrx_word' id='word_1_740' title='bbox 3274 5181 3410 5276; x_wconf 78' lang='lat' dir='ltr'>boni</span> <span class='ocrx_word' id='word_1_741' title='bbox 3442 5175 3844 5252; x_wconf 85' lang='lat' dir='ltr'>perhibentur</span> 
     </span>
    </p>
   </div>
   <div class='ocr_carea' id='block_1_112' title="bbox 2185 5262 3844 5356">
    <p class='ocr_par' dir='ltr' id='par_1_112' title="bbox 2185 5262 3844 5356">
     <span class='ocr_line' id='line_1_113' title="bbox 2185 5262 3844 5356; baseline -0.024 -8"><span class='ocrx_word' id='word_1_742' title='bbox 2185 5262 2411 5356; x_wconf 61' lang='lat' dir='ltr'>merito,</span> <span class='ocrx_word' id='word_1_743' title='bbox 2463 5283 2758 5339; x_wconf 69' lang='lat' dir='ltr'>moventur</span> <span class='ocrx_word' id='word_1_744' title='bbox 2823 5273 3156 5330; x_wconf 69' lang='lat' dir='ltr'>daemonum</span> <span class='ocrx_word' id='word_1_745' title='bbox 3209 5262 3394 5356; x_wconf 75' lang='lat' dir='ltr'>factis,</span> <span class='ocrx_word' id='word_1_746' title='bbox 3441 5275 3570 5330; x_wconf 63' lang='lat' dir='ltr'>quas</span> <span class='ocrx_word' id='word_1_747' title='bbox 3621 5269 3844 5326; x_wconf 84' lang='lat' dir='ltr'>negare</span> 
     </span>
    </p>
   </div>
   <div class='ocr_carea' id='block_1_113' title="bbox 2185 5343 3844 5442">
    <p class='ocr_par' dir='ltr' id='par_1_113' title="bbox 2185 5343 3844 5442">
     <span class='ocr_line' id='line_1_114' title="bbox 2185 5343 3844 5442; baseline -0.024 -15"><span class='ocrx_word' id='word_1_748' title='bbox 2185 5343 2602 5442; x_wconf 32' lang='lat' dir='ltr'>non&#39;possunt,</span> <span class='ocrx_word' id='word_1_749' title='bbox 2633 5372 2817 5429; x_wconf 86' lang='lat' dir='ltr'>eaque</span> <span class='ocrx_word' id='word_1_750' title='bbox 2837 5352 3001 5442; x_wconf 80' lang='lat' dir='ltr'>nullo</span> <span class='ocrx_word' id='word_1_751' title='bbox 3034 5349 3205 5406; x_wconf 73' lang='lat' dir='ltr'>modo</span> <span class='ocrx_word' id='word_1_752' title='bbox 3228 5363 3261 5401; x_wconf 91' lang='lat' dir='ltr'>a</span> <span class='ocrx_word' id='word_1_753' title='bbox 3279 5343 3426 5442; x_wconf 38' lang='lat' dir='ltr'>&#39;diis,</span> <span class='ocrx_word' id='word_1_754' title='bbox 3451 5355 3597 5442; x_wconf 37' lang='lat' dir='ltr'>qu‘os</span> <span class='ocrx_word' id='word_1_755' title='bbox 3627 5350 3844 5442; x_wconf 52' lang='lat' dir='ltr'>omges</span> 
     </span>
    </p>
   </div>
   <div class='ocr_carea' id='block_1_114' title="bbox 2186 5416 3845 5514">
    <p class='ocr_par' dir='ltr' id='par_1_114' title="bbox 2186 5416 3845 5514">
     <span class='ocr_line' id='line_1_115' title="bbox 2186 5416 3845 5514; baseline -0.024 -4"><span class='ocrx_word' id='word_1_756' title='bbox 2186 5416 2617 5514; x_wconf 54' lang='lat' dir='ltr'>SBBOE&#39;JdiLm&#39;,</span> <span class='ocrx_word' id='word_1_757' title='bbox 2667 5416 2956 5497; x_wconf 65' lang='lat' dir='ltr'>cdmmitti</span> <span class='ocrx_word' id='word_1_758' title='bbox 3007 5448 3174 5505; x_wconf 88' lang='lat' dir='ltr'>posse</span> <span class='ocrx_word' id='word_1_759' title='bbox 3204 5426 3636 5488; x_wconf 81' lang='lat' dir='ltr'>existimantes,</span> <span class='ocrx_word' id='word_1_760' title='bbox 3665 5416 3845 5474; x_wconf 66' lang='grc' dir='ltr'>ὀίετο-</span> 
     </span>
    </p>
   </div>
   <div class='ocr_carea' id='block_1_115' title="bbox 2253 5648 3590 5738">
    <p class='ocr_par' dir='ltr' id='par_1_115' title="bbox 2253 5648 3590 5738">
     <span class='ocr_line' id='line_1_116' title="bbox 2253 5648 3590 5738; baseline -0.019 -14"><span class='ocrx_word' id='word_1_761' title='bbox 2253 5671 2326 5738; x_wconf 87' lang='grc' dir='ltr'>(α)</span> <span class='ocrx_word' id='word_1_762' title='bbox 2356 5667 2624 5723; x_wconf 86' lang='lat' dir='ltr'>Plutarch.</span> <span class='ocrx_word' id='word_1_763' title='bbox 2653 5665 2712 5718; x_wconf 86' lang='lat' dir='ltr'>in</span> <span class='ocrx_word' id='word_1_764' title='bbox 2743 5661 2923 5716; x_wconf 84' lang='lat' dir='ltr'>libello</span> <span class='ocrx_word' id='word_1_765' title='bbox 2952 5659 3057 5712; x_wconf 88' lang='lat' dir='ltr'>Cur</span> <span class='ocrx_word' id='word_1_766' title='bbox 3083 5653 3343 5712; x_wconf 75' lang='lat' dir='ltr'>cesserint</span> <span class='ocrx_word' id='word_1_767' title='bbox 3365 5648 3590 5704; x_wconf 79' lang='lat' dir='ltr'>oracula</span> 
     </span>
    </p>
   </div>
  </div>
