4128 6184
251 347 347 411 257

254 479 475 539 rentiam
509 478 662 534 inter
689 479 830 534 deos
850 482 907 534 et
935 479 1227 534 demones
1251 479 1532 535 adbibere
1561 480 1882 549 coguntur;

254 571 305 620 ut
339 560 619 633 quidquid
668 560 752 615 eis
797 561 1002 615 merito
1053 560 1322 630 displicet
1370 562 1426 616 in
1479 559 1745 627 cperibus
1791 556 1879 612 vel

252 641 538 701 affectibus
584 640 795 710 pravis,
846 641 1066 712 quibus
1116 644 1232 697 vim
1284 658 1450 697 suam
1506 641 1882 696 manifestant

253 721 449 780 occulti
480 721 742 792 spiritus,
782 722 839 776 id
892 726 1130 777 credant
1181 739 1310 778 esse
1361 724 1712 790 daemonum,
1762 736 1878 775 non

251 807 497 860 deorum.
529 801 640 858 Sed
669 803 804 873 quia
833 807 1062 859 eosdem
1106 805 1400 860 daemones
1432 805 1579 859 inter
1611 802 1876 857 homines

249 892 298 941 et
330 883 466 938 deos
512 883 590 937 ita
643 882 870 939 medios
914 883 1267 940 constitutos
1317 890 1547 956 putant,
1598 887 1876 952 tanquam

248 963 426 1019 nullus
459 963 601 1017 deus
648 962 874 1019 homini
922 967 1242 1020 misceatur
1292 973 1351 1018 ut
1400 963 1536 1018 hinc
1583 962 1880 1034 perferant

245 1044 577 1110 desiderata,
639 1041 776 1097 inde
830 1043 1076 1098 referant
1133 1044 1475 1114 impetrata;
1536 1048 1710 1114 atque
1767 1040 1878 1097 hoc

243 1123 506 1179 Platonici
557 1122 832 1195 praecipui
879 1123 1363 1194 philosophorum
1408 1140 1475 1179 ac
1523 1119 1876 1178 nobilissimi

241 1205 504 1270 sentiunt,
537 1219 670 1258 cum
721 1203 930 1272 quibus
978 1203 1136 1260 velut
1184 1221 1320 1259 cum
1367 1202 1876 1260 excellentioribus

240 1284 447 1356 placuit
474 1283 645 1339 istam
672 1284 1003 1339 examinare
1024 1285 1422 1356 quaestionem,
1454 1290 1652 1340 utrum
1683 1282 1875 1339 cultus

240 1365 611 1438 plurimorum
691 1365 934 1420 deorum
1003 1365 1188 1437 prosit
1254 1366 1326 1421 ad
1402 1365 1873 1436 consequendam

239 1446 397 1500 vitam
438 1444 689 1512 beatam,
723 1461 849 1516 quas
882 1450 1012 1516 post
1060 1451 1308 1501 mortem
1340 1445 1538 1501 futura
1565 1451 1682 1501 est:
1725 1444 1874 1499 libro

241 1526 524 1595 superiore
562 1524 956 1596 quaesivimus,
1007 1542 1154 1597 quos
1200 1531 1368 1597 pacto
1414 1527 1726 1593 daemones,
1773 1523 1874 1595 qui

238 1604 445 1660 talibus
474 1603 750 1674 gaudent,
783 1604 980 1676 qualia
1011 1604 1144 1660 boni
1175 1610 1231 1662 et
1263 1607 1575 1677 prudentes
1607 1602 1876 1660 homines

238 1693 571 1744 aversantur
599 1693 658 1743 et
685 1687 986 1757 damnant,
1019 1689 1074 1743 id
1106 1693 1195 1745 est
1237 1690 1540 1762 sacrilega,
1569 1688 1873 1758 ﬂagitiosa,

237 1771 576 1839 facinorosa,
614 1785 728 1823 non
775 1769 844 1824 de
894 1769 1158 1840 quolibet
1188 1771 1446 1836 homine,
1487 1770 1586 1824 sed
1630 1769 1700 1824 de
1730 1767 1873 1838 ipsis

236 1850 338 1906 diis
388 1851 666 1920 ﬁgmenta
731 1856 1056 1921 poetarum,
1125 1856 1182 1906 et
1241 1854 1597 1922 magicarum
1655 1851 1873 1904 artium

233 1932 558 1986 sceleratam
586 1931 1058 2003 puniendamque
1078 1931 1435 1998 violentiam,
1462 1932 1686 2002 possint
1707 1928 1873 1998 quasi

230 2010 668 2084 propinquiores
719 2017 774 2066 et
830 2013 1134 2067 amiciores
1183 2013 1294 2067 diis
1350 2013 1516 2068 bonis
1565 2011 1873 2066 conciliare

231 2090 492 2148 homines
525 2093 744 2161 bonos;
777 2097 836 2148 et
878 2093 987 2148 hoc
1033 2092 1196 2147 nulla
1240 2093 1462 2147 ratione
1496 2106 1686 2162 posse,
1717 2105 1875 2145 com-

225 2182 450 2243 pertum
482 2177 591 2229 est.

223 2297 456 2354 CAPUT
484 2299 554 2354 II.
586 2329 656 2340 —-
700 2299 802 2354 Aut
848 2299 1000 2352 inter
1044 2297 1334 2364 daemones,
1366 2297 1563 2368 quibus
1603 2295 1683 2350 dii
1712 2309 1877 2364 supe-

285 2382 472 2436 riores
501 2389 651 2446 sunt,
682 2379 756 2434 sit
782 2379 976 2449 aliqua
999 2395 1129 2447 pars
1155 2380 1444 2446 bonorum,
1479 2393 1710 2448 quorum
1729 2390 1877 2445 pra-

289 2460 440 2514 sidio
461 2459 528 2512 ad
556 2473 741 2514 veram
782 2456 1180 2513 beatitudinem
1219 2457 1384 2529 possit
1419 2458 1664 2512 humana
1698 2458 1881 2513 anima

290 2553 609 2610 pervenire.

289 2635 551 2693 Proinde
584 2636 675 2692 hic
723 2636 890 2705 liber,
925 2636 1080 2692 sicut
1129 2637 1188 2692 in
1242 2636 1401 2692 illius
1435 2636 1548 2692 line
1607 2635 1885 2707 promisi-

225 2733 378 2781 mus,
414 2716 872 2787 disputationem
905 2718 1203 2773 continere
1245 2717 1478 2771 debebit
1507 2717 1578 2772 de
1607 2717 1884 2772 differen-

225 2800 304 2853 tia
342 2797 420 2868 (si
472 2813 649 2868 quam
687 2798 889 2852 volunt
932 2798 1104 2868 esse),
1146 2813 1257 2852 non
1306 2798 1546 2852 deorum
1597 2798 1750 2852 inter
1797 2812 1882 2864 se,

231 2893 374 2948 quos
435 2893 640 2932 omnes
691 2880 874 2932 bonos
906 2879 1105 2933 dicunt
1140 2894 1153 2944 ;
1187 2893 1294 2932 nec
1325 2877 1395 2931 de
1437 2877 1760 2933 differentia
1783 2877 1880 2930 de-

231 2975 395 3012 orum
457 2967 511 3013 et
558 2960 904 3023 daemonum,
943 2973 1191 3028 quorum
1250 2956 1381 3011 illos
1423 2959 1494 3011 ab
1546 2956 1881 3011 hominibus

234 3038 394 3111 longe
430 3040 660 3110 lateque
691 3041 1030 3108 seiungunt,
1065 3038 1205 3091 istos
1236 3036 1388 3092 inter
1416 3040 1554 3092 deos
1583 3043 1639 3092 et
1687 3036 1873 3091 homi-

234 3139 329 3178 nes
359 3122 680 3190 collocant;
742 3124 836 3176 sed
871 3122 941 3176 de
994 3119 1313 3176 differentia
1358 3121 1616 3192 ipsorum
1664 3121 1878 3175 daemo—

234 3220 386 3270 num,
439 3205 598 3276 quod
661 3204 732 3257 ad
783 3207 1126 3274 praesentem
1173 3204 1419 3272 pertinet
1475 3203 1877 3274 quaestionem.

238 3285 344 3357 [11.]
376 3285 547 3356 Apud
596 3283 904 3354 plerosque
944 3284 1096 3338 enim
1144 3285 1427 3339 usitatum
1458 3291 1540 3338 est
1596 3283 1707 3339 dici
1741 3282 1882 3338 alios

235 3367 432 3431 bonos,
464 3364 614 3420 alios
646 3363 830 3418 malos
870 3364 1159 3418 damones
1211 3380 1223 3418 :
1257 3380 1380 3435 quae
1413 3363 1533 3419 sive
1582 3363 1659 3418 sit
1705 3363 1880 3418 etiam

237 3444 690 3513 Platonicorum,
722 3442 841 3498 sive
884 3442 1279 3515 quorumlibet
1320 3443 1628 3507 sententia,
1661 3459 1879 3512 nequa-

235 3539 401 3594 quam
435 3525 573 3595 ejus
603 3528 693 3578 est
739 3522 1088 3594 negligenda
1118 3523 1429 3589 discussio,
1467 3539 1536 3577 ne
1567 3522 1879 3592 quisquam

234 3605 379 3659 velut
407 3606 705 3660 daemones
747 3604 928 3659 bonos
959 3604 1288 3674 sequendos
1319 3602 1430 3656 sibi
1478 3617 1605 3656 esse
1645 3602 1883 3656 arbitre-

235 3687 341 3752 tur,
367 3701 470 3755 per
526 3700 675 3754 quos
719 3689 998 3754 tanquam
1055 3683 1298 3744 medios,
1332 3682 1440 3735 diis
1489 3697 1635 3751 quos
1683 3695 1885 3735 omnes

237 3765 415 3822 bonos
446 3764 660 3833 credit,
703 3766 842 3820 dum
887 3764 1186 3820 conciliari
1222 3762 1450 3816 affectat
1480 3770 1533 3815 et
1577 3764 1788 3828 studet,
1825 3765 1884 3815 ut

237 3847 393 3916 quasi
426 3863 571 3902 cum
605 3847 690 3900 eis
737 3845 922 3916 possit
961 3861 1090 3900 esse
1130 3850 1258 3914 post
1317 3849 1576 3906 mortem,
1629 3842 1887 3898 irretitus

241 3927 626 3997 malignorum
661 3926 970 3996 spirituum
1005 3924 1401 3993 deceptusque
1433 3921 1681 3988 fallacia,
1716 3922 1886 3992 longe

240 4008 457 4063 aberret
491 4025 524 4061 a
576 4023 705 4062 vero
738 4006 872 4073 Deo,
906 4022 1033 4059 cum
1069 4021 1184 4076 quo
1223 4004 1364 4072 solo,
1397 4010 1455 4058 et
1503 4005 1561 4058 in
1595 4021 1708 4073 quo
1739 4001 1886 4070 solo,

243 4093 292 4142 et
320 4089 385 4143 de
417 4105 534 4160 quo
568 4086 716 4151 solo,
759 4085 947 4139 anima
987 4084 1264 4151 humana,
1299 4086 1354 4140 id
1387 4091 1477 4141 est
1508 4085 1810 4140 rationalis
1829 4089 1888 4140 et

241 4167 674 4236 intellectualis,
708 4168 879 4222 beata
911 4170 1018 4222 est.

245 4302 467 4360 CAPUT
500 4304 609 4361 Ill.
648 4333 718 4344 —
749 4303 878 4371 Quae
906 4301 1242 4358 daemonibus
1274 4300 1535 4372 Apuleius
1564 4300 1837 4357 adscribet
1866 4317 1886 4363 ;

305 4386 494 4458 quibus
525 4401 644 4440 cum
688 4385 958 4440 rationem
992 4399 1103 4439 non
1146 4382 1458 4451 subtrahat,
1484 4381 1634 4438 nihil
1665 4381 1888 4438 virtutis

307 4474 578 4536 assignat.

307 4573 442 4637 Quae
472 4573 656 4646 igitur
676 4576 760 4629 est
791 4570 1128 4627 differentia
1158 4571 1497 4627 daemonum
1521 4571 1802 4627 bonorum
1835 4573 1893 4627 et

248 4653 525 4710 malorum
557 4653 586 4708 ἵ
617 4651 1089 4724 quandoquidem
1124 4651 1456 4708 Platonicus
1485 4651 1782 4722 Apuleius,
1820 4651 1892 4705 de

248 4733 332 4790 his
379 4735 788 4792 universaliter
828 4734 1145 4798 disserens,
1180 4739 1237 4788 et
1275 4738 1390 4788 tam
1427 4733 1610 4788 multa
1653 4734 1894 4802 loquens

249 4815 311 4868 de
356 4817 531 4872 aeriis
589 4831 786 4871 eorum
826 4814 1190 4882 corporibus,
1220 4813 1292 4867 de
1348 4813 1658 4868 virtutibus
1714 4811 1896 4866 tacuit

251 4893 591 4959 animorum,
626 4893 840 4966 quibus
888 4897 1084 4948 essent
1115 4893 1362 4964 praditi,
1396 4891 1445 4946 si
1489 4891 1626 4946 boni
1681 4899 1892 4947 essent.

251 4973 436 5031 Tacuit
467 4992 607 5046 ergo
658 4974 1036 5029 beatitudinis
1096 4989 1368 5037 causam;
1431 4973 1712 5028 indicium
1765 4987 1894 5026 vero

254 5056 494 5113 miseriae
525 5061 714 5113 tacere
756 5073 869 5111 non
904 5056 1108 5128 potuit,
1151 5055 1434 5109 confitens
1492 5070 1692 5110 eorum
1741 5069 1894 5108 men-

253 5139 384 5206 tem,
415 5155 538 5209 qua
569 5137 882 5193 rationales
911 5151 1041 5190 esse
1070 5134 1380 5205 perhibuit,
1408 5152 1519 5190 non
1551 5137 1757 5190 saltem
1792 5135 1899 5188 im-

255 5216 447 5274 butam
477 5217 882 5289 munitamque
911 5217 1144 5281 virtute,
1179 5219 1548 5287 passionibus
1598 5215 1778 5272 animi
1827 5217 1902 5272 ir-

254 5299 699 5355 rationabilibus
750 5313 1120 5370 nequaquam
1157 5299 1378 5361 cedere,
1411 5299 1509 5353 sed
1538 5297 1722 5367 ipsam
1754 5313 1899 5368 quo—

257 5381 576 5449 que,sicut
601 5379 914 5434 stultarum
950 5377 1234 5432 mentium
1271 5394 1391 5432 mos
1423 5381 1528 5440 est,
1565 5376 1903 5447 procellosis

257 5461 682 5529 quodammodo
716 5459 1172 5530 perturbationis
1205 5457 1431 5528 agitari.
1453 5456 1640 5512 Verba
1660 5474 1907 5528 namque

257 5543 375 5609 ejus
403 5541 477 5595 de
517 5539 624 5596 hac
651 5557 711 5596 re
741 5543 854 5596 ista
894 5544 1030 5594 sunt
1065 5555 1077 5592 :
1115 5539 1196 5593 Ea:
1239 5539 1334 5593 hoc
1377 5541 1554 5608 ferme
1592 5541 1907 5595 daemonum

257 5635 502 5688 numero,
544 5619 759 5693 inquit,
791 5627 972 5692 poeta:
1017 5619 1212 5686 solent,
1255 5619 1680 5693 haudquaquam
1714 5610 1912 5693 procul

256 5716 288 5756 a
333 5703 589 5775 veritate,
623 5717 801 5760 osores
828 5705 881 5758 et
918 5707 1190 5758 amatores
1237 5702 1598 5773 quorumdam
1627 5703 1912 5759 hominum

1657 339 1887 402 LIBER
1929 325 2225 407 NONUS.

3510 369 3631 432 958

1998 479 2120 573 deos
2148 483 2354 573 ﬁngere
2381 489 2519 573 ;hos
2553 507 2881 563 prosperare
2925 500 2976 552 et
3003 500 3252 570 evehere,
3285 504 3411 560 ittos
3447 518 3637 564 contra

1994 560 2280 658 adversari
2303 570 2660 658 etcf/tigere.
2689 560 2870 644 Igitur
2898 560 3311 649 etmisereri,’et
3331 560 3637 658 indigna-ri,

1995 647 2047 696 et
2077 647 2230 736 angi,
2261 649 2564 736 e_t__taetari,
2593 668 2911 727 omnemque
2957 658 3190 718 humani
3224 647 3416 720 animi
3442 647 3641 736 faciem

1991 728 2138 818 pati,
2169 728 2347 818 simili
2400 739 2554 787 motu
2606 736 2784 818 cordis
2811 741 2860 792 et
2915 740 3030 794 salo
3073 745 3292 814 mentis,
3322 762 3422 816 per
3442 728 3640 806 omnes

1994 813 2388 873 cogitationum
2431 821 2596 869 aestus
2634 817 2930 884 ﬂuctuare.
2965 819 3098 888 Qua
3153 813 3336 881 omnes
3383 829 3640 887 turbellas

1988 890 2437 982 tempestatesque
2461 897 2654 982 procul
2681 917 2715 982 a
2735 899 2958 982 deorum
2979 903 3279 960 caelestium
3309 911 3638 982 tranquilli-

1991 975 2106 1063 ἔξιτε
2147 973 2428 1063 exsulant.
2469 976 2871 1063 (Apuleiusini
2903 981 3052 1038 libro
3100 985 3170 1040 De
3199 985 3294 1041 deo
3342 973 3637 1063 Socratis).

1989 1047 2141 1104 Num
2173 1054 2336 1138 estin
2371 1054 2462 1110 his
2483 1058 2672 1114 verbis
2705 1059 2824 1116 ulla
2842 1062 3149 1134 dubitatio,
3182 1069 3338 1138 quod
3362 1085 3476 1124 non
3509 1047 3637 1126 anl-

1991 1145 2217 1188 morum
2251 1133 2479 1206 aliquas
2510 1139 2809 1220 inferiores
2841 1153 3052 1215 partes,
3084 1133 3378 1220 sedvipsas
3420 1152 3636 1208 daemo-

1989 1226 2130 1266 num
2166 1220 2413 1302 mentes,
2437 1217 2646 1302 quibus
2666 1222 2968 1280 rationalia
2998 1234 3135 1284 sunt
3155 1217 3450 1302 animalia,
3483 1232 3638 1288 velut

1990 1292 2374 1384 procellosum
2430 1298 2623 1384 salum
2685 1301 2831 1384 dixit
2890 1308 3230 1377 passionum
3289 1292 3637 1384 tempestate

1986 1371 2259 1428 turbari?
2321 1379 2384 1464 ut
2442 1394 2514 1464 ne
2576 1371 2916 1464 hominibus
2973 1388 3209 1458 quidem
3272 1371 3635 1464 sapientibus

1988 1456 2366 1544 comparandi
2423 1459 2562 1544 sint,
2595 1463 2692 1544 qui
2729 1456 3065 1535 hujusmodi
3100 1456 3635 1538 perturbationibus

1986 1539 2406 1626 animorum,-a
2432 1539 2648 1610 quibus
2676 1542 2933 1601 humana
2965 1564 3078 1604 non
3112 1555 3200 1605 est
3232 1553 3512 1608 immunis
3541 1555 3632 1609 in-

1989 1614 2254 1708 tirmitas,
2285 1621 2462 1676 etiam
2497 1638 2628 1678 cum
2663 1641 2761 1682 eas
2793 1627 2971 1698 hujus
3013 1631 3137 1686 vite
3169 1635 3498 1692 conditione
3530 1653 3632 1708 pa-

1987 1697 2234 1782 tiuntur.
2269 1711 2458 1758 mente
2489 1697 2905 1777 imperturbata
2945 1713 3246 1782 resistunt,
3282 1733 3393 1772 non
3427 1697 3632 1774 eisra-

1988 1781 2188 1868 dentes
2221 1782 2289 1836 ad
2310 1784 2536 1868 aliquid
2569 1791 3008 1858 approbandum
3041 1794 3127 1849 vel
3149 1800 3629 1868 perpetrandum,

1987 1859 2144 1948 quod
2169 1863 2450 1948 exorbitat
2482 1868 2551 1920 ab
2594 1868 2798 1924 itinere
2838 1859 3166 1940 sapientiae-
3194 1859 3270 1930 et'
3298 1875 3422 1946 lege
3447 1859 3628 1948 justi;

1987 1940 2117 2028 tiae:
2153 1941 2254 1994 sed
2279 1944 2491 2028 stultis
2526 1949 2870 2005 mortalibus
2901 1960 2953 2005 et
2994 1953 3251 2024 injusiis,
3283 1940 3396 2011 non
3422 1940 3628 2028 corpo-

1989 2019 2171 2088 ribus,
2199 2023 2295 2077 sed
2332 2026 2590 2081 moribus
2630 2027 2848 2085 similes
2879 2031 2968 2101 (ut
3007 2019 3121 2087 non
3154 2019 3341 2091 dicam
3384 2019 3630 2093 deterio-

1987 2117 2098 2183 res,
2132 2119 2197 2183 eo
2247 2121 2361 2174 quo
2393 2109 2738 2164 vetustiores
2793 2117 2850 2165 et
2880 2113 3076 2168 debita
3112 2132 3277 2183 pcena
3336 2119 3630 2172 insanabi-

1989 2180 2117 2266 l_es),
2149 2180 2332 2247 ipsius
2363 2203 2596 2256 quoque
2637 2190 2870 2258 mentis,
2905 2196 2968 2246 ut
3006 2180 3124 2248 iste
3147 2195 3473 2266 appellavit,
3507 2198 3630 2254 salo

1989 2259 2308 2346 fluctuant;
2345 2281 2448 2319 nec
2498 2268 2557 2320 in
2613 2268 2852 2324 veritate
2887 2277 3061 2342 atque
3091 2259 3319 2343 virtute,
3354 2259 3472 2346 qua
3509 2283 3630 2332 tur-

1990 2338 2248 2426 bulentis
2297 2347 2358 2426 et
2417 2346 2608 2412 pravis
2675 2338 3080 2408 alfectionihus
3138 2338 3514 2426 repugnatur,
3564 2372 3634 2413 ex

1995 2417 2111 2474 ulla
2131 2420 2312 2476 animi
2343 2427 2504 2493 parte
2535 2426 2888 2483 consistunt.

1994 2553 2221 2609 CAPUT
2253 2554 2344 2610 IV.
2379 2586 2447 2596 —
2481 2558 2550 2613 De
2591 2560 3096 2629 perturbationibus
3133 2581 3252 2635 qua
3281 2566 3472 2622 animo
3500 2570 3638 2626 acci-

2065 2635 2221 2770 duqt,
2254 2653 2372 2709 qum
2421 2641 2492 2694 sit
2542 2641 3034 2713 Peripateticorum
3071 2645 3485 2720 Stoicorumque
3519 2665 3637 2707 sen-

2067 2725 2152 2770 ten
2187 2733 2265 2770 ια.

2067 2725 2265 2774 tentia.

2069 2856 2118 2907 l.
2170 2853 2302 2907 Duae
2353 2859 2490 2910 sunt
2533 2857 2830 2913 sententiae
2872 2859 3376 2932 philosophorum,
3419 2864 3490 2919 de
3541 2864 3634 2921 his

1995 2932 2176 2988 animi
2227 2935 2503 3002 motibus,
2528 2954 2656 3007 qua;
2711 2937 2886 2994 Graeci
2939 2939 3081 3010 πάθη
3119 2945 3158 3012 ι,
3194 2944 3377 2999 nostri
3435 2949 3633 3000 autem

1993 3014 2444 3096 quida_m,isicut
2472 3017 2667 3071 Cicero
2714 3019 2812 3088 (De
2845 3020 3090 3090 Finibus,
3132 3023 3226 3077 tib.
3261 3025 3318 3091 3,
3365 3040 3484 3096 cap.
3516 3027 3586 3078 20
3617 3042 3632 3094 ;

1995 3094 2206 3148 Tuscut.
2241 3095 2436 3162 Quaest.
2472 3095 2567 3152 lib.
2616 3097 2670 3164 3,
2701 3115 2818 3169 cap.
2845 3100 2878 3154 4
2902 3120 2916 3168 ;
2939 3101 3034 3156 tib.
3066 3104 3120 3166 4,
3151 3120 3270 3174 cap.
3303 3106 3356 3171 5,
3383 3094 3439 3171 6,
3469 3106 3633 3160 alibi-

1991 3175 2116 3245 que)
2148 3175 2639 3244 perturbationes,
2674 3180 2914 3248 quidam
2957 3182 3312 3251 affectiones,
3345 3185 3431 3238 vel
3465 3187 3634 3241 ali'ec-

1994 3260 2089 3309 tus
2146 3256 2247 3325 (a),
2307 3257 2536 3325 quidam
2588 3274 2740 3325 vero,
2791 3260 2942 3315 sicut
2989 3263 3098 3318 iste
3163 3265 3233 3318 de
3290 3281 3475 3335 graeco
3534 3282 3637 3320 ex-

1996 3335 2279 3404 pressius,
2338 3336 2636 3406 passiones
2694 3346 2921 3397 vocant.
2957 3342 3068 3396 Has
3119 3361 3251 3415 ergo
3328 3347 3635 3415 perturbes

1997 3417 2206 3496 tiones,
2229 3417 2347 3471 sive
2373 3419 2722 3487 all‘ectiones,
2746 3422 2866 3476 sive
2898 3423 3200 3492 passiones
3227 3427 3464 3494 quidam
3507 3426 3637 3496 phi-

1999 3494 2226 3564 losophi
2267 3496 2468 3551 dicunt
2525 3499 2700 3553 etiam
2763 3501 2818 3554 in
2869 3503 3193 3570 sapientem
3251 3494 3634 3570 caderefsed

2001 3575 2330 3629 moderatas
2375 3577 2695 3647 rationique
2743 3580 3056 3652 subjectos,
3087 3587 3149 3635 ut
3180 3583 3263 3636 eis
3296 3583 3450 3651 leges
3483 3600 3636 3652 quo-

1997 3655 2326 3723 daminodo,
2359 3658 2574 3725 quibus
2607 3659 2677 3712 ad
2715 3649 3105 3714 necessarium
3145 3649 3638 3730 redigantur—mo-

1999 3733 2159 3795 dum,
2196 3734 2514 3789 dominatio
2548 3737 2760 3791 mentis
2784 3738 3060 3806 imponat.
3096 3739 3212 3795 Hoc
3243 3739 3338 3810 qui
3361 3742 3638 3809 sentiunt,

1997 3813 2276 3868 Platonici
2307 3820 2444 3868 sunt
2474 3818 2593 3870 sive
2625 3816 2989 3886 Aristotelici,
3011 3835 3139 3873 cum
3170 3819 3499 3876 Aristoteles
3524 3822 3642 3877 dis-

1998 3894 2207 3964 cipulis
2248 3894 2504 3951 Platonis
2562 3895 2757 3962 fuerit,
2787 3897 2885 3966 qui
2933 3904 3148 3954 sectam
3201 3899 3641 3970 Peripateticum

1997 3976 2276 4031 condidit.
2308 3975 2450 4030 Aliis
2495 3985 2711 4045 autem,
2744 3979 2898 4032 sicut
2945 3978 3176 4048 Stoicis,
3225 3981 3429 4036 cadere
3490 3981 3641 4038 ullas

1998 4053 2237 4110 omnino
2281 4055 2674 4123 huiuscemodi
2710 4057 3007 4128 passiones
3051 4059 3108 4114 in
3155 4062 3475 4132 sapientem
3525 4079 3638 4117 non

1997 4134 2204 4206 placet.
2241 4138 2350 4190 llos
2390 4144 2605 4202 autem,
2640 4139 2694 4192 id
2727 4143 2816 4193 est
2857 4138 3104 4208 Stoicos,
3135 4141 3331 4197 Cicero
3371 4143 3428 4197 in
3480 4142 3642 4198 libris

1999 4222 2068 4274 de
2124 4219 2360 4276 Finibus
2409 4224 2689 4277 bonorum
2751 4227 2808 4277 et
2859 4222 3164 4290 malorum,
3214 4225 3404 4280 verbis
3455 4226 3642 4297 magis

1999 4317 2173 4370 quam
2207 4302 2380 4357 rebus
2421 4304 2696 4359 adversus
2726 4302 3056 4359 Platonicos
3097 4322 3196 4360 seu
3233 4304 3642 4377 Peripateticos

1999 4386 2219 4436 certare
2276 4383 2566 4438 convincit
2624 4385 3155 4456 :quandoquidem
3207 4385 3383 4442 Stoici
3440 4388 3646 4443 nolunt

2003 4462 2154 4518 bona
2183 4463 2495 4533 appellare,
2525 4465 2621 4520 sed
2647 4466 2953 4521 commoda
2985 4468 3241 4538 corporis
3277 4472 3335 4522 et
3361 4474 3596 4524 externa
3628 4488 3643 4538 ;

2002 4557 2067 4598 eo
2109 4544 2264 4613 quod
2299 4543 2530 4599 nullum
2577 4545 2796 4601 bonum
2830 4547 3034 4602 volunt
3064 4563 3191 4603 esse
3223 4547 3477 4605 hominis
3508 4566 3644 4620 pra:-

2002 4628 2090 4680 ter
2139 4625 2431 4690 virtutem,
2465 4631 2748 4697 tanquam
2809 4632 2991 4682 artem
3045 4629 3190 4684 bene
3238 4631 3485 4698 vivendi,
3520 4646 3646 4701 quas

2002 4703 2237 4760 nonnisi
2269 4705 2326 4759 in
2376 4707 2573 4762 animo
2623 4712 2732 4762 est.
2771 4711 2898 4761 Hec
2941 4716 3134 4764 autem
3174 4707 3271 4762 isti
3308 4710 3649 4780 simpliciter

2003 4789 2059 4841 et
2110 4802 2177 4840 ex
2224 4788 2520 4841 communi
2563 4787 2838 4858 loquendi
2883 4787 3306 4841 consuetudine
3355 4788 3651 4858 appellant

2005 4867 2194 4934 bona;
2241 4868 2342 4922 sed
2375 4867 2436 4922 in
2483 4867 2914 4935 comparatione
2952 4865 3205 4932 virtutis,
3240 4881 3356 4936 qua
3388 4872 3539 4921 recte
3569 4868 3650 4920 vi-

2004 4947 2179 5011 vitur,
2210 4963 2385 5015 parva
2438 4949 2494 4999 et
2523 4947 2746 5016 exigua.
2785 4943 2861 4997 Ex
2893 4959 3006 5013 quo
3040 4944 3124 5013 lit,
3161 4948 3225 4999 ut
3264 4945 3334 4998 ab
3387 4945 3652 5015 utrisque

2007 5027 2306 5096 quodlibet
2354 5032 2652 5094 vocentur,
2695 5041 2793 5080 seu
2833 5024 3006 5091 bona,
3030 5041 3134 5080 seu
3167 5027 3491 5090 commoda,
3526 5027 3653 5096 pari

2006 5111 2201 5161 tamen
2233 5105 2617 5161 aestimatione
2649 5110 2980 5176 pensentur,
3005 5122 3110 5162 uec
3145 5107 3205 5161 in
3243 5105 3350 5162 hac
3381 5107 3653 5177 quaestio-

2009 5209 2082 5248 ne
2109 5189 2281 5244 Stoici
2314 5188 2692 5255 delectentur,
2726 5186 2840 5243 nisi
2889 5187 3138 5243 novitate
3185 5187 3513 5243 verborum.
3546 5186 3654 5242 Vi-

2012 5275 2182 5328 detur
2211 5287 2346 5343 ergo
2379 5267 2522 5324 mihi
2553 5267 2726 5324 etiam
2759 5268 2815 5322 in
2853 5267 2976 5335 hoc,
3013 5267 3109 5324 ubi
3145 5268 3422 5340 quaeritur
3453 5272 3652 5324 utrum

2012 5354 2280 5409 accidant
2325 5350 2575 5422 sapienti
2627 5349 2924 5422 passiones
2972 5349 3173 5416 animi,
3207 5366 3277 5404 an
3328 5350 3401 5404 ab
3457 5349 3540 5404 eis
3577 5348 3655 5406 sit

2082 5521 2095 5553 ι
2128 5516 2494 5574 Scribendum,
2525 5531 2667 5579 quae
2695 5514 3162 5579 G1*aecipa!hé.elt
3179 5514 3506 5579 auctoritate
3551 5527 3659 5565 ma-

2018 5582 2429 5643 nuscriptorum,
2472 5577 2743 5643 jusserunt
2775 5580 2956 5643 Patres
3000 5577 3324 5627 Benedictini
3350 5578 3408 5629 in
3451 5580 3655 5629 Adden-

2019 5644 2102 5693 dis
2134 5641 2292 5709 [ςίιοδ
2323 5643 2517 5709 Crassi
2542 5641 2844 5709 pstﬁé-lM-

2096 5701 2181 5771 (αἶ)’
2199 5707 2417 5767 Quintil.
2448 5701 2602 5756 lib.'6
2630 5701 2835 5766 Instit.,
2865 5716 2976 5766 cap.
3013 5701 3062 5763 2,
3091 5701 3118 5768 §
3145 5701 3224 5756 20.

4049 2545 4051 2638 1

4049 2645 4051 2734 1

4049 2843 4051 2968 1

4049 2971 4051 3062 1

4049 3331 4051 3486 1

4049 3517 4051 3616 1

4050 3837 4051 3920 1

4049 4067 4051 4152 1

4049 4155 4051 4280 1

4045 4731 4051 4848 1

4045 5163 4051 5226 ’1

4049 5437 4051 5574 1

4049 5581 4051 5652 1

4049 5759 4051 5887 1
