4158 6192
342 344 467 408 261

341 498 451 538 nec
477 481 882 550 admirabilior,
910 499 1010 538 nec
1045 485 1257 552 gratior
1285 481 1670 539 misericordia
1700 484 1779 536 est
1810 479 1983 550 (Orat.

339 580 448 635 pro
489 565 548 634 Q.
576 564 824 634 Ligario,
845 581 963 635 cap.
993 566 1100 636 l2).
1129 566 1273 632 Quid
1307 573 1390 620 est
1418 569 1611 618 autem
1660 562 1991 615 misericor-

340 644 468 703 dia.
501 645 612 699 nisi
641 645 842 699 aliena
891 648 1136 700 miseriae
1177 646 1443 718 quaedam
1484 645 1540 698 in
1581 647 1778 698 nostro
1821 639 1991 694 corde

340 725 697 796 compassio,
749 742 862 796 qua
916 727 1132 797 utique,
1184 726 1233 780 si
1292 741 1623 798 possumus,
1682 721 1990 776 subvenire

339 805 802 876 compellimur?
857 806 1043 862 Servit
1102 811 1292 862 autem
1354 812 1544 862 motus
1591 804 1700 858 iste
1756 801 1986 866 rationi,

340 885 586 954 quando
616 885 696 940 ita
729 886 1014 954 prabetur
1045 886 1462 948 misericordia,
1497 888 1559 938 ut
1580 881 1813 953 justitia
1847 897 1985 934 con-

338 972 624 1029 servetur,
659 965 776 1022 sive
819 983 949 1022 cum
988 966 1268 1037 indigenti
1327 966 1626 1029 tribuitur,
1677 962 1796 1016 sive
1852 976 1985 1015 cum

336 1045 670 1115 ignoscitur
722 1047 1042 1116 pcenitenti.
1080 1052 1238 1103 Hanc
1281 1048 1499 1111 Cicero,
1539 1045 1764 1100 locutor
1819 1055 1985 1112 egre-

333 1127 501 1196 gius,
529 1142 640 1181 non
673 1125 1262 1199 dubitavitappellare
1284 1128 1578 1190 virtutem,
1628 1138 1804 1195 quam
1845 1120 1987 1176 Stoi-

335 1222 445 1262 cos
498 1208 648 1264 inter
700 1209 842 1264 vitia
897 1225 1202 1265 numerare
1277 1225 1390 1264 non
1461 1209 1635 1278 pudet
1687 1222 1700 1260 :
1752 1207 1845 1275 qui
1894 1210 1985 1260 ta-

333 1303 503 1352 men,
538 1292 600 1342 ut
653 1289 847 1344 docuit
882 1289 1026 1345 liber
1084 1291 1326 1360 Epicteti
1397 1285 1743 1344 nobilissimi
1783 1285 1984 1352 Stoici,

332 1383 414 1423 ex
451 1370 695 1425 decretis
738 1371 983 1427 Zenonis
1033 1383 1089 1428 et
1117 1371 1445 1445 Chrysippi,
1477 1369 1580 1441 qui
1611 1369 1790 1438 huius
1818 1370 1983 1422 sectaa

332 1451 562 1520 primas
617 1451 698 1523 (a)
758 1452 1102 1512 habuerunt.
1164 1452 1500 1523 hujusmodi
1561 1447 1856 1521 passiones
1923 1447 1982 1501 in

330 1533 602 1588 animum
659 1533 936 1604 sapientis
994 1535 1331 1598 admittunt,
1379 1548 1546 1603 quem
1589 1531 1737 1584 vitiis
1795 1527 1982 1584 omni-

328 1615 454 1669 bus
500 1615 749 1670 liberum
799 1617 1021 1672 volunt.
1057 1615 1219 1672 Unde
1256 1617 1321 1670 fit
1351 1629 1728 1685 consequens,
1762 1619 1822 1666 ut
1861 1610 1982 1665 hac

329 1696 468 1768 ipsa
508 1713 620 1752 non
670 1703 874 1770 putent
922 1698 1336 1770 vitia,quando
1394 1695 1642 1766 sapienti
1693 1694 1776 1748 sic
1836 1693 1980 1748 acci-

331 1779 512 1847 dunt,
545 1784 825 1835 utcontra
851 1781 1121 1835 virtutem
1159 1780 1370 1836 mentis
1403 1780 1802 1847 rationemque
1836 1775 1981 1830 nihil

331 1861 586 1929 possint,
619 1863 677 1914 et
709 1877 823 1914 una
853 1861 930 1916 sit
959 1861 1280 1932 eademque
1310 1859 1602 1915 sententia
1650 1856 1982 1926 Peripateti-

329 1956 549 2010 corum,
582 1943 664 1996 vel
701 1944 875 1997 etiam
907 1943 1362 2004 Platonicorum,
1393 1947 1450 1996 et
1471 1941 1730 2011 ipsorum
1765 1937 1982 1994 Stoico-

328 2036 468 2075 rum
512 2038 527 2077 :
577 2023 698 2091 sed,
733 2031 792 2076 ut
821 2023 902 2078 ait
939 2023 1193 2089 Tullius,
1224 2023 1380 2077 verbi
1417 2018 1815 2078 controversia
1854 2020 1978 2088 jam

327 2101 437 2154 diu
471 2107 733 2173 torqueat
761 2102 1026 2159 homines
1059 2103 1352 2160 Graeculos
1393 2099 1781 2157 contentionis
1816 2098 1978 2167 cupi-

326 2181 548 2248 diores,
599 2199 773 2255 quam
829 2183 1091 2240 veritatis
1148 2183 1245 2254 (De
1296 2191 1534 2250 oratore,
1583 2179 1678 2234 lib.
1715 2196 1752 2242 ι,
1791 2194 1839 2233 c.
1894 2180 1979 2243 tt,

323 2263 356 2329 §
394 2262 506 2335 47).
537 2265 645 2318 Sed
696 2264 884 2319 adhuc
943 2264 1150 2319 merito
1200 2263 1376 2334 quaeri
1421 2266 1628 2331 potest,
1663 2263 1857 2313 utrum
1909 2257 1980 2311 ad

323 2342 505 2397 vita“
553 2345 854 2415 praesentis
905 2344 1188 2415 pertineat
1234 2341 1660 2403 infirmitatem,
1704 2337 1879 2393 etiam
1920 2337 1980 2392 in

322 2423 668 2494 quibusque
698 2425 866 2480 bonis
886 2424 1096 2480 ofﬁciis
1125 2421 1529 2492 hujuscemodi
1568 2418 1788 2492 perpeti
1817 2417 1982 2472 affec-

319 2507 432 2558 tus
467 2505 696 2560 :sancti
744 2520 879 2559 vero
933 2504 1136 2575 Angeli
1185 2509 1242 2558 et
1271 2502 1398 2558 sine
1423 2502 1502 2557 ira
1551 2500 1797 2572 puniant
1835 2514 1979 2567 quos

315 2583 635 2654 accipiunt
685 2592 894 2639 aeterna
942 2585 1038 2638 Dei
1089 2583 1214 2654 lege
1258 2582 1606 2653 puniendos,
1635 2585 1692 2634 ct
1750 2577 1978 2634 miseris

314 2663 460 2717 sine
493 2663 743 2719 miseriae
791 2667 1194 2734 compassione
1237 2663 1606 2727 subveniant,
1640 2666 1695 2714 et
1745 2658 1975 2730 pericli-

314 2741 596 2796 tantibus
616 2743 700 2797 eis
728 2759 873 2813 quos
913 2743 1186 2813 diligunt,
1204 2741 1330 2797 sine
1351 2741 1553 2796 timore
1575 2739 1972 2810 opitulentur;

316 2830 382 2876 et
417 2826 615 2877 tamen
641 2822 890 2878 istarum
926 2825 1159 2878 nomina
1181 2824 1520 2894 passionum
1556 2819 1974 2874 consuetudine

316 2901 642 2957 locutionis
670 2903 934 2959 humanm
965 2911 1137 2958 etiam
1182 2905 1236 2956 in
1271 2919 1367 2958 eos
1399 2906 1774 2972 usurpentur,
1803 2917 1970 2971 prop-

318 2992 418 3038 ter
461 2983 773 3051 quamdam
823 2999 1060 3053 cperam
1129 2983 1584 3048 similitudinem,
1620 2997 1733 3036 non
1795 2996 1969 3050 prop-

318 3067 422 3117 ter
443 3062 812 3118 afl'ectionum
854 3063 1252 3118 infirmitatem
1306 3079 1318 3117 :
1353 3061 1503 3116 sicut
1533 3062 1657 3133 ipse
1701 3062 1846 3115 Deus
1879 3075 1967 3114 se-

314 3146 583 3198 cundum
632 3143 959 3216 Scripturas
990 3144 1277 3211 irascitur,
1315 3159 1419 3198 nec
1460 3153 1649 3197 tamen
1691 3141 1808 3196 ulla
1840 3157 1965 3211 pas-

313 3225 490 3280 sione
512 3225 780 3280 turbatur
798 3225 898 3297 (b).
923 3225 1038 3280 Hoc
1065 3227 1220 3280 enim
1247 3225 1484 3280 verbum
1505 3223 1772 3278 vindicta
1800 3237 1968 3276 usur-

314 3307 484 3377 pavit
511 3305 766 3376 ell‘ectus,
794 3323 908 3361 non
941 3305 1094 3361 illius
1126 3305 1498 3361 turbulentus
1526 3303 1788 3358 affectus.

315 3471 556 3528 CAPUT
595 3471 679 3529 VI.
711 3502 780 3514 --
817 3475 1030 3544 Quibus
1083 3474 1432 3545 passionibus
1476 3472 1766 3541 daemones,
1796 3472 1966 3541 conﬁ-

403 3558 544 3610 tente
597 3554 844 3625 Apuleio,
886 3557 1253 3624 exagitentur,
1295 3569 1526 3626 quorum
1581 3570 1679 3625 ape
1725 3552 1969 3608 homines

400 3633 546 3704 apud
573 3634 696 3690 deos
716 3636 912 3689 asserit
941 3635 1222 3704 adjuvari.

399 3762 520 3826 Qua
547 3761 777 3817 interim
810 3763 881 3817 de
910 3763 1130 3818 sanctis
1151 3762 1392 3833 Angelis
1420 3762 1736 3831 quaestione
1767 3761 1967 3827 dilata,

310 3845 622 3898 videamus
652 3844 1146 3914 quemadmodum
1196 3843 1393 3897 dicant
1439 3841 1713 3897 Platonici
1749 3843 1969 3897 medios

316 3927 622 3979 daemones
673 3928 822 3977 inter
873 3923 1010 3978 deos
1053 3930 1110 3978 et
1157 3922 1426 3977 homines
1465 3923 1809 3977 constitutos
1842 3922 1968 3976 istis

315 4005 667 4078 passionum
701 4003 936 4058 aestibus
969 4003 1268 4058 fluctuare.
1303 4003 1357 4057 Si
1381 4005 1534 4057 enim
1561 4009 1752 4060 mente
1783 4003 1853 4056 ab
1878 4002 1969 4056 his

312 4087 509 4141 libera
537 4085 737 4154 eisque
767 4085 1104 4140 dominante
1149 4093 1340 4139 motus
1373 4083 1780 4153 hujuscemodi
1814 4092 1967 4152 pate-

317 4171 524 4223 rentur
545 4167 587 4236 ²,
604 4184 717 4224 non
735 4183 831 4224 eos
855 4165 1072 4220 diceret
1096 4165 1372 4236 Apuleius
1395 4164 1573 4219 simili
1599 4170 1755 4220 motu
1779 4164 1968 4220 cordis

315 4252 383 4303 et
411 4247 531 4302 salo
563 4252 773 4306 mentis
806 4265 905 4320 per
934 4261 1134 4301 omnes
1165 4245 1590 4316 cogitationum
1624 4251 1801 4300 aestus
1833 4246 1972 4299 fluc-

316 4334 490 4384 tuare
515 4331 611 4398 (De
641 4333 734 4388 deo
758 4329 1035 4393 Socratis).
1070 4329 1202 4399 Ipsa
1251 4327 1428 4397 igitur
1468 4343 1632 4382 mens
1664 4343 1886 4395 eorum,
1912 4329 1966 4382 id

315 4412 415 4465 est
452 4426 585 4479 pars
630 4412 809 4467 animi
860 4408 1141 4480 superior,
1195 4423 1306 4477 qua
1355 4407 1664 4463 rationales
1711 4413 1865 4474 sunt,
1907 4408 1967 4462 in

317 4505 434 4558 qua
466 4491 651 4547 virtus
683 4497 738 4547 et
767 4491 1068 4562 sapientia,
1087 4488 1133 4543 si
1154 4487 1272 4542 ulla
1293 4487 1378 4542 eis
1399 4493 1571 4555 esset,
1595 4489 1967 4559 passionibus

318 4570 680 4627 turbulentis
711 4573 1048 4628 inferiorum
1082 4565 1261 4622 animi
1289 4569 1534 4638 partium
1561 4569 1826 4640 regendis
1853 4585 1969 4623 mo-

316 4651 711 4721 derandisque
768 4652 1212 4717 dominaretur;
1264 4650 1413 4718 ipsa.
1485 4651 1744 4720 inquam,
1803 4665 1967 4704 mens

291 4736 714 4806 'eorum,sicut
735 4735 846 4788 iste
878 4731 1212 4786 Platonicus
1237 4732 1565 4795 confitetur,
1591 4730 1713 4785 salo
1739 4736 1966 4800 pertur—

314 4811 616 4868 bationum
654 4813 913 4869 fluctuat.
951 4812 1227 4879 Subjecta
1257 4816 1345 4865 est
1374 4827 1509 4878 ergo
1554 4827 1718 4865 mens
1750 4811 1962 4864 daemo-

313 4909 459 4947 num
492 4893 866 4964 passionibus
915 4893 1249 4957 libidinum,
1295 4891 1691 4957 formidinum,
1723 4891 1960 4956 irarum,

313 4975 493 5042 atque
526 4973 928 5043 hujuscemodi
961 4971 1201 5026 caeteris.
1234 4971 1368 5034 Quae
1419 4969 1595 5039 igitur
1629 4987 1757 5040 pars
1791 4971 1845 5024 in
1880 4971 1963 5025 eis

313 5051 504 5108 libera
535 5060 625 5108 est
641 5069 991 5124 composque
1013 5051 1330 5122 sapientiae,
1348 5067 1458 5118 qua
1477 5049 1740 5120 placeant
1760 5051 1892 5121 diis,
1911 5061 1966 5108 et

389 5255 406 5290 ί
436 5255 497 5302 In
526 5255 648 5303 Mss.
680 5254 970 5309 nonnullis.
1003 5261 1199 5302 utrum
1224 5268 1347 5302 cum
1378 5253 1450 5301 ad
1481 5255 1639 5306 vitae.
1669 5257 1766 5305 etc.
1797 5254 1964 5305 Paulo

316 5319 442 5379 post
468 5317 525 5364 in
560 5318 674 5366 sola
692 5317 922 5366 editione
943 5317 1064 5366 Lov.
1085 5331 1102 5364 :
1132 5317 1328 5365 Sancti
1358 5331 1483 5364 vero
1513 5319 1724 5378 ΛηρεΖὶ
1758 5332 1883 5365 cum
1915 5328 1964 5368 et

316 5380 448 5442 sine
474 5380 569 5428 ira
589 5385 853 5442 puniant.

384 5441 406 5475 ²
437 5443 592 5506 Editi.
629 5458 742 5492 non
763 5451 1100 5506 paterentur
1121 5457 1137 5489 .·
1173 5442 1311 5490 male
1339 5453 1400 5491 ac
1439 5443 1830 5504 refragantibus
1857 5458 1962 5494 ma-

321 5505 634 5555 nuscrintis.

383 5569 460 5632 (a)
492 5568 705 5632 Supple.
728 5577 938 5630 partes.

383 5584 460 5628 (a)
492 5584 705 5680 DUCPPIO.
728 5584 938 5630 partes.

347 5631 550 5744 tta)“,
591 5669 602 5682 .
632 5633 723 5682 lib.
761 5632 992 5683 icontra
1023 5632 1242 5684 Advers.
1272 5632 1390 5694 Leg.
1420 5633 1474 5682 et
1499 5631 1766 5698 Prophet,,
1795 5646 1849 5684 n.
1880 5633 1964 5698 40,

1761 341 1993 404 LIBER
2037 339 2326 400 NONUS.

3626 351 3741 411 262

2097 476 2169 529 ad
2227 475 2510 530 bonorum
2560 491 2787 532 morum
2824 481 2842 516 ⁸
2891 478 3332 537 similitudinem
3402 481 3740 545 hominibus

2096 554 2444 625 consulant;
2479 572 2613 611 cum
2643 574 2842 614 eorum
2867 576 3031 616 mens
3058 561 3393 632 passionum
3415 563 3568 620 vitiis
3592 565 3738 620 sub-

2090 637 2297 707 jugata
2326 643 2381 692 et
2412 654 2712 708 oppressa,
2763 641 3043 712 quidquid
3105 645 3344 701 rationis
3391 646 3740 702 naturaliter

2095 717 2287 784 habet,
2320 718 2392 772 ad
2436 719 2750 774 fallendum
2785 726 2841 776 et
2883 722 3292 793 decipiendum
3343 731 3499 783 tanto
3543 727 3738 783 acrius

2091 795 2376 933 antengat,
2410 803 2622 868 quanto
2653 816 2779 856 eam
2817 803 3003 873 magis
3035 805 3288 875 possidet
3310 807 3554 863 nocendi
3582 808 3740 878 cupi-

2131 894 2148 931 l
2177 894 2241 932 as

2131 894 2241 932 ιιδε

2091 1043 2324 1100 CAPUT
2354 1045 2476 1101 VII.
2511 1077 2577 1087 —
2609 1047 2758 1115 Quod
2813 1049 3087 1106 Platonici
3129 1052 3410 1120 ﬁgmentis
3448 1062 3735 1122 poetarum

2162 1125 2463 1194 infumalos
2494 1137 2742 1182 asserunt
2789 1127 2914 1184 deos
2962 1129 3028 1184 de
3075 1131 3485 1186 contrariorum
3532 1133 3738 1189 studio-

2160 1221 2288 1260 rum
2328 1210 2651 1277 certamine,
2713 1224 2838 1264 cum
2883 1210 2972 1267 ha:
3017 1215 3198 1282 partes
3247 1211 3576 1284 daemonum,
3627 1229 3737 1270 non

2160 1286 2388 1341 deorum
2417 1289 2550 1343 sint.

2158 1424 2320 1488 Quod
2353 1425 2402 1480 si
2435 1425 2751 1497 quisquam
2782 1427 2939 1497 dicit,
2966 1445 3081 1486 non
3113 1444 3182 1485 ex
3222 1432 3507 1501 omnium,
3537 1433 3638 1489 sed
3667 1450 3737 1490 ex

2085 1503 2366 1560 malorum
2401 1507 2732 1586 daemonum
2763 1525 3004 1565 numero
3032 1526 3181 1579 esse,
3215 1527 3361 1581 quos
3394 1521 3567 1582 postea
3590 1531 3735 1586 quo-

2087 1587 2358 1641 rumdam
2409 1585 2712 1642 hominum
2780 1607 2978 1646 osores
3026 1596 3082 1646 et
3123 1602 3406 1648 amatores
3429 1593 3568 1649 deos
3611 1585 3730 1651 non

2087 1664 2287 1744 procul
2320 1682 2353 1720 a
2382 1665 2614 1721 veritate
2646 1669 3025 1740 confingunt:
3070 1670 3174 1725 hos
3207 1672 3362 1726 enim
3389 1673 3532 1728 dixit
3569 1677 3729 1744 Apu-

2083 1743 2257 1812 leius,
2288 1747 2410 1801 salo
2462 1748 2672 1802 mentis
2708 1766 2808 1820 per
2836 1767 3038 1805 omnes
3091 1753 3503 1821 cogitationum
3555 1743 3732 1810 aestus

2086 1824 2401 1882 fluctuare:
2455 1830 2746 1898 quomodo
2808 1831 2958 1886 istud
3015 1831 3341 1905 intelligere
3394 1837 3730 1906 poterimus,

2085 1907 2338 1975 quando,
2373 1923 2504 1962 cum
2541 1907 2648 1963 hoc
2683 1909 2913 1977 diceret,
2966 1927 3077 1966 non
3111 1915 3522 1982 quorumdam,
3555 1915 3613 1970 id
3645 1918 3734 1970 est

2085 1987 2394 2054 malorum,
2447 1988 2546 2043 sed
2603 1989 2866 2044 omnium
2947 1991 3274 2048 daemonum
3358 1996 3730 2050 medietatem

2084 2073 2318 2138 propter
2349 2069 2505 2123 aeria
2539 2086 2800 2138 corpora,
2852 2071 3001 2126 inter
3041 2073 3176 2129 deos
3217 2079 3274 2129 et
3306 2075 3571 2130 homines
3603 2076 3730 2132 des-

2082 2146 2388 2225 cribebat?
2419 2151 2537 2202 Hoc
2582 2149 2737 2203 enim
2791 2151 2871 2204 ait
2921 2150 3135 2220 ﬁngere
3192 2159 3408 2222 poetas,
3457 2156 3611 2225 quod
3661 2171 3730 2209 ex

2083 2224 2331 2280 istorum
2389 2228 2711 2282 daamonum
2765 2245 3005 2284 numero
3072 2231 3208 2287 deos
3256 2224 3489 2300 faciunt,
3540 2238 3598 2288 et
3644 2233 3728 2288 eis

2081 2306 2328 2359 deorum
2379 2307 2616 2361 nomina
2682 2308 3012 2378 imponunt,
3061 2316 3120 2364 et
3177 2312 3393 2382 quibus
3442 2311 3731 2369 voluerint

2084 2385 2425 2440 hominibus
2456 2401 2524 2439 ex
2554 2386 2646 2441 his
2679 2388 2900 2442 amicos
2933 2388 3320 2460 inimicosque
3365 2391 3730 2448 distribuunt

2081 2464 2199 2519 ficti
2231 2465 2510 2520 carminis
2540 2465 2828 2537 impunita
2867 2467 3136 2529 licentia;
3178 2486 3312 2524 cum
3365 2471 3501 2527 deos
3531 2472 3604 2526 ab
3634 2473 3728 2528 his

2080 2545 2413 2600 daemonum
2449 2547 2729 2611 moribus,
2760 2552 2816 2601 et
2849 2547 3064 2604 ccelesti
3107 2548 3232 2604 loco
3262 2556 3318 2605 et
3351 2551 3730 2608 beatitudinis

2078 2626 2376 2696 opulentia
2400 2633 2649 2680 remotos
2670 2643 2794 2681 esse
2818 2628 3156 2698 perhibeant
3177 2631 3274 2700 (De
3295 2630 3392 2686 deo
3440 2632 3724 2702 Socratis).

2079 2707 2210 2762 Haec
2240 2718 2324 2762 est
2355 2723 2492 2777 ergo
2534 2707 2688 2762 fictio
2733 2715 3061 2779 poetarum,
3111 2711 3250 2766 deos
3303 2712 3492 2768 dicere
3519 2715 3617 2784 qui
3648 2715 3729 2770 dii

2077 2805 2194 2843 non
2240 2793 2400 2856 sunt,
2435 2804 2646 2856 eosque
2673 2791 2784 2844 sub
2833 2791 3069 2846 deorum
3122 2791 3460 2848 nominibus
3507 2795 3659 2849 inter
3695 2810 3727 2851 θ

2075 2869 2368 2923 decertare
2389 2873 2622 2937 propter
2641 2868 2930 2937 homines,
2963 2887 3111 2941 quos
3133 2887 3234 2942 pro
3257 2873 3448 2927 studio
3471 2875 3724 2944 partium

2074 2949 2326 3021 diligunt
2352 2951 2437 3004 vel
2469 2950 2736 3006 oderunt.
2778 2951 2902 3006 Non
2955 2956 3153 3024 procul
3198 2961 3394 3010 autem
3422 2974 3452 3010 a
3483 2957 3723 3012 veritate

2075 3029 2215 3084 dicit
2235 3030 2522 3084 hancesse
2541 3029 2860 3097 fictionem;
2891 3033 3165 3101 quoniam
3185 3033 3427 3089 deorum
3446 3034 3718 3106 appellati

2071 3111 2372 3167 vocabulis
2404 3113 2502 3183 qui
2536 3112 2614 3166 dii
2650 3129 2762 3168 non
2789 3118 2948 3179 sunt,
2976 3115 3120 3168 tales
3152 3121 3346 3172 tamen
3379 3118 3725 3173 describun-

2074 3201 2165 3248 tur
2196 3194 2517 3256 daamones,
2551 3193 2756 3263 quales
2786 3199 2944 3248 sunt.
2976 3194 3235 3266 Denique
3271 3196 3406 3252 hinc
3427 3213 3555 3252 esse
3581 3198 3723 3252 dicit

2073 3273 2438 3328 Homericam
2498 3273 2658 3328 illam
2702 3274 3042 3343 Minervam,
3091 3293 3213 3345 quae
3259 3277 3459 3332 mediis
3500 3280 3724 3335 cratibus

2073 3352 2299 3407 Graium
2346 3353 2644 3407 cohibendo
2692 3354 2898 3409 Achilli
2956 3355 3249 3410 intervenit
3295 3357 3503 3426 (lbid.).
3555 3359 3718 3422 Quod

2073 3448 2208 3503 ergo
2238 3433 2496 3487 Minerva
2536 3433 2632 3486 illa
2665 3434 2858 3500 fuerit,
2885 3435 3171 3504 poeticum
3195 3435 3315 3489 vult
3335 3451 3459 3490 esse
3481 3437 3720 3506 ﬁgmen-

2072 3517 2339 3578 tum;eo
2405 3513 2557 3582 quod
2618 3511 2933 3567 Minervam
2994 3515 3161 3567 deam
3223 3520 3406 3584 putat,
3473 3531 3720 3585 eamque

2075 3593 2225 3646 inter
2254 3593 2413 3658 deos,
2455 3608 2598 3660 quos
2629 3609 2831 3646 omnes
2872 3593 3052 3647 bonos
3080 3595 3392 3663 beatosque
3421 3594 3624 3661 credit,
3657 3595 3718 3650 in

2075 3671 2192 3728 alta
2221 3671 2452 3724 :rtheria
2479 3673 2611 3726 sede
2642 3673 2906 3738 collocat,
2953 3672 3149 3741 procul
3201 3689 3234 3726 a
3283 3675 3716 3728 conversatione

2075 3751 2610 3814 mortalium.Quod
2629 3757 2817 3805 autem
2842 3752 3295 3820 aliquisdaamon
3321 3752 3717 3810 f'ueritGraecis

2076 3836 2272 3888 favens
2301 3832 2681 3903 Trojanisque
2711 3832 3061 3898 contrarius,
3085 3833 3238 3887 sicut
3259 3833 3410 3888 alius
3445 3833 3718 3890 adversus

2073 3919 2299 3968 (traces
2331 3912 2717 3980 Trojanorum
2750 3911 3086 3980 opitulator,
3137 3929 3310 3983 quem
3344 3912 3582 3967 Veneris
3613 3930 3719 3970 seu

2074 3994 2274 4050 Martis
2308 3994 2541 4047 nomine
2569 3992 2723 4048 idem
2754 3997 2921 4062 poeta
2950 3997 3390 4060 commemorat,
3415 4009 3560 4063 quos
3582 3994 3721 4050 deos

2074 4077 2184 4131 iste
2217 4074 2357 4130 talia
2389 4090 2501 4128 non
2535 4078 2770 4143 agentes
2799 4073 2855 4127 in
2888 4073 3220 4129 caelestibus
3260 4073 3719 4129 habitationibus

2074 4159 2272 4228 ponit;
2301 4160 2358 4210 et
2387 4155 2443 4209 hi
2477 4153 2767 4210 daemones
2798 4171 2899 4224 pro
2930 4155 3012 4208 eis
3035 4170 3181 4224 quos
3200 4155 3493 4219 amabant,
3518 4161 3720 4210 contra

2071 4255 2170 4294 eos
2201 4254 2349 4308 quos
2379 4238 2644 4301 oderant,
2694 4235 2844 4289 inter
2891 4252 2953 4290 se
2991 4235 3426 4304 decertaverint,
3462 4236 3569 4291 hoc
3602 4253 3716 4292 non

2073 4319 2336 4390 procula
2365 4319 2603 4373 veritate
2650 4322 2846 4387 poetas
2891 4316 3103 4372 dixisse
3143 4320 3447 4374 confessus
3495 4323 3602 4372 est.
3636 4317 3717 4374 De

2073 4401 2162 4455 his
2212 4400 2427 4471 quippe
2477 4399 2588 4452 ista
2629 4399 2920 4465 dixerunt,
2954 4415 3098 4468 quos
3148 4398 3485 4454 hominibus
3535 4399 3715 4454 simili

2071 4485 2227 4536 motu
2263 4480 2449 4534 cordis
2479 4485 2535 4534 et
2564 4478 2685 4533 salo
2719 4478 2924 4532 mentis
2950 4495 3049 4549 per
3069 4495 3272 4534 omnes
3304 4480 3717 4550 cogitationum

2070 4565 2244 4616 aestus
2275 4561 2552 4614 fluctuare
2579 4563 2844 4624 testatur,
2879 4564 2941 4613 ut
2975 4565 3212 4629 possent
3234 4576 3460 4615 amores
3483 4564 3540 4614 et
3559 4561 3712 4627 odia,

2071 4659 2186 4696 non
2221 4658 2321 4712 pro
2347 4641 2603 4712 justitia,
2632 4642 2730 4696 sed
2765 4641 2918 4695 sicut
2960 4641 3213 4712 populus
3251 4642 3463 4696 similis
3511 4658 3714 4697 eorum

2070 4724 2127 4777 in
2162 4723 2534 4777 venatoribus
2565 4727 2620 4776 et
2649 4723 2884 4788 aurigis,
2920 4725 3236 4776 secundum
3262 4739 3495 4776 suarum
3521 4723 3716 4777 studia

2071 4804 2344 4874 partium,
2381 4821 2478 4872 pro
2533 4800 2664 4857 aliis
2713 4803 2994 4856 adversus
3046 4801 3190 4854 alios
3230 4816 3492 4854 exercere
3523 4803 3621 4869 (a).
3651 4802 3712 4855 Id

2068 4883 2221 4938 enim
2254 4885 2483 4938 videtur
2517 4881 2899 4952 philosOphus
2949 4893 3185 4933 curasse
3233 4877 3584 4947 Platonicus,
3619 4895 3714 4944 ne,

2067 4981 2197 5020 cum
2251 4964 2368 5017 haec
2409 4981 2440 5017 a
2487 4961 2669 5030 poetis
2717 4964 3082 5023 canerentur,
3129 4974 3242 5012 non
3275 4975 3308 5013 a
3351 4958 3713 5014 daemonibus

2069 5043 2296 5108 mediis,
2330 5043 2429 5097 sed
2461 5043 2531 5095 ab
2575 5040 2720 5112 ipsis
2769 5040 2902 5109 diis,
2953 5056 3202 5111 quorum
3248 5039 3483 5096 nomina
3533 5044 3711 5110 poeta:

2069 5123 2340 5194 ﬁngendo
2373 5126 2618 5194 ponunt,
2654 5121 2772 5175 fieri
2798 5121 3190 5178 crederentur.

2134 5383 2148 5414 ί
2180 5377 2264 5427 Sic
2291 5377 2486 5439 probae
2513 5379 2670 5427 notae
2696 5375 2817 5426 Mss.
2849 5377 2918 5426 At
2979 5377 3140 5427 editio
3186 5375 3310 5428 Lov.
3347 5373 3565 5434 omittit,
3604 5388 3717 5439 mo-

2067 5438 2399 5501 rum;cujus
2427 5440 2570 5489 vocis
2586 5441 2701 5489 loco
2717 5439 2869 5488 Vind.
2902 5442 2954 5489 et
2984 5445 3097 5489 Am.
3118 5440 3334 5498 habent,
3356 5441 3604 5487 deorum.
3623 5438 3716 5490 De-

2066 5503 2370 5566 niqueipro.
2384 5501 2688 5566 bonorum.
2719 5503 2801 5550 Er.
2826 5504 3003 5558 habet.
3035 5504 3256 5566 horum.

2133 5563 2209 5628 (a)
2383 5563 2571 5614 Enarr.
2612 5565 2669 5613 in
2699 5566 2835 5615 Psal.
2872 5582 3031 5621 xxxix,
3064 5580 3154 5617 nn.
3187 5565 3216 5612 8
3245 5568 3297 5616 ct
3327 5565 3375 5622 9,
3406 5567 3459 5616 et
3486 5565 3542 5614 in
3574 5564 3714 5618 Psal.

2133 5644 2162 5674 ι.
2194 5641 2246 5674 ιι.
2354 5665 2365 5674 .

2067 5644 2162 5687 uti,
2194 5641 2246 5676 n.
2291 5641 2365 5678 tu.
