4158 6192
510 292 626 353 263

505 428 738 485 CAPUT
763 427 900 484 VIII.
933 456 998 467 —
1021 429 1096 482 De
1112 426 1217 482 diis
1237 427 1538 495 caelestibus
1559 434 1611 481 et
1626 426 1959 483 daemonibus
1979 427 2145 483 aeriis

572 510 998 580 hominibusque
1024 511 1262 564 terrenis
1302 508 1524 578 Apuleii
1569 508 1843 564 Platonici
1869 509 2137 578 definitio.

576 676 725 742 Quid
758 676 858 730 illa
888 675 1014 746 ipsa
1045 675 1308 731 deﬁnitio
1341 677 1695 747 daemonum,
1732 692 2014 749 parumne
2045 675 2143 732 in-

502 756 719 810 tuenda
748 759 837 810 est
875 754 996 824 (ubi
1031 763 1181 810 certe
1203 772 1405 811 omnes
1422 757 1864 812 determinando
1887 755 2142 828 comple~

498 851 609 889 xus
649 837 779 902 est),
804 835 955 903 quod
990 835 1072 888 ait
1101 835 1397 891 daemones
1427 853 1552 892 esse
1591 852 1801 908 genere
1846 837 2138 904 animalia,

496 915 687 968 animo
745 912 992 981 passiva,
1047 920 1240 970 mente
1293 917 1619 982 rationalia,
1668 931 1907 988 corpore
1960 916 2137 983 aeria,

493 998 752 1061 tempore
785 997 1000 1048 aeterna
1025 994 1212 1065 tibia.)
1233 995 1260 1050 ?
1288 1001 1351 1052 In
1375 997 1584 1067 quibus
1609 996 1867 1067 quinque
1890 1012 2141 1052 comme-

497 1071 760 1137 moratis,
797 1073 942 1128 nihil
970 1075 1117 1130 dixit
1164 1079 1422 1144 omnino,
1458 1079 1608 1149 quod
1634 1080 1650 1112 ¹
1683 1078 1974 1132 daemones
2004 1092 2137 1131 eum

497 1151 660 1207 bonis
691 1152 896 1208 saltem
931 1154 1271 1212 hominibus
1303 1159 1357 1212 id
1393 1158 1724 1212 viderentur
1756 1157 1965 1212 habere
1988 1171 2143 1211 eom-

493 1247 692 1300 mune,
725 1235 876 1304 quod
912 1251 1027 1290 non
1056 1241 1206 1292 esset
1227 1237 1284 1292 in
1314 1236 1504 1292 malis.
1528 1237 1672 1292 Nam
1698 1237 1856 1308 ipsos
1879 1236 2140 1292 homines

491 1327 624 1366 cum
658 1313 958 1384 aliquanto
990 1315 1167 1372 latius
1207 1317 1585 1373 describenda
1635 1315 2135 1388 complecteretur,

490 1406 594 1446 suo
629 1391 752 1446 loco
782 1395 850 1448 de
879 1393 995 1449 illis
1025 1395 1224 1451 dicens
1253 1399 1530 1467 tanquam
1580 1397 1648 1452 de
1698 1395 1920 1452 intimis
1968 1404 2140 1468 atque

491 1472 756 1540 terrenis,
789 1488 918 1528 cum
954 1474 1114 1544 prius
1144 1475 1382 1532 dixisset
1417 1476 1489 1532 de
1518 1476 1848 1532 caalestibus
1891 1476 2045 1545 diis;
2081 1483 2140 1532 ut

491 1553 1147 1610 commendatisduahus
1160 1558 1425 1628 partibus
1440 1574 1506 1613 ex
1520 1574 1750 1613 summo
1766 1561 1820 1613 et
1837 1557 2037 1614 inﬁmo
2057 1556 2141 1612 ul-

491 1635 885 1703 timis’,tertio
917 1635 1038 1693 loco
1059 1639 1128 1692 de
1154 1639 1360 1694 mediis
1391 1640 1755 1694 dzemonibus
1774 1638 2134 1708 loqueretur:

487 1716 662 1785 Igitur
682 1715 948 1785 homines,
970 1718 1180 1787 inquit,
1205 1720 1419 1774 ratione
1436 1720 1670 1774 cluentes
1687 1719 1730 1784 ³,
1752 1721 2001 1775 oratione
2018 1722 2138 1790 pol-

487 1795 675 1861 lentes,
691 1797 1094 1852 immortalibus
1116 1799 1341 1866 animis,
1356 1801 1700 1856 moribundi:
1713 1801 1994 1869 membris,
2013 1803 2138 1856 levi-

487 1877 585 1931 bus
605 1883 654 1932 et
675 1880 864 1933 anxiis
903 1879 1195 1946 mentibus,
1240 1881 1414 1936 brutis
1446 1888 1496 1936 et
1527 1881 1780 1936 obnoxiis
1799 1883 2134 1952 corporibus,

483 1958 844 2014 dissimilibus
891 1962 1155 2029 moribus,
1202 1963 1483 2017 similibus
1529 1962 1830 2029 erroribus,
1864 1964 2138 2034 pervicaci

481 2039 734 2106 audacia,
765 2040 1040 2110 pertinaci
1058 2057 1171 2112 spe,
1203 2057 1346 2097 casso
1379 2044 1578 2110 labore,
1628 2045 1856 2114 fortuna
1894 2047 2134 2111 caduca,

479 2119 811 2189 singillatim
849 2123 1130 2188 mortales,
1181 2125 1367 2178 cuncti
1407 2128 1588 2178 tamen
1635 2124 1890 2179 universo
1941 2140 2140 2193 genere

480 2201 754 2270 perpetui,
786 2200 1026 2255 vicissim
1055 2202 1377 2272 sufﬁcientia
1409 2205 1562 2274 prole
1583 2205 1895 2271 mutabiles,
1929 2205 2138 2260 volucri

483 2289 743 2352 tempore,
795 2282 950 2338 tarda
995 2285 1288 2354 sapientia,
1332 2285 1446 2340 cita
1489 2291 1681 2352 morte,
1737 2286 1964 2358 querula
2024 2287 2138 2341 vita

483 2365 663 2416 terras
719 2361 972 2418 incolunt
1021 2365 1118 2434 (De
1165 2363 1263 2420 deo
1323 2365 1604 2438 Socratis).
1655 2367 1798 2422 Cum
1848 2367 1984 2421 hie‘
2015 2375 2132 2421 tam

483 2443 670 2498 multa
691 2443 926 2514 diceret,
961 2460 1087 2516 quas
1119 2447 1190 2502 ad
1226 2446 1508 2517 plurimos
1531 2448 1796 2504 homines
1821 2448 2134 2519 pertinent,

484 2525 772 2594 numquid
822 2525 994 2580 etiam
1045 2525 1190 2581 illud
1248 2528 1450 2596 tacuit,
1511 2529 1669 2599 quod
1720 2533 1951 2584 noverat
2007 2545 2136 2585 esse

487 2621 829 2675 paucorum,
865 2606 959 2660 ubi
991 2607 1072 2661 ait
1110 2607 1267 2662 tarda
1297 2609 1788 2680 sapientia?quod
1818 2609 1867 2664 si
1899 2614 2136 2680 prieter-

484 2684 754 2752 misisset,
793 2685 949 2742 nullo
989 2688 1156 2743 modo
1187 2693 1340 2744 recte
1389 2705 1577 2760 genus
1627 2690 1954 2745 humanum
1997 2691 2133 2746 des-

491 2764 790 2836 criptionis
823 2767 996 2836 hujus
1023 2774 1139 2823 tam
1175 2768 1395 2824 intenta
1426 2770 1723 2837 diligentia
1743 2771 2132 2826 terminasset.

485 2845 628 2900 Cum
649 2862 780 2902 vero
798 2847 1037 2904 deorum
1061 2848 1461 2905 excellentiam
1483 2853 1938 2919 commendaret,
1955 2852 2132 2920 ipsam

486 2926 930 2996 beatitudinem,
965 2945 1078 2999 quo
1109 2929 1306 2984 velunt
1338 2930 1601 2987 homines
1643 2949 1744 3003 per
1783 2931 2129 3001 sapientiam

480 3007 801 3078 pervenire,
824 3010 882 3062 in
915 3010 1000 3065 eis
1031 3010 1336 3065 affirmavit
1357 3011 1648 3068 excellere.
1675 3011 1921 3067 Proinde
1952 3013 1999 3067 si
2024 3013 2130 3068 ali-

480 3102 628 3156 quos
661 3088 950 3144 daemones
982 3091 1161 3145 bonos
1190 3090 1360 3146 vellet
1399 3091 1664 3163 intelligi,
1699 3093 1915 3162 aliquid
1956 3092 2124 3149 etiam

473 3165 532 3220 in
567 3170 822 3236 ipsorum
856 3170 1239 3240 descriptione
1271 3176 1528 3242 poneret,
1553 3173 1707 3228 unde
1738 3173 1822 3228 vel
1859 3189 1991 3227 cum
2016 3173 2126 3230 diis

474 3247 731 3318 aliquam
765 3248 1142 3306 beatitudinis
1191 3259 1429 3323 partem,
1464 3251 1552 3308 vel
1601 3269 1733 3306 cum
1787 3252 2125 3310 hominibus

477 3328 960 3398 qualemcumque
991 3331 1331 3402 sapientiam
1366 3337 1709 3404 putarentur
1731 3333 1939 3389 habere
1970 3350 2124 3390 com-

473 3423 734 3465 munem.
767 3409 930 3465 Nunc
965 3427 1098 3467 vero
1130 3412 1360 3469 nullum
1395 3414 1608 3471 bonum
1638 3430 1836 3471 eorum
1866 3431 2122 3471 comme-

472 3489 740 3556 moravit,
776 3506 891 3561 quo
927 3493 1057 3548 boni
1091 3493 1509 3551 discernuntur
1547 3513 1580 3552 a
1613 3496 1798 3553 malis.
1845 3497 2122 3561 Quamvis

470 3575 525 3624 et
558 3587 756 3626 eorum
792 3572 1025 3628 malitia)
1058 3574 1315 3646 liberius
1358 3579 1747 3650 exprimenda:
1781 3578 2119 3650 pepercerit,

471 3667 586 3706 non
623 3659 740 3708 tam
776 3670 846 3709 ne
878 3655 1057 3726 ipsos,
1091 3673 1267 3730 quam
1301 3677 1373 3714 ne
1403 3659 1656 3716 cultores
1708 3676 1932 3728 eorum,
1965 3661 2117 3731 apud

473 3747 621 3802 quos
691 3735 1058 3808 loquebatur,
1112 3741 1466 3797 offenderet:
1531 3741 1878 3813 signiﬁcavit
1929 3750 2118 3796 tamen

471 3815 882 3894 prudentibus,
911 3821 1051 3888 quid
1085 3821 1154 3878 de
1183 3821 1297 3877 illis
1329 3825 1544 3879 sentire
1586 3824 1899 3891 deberent;
1933 3839 2118 3894 quan-

466 3893 781 3977 doquidem
813 3899 971 3968 deos,
1005 3917 1146 3970 quos
1177 3919 1381 3957 omnes
1414 3905 1596 3958 bonos
1629 3893 2118 3977 beatosqueeredi

465 3975 671 4044 voluit,
702 3978 772 4031 ab
803 3993 1005 4032 eorum
1042 3983 1436 4048 passionibus,
1489 3989 1683 4055 atque,
1734 3993 1795 4041 ut
1846 3975 1924 4042 ait
1975 3987 2118 4056 ipse,

464 4057 729 4111 turbellis
762 4060 923 4110 omni
955 4059 1127 4113 modo
1159 4065 1466 4133 separavit,
1491 4067 1616 4121 sola
1648 4067 1779 4122 illos
1813 4081 2116 4134 corporum

465 4136 784 4189 aeternitate
818 4137 1215 4208 conjungens;
1259 4143 1452 4199 animo
1486 4155 1672 4202 autem
1709 4165 1822 4202 non
1855 4146 1989 4212 diis,
2017 4146 2116 4199 sed

464 4213 805 4297 hominibus
823 4215 1047 4297 similes
1069 4219 1364 4278 daemones
1389 4228 1754 4297 apertissime
1778 4226 2114 4284 inculcans:

461 4294 520 4346 et
537 4290 643 4347 hoc
662 4311 772 4378 non
789 4294 1084 4378 sapientiae
1104 4298 1270 4369 bono,
1295 4290 1463 4375 cujus
1486 4313 1542 4364 et
1565 4309 1828 4364 homines
1871 4312 2116 4378 possunt

464 4387 598 4462 esse.
615 4373 934 4462 participes
959 4391 972 4440 ;
1004 4379 1104 4462 sed
1129 4373 1564 4462 perturbatione
1597 4373 1960 4460 passionum,
1985 4406 2111 4460 quas

465 4450 976 4542 stul'tishmalisque
1007 4457 1363 4542 dominatur,
1407 4483 1440 4522 a
1469 4450 1831 4539 sapientibus
1881 4450 2018 4524 vero
2053 4472 2110 4524 et

459 4531 627 4619 bonis
657 4531 739 4587 ita
755 4531 1012 4619 regitur,
1045 4545 1106 4592 ut
1137 4531 1357 4598 malint
1373 4562 1499 4602 eam
1535 4531 1649 4603 non
1671 4547 1895 4616 habere,
1930 4565 2107 4617 quam

459 4611 707 4668 vincere.
755 4611 898 4666 Nam
961 4616 1009 4669 si
1070 4633 1185 4674 non
1227 4639 1559 4695 corporum,
1623 4627 1727 4684 sed
1778 4611 2105 4687 animorum

527 4912 543 4974 ξ
575 4911 745 4966 Forte.
777 4926 899 4974 quo.

523 4972 545 5006 2
574 4975 732 5048 Editi‘,
762 4972 835 5048 (id
856 4973 1158 5048 ultimum;
1193 4978 1530 5048 Castigantur
1566 4989 1631 5036 ad
1673 4992 1878 5040 veteres
1917 4991 2100 5048 libros,

457 5049 693 5113 quorum,
713 5037 993 5113 lectionem
1023 5040 1304 5113 confirmat
1332 5037 1652 5113 i'lludinfra,
1683 5037 2099 5113 dimidiatae};

457 5099 520 5146 de
558 5099 772 5165 duabus
814 5107 1053 5165 naturae
1088 5104 1344 5163 partibus
1377 5108 1617 5165 ultimis,
1643 5099 2102 5164 'id‘est'summ—is

457 5171 624 5222 atque
653 5161 886 5222 inﬁmis.

570 5223 833 5300 librabit:
877 5224 1117 5300 codicum
1156 5229 1404 5300 varietas.
1440 5232 1604 5300 Xinq.
1653 5236 1768 5284 Am.
1801 5241 1870 5300 iet
1906 5241 2102 5300 probae

456 5287 614 5360 notae
644 5286 763 5360 Mss.
807 5286 1024 5360 habent,
1075 5291 1520 5360 gaudentesﬂEr.
1564 5296 1708 5360 Lov.,
1755 5286 2097 5359 plaudentes:

459 5347 565 5420 Alii
603 5348 818 5421 quidam
857 5351 1009 5421 _l_ttss.,
1057 5347 1349 5421 ferventer.
1408 5347 2099 5421 Νοηηιιιιί,’βέυείηέέζέξὲὲὶὶ

455 5410 635 5479 verius
665 5411 998 5462 Colbertinus
1022 5410 1203 5471 cedex.
1235 5420 1296 5466 ut
1341 5422 1481 5482 apud
1509 5410 2096 5486 Apuleiumcluentes':

457 5470 511 5515 1d
541 5474 620 5518 est
648 5475 978 5525 excellentes.

457 5483 511 5515 ια
541 5483 620 5518 est
648 5483 978 5525 excellentes.

517 5531 539 5565 ι
571 5531 722 5585 Vind.
758 5540 870 5587 Am.
906 5543 958 5590 et
986 5540 1223 5605 plerique
1244 5545 1385 5610 Mss,
1418 5547 1563 5601 hinc.

1545 294 1650 352 DE
1692 291 2063 354 CIVITATE
2104 292 2252 366 DEI,
2302 293 2362 355 S.
2409 295 2846 360 AUGUSTINI

3784 297 3903 358 264

2255 430 2630 487 aeternitatem
2651 449 2783 489 cum
2807 432 2919 488 diis
2945 431 3160 488 habere
3181 433 3474 487 daemones
3496 430 3669 486 vellet
3689 430 3907 486 intelli-

2249 510 2330 582 gi,
2383 529 2498 566 non
2550 513 2753 585 utique
2819 513 3086 568 homines
3135 513 3207 568 ab
3265 513 3437 582 hujus
3484 513 3564 567 rei
3614 512 3901 568 consortio

2250 601 2542 662 separaret
2577 611 2589 648 :
2623 597 2761 665 quia
2783 600 2840 650 et
2872 593 3210 650 hominibus
3233 599 3476 649 aeternos
3498 609 3625 648 esse
3649 592 3899 659 animos,

2251 674 2449 742 procul
2502 674 2701 740 dubio,
2752 675 2906 730 sicut
2957 674 3308 741 Platonicus,
3359 676 3553 730 sentit.
3601 675 3732 728 Ideo
3765 691 3898 730 cum

2249 752 2356 807 hoc
2386 769 2567 824 genus
2617 756 3008 811 animantium
3047 756 3438 824 ,describeret,
3470 754 3898 810 immortalibus

2247 832 2483 901 animis,
2517 837 2877 891 moribundis
2933 835 3209 890 membris
3254 835 3394 890 dixit
3435 852 3560 891 esse
3611 835 3894 890 homines.

2249 917 2324 966 Ac
2357 930 2458 984 per
2489 915 2595 971 hoc
2624 917 2674 972 si
2705 922 3004 986 prepterea
3034 932 3403 971 communem
3429 932 3559 971 cum
3593 916 3706 971 diis
3730 921 3894 970 aeter-

2247 992 2486 1049 nitatem
2523 1012 2635 1050 non
2687 997 2902 1052 habent
2945 997 3236 1062 homines,
3288 997 3423 1067 quia
3471 1012 3708 1067 corpore
3755 1004 3895 1053 sunt

2247 1075 2894 1147 mortaleszpropterea
2942 1093 3076 1148 ergo
3132 1079 3425 1132 daemones
3477 1077 3708 1140 habent,
3755 1077 3894 1146 quia

2243 1170 2484 1227 corpore
2513 1161 2650 1212 sunt
2678 1158 3054 1215 immortales.

2244 1347 2480 1405 CAPUT
2515 1351 2609 1406 IX.
2661 1381 2730 1390 -—
2772 1351 2854 1406 An
2902 1349 3153 1407 amicitia
3191 1350 3494 1408 ewlestium
3538 1351 3761 1408 deorum
3791 1369 3892 1424 per

2315 1429 2760 1487 intercessionem
2798 1430 3106 1488 daemonum
3141 1431 3315 1500 possit
3344 1431 3559 1488 homini
3584 1433 3890 1504 provideri.

2313 1620 2521 1685 Quales
2550 1621 2732 1693 igitur
2759 1621 3107 1678 mediatores
3146 1628 3282 1677 sunt
3329 1622 3482 1678 inter
3534 1622 3802 1679 homines
3831 1627 3892 1680 et

2241 1702 2397 1772 deos,
2434 1718 2535 1773 per
2565 1719 2713 1773 quos
2743 1703 2813 1757 ad
2847 1703 3091 1758 deorum
3124 1703 3415 1758 amicitias
3465 1703 3728 1759 homines
3755 1719 3886 1759 am-

2243 1782 2428 1847 biant,
2463 1783 2561 1852 qui
2612 1783 2720 1837 hoc
2773 1799 2906 1837 cum
2957 1783 3297 1838 hominibus
3347 1783 3558 1837 habent
3608 1783 3885 1851 deterius,

2241 1863 2386 1931 quod
2421 1862 2590 1917 estin
2625 1863 2921 1918 animante
2971 1863 3197 1929 melius,
3228 1862 3284 1916 id
3318 1869 3408 1917 est
3447 1863 3745 1929 animum;
3777 1864 3885 1918 hoc

2241 1947 2434 1998 autem
2457 1943 2675 1998 habent
2691 1960 2819 1998 cum
2840 1944 2953 1998 diis
2977 1945 3206 2008 melius,
3223 1943 3378 2015 quod
3398 1950 3486 2000 est
3507 1945 3564 1998 in
3588 1949 3888 1999 animante

2241 2021 2512 2088 deterius,
2564 2024 2616 2078 id
2668 2028 2753 2078 est
2782 2026 3041 2095 corpus?
3069 2023 3212 2079 Cum
3263 2025 3417 2079 enim
3475 2026 3766 2092 animans,
3825 2024 3885 2079 id

2242 2107 2330 2156 est
2361 2102 2598 2170 animal,
2633 2119 2701 2159 ex
2733 2104 2930 2158 anima
2959 2109 3188 2159 constet
3234 2112 3287 2158 et
3323 2120 3576 2174 corpore,
3629 2120 3886 2174 quorum

2241 2183 2491 2239 duorum
2527 2187 2720 2239 anima
2750 2191 2835 2240 est
2857 2186 3059 2256 utique
3110 2202 3339 2256 corpore
3387 2185 3624 2245 melior;
3657 2186 3763 2239 etsi
3797 2186 3892 2239 vi-

2241 2264 2385 2321 tiosa
2415 2271 2470 2322 et
2507 2267 2760 2331 infirma,
2804 2267 3006 2323 melior
3038 2272 3189 2323 certe
3217 2283 3448 2338 corpore
3480 2269 3652 2323 etiam
3685 2268 3892 2323 sanis-

2241 2345 2391 2400 simo
2423 2351 2601 2418 atque
2635 2349 3008 2414 firmissimo;
3052 2349 3322 2418 quoniam
3363 2351 3489 2417 ejus
3539 2353 3753 2402 natura
3784 2364 3886 2402 ex-

2239 2425 2538 2482 cellentior
2569 2444 2671 2483 nec
2701 2427 2830 2482 labe
2872 2426 3154 2483 'vitiorum
3205 2429 3576 2499 postponitur
3621 2430 3882 2497 corpori;

2239 2508 2388 2564 sicut
2419 2525 2623 2564 aurum
2655 2510 2823 2565 etiam
2852 2511 3155 2565 sordidum
3207 2517 3444 2580 argento
3476 2525 3579 2565 seu
3622 2509 3882 2582 plumbo,

2240 2591 2378 2649 licet
2409 2593 2742 2664 purissimo,
2783 2595 2976 2650 carius
3016 2595 3378 2650 aestimatur:
3413 2594 3508 2649 isti
3543 2597 3883 2650 mediatores

2238 2673 2477 2730 deorum
2500 2680 2557 2729 et
2588 2675 2917 2746 hominum,
2951 2692 3053 2746 per
3082 2691 3223 2746 quos
3255 2675 3628 2744 interpositos
3671 2673 3882 2730 divinis

2241 2755 2496 2810 humana
2521 2756 2877 2827 junguntur,
2913 2772 3047 2812 cum
3078 2756 3192 2811 diis
3230 2756 3445 2811 habent
3475 2773 3684 2826 corpus
3714 2760 3884 2809 aeter-

2240 2851 2405 2902 num,
2447 2835 2718 2890 vitiosum
2769 2843 2962 2892 autem
3013 2852 3146 2891 cum
3198 2835 3537 2891 hominibus
3579 2836 3884 2901 animum;

2236 2916 2402 2986 quasi
2438 2918 2659 2987 religio,
2686 2935 2799 2987 qua
2829 2917 3033 2972 volunt
3055 2917 3166 2972 diis
3189 2914 3459 2972 homines
3482 2933 3576 2988 per
3593 2916 3887 2971 demones

2229 2989 2422 3066 jungi,
2472 2997 2530 3051 in
2582 3014 2821 3068 corpore
2869 2999 2964 3063 sit,
3012 3013 3124 3053 non
3170 2997 3228 3052 in
3279 2997 3495 3064 animo,
3542 2997 3886 3052 constituta.

2234 3078 2509 3141 Quaenam
2538 3081 2767 3134 tandem
2791 3079 2932 3135 istos
2957 3079 3304 3134 mediatores
3331 3080 3504 3134 falsos
3523 3084 3698 3150 atque
3719 3078 3882 3134 falla-

2233 3172 2326 3212 ces
2357 3159 2526 3229 quasi
2556 3159 2741 3229 capite
2771 3160 3044 3215 deorsum
3089 3160 3349 3230 nequitia
3398 3159 3478 3214 vel
3532 3176 3699 3230 pmna
3754 3175 3884 3215 sus-

2232 3240 2452 3309 pendit,
2472 3245 2534 3295 ut
2554 3241 2886 3297 inferiorem
2911 3241 3185 3297 animalis
3211 3240 3516 3312 partem,id
3544 3246 3884 3311 estcorpus,

2231 3335 2364 3373 cum
2397 3321 2815 3390 superioribus,
2841 3319 3199 3392 superiorem
3223 3336 3376 3385 vero,
3399 3321 3454 3374 id
3480 3325 3570 3375 est
3591 3320 3880 3388 animum,

2229 3415 2363 3454 cum
2390 3399 2763 3456 inferioribus
2791 3402 3086 3471 ,babeant,
3115 3408 3168 3456 et
3199 3416 3330 3456 cum
3382 3400 3496 3456 diis
3545 3400 3879 3456 caelestibus

2228 3478 2287 3534 in
2312 3485 2473 3550 parte
2504 3482 2783 3537 serviente
2810 3481 3123 3551 conjuncti,
3154 3496 3286 3536 cum
3310 3480 3648 3536 hominibus
3679 3489 3876 3535 autem

2227 3563 2680 3617 terrestribus‘in
2707 3567 2865 3633 parte
2888 3563 3225 3618 dominante
3246 3561 3364 3617 sint
3385 3561 3580 3617 miseri
3604 3561 3631 3616 ‘2
3650 3561 3875 3632 Corpus

2228 3642 2442 3713 quippe
2491 3660 2721 3698 servum
2777 3647 2886 3707 est,
2945 3643 3097 3698 sicut
3149 3644 3322 3698 etiam
3381 3642 3698 3697 Sallustius
3753 3645 3871 3697 ait:

2225 3723 2418 3778 Animi
2448 3725 2698 3794 imperio,
2731 3725 2974 3795 corporis
3001 3723 3223 3778 servitio
3270 3725 3447 3793 magis
3485 3726 3722 3778 utimur.
3755 3724 3877 3777 Ad-

2219 3804 2418 3872 junxit
2447 3813 2642 3861 autem
2667 3805 2783 3872 ille,
2834 3806 3074 3860 Alterum
3109 3805 3260 3860 nobis
3305 3822 3430 3859 cum
3466 3805 3594 3869 diis,
3634 3807 3875 3860 alterum

2223 3898 2345 3938 cum
2381 3886 2576 3940 bet/uis
2605 3902 2891 3941 commune
2920 3890 2996 3940 est
3027 3885 3282 3954 (Sallust.
3318 3885 3375 3940 in
3407 3887 3735 3956 (ἐρώησαν.
3776 3888 3820 3956 t)
3855 3903 3872 3942 :

2224 3965 2497 4034 quoniam
2533 3967 2604 4021 de
2651 3968 2981 4022 hominibus
3033 3967 3396 4037 loquebatur,
3450 3969 3684 4037 quibus,
3725 3968 3875 4022 sicut

2223 4043 2457 4113 belluis,
2495 4048 2740 4102 mortale
2770 4065 2979 4116 corpus
3011 4055 3117 4102 est.
3151 4050 3247 4102 Isti
3289 4058 3504 4116 autem,
3539 4063 3685 4118 quos
3719 4048 3873 4102 inter

2224 4141 2330 4179 nos
2362 4132 2418 4180 et
2448 4127 2588 4182 deos
2617 4129 2960 4184 mediatores
3010 4128 3171 4184 nobis
3222 4127 3550 4199 philosophi
3601 4129 3870 4199 provide-

2222 4210 2360 4258 runt
2384 4208 2424 4272 ί,
2460 4221 2706 4277 possunt
2733 4209 2966 4278 quidem
2999 4211 3188 4264 dicere
3210 4209 3280 4264 de
3310 4209 3504 4263 animo
3526 4214 3582 4262 et
3603 4224 3866 4278 corpore.

2220 4285 2480 4342 Alterum
2508 4289 2675 4342 nobis
2706 4305 2841 4344 cum
2868 4291 2998 4358 diis,
3050 4290 3292 4345 alterum
3341 4306 3472 4345 cum
3526 4290 3870 4346 hominibus

2220 4383 2528 4422 commune
2558 4373 2685 4424 est:
2718 4371 2843 4438 sed,
2877 4371 3030 4428 sicut
3063 4371 3199 4438 dixi,
3234 4376 3509 4442 tanquam
3540 4369 3598 4424 in
3632 4387 3868 4442 perver-

2218 4463 2349 4502 sum
2384 4446 2543 4516 ligati
2573 4453 2745 4520 atque
2777 4452 3066 4523 suspensi,
3100 4468 3327 4506 servum
3350 4467 3560 4521 corpus
3591 4465 3725 4505 cum
3750 4451 3867 4506 diis

2219 4527 2419 4596 beatis,
2451 4529 2757 4586 dominum
2789 4532 3048 4587 animum
3082 4547 3215 4587 cum
3250 4531 3588 4586 hominibus
3628 4532 3867 4588 miseris

2213 4607 2496 4665 habentes
2518 4608 2559 4677 ε,
2614 4616 2772 4681 parte
2812 4611 3083 4669 interiore
3122 4612 3376 4679 eXaltati,
3427 4610 3726 4682 superiore
3765 4615 3865 4668 de-

2203 4689 2362 4758 jecti.
2398 4689 2560 4745 Unde
2583 4691 2757 4748 etiam
2779 4693 2827 4748 si
2851 4694 3165 4765 quisquam
3190 4697 3421 4765 propter
3441 4692 3547 4748 hoc
3568 4707 3667 4747 eos
3691 4699 3864 4764 puta-

2209 4769 2354 4823 verit
2370 4771 2752 4827 aeternitatem
2776 4772 2986 4828 hahere
3003 4790 3134 4828 cum
3154 4772 3290 4841 diis,
3307 4771 3444 4845 quia
3467 4771 3624 4827 nulla
3649 4778 3860 4842 morte,

2211 4849 2358 4905 sicut
2419 4851 2763 4908 animalium
2814 4855 3200 4921 terrestrium,
3251 4853 3431 4909 animi
3479 4869 3678 4909 eorum
3730 4854 3866 4909 sol-

2208 4941 2418 4986 vuntur
2447 4951 2477 4987 a
2499 4949 2733 5003 corpore
2758 4950 2770 4990 :
2808 4951 2912 4991 nec
2941 4934 3022 4991 sic
3052 4936 3506 4991 existimandum
3539 4942 3624 4990 est
3649 4951 3861 4991 eorum

2208 5025 2418 5080 corpus
2444 5018 2718 5082 tanquam
2757 5015 3170 5071 honoratorum
3191 5022 3469 5070 internum
3492 5014 3859 5086 vehiculum,

2207 5090 2305 5145 sed
2339 5096 2618 5148 aeternum
2651 5095 2949 5151 vinculum
2981 5098 3389 5152 damnatorum
3413 5094 3455 5147 ³.

2269 5442 2286 5509 ξ
2313 5437 2496 5509 lituras
2522 5439 2719 5509 probae
2746 5444 2903 5493 notae
2940 5444 3306 5508 manuscripti,
3325 5443 3719 5509 prodiderunt.

2265 5501 2286 5534 9
2316 5501 2562 5558 Verbum,
2595 5505 2871 5563 habentes,
2907 5521 3014 5556 non
3044 5511 3124 5557 est
3151 5501 3356 5558 in-Mss.

2265 5566 2286 5598 3
2315 5565 2467 5616 Vind.
2499 5569 2614 5616 Am.
2647 5571 2700 5618 et
2727 5569 2835 5634 Er.,
2867 5572 3335 5621 damnandorum.
