4158 6192
369 258 494 319 265

365 390 596 448 CAPUT
622 393 689 449 X.
721 425 790 436 —
819 394 976 466 Quod
1028 398 1334 456 secundum
1409 402 1618 458 Plotini
1665 404 2013 471 sententiam,

442 476 628 556 minus
641 473 836 531 miseri
853 479 969 533 sint
995 477 1240 536 homines
1256 481 1316 536 in
1338 499 1563 555 corpore
1591 485 1836 551 mortali,
1857 501 2018 556 quam

442 554 716 613 daemones
741 559 799 613 in
830 567 1052 620 aeterno.

441 697 703 755 Plotinus
731 706 887 757 certe
934 707 1147 759 nostris
1197 708 1490 763 memorie
1523 707 1728 765 vicinis
1753 712 1767 745 ¹
1791 716 2010 780 tempo-

364 776 557 844 ribus,
617 780 911 838 Platonem
962 786 1182 841 caateris
1233 787 1610 844 excellentius
1657 776 2014 844 intellexi-sse

360 855 632 940 laudatur
666 861 762 932 ta).
798 863 852 917 Is
883 880 1015 918 cum
1041 866 1112 920 de
1131 865 1402 922 humanis
1433 868 1644 923 animis
1676 875 1890 940 ageret,
1914 870 2014 924 Pa-

363 945 470 1004 ter,
507 939 718 1012 inquit,
751 943 1065 1000 misericors
1095 948 1352 1003 mortalia
1383 949 1497 1004 illis
1525 939 1746 1005 vincula
1776 950 2012 1018 faciebat

361 1019 663 1086 (Enneadis
694 1027 714 1074 ι
747 1023 886 1078 libro
913 1025 971 1090 3,
1018 1041 1145 1096 cap.
1191 1031 1297 1096 12).
1334 1030 1415 1084 Ita
1464 1030 1572 1084 hoc
1611 1029 1806 1100 ipsum
1859 1029 2010 1100 quod

366 1102 646 1178 mortales
678 1111 813 1157 sunt
848 1104 1113 1161 homines
1146 1123 1403 1178 corpore,
1437 1110 1506 1164 ad
1552 1110 2010 1164 misericordiam

360 1177 469 1260 Dei
503 1181 680 1250 patris
711 1184 1000 1252 pertinere
1041 1177 1359 1244 arbitratus
1397 1199 1502 1254 est,
1537 1206 1607 1245 ne
1638 1205 1870 1260 semper
1899 1189 2010 1245 bu-

349 1259 460 1328 jus
490 1261 615 1316 vitas
648 1264 884 1320 miseria
907 1271 1262 1324 tenerentur.
1296 1270 1411 1326 Hac
1436 1271 1836 1326 misericordia
1862 1271 2009 1326 indi-

355 1339 750 1410 gnajudicata
781 1349 870 1399 est
899 1344 1182 1416 iniquitas
1201 1350 1557 1416 daemonum,
1591 1367 1714 1420 quae
1739 1351 1795 1406 in
1829 1350 2009 1405 animi

356 1421 581 1489 passivi
631 1423 888 1490 miseria,
939 1443 1055 1482 non
1101 1429 1365 1497 mortale,
1394 1431 1548 1486 sicut
1595 1432 1876 1496 homines,
1908 1432 2008 1486 sed

356 1505 640 1582 mternum
675 1519 886 1575 corpus
916 1509 1156 1578 accepit.
1206 1510 1411 1565 Essent
1451 1511 1667 1582 quippe
1723 1511 2008 1567 feliciores

358 1580 724 1665 hominibus,
757 1587 807 1641 si
840 1587 1082 1644 mortale
1113 1607 1244 1646 cum
1277 1592 1362 1647 eis
1395 1580 1673 1648 habere—nt
1704 1597 2009 1665 corpus,et

355 1675 504 1745 cum
525 1662 636 1718 diis
668 1665 901 1722 beatum
935 1670 1222 1725 animum.
1250 1671 1454 1728 Essent
1482 1679 1675 1729 autem
1710 1662 1876 1745 pares
1906 1675 2007 1729 ho-

357 1742 641 1825 minibus,
676 1746 724 1800 si
750 1762 881 1803 cum
913 1749 1107 1806 animo
1151 1751 1363 1808 misero
1397 1770 1606 1825 corpus
1628 1742 1834 1810 sal-tem
1857 1772 2006 1810 mor-

354 1820 472 1877 tale
520 1840 649 1879 cum
694 1827 780 1882 eis
833 1827 1043 1884 habere
1086 1820 1553 1901 meruissentfsi
1581 1841 1770 1892 tamen
1805 1835 2002 1906 acqui-

353 1910 556 1959 rerent
586 1905 804 1977 aliquid
841 1910 1086 1979 pietatis,
1113 1918 1176 1968 ut
1206 1913 1277 1968 ab
1309 1914 1587 1970 aerumnis
1616 1917 1699 1972 vel
1725 1918 1781 1971 in
1817 1905 2004 1972 morte

350 1982 802 2050 requiescerent.
837 1991 1002 2044 Nunc
1032 2005 1165 2046 vero
1209 2008 1322 2048 non
1354 1993 1546 2048 solum
1582 1993 1863 2050 feliciores
1895 1995 2002 2051 ho-

352 2061 614 2120 minibus
660 2083 773 2122 non
817 2073 959 2124 sunt
999 2071 1193 2126 animo
1230 2073 1465 2142 misero,
1499 2075 1600 2130 sed
1634 2077 1806 2131 etiam
1840 2075 2006 2130 mise-

347 2143 536 2200 riores
565 2152 702 2200 sunt
747 2154 1022 2219 perpetuo
1075 2154 1332 2222 corporis
1372 2153 1624 2210 vinculo.
1681 2155 1804 2211 Non
1845 2155 2001 2210 enim

349 2222 553 2304 aliqua
583 2225 810 2296 pietatis
839 2235 896 2284 et
925 2230 1226 2301 sapientiae
1269 2233 1581 2302 disciplina
1612 2235 2002 2304 proficientes,

346 2302 596 2385 intelligi
627 2309 812 2363 voluit
843 2325 909 2365 ex
937 2311 1300 2366 daemonibus
1334 2313 1456 2368 ﬁeri
1487 2302 1647 2374 deos.
1676 2329 1809 2370 cum
1842 2330 2004 2385 aper-

342 2384 578 2442 tissime
609 2387 816 2443 dixerit
847 2391 1140 2446 dasmones
1169 2399 1431 2448 aeternos.

335 2559 587 2615 CAPUT
617 2561 718 2615 XI.
751 2591 820 2601 —
854 2562 927 2617 De
944 2563 1203 2634 opinione
1220 2565 1650 2632 Platonicorum,
1675 2583 1782 2637 qua
1802 2574 2001 2637 putant

463 2642 680 2694 animas
727 2640 1011 2697 hominum
1051 2642 1320 2700 daemones
1350 2661 1466 2701 esse
1489 2658 1607 2717 post
1627 2661 1871 2718 corpora.

415 2773 570 2830 Dicit
595 2777 830 2846 quidem
863 2779 939 2850 (b)
971 2783 1028 2834 et
1075 2781 1304 2836 animas
1348 2781 1652 2837 hominum
1704 2783 1996 2838 daemones

331 2871 494 2922 esse,
529 2859 586 2910 et
631 2872 699 2911 ex
750 2857 1086 2915 hominibus
1143 2861 1263 2916 ﬁeri
1317 2862 1510 2928 Lares,
1545 2862 1594 2917 si
1639 2862 1772 2918 boni
1803 2862 1996 2918 meriti

339 2939 523 3002 sunt;
560 2935 846 3004 Lemures,
882 2940 929 2994 si
960 2940 1118 3009 mali,
1154 2956 1250 2996 seu
1284 2942 1538 2997 Larvas:
1571 2942 1769 2998 Manes
1800 2947 1995 2998 autem

339 3016 490 3070 deos
513 3015 647 3086 dici,
681 3016 730 3071 si
768 3017 1052 3074 incertum
1085 3026 1176 3076 est
1207 3022 1489 3076 bonorum
1523 3038 1640 3089 eos,
1675 3039 1778 3078 seu
1811 3022 1994 3078 malo-

339 3111 483 3151 rum
524 3111 652 3152 esse
705 3097 1064 3154 meritorum.
1102 3103 1161 3156 In
1216 3119 1332 3172 qua
1381 3103 1673 3174 opinione,
1715 3108 1992 3174 quautam

339 3177 680 3246 voraginem
715 3179 977 3247 aperiant
1009 3183 1302 3237 sectandis
1330 3184 1565 3252 perditis
1590 3185 1870 3250 moribus,
1895 3185 1997 3256 qui

343 3271 463 3310 non
495 3256 708 3324 videat,
733 3258 780 3313 si
824 3258 911 3313 vel
956 3260 1256 3330 paululum
1288 3264 1588 3318 attendat?
1617 3264 1997 3335 Quandoqui-

343 3335 485 3391 dem
517 3338 834 3407 quamlibet
866 3355 1113 3411 nequam
1149 3342 1368 3398 fuerint
1409 3343 1697 3411 homines,
1730 3343 1816 3399 vel
1856 3345 1996 3399 Lar-

340 3432 449 3470 vas
477 3432 537 3471 se
567 3417 690 3472 fieri
723 3418 861 3474 dum
896 3421 1230 3490 opinantur,
1264 3423 1348 3477 vel
1383 3424 1522 3476 dum
1577 3424 1783 3478 Manes
1825 3425 1993 3491 deos;

338 3498 747 3566 tantopejores
763 3498 1166 3571 ﬁunt,quanto
1197 3508 1334 3556 sunt
1353 3503 1599 3557 nocendi
1632 3502 1992 3572 cupidiores:

345 3576 602 3631 utetiam
636 3578 988 3648 quibusdam
1023 3581 1330 3636 sacriﬁciis
1353 3587 1635 3652 tanquam
1669 3582 1879 3636 divinis
1900 3581 1996 3636 ho-

342 3657 592 3713 noribus
626 3665 756 3729 post
787 3666 1030 3715 mortem
1081 3679 1142 3716 se
1183 3662 1417 3718 invitari
1451 3663 1783 3734 opinentur,
1817 3671 1878 3717 ut
1900 3679 1994 3718 no.

343 3745 515 3792 ceanl
545 3755 558 3794 :
595 3740 807 3796 Larvas
839 3744 1054 3811 quippe
1077 3741 1218 3798 dicit
1245 3759 1371 3798 esse
1395 3745 1596 3798 noxios
1615 3744 1908 3798 daemones
1929 3760 1996 3798 ex

340 3818 688 3874 hominibus
731 3821 932 3878 factos.
963 3823 1072 3878 Sed
1110 3823 1247 3878 hinc
1296 3823 1406 3878 alia
1446 3823 1686 3894 quaestio
1725 3828 1832 3878 est.
1857 3823 1996 3879 Inde

341 3904 541 3954 autem
592 3901 856 3971 perbibet
886 3903 1169 3974 appellari
1200 3920 1384 3975 graece
1435 3905 1627 3960 beatos
1649 3901 1993 3976 εὐδαίμονας,

345 3979 506 4050 quod
538 3980 668 4036 boni
702 3983 821 4036 sint
851 3984 1056 4048 animi,
1089 3984 1197 4040 hoc
1228 3989 1317 4040 est
1346 3985 1481 4039 boni
1513 3985 1992 4052 daemones;ani-

343 4077 476 4116 mos
505 4077 736 4134 quoque
771 4064 1078 4121 hominum
1113 4067 1404 4122 daemones
1445 4083 1573 4124 esse
1613 4068 1987 4123 conﬁrmans.

339 4218 576 4276 CAPUT
606 4221 737 4276 XII.
773 4253 839 4264 —
862 4226 938 4279 De
979 4226 1150 4280 ternis
1184 4228 1508 4292 contrariis,
1557 4226 1754 4298 quibus
1792 4242 1992 4282 secun-

416 4299 548 4434 dum
581 4302 888 4360 Platonicos
910 4305 1215 4361 dwmonum
1259 4309 1309 4362 et
1338 4307 1622 4363 hominum
1649 4316 1855 4364 natura
1880 4307 1991 4362 dis-

443 4382 709 4453 inguitur.

424 4522 534 4579 Sed
559 4538 716 4578 nunc
738 4523 808 4579 de
836 4523 926 4580 his
957 4523 1202 4597 agimus,
1238 4541 1386 4596 quos
1418 4527 1476 4582 in
1517 4531 1724 4583 natura
1755 4525 1990 4599 propria

339 4603 659 4675 descripsit
683 4604 838 4660 inter
879 4605 1018 4660 deos
1048 4615 1100 4660 et
1153 4606 1416 4662 homines
1453 4623 1660 4677 genere
1691 4607 1986 4674 animalia,

341 4691 538 4743 mente
554 4685 884 4753 rationalia,
901 4685 1095 4741 animo
1122 4688 1370 4758 passiva,
1388 4704 1625 4758 corpore
1655 4690 1829 4756 aeria,
1845 4693 1988 4744 tem-

342 4784 482 4837 pore
508 4772 741 4823 asterna.
765 4765 983 4838 Nempe
1013 4783 1140 4823 cum
1177 4770 1337 4838 prius
1359 4772 1493 4825 deos
1526 4771 1584 4824 in
1617 4771 1850 4826 sublimi
1884 4788 1990 4826 cm-

339 4847 421 4913 lo,
457 4847 721 4902 homines
750 4856 942 4902 autem
967 4848 1024 4901 in
1048 4853 1199 4902 terra
1231 4849 1434 4903 intima
1457 4850 1785 4918 disjunctos
1825 4849 1989 4920 locis,

341 4931 402 4983 et
423 4935 639 4981 naturae
669 4926 952 4997 dignitate
981 4935 1325 4988 secerneret,
1361 4929 1442 4982 ita
1472 4930 1758 4984 conclusit
1783 4945 1795 4983 :
1821 4929 1990 4985 Habe-

340 5008 438 5073 tis,
465 5007 677 5079 inquit,
694 5006 923 5062 interim
953 5005 1083 5063 bina
1105 5008 1379 5063 animalia
1400 5023 1422 5069 ,'
1443 5008 1566 5065 deos
1587 5009 1657 5065 ab
1678 5010 1991 5066 hominibus

406 5287 422 5320 1
455 5282 541 5333 Sic
564 5285 682 5332 Am.
712 5285 764 5332 et
783 5283 906 5333 Mss.
941 5284 1010 5332 At
1037 5285 1192 5332 Vind.
1223 5284 1305 5332 Er.
1329 5287 1382 5334 et
1400 5286 1546 5341 Lov..
1576 5286 1811 5335 vicinus.
1831 5288 1990 5340 Porro

337 5346 580 5396 Plotinus
609 5347 963 5410 philosophus
989 5347 1088 5395 sub
1107 5347 1323 5395 initium
1341 5348 1550 5410 imperii
1577 5351 1868 5408 Aureliani,
1890 5352 1990 5401 hoc

335 5412 419 5458 est
452 5423 592 5458 anno
610 5409 815 5458 Christi
846 5409 1055 5458 circiter
1099 5410 1193 5457 270
1226 5409 1469 5459 mortuus
1516 5415 1614 5471 est,
1659 5416 1718 5461 ut
1760 5427 1826 5461 ex
1857 5414 1988 5463 Por-

332 5474 534 5535 phyrio
559 5473 616 5519 in
647 5473 760 5533 ejus
791 5472 906 5535 vita
937 5471 1270 5533 intelligitur.

395 5533 477 5595 (ia)
514 5534 662 5583 Cont.
693 5535 785 5582 lib.
816 5533 846 5581 3
877 5537 1062 5584 contra
1089 5535 1445 5590 Academicos,
1477 5549 1531 5584 n.
1563 5536 1640 5585 4t.

399 5597 479 5660 (ὁ)
504 5598 697 5659 Nempe
726 5596 999 5658 Apuleius,
1029 5598 1122 5645 lib.
1155 5598 1224 5647 De
1257 5599 1353 5647 dco
1384 5598 1632 5648 Socratis.

663 5688 924 5750 Persen.
969 5687 1120 5750 XLI.

1811 270 2050 331 LIBER
2095 269 2378 338 NONUS.

3661 302 3778 364 266

2123 414 2432 509 plurimum
2461 421 2795 509 cli/ferentes,
2819 428 2931 484 luci
2959 432 3322 505 sublimitate,
3346 437 3472 491 vitae
3498 442 3775 509 perpetui-

2133 502 2268 562 tate,
2281 503 2497 590 naturat
2517 508 2875 590 perfectione;
2897 511 3050 567 nullo
3067 512 3213 568 inter
3229 531 3284 569 se
3302 502 3607 590 propin-quo.
3627 535 3775 575 como

2129 580 2448 666 mimicam,
2469 601 2594 640 cum
2623 591 2673 641 et
2703 589 3018 646 habitacula
3046 609 3262 650 summa
3291 580 3359 650 ab
3381 580 3588 666 inﬁmis
3618 606 3778 655 tanta

2132 661 2479 730 intercapedo
2497 667 2718 736 fastigii
2747 671 3020 739 dispescat
3043 676 3058 708 ί
3080 691 3094 739 ;
3116 679 3166 729 et
3189 661 3452 731 vivacitas
3473 677 3597 734 illic
3616 685 3777 736 aeter-

2127 753 2200 828 na
2231 746 2283 793 et
2315 743 2710 828 inde/ectasin
2741 750 2830 804 hic
2850 754 3056 807 caduca
3085 761 3137 807 et
3160 756 3427 812 subcisiva
3448 767 3528 824 ;et
3548 759 3777 828 ingenia

2127 817 2239 909 illa,
2259 821 2764 909 acl_beqtitudinem
2793 832 3243 901 sublimata,haee
3271 836 3341 890 ad
3363 817 3776 909 miseriasvinﬁ-

2126 908 2275 954 mata
2305 903 2402 971 (De
2430 903 2528 960 deo
2557 908 2838 979 Socratis).
2876 912 2976 967 Hic
3009 919 3172 969 terna
3214 917 3380 971 video
3420 903 3779 975 commemo-

2127 984 2250 1075 rata
2279 986 2566 1075 contraria
2593 988 2661 1042 de
2701 990 2931 1075 dua-bus
2978 998 3196 1048 naturae
3230 995 3495 1066 partibus
3529 997 3774 1075 ultimis,

2125 1057 2180 1109 id
2203 1068 2305 1146 est
2329 1066 2572 1146 summis
2603 1073 2777 1139 atque
2811 1069 3052 1126 intimis.
3079 1057 3374 1129 Nam.tria
3407 1092 3533 1145 qure
3569 1057 3778 1146 prope:

2124 1138 2245 1227 suit
2268 1141 2342 1227 _de
2367 1144 2477 1198 diis
2502 1138 2834 1216 laudabilia,
2859 1153 3061 1207 eadem
3089 1138 3520 1224 repetivil,aliis
3538 1138 3774 1227 quidem

2122 1218 2329 1289 verbis,
2365 1228 2430 1277 ut
2459 1226 2542 1279 eis
2569 1227 2681 1282 alia
2711 1231 2823 1284 tria
2854 1233 3096 1288 adversa
3113 1218 3176 1288 ei
3205 1218 3778 1292 hominibusOredde-

2123 1299 2387 1389 retts'l‘ria
2418 1305 3106 1389 deor_um_ha3csunt:lp_ci
3132 1314 3623 1389 subl_imitas,vitaa
3650 1334 3778 1389 per-

2123 1376 2398 1440 petuitas,
2435 1379 2710 1446 perfectio
2743 1389 2986 1439 naturae.
3015 1385 3142 1440 Haec
3179 1386 3310 1442 aliis
3342 1376 3534 1442 verbis
3565 1376 3776 1445 ἢεί-6-

2121 1450 2339 1518 petivit,
2367 1459 2430 1508 ut
2451 1455 2533 1510 eis
2555 1459 2663 1513 tria
2685 1464 2970 1518 contraria
3000 1465 3268 1520 humane:
3292 1467 3643 1522 conditionis
3666 1485 3774 1540 op-

2120 1538 2390 1618 poneret:
2421 1536 2564 1618 Cum
2596 1543 2647 1593 et
2678 1540 3016 1608 habitacula,
3051 1547 3262 1616 inquit,
3306 1563 3522 1602 summa
3543 1548 3610 1603 ab
3641 1536 3771 1618 inh-

2118 1611 2225 1698 _mis
2247 1616 2411 1698 tanta
2433 1617 2775 1698 intercapedo
2801 1626 3026 1694 fastigii
3053 1611 3356 1695 dispescat:
3381 1629 3519 1698 quia
3551 1611 3772 1684 dixerat

2118 1687 2226 1779 loci
2262 1687 2699 1779 sublimitatem.
2738 1687 2812 1758 ei
2833 1687 3099 1760 vivacitas
3129 1687 3274 1772 illic,
3310 1687 3522 1779 inquit,
3551 1718 3772 1766 aeterna

2116 1775 2168 1825 et
2188 1773 2470 1860 indefecta
2498 1781 2590 1847 sit,
2623 1781 2713 1837 hic
2739 1784 2946 1840 caduca
2975 1791 3028 1841 et
3075 1787 3352 1844 subcisira
3375 1773 3561 1860 ,‘vquia
3601 1789 3771 1845 dixe-

2116 1853 2382 1940 ratvitre
2415 1863 2878 1930 perpetuitatem.
2917 1867 2979 1920 Et
3029 1868 3251 1938 ingenia
3292 1869 3412 1937 illa,
3440 1853 3665 1940 inquit,
3699 1869 3770 1925 ad

2117 1931 2508 2018 beatitudinem
2554 1944 2872 2008 sublimata,
2907 1947 3017 2002 hac
3059 1931 3128 2002 aa
3174 1931 3425 2004 miserias
3475 1931 3769 2018 intimate:

2117 2012 2257 2099 quia
2283 2015 2506 2072 dixerat
2530 2026 2750 2080 naturae
2772 2026 3207 2095 perfectionem.
3233 2028 3368 2083 Tria
3390 2012 3569 2099 igitur
3599 2031 3669 2084 ab
3701 2045 3768 2086 eo

2116 2092 2304 2176 posita
2330 2102 2468 2152 sunt
2499 2092 2848 2170 deorumfid
2883 2110 2986 2174 est,
3021 2105 3179 2162 locus
3210 2092 3506 2176 sublimvis,
3539 2108 3768 2164 aeterni-

2117 2175 2226 2257 tas,
2258 2175 2588 2257 beatitudo:
2622 2188 2679 2237 et
2711 2184 2802 2238 his
2841 2187 3131 2241 contraria
3178 2187 3291 2242 tria
3338 2175 3667 2257 hominum,
3701 2188 3758 2242 id

2115 2255 2225 2318 ost,
2258 2252 2421 2310 locus
2461 2257 2720 2330 inﬂatus,
2752 2265 3096 2334 mortalitas,
3131 2267 3384 2323 miseria.

2114 2407 2344 2465 CAPUT
2374 2413 2602 2469 XIII.—
2637 2417 2907 2485 Quomodo
2938 2420 3227 2489 daemones,
3261 2424 3310 2478 si
3347 2439 3444 2478 nec
3483 2440 3605 2479 cum
3651 2424 3762 2482 diis

2186 2492 2346 2560 beati,
2379 2510 2478 2549 nec
2504 2511 2628 2550 cum
2659 2498 2968 2555 hominibus
2987 2506 3115 2556 sunt
3145 2506 3357 2571 miseri,
3383 2507 3529 2560 inter
3555 2510 3763 2560 utram-

2184 2587 2288 2642 que
2317 2583 2535 2645 partem
2559 2576 2680 2633 sine
2703 2578 2996 2651 utriusque
3027 2585 3413 2640 communione
3427 2585 3539 2640 sint
3569 2585 3756 2642 medii.

2186 2709 2235 2762 1.
2268 2707 2427 2793 Inter
2477 2712 2596 2769 hec
2642 2717 2812 2770 terna
2867 2717 3108 2773 deorum
3151 2723 3206 2775 et
3255 2720 3582 2785 hominum,
3616 2737 3759 2793 quo-

2112 2786 2266 2842 niam
2323 2790 2618 2848 dzemones
2663 2795 2884 2851 medios
2925 2799 3144 2868 posuit,
3177 2799 3247 2854 de
3305 2799 3430 2855 loco
3462 2786 3651 2854 nulla”
3670 2806 3760 2856 est

2110 2873 2539 2928 controversia:
2569 2873 2721 2929 inter
2749 2876 3060 2934 sublimem
3093 2881 3311 2951 quippe
3354 2886 3412 2936 et
3461 2883 3756 2950 intimum,

2110 2951 2338 3006 medius
2371 2951 2533 3008 locus
2566 2955 2867 3026 aptissime
2917 2959 3157 3015 habetur
3186 2966 3242 3016 et
3274 2960 3505 3016 dicitur.
3543 2961 3757 3017 Caetera

2109 3029 2244 3085 bina
2276 3037 2516 3104 restant,
2551 3037 2768 3107 quibus
2808 3055 2946 3094 cura
2975 3041 3249 3096 attentior
3283 3042 3614 3097 adhibenda
3645 3047 3754 3111 est,

2109 3115 2708 3181 quemadmodumvel
2733 3118 2924 3175 aliena
2948 3136 3076 3176 esse
3099 3139 3132 3177 a
3157 3122 3521 3178 daamonibus
3561 3131 3757 3178 osten-

2108 3193 2336 3257 dantur,
2369 3193 2456 3248 vel
2490 3197 2573 3251 sic
2605 3197 2688 3252 eis
2720 3197 3170 3265 distribuantur,
3202 3205 3267 3256 ut
3298 3201 3580 3257 medietas
3602 3202 3755 3257 vide-

2106 3273 2203 3352 tur
2232 3287 2560 3352 exposcere.
2586 3278 2689 3331 Sed
2725 3277 2798 3332 ab
2845 3279 2932 3334 eis
2965 3279 3154 3335 aliena
3183 3297 3305 3336 esse
3329 3299 3444 3336 non
3487 3287 3751 3352 possunt.

2107 3349 2230 3405 Non
2263 3351 2442 3418 enim,
2474 3354 2625 3409 sicut
2665 3355 2918 3413 dicimus
2975 3359 3161 3414 locum
3201 3361 3455 3415 medium
3488 3349 3598 3416 nec
3627 3378 3755 3418 esse

2108 3445 2433 3497 summum,
2467 3451 2571 3489 nec
2603 3435 2980 3504 intimum,ita
3006 3439 3300 3494 daemones
3317 3456 3443 3495 cum
3479 3441 3599 3496 sint
3628 3442 3756 3495 ani-

2108 3507 2285 3563 malia
2305 3512 2743 3576 rationalia,nec
2765 3516 2968 3571 beatos
2990 3533 3138 3583 esse,
3162 3534 3267 3572 nec
3291 3519 3556 3584 miseros,
3580 3520 3756 3575 sicuti

2107 3596 2245 3643 sunt
2274 3591 2518 3648 arbusta
2546 3595 2631 3649 vel
2665 3612 2892 3664 pecora,
2925 3611 3050 3665 quas
3075 3605 3210 3652 sunt
3234 3613 3446 3653 sensus
3467 3597 3554 3652 vel
3588 3599 3756 3653 ratio-

2107 3668 2200 3721 nis
2233 3671 2513 3738 expertia,
2545 3683 2696 3728 recte
2738 3689 3054 3743 possumus
3092 3676 3297 3730 dicere.
3333 3677 3587 3740 Quorum
3621 3691 3757 3746 ergo

2107 3748 2251 3802 ratio
2283 3752 2578 3806 mentibus
2610 3753 2778 3821 inest,
2814 3759 2914 3808 aut
2953 3753 3196 3809 miseros
3238 3770 3388 3820 esse,
3423 3759 3522 3810 aut
3562 3755 3757 3810 beatos

2105 3844 2339 3884 necesse
2368 3834 2475 3885 est.
2513 3834 2656 3886 Item
2691 3849 2801 3886 non
2847 3849 3163 3902 possumus
3206 3841 3356 3890 recte
3399 3835 3611 3902 dicere,
3653 3850 3757 3890 nec

2106 3911 2377 3965 mortales
2406 3926 2536 3966 esse
2565 3912 2880 3979 daemones,
2913 3927 3018 3967 nec
3051 3920 3312 3970 aeternos.
3343 3914 3553 3970 Omnia
3602 3931 3759 3972 nam-

2105 4006 2215 4059 que
2239 3990 2490 4045 viventia
2539 3995 2642 4046 aut
2695 3991 2754 4047 in
2803 3999 3084 4049 aeternum
3143 3995 3361 4061 vivunt,
3413 3998 3514 4050 aut
3547 3995 3758 4052 ﬁniunt

2105 4075 2290 4126 morte
2321 4072 2468 4139 quod
2513 4073 2734 4127 vivunt.
2757 4073 2888 4128 Jam
2923 4090 3056 4130 vero
3089 4075 3196 4130 iste
3226 4080 3486 4146 tempore
3507 4080 3755 4132 aeternos

2104 4150 2398 4205 daemones
2427 4151 2592 4206 dixit.
2619 4152 2770 4216 Quid
2801 4153 2980 4224 igitur
3012 4159 3217 4222 restat,
3250 4154 3366 4210 nisi
3399 4161 3464 4209 ut
3495 4155 3552 4210 hi
3581 4156 3757 4213 medii

2102 4231 2173 4286 de
2203 4232 2432 4287 duobus
2465 4233 2716 4288 summis
2766 4250 2952 4289 unum
3006 4234 3285 4302 habeant,
3319 4242 3373 4291 et
3417 4237 3487 4291 de
3528 4238 3754 4293 duobus

2100 4311 2323 4368 infimis
2350 4311 2598 4367 alterum
2615 4313 2644 4366 ‘l
2670 4312 2814 4370 Nam
2839 4314 2890 4369 si
2921 4319 3169 4388 utraque
3188 4316 3259 4370 de
3278 4315 3415 4372 imis
3436 4316 3752 4385 habebunt,

2102 4395 2203 4448 aut
2251 4396 2500 4463 utraque
2548 4392 2620 4447 de
2655 4395 2925 4464 summis,
2960 4395 3137 4451 medii
3169 4411 3287 4452 non
3333 4401 3524 4467 erunt,
3559 4399 3660 4454 sed
3693 4398 3751 4454 in

2101 4471 2443 4527 alterutram
2484 4477 2707 4543 partem
2736 4475 2824 4529 vel
2876 4473 3161 4542 resiliunt,
3195 4476 3285 4532 vel
3335 4477 3748 4533 recumbunt’.

2100 4552 2246 4617 Quia
2283 4569 2420 4626 ergo
2441 4553 2535 4608 his
2565 4553 2740 4625 binis,
2761 4557 2911 4611 sicut
2931 4558 3402 4614 demonstratum
3426 4565 3535 4629 est,
3560 4576 3752 4617 carere

2101 4635 2364 4706 utrisque
2405 4652 2518 4691 non
2553 4641 3084 4709 possunt,acceptis
3107 4653 3174 4694 ex
3197 4644 3443 4712 utraque
3460 4648 3620 4712 parte
3641 4643 3754 4698 sin-

2100 4714 2253 4783 gulis
2285 4715 2714 4771 mediabuntur.
2746 4719 2825 4772 Ac
2856 4734 2958 4788 per
2988 4719 3096 4772 hoc
3126 4719 3265 4789 quia
3298 4719 3368 4773 de
3400 4719 3617 4774 intimis
3647 4721 3750 4776 ha-

2100 4794 2235 4849 bere
2283 4812 2397 4851 non
2451 4801 2698 4867 possunt
2729 4797 3132 4861 aeternitatem,
3172 4813 3302 4867 quae
3351 4797 3431 4850 ibi
3477 4813 3592 4852 non
3642 4804 3747 4869 est,

2101 4891 2285 4930 unum
2344 4875 2453 4931 hoc
2484 4877 2555 4929 de
2598 4873 2848 4930 summis
2881 4875 3134 4929 habent:
3169 4882 3226 4928 et
3257 4877 3382 4929 ideo
3416 4891 3530 4930 non
3561 4881 3649 4930 est
3671 4879 3750 4932 al-

2099 4958 2288 5010 terum
2323 4957 2394 5009 ad
2435 4956 2835 5024 complendam
2871 4955 3235 5008 medietatem
3276 4969 3463 5022 suam,
3495 4960 3644 5026 quod
3678 4955 3748 5013 de

2099 5034 2322 5088 intimis
2354 5035 2622 5099 habeant,
2658 5034 2768 5087 nisi
2799 5033 3114 5088 miseriam.

2170 5117 2223 5169 2.
2257 5113 2461 5185 [XIII]
2495 5116 2593 5168 Est
2623 5113 2832 5183 itaque,
2857 5115 3178 5170 secundum
3202 5114 3750 5183 Platonicos,suhli-

2101 5195 2283 5250 mium
2317 5196 2559 5251 deorum
2581 5195 2670 5252 vel
2710 5195 2878 5251 beata
2899 5198 3219 5266 aeternitas,
3252 5198 3337 5254 vel
3370 5207 3578 5254 aeterna
3609 5197 3748 5254 bea-

2165 5418 2180 5452 1
2213 5415 2367 5477 Apud
2397 5415 2697 5479 Apuleium,
2746 5425 2905 5467 tanta
2946 5418 3360 5481 intercapedine
3405 5417 3631 5483 fastigii
3668 5416 3747 5470 di-

2101 5488 2471 5608 fpgsscglgtlere
2501 5543 2662 5591 editio
2713 5543 2838 5594 Lov.
2890 5545 2994 5604 vel,
3038 5545 3292 5594 resilient
3321 5559 3341 5607 ,°
3385 5545 3491 5608 vel,
3538 5562 3744 5598 recum-

2101 5605 2242 5652 Μ’
3180 5696 3426 5780 (Neam
