4128 6184
442 275 557 334 267

437 410 669 477 tidudo;
695 405 998 464 hominum
1019 416 1150 456 vero
1173 398 1508 454 inﬁmorum
1547 390 1637 446 vel
1672 387 1907 446 miseria
1928 398 2082 438 mor-

435 489 592 554 talis,
625 487 708 542 vel
744 482 1064 540 mortalitas
1096 479 1342 534 misera:
1369 477 1696 556 daemonum
1727 477 1921 556 autem
1956 477 2083 554 me-

434 553 664 624 diorum
717 565 804 620 vel
851 563 1063 618 misera
1094 557 1406 622 aeternitas,
1440 553 1524 608 vel
1572 559 1780 606 eterna
1823 553 2076 602 miseria.

433 648 579 704 Nam
614 651 670 702 et
703 644 958 716 quinque
989 639 1254 709 illis,que
1287 636 1347 691 in
1389 630 2078 716 delinitionerdemontim
2109 671 2115 678 .

432 730 643 800 posuit,
671 703 786 780 non
812 703 910 777 eds
940 703 1338 800 medios,sic_ut
1370 712 1760 800 promittebat,
1792 703 2076 800 ostendit;

431 788 710 879 quoniam
747 803 852 856 tria
881 800 1028 854 dixit
1059 813 1158 852 eos
1188 796 1400 851 habere
1425 793 1764 879 nobiscum,
1798 788 2080 879 q_ucd_ge-

432 869 567 944 nere
600 881 897 947 animalia,
923 879 1076 953 quod
1113 882 1304 933 mente
1331 873 1658 939 rationalia,
1691 869 1846 942 quod
1867 869 2076 953 animo

427 965 660 1039 passiva
691 967 868 1030 sunt;
901 949 1036 1015 cum
1086 959 1197 1016 diis
1247 962 1443 1039 autem
1496 969 1702 1039 unum,
1734 949 1885 1021 quod
1928 951 2077 1000 tem-

423 1033 563 1118 pore
592 1048 844 1111 eterna;
877 1045 934 1097 et
967 1057 1144 1096 unum
1180 1036 1498 1111 pr0prium,
1535 1033 1688 1105 quod
1708 1044 1956 1118 corpore
1979 1042 2076 1082 ae-

424 1111 530 1182 ria.
549 1124 850 1190 Quomodo
868 1138 1003 1194 ergo
1029 1121 1225 1186 medii,
1243 1119 1475 1187 quando
1501 1111 2075 1196 unum-habentcum

425 1187 690 1270 summis,
727 1205 838 1259 tria
868 1187 1000 1258 cuin
1037 1199 1256 1256 inﬁmis
1277 1197 1304 1251 ?
1336 1197 1476 1262 Quis
1508 1212 1623 1250 non
1653 1192 1862 1259 videat,
1879 1187 2078 1270 relicta

424 1265 759 1348 medietate,
783 1287 1068 1351 quantum
1102 1279 1453 1333 inclinentur
1491 1279 1547 1328 et
1571 1265 2074 1351 deprimanturad

422 1363 664 1421 intima?
696 1348 815 1419 Sed
839 1363 1008 1432 plane
1058 1361 1136 1414 ibi
1187 1359 1357 1412 etiam
1396 1353 1569 1409 medii
1604 1355 1847 1422 possunt
1877 1349 1956 1402 ita
1984 1348 2074 1402 in-

425 1446 632 1513 veniri,
653 1450 714 1498 ut
742 1460 924 1497 unum
952 1441 1198 1496 habeant
1233 1436 1552 1508 pr0prium,
1573 1433 1728 1504 quod
1752 1436 2075 1519 estcorpus

429 1510 674 1591 aerium,
709 1525 863 1579 sicut
895 1529 949 1576 et
980 1522 1062 1576 illi
1095 1523 1165 1576 de
1189 1519 1440 1574 summis
1473 1525 1644 1586 atque
1686 1510 1904 1567 infimis
1953 1510 2073 1563 sin-

423 1609 560 1676 gula
615 1605 870 1676 propria,
929 1602 1008 1656 dii
1063 1616 1276 1672 corpus
1326 1596 1651 1661 etherium,
1693 1592 2074 1676 hominesque

421 1668 756 1750 terrenum}
781 1683 894 1736 duo
927 1697 1058 1736 vero
1091 1668 1418 1734 communia
1451 1676 1569 1730 sint
1590 1672 1896 1750 omnibus,
1921 1668 2074 1738 quod

421 1781 633 1838 genere
681 1749 820 1818 sunt
848 1759 1145 1824 animalia,
1187 1765 1244 1813 et
1276 1761 1466 1838 mente
1499 1751 1820 1808 rationalia.
1854 1749 1997 1838 Nam
2019 1755 2076 1802 et

421 1827 547 1918 ipse
580 1861 714 1899 cum
748 1844 818 1897 de
850 1841 961 1896 diis
992 1851 1044 1894 et
1077 1839 1418 1894 hominibus
1446 1836 1797 1918 loqueretur,
1817 1827 2076 1918 allabe-

420 1911 498 1984 tis
528 1947 550 1976 υ
577 1925 827 1995 inquit,«
854 1924 990 1977 bina
1013 1921 1343 1975 animalia»
1373 1917 1440 1971 Et
1463 1932 1578 1970 non
1603 1913 1792 1968 solent
1815 1911 2074 1995 isti‘deos

425 2005 540 2064 nisi
568 1990 881 2060 rationales
914 2007 1107 2056 mente
1140 1999 1464 2072 perhibere.
1499 1997 1622 2050 Duo
1654 1999 1793 2048 sunt
1816 1990 2068 2055 residua,

427 2085 580 2157 quod
615 2088 756 2139 sunt
779 2083 974 2138 animo
1006 2080 1254 2152 passiva,
1275 2085 1329 2132 et
1360 2082 1619 2146 tempore
1650 2078 1865 2157 eterna
1890 2087 1902 2124 :
1925 2085 2072 2157 qua-

427 2149 559 2221 r-um
591 2164 806 2219 habent
839 2149 1022 2217 unum
1046 2176 1179 2214 cum
1212 2157 1453 2226 intimis,
1485 2172 1618 2210 cum
1652 2150 1897 2208 summis
1929 2149 2072 2204 alte-

429 2262 581 2312 rum,
617 2251 680 2300 ut
711 2240 1125 2316 proportionali
1163 2244 1385 2294 ratione
1416 2237 1623 2292 librata
1663 2233 1942 2316 medietas
1975 2246 2074 2316 ne-

428 2345 538 2398 que
568 2311 905 2382 sustollatur
934 2326 992 2378 in
1026 2338 1287 2402 summa,
1315 2335 1500 2390 neque
1545 2317 1604 2372 in
1645 2316 1844 2402 intima
1881 2311 2075 2402 depri-

430 2396 636 2463 matur.
671 2406 798 2476 Ipsa
818 2413 899 2460 est
919 2409 1110 2458 autem
1133 2401 1232 2456 illa
1257 2400 1587 2456 demonum
1610 2396 1822 2481 misera
1843 2396 2073 2481 eterni-

426 2487 632 2556 tas,ve|
657 2491 868 2540 eterna
891 2484 1140 2538 miseria.
1171 2480 1274 2545 Qui
1297 2481 1450 2535 enim
1479 2478 1576 2542 ait,
1602 2476 1791 2530 animo
1822 2476 2072 2556 passiva,

427 2552 604 2622 etiam
647 2567 857 2621 misera
891 2566 1150 2627 dixisset,
1192 2560 1303 2616 nisi
1335 2575 1531 2615 eorum
1563 2552 1918 2612 cultoribus‘
1942 2568 2072 2607 eru-

427 2647 670 2703 buisset.
710 2651 882 2700 Porro
931 2645 1069 2714 quia
1100 2641 1463 2713 providentia
1509 2637 1726 2693 summi
1771 2635 1887 2699 Dei,
1922 2633 2072 2714 sicut

426 2727 600 2782 etiam
631 2726 743 2797 ipsi
776 2713 1050 2789 fatentur,
1085 2738 1198 2777 non
1228 2720 1464 2776 fortuita
1507 2717 1828 2772 temeritate
1859 2713 2070 2797 regitur

427 2794 703 2873 mundus,
739 2819 1037 2875 nunquam
1088 2806 1242 2858 esset
1270 2801 1516 2856 istorum
1551 2805 1764 2852 eterna
1809 2794 2067 2858 miseria,

426 2888 540 2942 nisi
572 2893 722 2942 esset
754 2902 966 2955 magna
1000 2882 1241 2938 malitia.

492 2968 546 3022 3.
579 2968 634 3022 Si
667 2967 847 3038 igitur
877 2964 1027 3019 beati
1062 2967 1214 3018 recte
1245 2962 1522 3016 dicuntur
1541 2958 1929 3038 eudemones,
1953 2971 2065 3011 non

422 3052 557 3102 sunt
589 3037 958 3102 eudemones
989 3045 1298 3105 demones,
1334 3056 1462 3109 que
1522 3039 1670 3093 inter
1700 3037 1967 3090 homines
2011 3039 2068 3089 et

421 3129 560 3182 deos
582 3127 677 3181 isti
711 3127 767 3180 in
810 3126 1001 3180 medio
1033 3123 1387 3178 locaverunt.
1413 3119 1552 3182 Quis
1602 3133 1738 3186 ergo
1769 3120 1856 3171 est
1902 3115 2065 3171 locus

421 3208 708 3262 bonorum
741 3207 1098 3269 demonum,
1124 3201 1221 3272 qui
1249 3216 1426 3270 supra
1453 3199 1738 3264 homines,
1774 3195 1925 3250 infra
1965 3195 2065 3250 de-

421 3303 508 3353 os,
527 3287 657 3342 istis
681 3287 968 3355 prebeant
992 3281 1372 3352 adjutorium,
1397 3277 1510 3331 illis
1543 3277 1936 3331 ministerium
1961 3274 1988 3328 ‘I
2006 3279 2064 3336 Si

421 3368 574 3422 enim
615 3365 751 3422 boni
782 3364 1094 3432 eternique
1143 3366 1298 3424 sunt,
1335 3359 1588 3430 profecto
1621 3361 1677 3410 et
1716 3358 1869 3411 beati
1901 3360 2060 3410 sunt.

417 3447 646 3502 {Eterna
692 3453 886 3501 autem
939 3441 1232 3498 beatitudo
1267 3440 1488 3496 medios
1533 3454 1631 3493 eos
1672 3453 1799 3492 esse
1835 3452 1948 3492 non
1981 3439 2060 3491 si-

418 3531 526 3596 nit,
578 3529 717 3601 quia
767 3526 1016 3580 multnm
1061 3525 1172 3579 diis
1219 3526 1542 3592 comparat,
1575 3518 1942 3589 multumque
1989 3519 2060 3574 ab

416 3611 757 3665 hominibus
808 3611 1061 3679 separat.
1096 3604 1257 3660 Unde
1299 3605 1516 3659 frustra
1547 3602 1638 3656 isti
1689 3602 2061 3656 conabuntur

415 3692 739 3757 ostendere,
764 3689 1057 3759 quomodo
1081 3689 1368 3742 demones
1403 3684 1558 3749 boni,
1584 3683 1633 3737 si
1663 3687 1719 3736 et
1752 3683 2060 3736 immorta-

412 3771 494 3827 les
540 3776 769 3829 suntet
806 3771 977 3835 beati,
1025 3774 1176 3824 recte
1219 3767 1390 3822 medii
1433 3765 1870 3820 constituantur
1908 3761 2060 3815 inter

411 3853 551 3908 deos
581 3854 939 3908 immortales
979 3868 1044 3905 ac
1080 3851 1275 3903 beatos
1306 3857 1356 3900 et
1390 3845 1656 3899 homines
1690 3841 1960 3896 mortales
1991 3856 2057 3895 ac

407 3933 668 3988 miseros.
693 3935 837 3986 Cum
871 3932 1026 3985 enim
1064 3933 1374 3993 utrumque
1406 3925 1651 3977 habeant
1684 3937 1815 3974 cum
1845 3919 1979 3986 dlis,
2001 3924 2057 3974 et

410 4012 831 4068 beatitudinem
863 4010 1084 4064 scilicet
1114 4015 1166 4059 et
1206 4002 1725 4064 immortalitatem,
1767 3998 1908 4052 nihil
1950 4016 2052 4054 au-

409 4103 520 4148 tem
556 4092 761 4144 horum
794 4105 926 4142 cum
962 4086 1300 4140 hominibus
1333 4087 1387 4136 et
1429 4081 1657 4134 miseris
1702 4085 1759 4133 et
1793 4080 2053 4134 mortali-

407 4173 550 4236 bus;
586 4167 876 4239 quomcdo
911 4183 1024 4220 non
1077 4165 1267 4234 potius
1299 4160 1500 4215 remoti
1533 4160 1760 4214 suntab
1798 4160 2053 4215 homini-

403 4250 533 4317 bus,
568 4249 796 4316 diisqne
837 4244 1156 4314 conjuncti,
1190 4258 1359 4311 quam
1391 4240 1536 4294 inter
1568 4244 1841 4309 utrosque
1875 4243 2051 4298 medii

402 4326 756 4383 constituti?
784 4325 944 4379 Tunc
975 4323 1128 4377 enim
1165 4321 1336 4376 medii
1369 4324 1582 4385 essent,
1606 4319 1655 4373 si
1689 4319 1968 4375 haberent.
1993 4326 2050 4376 et

402 4407 517 4478 ipsi
545 4407 660 4460 duo
692 4407 954 4477 quedam
989 4419 1238 4471 sua,non
1269 4417 1400 4456 cum
1426 4399 1577 4456 binis
1609 4398 2043 4466 alterutrorum,

399 4489 498 4543 sed
533 4501 662 4541 cum
691 4485 940 4557 singulis
965 4489 1345 4554 utrorumque
1367 4481 1697 4538 communia
1725 4498 1736 4535 :
1763 4481 1915 4537 sicut
1938 4483 2046 4538 ho-

399 4584 494 4623 mo
527 4566 784 4622 medium
818 4565 1095 4638 quiddam
1119 4565 1331 4628 est,sed
1366 4563 1514 4618 inter
1546 4579 1751 4633 pecora
1773 4573 1827 4616 et
1855 4565 2041 4633 Ange-

396 4649 517 4716 los;
553 4653 635 4715 ut,
689 4648 826 4720 quia
877 4662 1053 4718 pecus
1103 4652 1193 4700 est
1232 4643 1451 4699 animal
1498 4642 1828 4698 irrationale
1875 4652 2044 4713 atque

398 4729 662 4797 mortale,
713 4728 958 4799 angelus
1007 4733 1197 4784 autem
1255 4725 1531 4781 rationale
1574 4731 1630 4780 et
1688 4724 2038 4790 immortale,

395 4812 624 4866 medius
667 4810 838 4865 homo
869 4815 1046 4873 esset,
1079 4807 1314 4862 inferior
1361 4806 1616 4875 Angelis,
1651 4804 1914 4872 superior
1945 4819 2039 4872 pe-

393 4892 650 4958 coribus,
687 4891 906 4946 habens
942 4905 1070 4943 cum
1124 4889 1428 4960 pecoribus
1471 4884 1898 4946 mortalitatem,
1951 4900 2039 4938 ra-

391 4973 602 5028 tionem
630 4986 764 5026 cum
798 4969 1054 5038 Angelis,
1090 4967 1305 5023 animal
1355 4966 1632 5022 rationale
1665 4964 1925 5018 mortale.
1963 4963 2042 5017 lta

389 5069 526 5123 ergo
559 5067 688 5106 cum
721 5049 1036 5120 querimus
1067 5049 1321 5102 medium
1346 5048 1498 5101 inter
1521 5047 1714 5100 beatos
1737 5045 2036 5099 immorta-

387 5131 470 5188 les
523 5135 885 5200 miserosque
927 5129 1221 5194 mortales,
1272 5127 1379 5182 hoc
1422 5127 1676 5180 invenire
1733 5126 2035 5186 debemus,

386 5213 542 5282 quod
572 5216 672 5267 aut
695 5207 942 5265 mortale
967 5209 1040 5262 sit
1065 5209 1317 5274 beatum,
1343 5211 1442 5262 aut
1473 5205 1797 5260 immortale
1832 5207 1906 5258 sit
1936 5207 2034 5259 mi-

388 5309 609 5350 serum.

445 5531 641 5643 ‘.E(tliltl,
668 5548 770 5594 pro
800 5546 990 5580 eorum
1023 5527 1346 5579 cultoribus.
1398 5527 1574 5584 Abest,
1616 5544 1739 5590 pro,
1785 5543 1816 5577 a
1845 5540 2029 5576 manu-

445 5607 524 5643 ιιι)
572 5608 612 5642 s.

385 5607 612 5656 scriptis.

1497 258 1600 318 DE
1639 244 2011 316 CIVITATE
2055 242 2208 310 DEI.
2257 244 2319 305 S.
2365 246 2795 311 AUGUSTINI

3724 249 3847 308 268

2197 379 2430 438 CAPUT
2458 382 2596 439 XIV.
2630 413 2699 425 —
2721 383 2801 438 An
2831 380 3096 451 homines,
3129 398 3254 438 cum
3272 382 3393 438 'st’nt
3422 381 3704 449 mortales,
3725 397 3850 454 po:-

2497 467 2608 519 sint
2633 481 2761 520 vera
2804 465 3148 520 beatitudine
3177 479 3288 519 esse
3307 463 3518 534 felices.

2258 646 2458 702 Utrum
2501 649 2695 700 autem
2747 653 2800 700 et
2848 645 3054 700 beatus
3094 649 3153 700 et
3205 643 3466 700 mortalis
3512 644 3686 700 homo
3717 658 3844 700 esse

2187 727 2390 798 possit,
2426 742 2640 797 magna
2665 730 2755 780 est
2793 725 2945 780 inter
2989 725 3252 780 homines
3295 725 3555 794 questic.
3591 724 3842 788 Quidam

2184 807 2339 860 enim
2373 806 2757 861 conditionem
2789 821 2954 860 suam
2987 803 3273 860 humilius
3304 805 3708 875 inspexerunt,
3744 820 3843 859 ne-

2182 891 2579 958 gaveruntque
2612 885 2902 942 hominem
2935 900 3210 957 capacem
3245 900 3374 940 esse
3395 900 3568 955 posse
3599 883 3848 940 beatitu-

2183 967 2360 1035 dinis,
2392 967 2671 1038 quamdiu
2706 964 3030 1022 mortaliter
3072 966 3213 1023 vivit
3247 982 3260 1020 :
3294 965 3536 1036 quidam
3576 981 3710 1021 vero
3741 981 3842 1022 ex-

2183 1048 2446 1103 tulerunt
2477 1065 2558 1116 se,
2589 1052 2646 1102 et
2675 1048 2802 1103 ausi
2840 1051 2977 1102 sunt
3023 1046 3236 1109 dicere,
3270 1045 3570 1116 sapientie
3598 1062 3840 1118 compo—

2180 1131 2290 1195 tes,
2317 1127 2512 1182 beatos
2543 1143 2670 1182 esse
2702 1143 2875 1198 posse
2905 1124 3195 1182 mortales.
3221 1125 3385 1190 Quod
3419 1127 3468 1180 si
3501 1126 3582 1180 ita
3606 1131 3840 1192 est,cur

2181 1224 2295 1263 non
2318 1207 2431 1278 ipsi
2465 1208 2655 1278 potius
2689 1207 2863 1262 medii
2899 1207 3338 1263 constituuntur
3369 1205 3522 1260 inter
3564 1205 3838 1262 mortales

2181 1291 2422 1344 miseros
2455 1295 2512 1345 et
2541 1290 2902 1344 immortales
2926 1290 3142 1353 beatos,
3169 1288 3592 1344 beatitudinem
3618 1287 3842 1343 haben-

2182 1372 2264 1424 tes
2312 1386 2444 1424 cum
2479 1370 2910 1424 immortalibus
2966 1369 3170 1436 beatis,
3233 1367 3647 1423 mortalitatem
3695 1383 3838 1423 cum

2181 1451 2524 1504 mortalibus
2548 1449 2820 1505 miseris?
2845 1449 3100 1504 Profecto
3121 1448 3275 1504 enim
3309 1449 3358 1502 si
3385 1449 3535 1502 beati
3568 1454 3728 1513 sunt,
3755 1449 3842 1504 in-

2180 1530 2381 1586 vident
2402 1532 2621 1586 nemini
2653 1546 2664 1585 :
2698 1537 2858 1602 (nam
2891 1529 3031 1601 quid
3068 1529 3339 1584 miserius
3365 1527 3752 1598 invidentia)?
3781 1532 3842 1584 et

2181 1610 2306 1665 ideo
2333 1612 2674 1666 mortalibus
2699 1611 2949 1674 miseris,
2973 1615 3261 1682 quantum
3296 1615 3564 1681 possunt,
3596 1610 3668 1663 ad
3693 1626 3838 1664 con-

2181 1695 2540 1762 sequendam
2575 1693 2992 1748 beatitudinem
3044 1693 3434 1760 consulunt‘;
3479 1696 3542 1746 ut
3572 1695 3628 1746 et
3657 1691 3833 1746 etiam

2182 1772 2537 1828 immortales
2578 1774 2806 1828 valeant
2855 1789 2984 1828 esse
3032 1781 3158 1842 post
3209 1777 3458 1828 mortem
3497 1775 3554 1825 et
3593 1771 3835 1843 Angelis

2181 1853 2609 1908 immortalibus
2640 1853 2943 1923 beatisque
2969 1851 3266 1922 conjungi.

2181 2018 2412 2118 CAPUT
2434 2059 2550 2116 xv.
2574 2092 2641 2102 —
2665 2061 2741 2117 De
2762 2060 3053 2116 Medialore
3073 2061 3171 2116 Dei
3195 2065 3245 2116 el
3277 2059 3580 2132 hominum,
3612 2059 3836 2116 homins

2811 2142 3026 2199 Christo
3062 2144 3213 2197 Iesu.

2255 2323 2304 2376 1.
2334 2323 2390 2378 Si
2415 2329 2631 2392 autem,
2664 2324 2817 2393 quod
2854 2322 3039 2378 multo
3081 2322 3422 2378 credibilius
3461 2327 3519 2378 et
3566 2321 3836 2394 probabi-

2183 2403 2298 2458 lius
2320 2405 2676 2474 disputatur,
2697 2420 2898 2459 omnes
2923 2403 3211 2470 homines,
3245 2403 3520 2473 quamdiu
3555 2403 3835 2458 mortales

2181 2491 2338 2550 sunt,
2370 2487 2541 2541 etiam
2579 2485 2775 2540 miseri
2807 2485 2925 2540 sint
2957 2501 3193 2540 necesse
3226 2493 3330 2553 est,
3363 2485 3710 2556 querendus
3741 2488 3834 2539 est

2182 2566 2433 2630 medius,
2457 2565 2556 2636 qui
2592 2582 2702 2619 non
2755 2564 2944 2619 solum
3001 2565 3196 2629 homo,
3228 2581 3430 2620 verum
3471 2563 3642 2620 etiam
3674 2565 3833 2619 Deus

2181 2646 2288 2712 sit;
2317 2652 2378 2700 ut
2411 2646 2674 2700 homines
2705 2662 2773 2700 ex
2807 2644 3032 2699 mortali
3085 2645 3319 2699 miseria
3353 2645 3422 2698 ad
3456 2644 3685 2699 beatam
3719 2644 3834 2699 im-

2181 2725 2590 2780 mortalitatem
2623 2725 2798 2794 hujus
2823 2723 2998 2780 medii
3031 2726 3200 2780 beata
3232 2725 3557 2779 mortalitas
3586 2724 3835 2779 interve-

2178 2804 2392 2858 niendo
2429 2805 2724 2872 perducat.
2759 2805 2937 2868 Quem
2983 2820 3168 2874 neque
3199 2821 3310 2858 non
3353 2804 3476 2857 fieri
3516 2803 3832 2860 mortalem

2175 2886 2496 2953 Oportebat,
2548 2901 2735 2956 neque
2793 2901 3134 2955 permanere
3201 2884 3520 2939 mortalem.
3568 2883 3832 2941 Mortalis

2177 2967 2389 3036 quippe
2413 2966 2592 3020 factus
2614 2971 2722 3031 est,
2739 2981 2851 3020 non
2869 2965 3163 3020 inﬁrmata
3183 2963 3352 3020 Verbi
3373 2964 3694 3030 divinitate,
3719 2967 3828 3020 sed

2176 3045 2366 3101 carnis
2398 3045 2732 3100 inﬁrmitate
2762 3055 3033 3116 suscepta
3066 3063 3078 3100 :
3114 3062 3228 3100 non
3271 3055 3461 3100 autem
3504 3046 3831 3116 permansit

2175 3127 2232 3181 in
2265 3127 2392 3196 ipsa
2423 3143 2595 3181 carne
2653 3125 2935 3192 mortalis,
2969 3142 3146 3197 quam
3199 3125 3568 3182 resuscitavit
3599 3143 3630 3180 a
3671 3143 3830 3181 mor-

2175 3206 2326 3261 tuis:
2353 3207 2626 3276 quoniam
2659 3205 2784 3278 ipse
2819 3207 3046 3261 fructus
3079 3215 3166 3262 est
3200 3206 3570 3262 mediationis
3588 3209 3732 3274 ejus,
3760 3212 3830 3262 ut

2175 3303 2280 3341 nec
2309 3286 2442 3357 ipsi,
2469 3303 2674 3358 proper
2703 3303 2848 3357 quos
2878 3286 3210 3342 liberandos
3259 3287 3546 3342 mediator
3583 3286 3828 3344 eﬂ‘ectus

2173 3372 2277 3434 est,
2331 3367 2394 3421 ‘in
2451 3373 2730 3438 perpetua
2791 3367 2879 3422 vel
2934 3369 3125 3422 carnis
3186 3378 3370 3422 morte
3438 3377 3826 3424 remanerent.

2171 3449 2420 3504 Proinde
2462 3449 2835 3502 mediatorem
2870 3449 3020 3502 inter
3053 3465 3157 3503 nos
3198 3453 3255 3503 et
3287 3448 3494 3514 Deum,
3527 3452 3582 3502 et
3614 3453 3832 3504 morta-

2174 3528 2390 3584 litatem
2426 3530 2636 3585 habere
2667 3528 2920 3599 cportuit
2964 3534 3364 3584 transeuntem
3410 3533 3467 3583 et
3517 3529 3832 3584 beatitudi-

2173 3628 2300 3666 nem
2323 3617 2790 3680 permanentem:
2816 3616 2878 3665 ut
2899 3626 3002 3681 per
3022 3611 3076 3665 id
3103 3611 3261 3682 quod
3288 3610 3517 3677 transit,
3541 3626 3827 3680 congrue-

2171 3699 2258 3745 ret
2290 3692 2614 3757 morituris;
2651 3697 2706 3746 et
2745 3693 2815 3746 ad
2854 3692 2906 3744 id
2944 3691 3098 3762 quod
3131 3701 3450 3762 permanet,
3485 3693 3825 3746 transferret

2169 3786 2237 3825 ex
2270 3772 2538 3827 mortuis.
2575 3772 2712 3826 Boni
2745 3772 2923 3842 igitur
2963 3773 3168 3842 Angeli
3205 3771 3353 3826 inter
3387 3772 3628 3827 miseros
3662 3787 3826 3826 mor-

2168 3853 2310 3908 tales
2343 3859 2398 3908 et
2424 3854 2621 3908 beatos
2653 3852 3007 3908 immortales
3031 3854 3205 3908 medii
3232 3870 3358 3909 esse
3382 3871 3496 3908 non
3529 3857 3818 3923 possunt;

2167 3934 2304 4003 quia
2335 3934 2441 4003 ipsi
2474 3949 2706 4003 quoque
2735 3938 2792 3987 et
2822 3933 2972 3987 beati
3005 3937 3061 3987 et
3096 3932 3449 3988 immortales
3481 3939 3650 3988 sunt:
3677 3948 3825 4003 pos-

2166 4020 2304 4068 sunt
2334 4021 2528 4068 autem
2572 4013 2745 4068 medii
2777 4029 2902 4068 esse
2942 4014 3130 4084 angeli
3182 4014 3318 4068 mali
3343 4016 3479 4085 quia
3508 4015 3820 4069 immorta-

2166 4093 2249 4149 les
2280 4100 2418 4148 sunt
2459 4109 2584 4147 cum
2621 4093 2758 4158 illis,
2786 4093 2980 4148 miseri
3023 4110 3155 4148 cum
3182 4095 3331 4149 istis.
3366 4093 3466 4148 His
3489 4095 3820 4150 contrarius

2162 4181 2252 4230 est
2283 4175 2560 4228 Mediatcr
2593 4173 2800 4241 bonus,
2823 4174 2922 4244 qui
2953 4175 3231 4230 adversus
3271 4191 3473 4230 eorum
3515 4177 3817 4231 immorta-

2159 4253 2382 4308 litatem
2411 4259 2468 4308 et
2497 4253 2877 4320 miseriam,et
2904 4256 3169 4309 mortalis
3198 4271 3327 4310 esse
3357 4259 3428 4310 ad
3458 4261 3691 4325 tempus
3716 4271 3817 4311 vo-

2161 4333 2288 4398 luit,
2309 4341 2362 4388 et
2395 4334 2596 4389 beatus
2622 4334 2678 4388 in
2710 4335 3029 4390 eternitate
3052 4335 3363 4404 persistere
3385 4337 3604 4406 potuit:
3635 4351 3701 4390 ac
3728 4335 3819 4392 sic

2158 4430 2256 4468 eos
2287 4418 2341 4468 et
2373 4414 2732 4469 immortales
2766 4415 3070 4485 superbos,
3103 4420 3158 4469 et
3205 4415 3451 4471 miseros
3485 4415 3710 4480 noxios,
3742 4431 3820 4471 ne

2158 4493 2614 4548 immortalitatis
2639 4495 2917 4564 jactantia
2947 4495 3290 4549 seducerent
3319 4496 3388 4549 ad
3427 4493 3739 4560 miseriam,
3762 4501 3819 4550 et

2156 4588 2271 4628 sue
2314 4571 2516 4627 mortis
2551 4573 2882 4628 humilitate
2915 4578 2969 4626 et
2992 4589 3107 4627 sue
3133 4573 3514 4628 beatitudinis
3542 4573 3815 4646 benigni-

2156 4659 2272 4710 tate
2298 4654 2578 4709 destruxit
2612 4655 2665 4708 in
2700 4654 2804 4722 eis,
2829 4670 3072 4724 quorum
3102 4657 3279 4710 corda
3301 4671 3402 4726 per
3431 4671 3598 4710 suam
3634 4655 3813 4712 fidem

2159 4737 2472 4803 mundana,
2504 4738 2574 4790 ab
2615 4735 2847 4790 illorum
2907 4735 3814 4793 immundissimadominatione

2154 4815 2440 4872 liberavit.

2221 4917 2274 4968 2.
2313 4919 2491 4970 Homo
2523 4916 2718 4986 itaque
2741 4913 3004 4970 mortalis
3027 4918 3082 4969 et
3110 4915 3289 4970 miser
3311 4915 3483 4987 longe
3505 4917 3812 4986 sejunctas

2152 4995 2223 5050 ab
2252 4996 2682 5050 immortalibus
2705 5002 2760 5049 et
2794 4995 2999 5062 beatis,
3029 4995 3172 5065 quid
3199 4995 3373 5065 eligat
3400 4994 3679 5061 medium,
3704 5011 3808 5068 per

2155 5077 2302 5146 quod
2338 5076 2763 5131 immortalitati
2796 5081 2850 5130 et
2883 5077 3227 5130 beatitudini
3264 5076 3612 5146 copuletur?
3644 5075 3812 5138 Quod

2151 5156 2335 5227 possit
2365 5156 2648 5210 delectare
2680 5157 2737 5212 in
2771 5157 3099 5210 demonum
3134 5155 3594 5224 immortalitate,
3631 5157 3815 5212 mise-

2211 5526 2223 5560 ¹
2259 5524 2343 5574 Sic
2375 5525 2493 5574 Mss.
2527 5525 2662 5574 Editi
2696 5537 2836 5585 vero,
2861 5522 3176 5573 consulant.
