4128 6184
315 407 421 469 269

312 556 432 596 rum
465 547 580 596 est:
613 539 764 610 quod
813 538 996 610 possit
1040 539 1332 595 offendere
1381 539 1440 595 in
1472 538 1688 596 Christi
1721 544 1946 597 morta-

311 622 482 691 litate,
507 622 631 691 jam
662 637 776 676 non
818 625 924 675 est.
971 619 1054 674 lbi
1099 635 1234 692 ergo
1286 622 1546 676 cavenda
1595 625 1682 677 est
1716 620 1948 676 miseria

309 703 693 773 sempiterna:
746 701 841 756 hic
873 717 1031 757 mers
1062 701 1321 756 timenda
1351 718 1464 756 non
1512 710 1618 771 est,
1661 718 1786 772 quas
1821 717 1946 755 esse

309 800 414 838 non
465 782 649 852 potuit
698 781 1074 852 sempiterna,
1127 786 1183 837 et
1224 783 1521 837 beatitudo
1567 783 1819 837 amanda
1856 786 1945 835 est

305 865 671 934 sempiterna.
724 864 799 916 Ad
835 862 943 917 hoc
990 861 1206 933 quippe
1256 877 1318 917 se
1362 862 1683 932 interponit
1715 861 1944 915 medius

303 943 647 999 immortalis
678 948 735 998 et
756 943 956 1011 miser,
990 947 1056 997 ut
1079 945 1146 996 ad
1173 941 1674 998 immortalitatem
1710 942 1941 996 beatam

301 1026 537 1080 transire
571 1039 684 1080 non
716 1023 890 1091 sinat,
941 1021 1212 1090 quoniam
1264 1022 1524 1093 persistit
1567 1023 1717 1093 quod
1752 1023 1944 1092 impe-

299 1106 399 1172 dit,
431 1104 490 1159 id
520 1110 608 1160 est
648 1105 774 1175 ipsa
825 1103 1089 1159 miseria:
1141 1104 1208 1158 ad
1256 1103 1363 1158 hoc
1407 1109 1601 1158 autem
1653 1119 1716 1157 se
1765 1102 1942 1156 inter-

300 1185 490 1256 posuit
523 1185 784 1240 mortalis
808 1189 864 1239 et
894 1185 1117 1251 beatus,
1143 1189 1205 1238 ut
1238 1183 1594 1238 mortalitate
1626 1187 1940 1247 transacta,

300 1270 352 1321 et
402 1282 472 1321 ex
523 1268 764 1320 mortuis
828 1264 1045 1319 faceret
1092 1263 1476 1331 immortales,
1535 1263 1690 1334 quod
1764 1262 1822 1316 in
1881 1276 1944 1316 se

301 1347 654 1418 resurgendo
732 1345 1091 1412 monstravit,
1165 1353 1217 1399 et
1283 1361 1350 1399 ex
1425 1343 1654 1398 miseris
1723 1343 1942 1414 beatos,

299 1425 451 1482 unde
497 1442 802 1497 nunquam
850 1427 976 1496 ipse
1005 1424 1296 1479 discessit.
1342 1423 1505 1478 Alius
1537 1427 1624 1477 est
1652 1438 1784 1492 ergo
1823 1436 1942 1476 me-

298 1506 427 1561 dius
464 1505 667 1574 malus,
703 1506 803 1576 qui
835 1509 1066 1573 separat
1112 1504 1363 1568 amicos;
1405 1503 1555 1559 alius
1598 1504 1808 1568 bonus,
1842 1500 1942 1572 qui

297 1585 631 1640 reconciliet
663 1585 955 1639 inimicos.
997 1585 1061 1638 Et
1102 1585 1229 1639 ideo
1273 1583 1439 1638 multi
1479 1587 1616 1637 sunt
1657 1582 1828 1636 medii
1861 1597 1945 1636 se-

294 1671 614 1735 paratores,
664 1665 804 1738 quia
851 1665 1166 1720 multitudo
1217 1680 1346 1734 quas
1395 1663 1564 1718 beata
1611 1667 1718 1730 est,
1770 1661 1941 1716 unius

291 1746 388 1802 Dei
445 1747 884 1817 participatione
934 1747 994 1801 ﬁt
1026 1746 1229 1812 beata;
1264 1745 1433 1815 cujus
1480 1741 1941 1813 participationis

292 1829 614 1897 privatione
657 1828 870 1882 misera
921 1825 1226 1881 multitudo
1261 1825 1548 1880 malorum
1575 1823 1941 1894 angelorum,

289 1924 414 1979 qua:
467 1924 528 1963 se
571 1909 813 1980 opponit
863 1907 1054 1977 potius
1103 1907 1170 1961 ad
1223 1906 1729 1977 impedimentum,
1763 1919 1938 1975 quam

288 1987 611 2059 interponit
652 1989 721 2042 ad
763 1986 1139 2043 beatitudinis
1183 1985 1571 2056 adiutorium,
1603 1985 1778 2040 etiam
1812 1985 1942 2054 ipsa

287 2068 668 2124 multitudine
717 2069 1004 2140 obstrepit
1048 2067 1502 2139 quodammodo,
1540 2081 1610 2119 ne
1653 2065 1839 2136 possit
1867 2063 1938 2117 ad

282 2146 432 2202 illud
478 2165 661 2204 unum
715 2150 1040 2204 beatiticum
1088 2148 1304 2201 bonum
1339 2144 1648 2218 perveniri,
1683 2145 1752 2199 ad
1784 2141 1938 2212 quod

285 2233 350 2283 ut
382 2233 856 2300 perduceremur,
907 2245 1022 2283 non
1070 2228 1296 2294 multis,
1339 2227 1439 2280 sed
1475 2242 1589 2279 uno
1622 2224 1941 2278 mediatore

281 2327 441 2380 opus
489 2318 646 2378 erat;
697 2316 752 2365 et
797 2310 904 2364 hoc
966 2325 1031 2364 eo
1078 2309 1224 2378 ipso,
1281 2307 1448 2376 cujus
1499 2304 1941 2377 participatione

279 2391 476 2444 simus
508 2391 685 2454 beati,
718 2389 827 2444 hoc
855 2399 940 2444 est
962 2388 1143 2443 Verbo
1175 2387 1274 2441 Dei
1307 2403 1421 2440 non
1457 2387 1624 2450 facto,
1653 2401 1754 2454 per
1783 2381 1938 2454 quod

276 2469 447 2524 facta
479 2473 619 2522 sunt
650 2467 862 2522 omnia.
894 2467 1010 2522 Nec
1043 2472 1236 2520 tamen
1269 2466 1341 2520 ob
1374 2466 1480 2519 hoc
1512 2463 1800 2517 mediator
1831 2465 1938 2529 est,

274 2550 433 2618 quia
515 2547 802 2603 Verbum:
874 2545 1124 2602 maxime
1199 2544 1410 2616 quippe
1486 2543 1817 2598 immortale
1884 2545 1938 2597 et

271 2627 543 2684 maxime
592 2629 826 2682 beatum
877 2627 1134 2682 Verbum
1185 2625 1355 2697 longe
1400 2631 1486 2680 est
1517 2643 1550 2679 a
1591 2625 1937 2680 mortalibus

271 2708 554 2775 miseris;
608 2710 705 2764 sed
761 2710 1040 2763 mediator
1090 2725 1190 2778 per
1237 2707 1390 2779 quod
1440 2707 1649 2761 homo:
1697 2723 1761 2761 eo
1812 2707 1938 2776 ipso

268 2791 490 2861 utique
549 2791 863 2845 ostendens
924 2792 992 2844 ad
1055 2788 1195 2843 illud
1254 2806 1365 2843 non
1426 2789 1620 2843 solum
1677 2789 1932 2857 beatum,

267 2887 485 2926 verum
515 2875 689 2925 etiam
716 2870 1049 2925 beatificum
1076 2871 1290 2924 bonum
1317 2886 1430 2923 non
1458 2877 1721 2939 oportere
1753 2869 1931 2938 quaari

270 2953 427 3007 alios
465 2951 839 3018 mediatores,
885 2967 987 3022 per
1025 2967 1172 3021 quos
1215 2949 1565 3004 arbitremur
1604 2948 1771 3004 nobis
1803 2965 1933 3019 per-

272 3033 578 3090 ventionis
621 3033 839 3103 gradus
884 3047 1014 3087 esse
1065 3031 1422 3097 moliendae;
1476 3028 1610 3100 quia
1644 3030 1845 3084 beatus
1877 3033 1934 3085 et

220 3143 246 3194 ί
270 3115 588 3170 beatificus
619 3113 773 3194 Deus
806 3113 1309 3194 factus‘particeps
1357 3110 1749 3194 immanitatis
1777 3126 1930 3194 _nos_—

269 3197 376 3251 tre
428 3193 846 3264 compendium
890 3192 1136 3263 praebuit
1167 3189 1581 3263 participandas
1615 3188 1933 3244 divinitatis

272 3292 416 3330 suae.
483 3274 684 3344 Neque
739 3273 894 3328 enim
950 3289 1054 3328 nos
1100 3289 1132 3328 a
1187 3270 1527 3327 mortalitate
1585 3274 1642 3324 et
1696 3270 1933 3325 miseria

268 3353 539 3412 liberans
571 3357 640 3409 ad
672 3354 924 3426 Angelos
956 3353 1314 3409 immortales
1348 3353 1657 3422 beatosque
1685 3349 1766 3406 ita
1801 3367 1931 3420 per-

270 3437 463 3505 ducit,
523 3443 582 3490 ut
631 3451 829 3490 eorum
865 3434 1305 3506 participatione
1349 3431 1524 3486 etiam
1558 3447 1664 3485 nos
1697 3431 1933 3485 immor—

271 3516 423 3573 tales
477 3520 540 3572 et
595 3516 748 3571 beati
796 3515 1013 3580 simus;
1069 3514 1163 3569 sed
1227 3514 1294 3568 ad
1356 3511 1514 3566 illam
1560 3511 1930 3578 Trinitatem,

265 3598 446 3667 cujus
500 3600 560 3651 et
615 3594 812 3667 Angeli
876 3593 1320 3666 participatione
1381 3589 1528 3644 beati
1589 3593 1748 3643 sunt.
1805 3589 1933 3642 Ideo

264 3679 516 3748 quando
567 3677 628 3733 in
677 3677 862 3731 forma
912 3675 1061 3731 servi
1120 3674 1397 3745 (Philipp.
1447 3687 1507 3736 ιι,
1567 3672 1644 3738 7),
1702 3677 1762 3724 ut
1812 3685 1935 3724 me-

259 3757 452 3814 diator
501 3761 682 3826 esset,
734 3756 886 3811 infra
938 3757 1186 3825 Angelos
1237 3769 1366 3809 esse
1398 3749 1602 3817 voluit,
1647 3749 1704 3804 in
1742 3751 1929 3804 forma

265 3839 362 3894 Dei
410 3855 605 3910 supra
650 3835 898 3908 Angelos
955 3837 1196 3891 mansit:
1249 3834 1402 3889 idem
1444 3833 1502 3886 in
1556 3829 1932 3886 inferioribus

260 3918 352 3974 via
382 3920 550 3988 vitae,
583 3917 679 3988 qui
715 3917 772 3971 in
807 3915 1203 3986 superioribus
1236 3914 1366 3969 vita.

266 4128 518 4186 CAPUT
554 4129 702 4184 XVI.
748 4158 813 4169 -η
843 4129 926 4183 An
963 4125 1381 4182 rationabiliter
1412 4123 1686 4178 Platonici
1713 4119 1936 4191 deﬁnie-

334 4211 464 4266 rint
527 4210 650 4265 deos
705 4210 956 4276 calcares,
1001 4208 1335 4262 declinantes
1383 4211 1604 4259 terrena
1652 4202 1932 4271 contagia,

336 4291 673 4347 hominibus
701 4307 812 4345 non
840 4290 1084 4355 misceri,
1137 4287 1336 4359 quibus
1380 4285 1451 4340 ad
1482 4283 1783 4340 amicitiam
1808 4283 1929 4336 deo-

334 4389 470 4428 rum
507 4373 788 4428 daemones
825 4370 1221 4440 suﬂragentur.

334 4562 470 4614 Non
508 4555 666 4611 enim
708 4570 911 4610 verum
945 4557 1056 4622 est,
1097 4552 1255 4625 quod
1293 4551 1448 4606 idem
1492 4547 1827 4604 Platonicus
1856 4545 1936 4600 ait

260 4638 490 4694 dixisse
531 4637 853 4702 Platonem,
889 4636 1092 4690 Nullus
1138 4634 1274 4690 deus
1303 4634 1556 4687 miscetur
1600 4628 1833 4685 homini.
1867 4626 1936 4682 Et

263 4717 372 4774 hoc
400 4718 770 4792 praecipuum
821 4733 1022 4772 eorum
1073 4713 1453 4771 sublimitatis
1511 4710 1593 4792 ait
1639 4725 1766 4765 esse
1797 4723 1934 4779 spe-

261 4791 487 4865 cimen,
530 4798 682 4868 quod
728 4796 890 4853 nulla
929 4798 1326 4851 attrectatione
1376 4791 1684 4848 hominum
1732 4797 1931 4843 conta-

261 4879 582 4934 minantur
601 4875 912 4947 tApuleius,
933 4879 1000 4932 de
1025 4876 1120 4931 deo
1139 4875 1426 4941 Socratis).
1459 4872 1609 4941 Ergo
1641 4871 1935 4923 daemones

263 4956 671 5013 contaminari
701 4955 913 5011 fatetur
947 4972 959 5010 :
1005 4960 1062 5011 et
1112 4956 1236 5009 ideo
1279 4969 1377 5008 eos
1407 4969 1441 5007 a
1489 4948 1705 5021 quibus
1737 4950 1936 5001 conta-

266 5039 610 5103 minantur,
661 5039 945 5092 mundare
984 5053 1098 5092 non
1142 5038 1411 5108 possunt,
1453 5044 1772 5099 omnesque
1812 5027 1939 5108 rim-

263 5120 484 5174 mundi
543 5117 757 5190 pariter
820 5117 988 5186 ﬁunt,
1049 5122 1107 5172 et
1146 5107 1438 5172 daemones
1485 5107 1938 5190 contrectatione

265 5189 615 5259 hominum.
669 5203 728 5253 et
774 5197 1039 5254 homines
1080 5196 1240 5252 cultu
1291 5199 1648 5251 daemonum.
1702 5195 1834 5258 Aut,
1887 5189 1938 5244 si

262 5285 320 5335 et
364 5279 735 5336 contrectari
788 5279 1136 5349 miscerique
1185 5276 1550 5341 hominibus,
1595 5287 1703 5327 nec
1744 5279 1936 5324 tamen

257 5358 695 5427 contaminari,
744 5359 1040 5416 daamones
1081 5361 1345 5430 possunt,
1374 5356 1489 5410 diis
1539 5353 1792 5424 profecto
1824 5365 1940 5405 me-

258 5440 450 5496 liores
517 5443 700 5495 sunt:
746 5441 884 5511 quia
940 5439 1047 5508 illi,
1095 5440 1145 5494 si
1189 5439 1588 5501 miscerentur,
1647 5432 1939 5488 contami-

256 5528 583 5576 narentur.
640 5519 785 5575 Nam
845 5521 953 5576 hoc
1002 5522 1239 5575 deorum
1303 5518 1518 5572 dicitur
1565 5531 1688 5569 esse
1739 5511 1936 5583 praeci-

256 5619 480 5672 puum,
523 5609 585 5655 ut
630 5618 728 5657 eos
777 5601 1108 5657 sublimiter
1153 5605 1454 5673 separatos
1497 5598 1754 5652 humana
1800 5609 1934 5649 con-

257 5681 554 5738 tractatio
604 5683 1004 5739 contaminare
1053 5700 1166 5739 non
1213 5680 1419 5753 possit.
1478 5681 1657 5735 Deum
1700 5676 1935 5748 quidem

257 5776 589 5818 summum
640 5763 906 5818 omnium
961 5769 1301 5830 creatorem,
1364 5777 1534 5832 quem
1584 5771 1689 5816 nos
1735 5770 1936 5813 verum

1723 405 1957 468 LIBER
2001 408 2289 471 NONUS.

3585 425 3705 487 270

2054 541 2539 627 Deumdicimus,
2577 549 2661 605 sic
2703 567 2736 606 a
2776 551 3013 609 Platone
3051 555 3348 625 praedicari
3389 562 3702 627 asseverat,

2055 625 2209 706 quod
2250 626 2375 697 ipse
2425 630 2502 684 sit
2550 630 2706 685 solus
2755 633 2853 701 qui
2901 649 3015 688 non
3059 635 3236 704 possit
3284 639 3525 706 penuria
3570 625 3703 696 ser-4

2055 705 2246 790 monis
2271 707 2510 790 humani
2536 710 2742 780 quavis
2773 713 3034 768 oratione
3067 715 3152 768 vel
3184 705 3410 772 modice
3439 734 3701 790 compre-

2052 781 2267 873 hendi;
2303 787 2394 841 vix
2428 793 2620 844 autem
2652 791 3014 860 sapientibus
3045 794 3204 860 viris,
3250 813 3382 852 cum
3414 814 3474 853 se
3507 781 3696 870 vigore

2050 865 2254 931 animi,
2289 873 2573 937 quantum
2623 870 2810 939 licuit,
2851 888 2884 927 a
2921 889 3159 943 corpore
3203 865 3696 942 removeriutIin-

2052 943 2349 1002 tellectum
2395 950 2564 1019 hujus
2595 951 2716 1017 Dei,
2761 957 2819 1008 et
2868 953 2920 1007 id
2956 970 3181 1024 quoque
3215 957 3504 1014 interdum
3535 961 3695 1016 velut

2053 1023 2110 1103 in
2171 1027 2475 1085 altissimis
2546 1032 2800 1088 tenebris
2859 1023 3228 1103 rapidissimo
3295 1041 3698 1095 coruscamine

2052 1102 2250 1160 lumen
2283 1109 2599 1165 candidum
2639 1102 3008 1169 intermicare
3047 1116 3144 1184 (De
3196 1115 3290 1171 dco
3322 1116 3597 1187 Socratis).
3639 1119 3702 1173 Si

2052 1200 2188 1276 ergo
2221 1193 2628 1276 supra-omnia
2669 1211 2797 1276 vere
2846 1211 3114 1252 summus
3154 1197 3306 1252 Deus
3347 1197 3703 1269 intelligibili

2053 1269 2108 1356 et
2145 1269 2430 1356 “ineffabili
2463 1269 2481 1304 ί
2541 1274 2791 1356 quadam
2842 1276 3167 1345 praesentia,
3219 1277 3325 1332 etsi
3383 1278 3700 1344 interdum,

2051 1353 2156 1399 etsi
2233 1353 2512 1420 tanquam
2587 1355 2959 1424 rapidissimo
3029 1358 3432 1412 coruscamine
3500 1358 3698 1412 lumen

2051 1427 2365 1484 candidum
2418 1431 2818 1500 intermicans,
2882 1437 3046 1491 adest
3093 1441 3287 1492 tamen
3337 1437 3697 1507 sapientium

2051 1507 2369 1576 mentibus,
2427 1527 2559 1566 cum
2627 1528 2711 1578 se,
2779 1519 3064 1585 quantum
3123 1515 3308 1582 licuit,
3368 1534 3402 1570 a
3457 1531 3697 1587 corpore

2051 1588 2420 1657 removerint,
2472 1605 2576 1646 nec
2626 1593 2696 1647 ab
2741 1594 2824 1648 eis
2871 1593 3258 1649 contaminari
3288 1599 3515 1664 potest;
3550 1593 3692 1666 quid

2049 1674 2133 1756 est
2179 1671 2328 1756 quod
2381 1671 2486 1756 isti
2542 1673 2621 1728 dii
2682 1679 2985 1745 propterea
3033 1676 3471 1756 constituuntur
3519 1676 3692 1748 longe

2049 1749 2108 1800 in
2158 1749 2395 1805 sublimi
2451 1755 2594 1819 loco,
2645 1770 2715 1809 ne
2775 1755 3228 1811 contrectatione
3285 1755 3695 1812 contaminen-

2048 1833 2138 1881 tur
2169 1827 2423 1886 humana
2445 1830 2472 1886 ‘2
2519 1833 2694 1896 Quasi
2735 1851 2864 1890 vero
2893 1835 3052 1889 aliud
3103 1851 3345 1906 corpora
3383 1835 3484 1890 illa
3514 1837 3694 1892 aethe-

2049 1907 2133 1962 ria
2199 1925 2378 1980 quam
2438 1913 2630 1968 videre
2687 1916 2962 1980 sufficiat,
3025 1931 3272 1986 quorum
3333 1915 3462 1971 luce
3519 1921 3691 1986 terra,

2049 1994 2332 2060 quantum
2368 1994 2606 2060 sufficit,
2650 1993 2976 2049 illustratur
3024 2002 3066 2049 ³.
3119 2001 3292 2050 Porro
3323 1994 3372 2050 si
3403 2013 3516 2050 non
3549 2013 3696 2052 con-

2045 2069 2410 2126 taminantur
2431 2072 2642 2140 sidera,
2675 2091 2808 2128 cum
2841 2076 3123 2142 videntur,
3153 2090 3300 2144 quos
3323 2075 3460 2130 deos
3491 2091 3694 2131 omnes

2045 2149 2306 2204 visibiles
2337 2152 2503 2219 dicit;
2557 2168 2661 2206 nec
2719 2155 3013 2207 daemones
3062 2153 3359 2208 hominum
3414 2156 3694 2210 contami-

2050 2232 2264 2282 nantur
2331 2237 2588 2300 aspectu,
2656 2233 2924 2302 quamvis
2994 2233 3064 2286 de
3118 2232 3382 2302 proximo
3451 2233 3691 2288 videan-

2046 2311 2160 2359 tur.
2207 2309 2292 2361 An
2337 2309 2479 2363 forte
2523 2311 2762 2364 vocibus
2813 2310 3086 2365 humanis
3125 2311 3687 2377 contaminarentur,

2048 2386 2149 2456 qui
2194 2386 2315 2440 acie
2365 2404 2478 2441 non
2539 2389 3017 2443 contaminantur
3062 2390 3406 2456 oculorum;
3448 2399 3504 2444 et
3561 2390 3690 2447 ideo

2047 2467 2342 2520 daemones
2403 2467 2623 2522 medios
2693 2468 2929 2532 habent,
3003 2484 3101 2536 per
3159 2485 3302 2538 quos
3369 2469 3452 2524 eis
3518 2485 3689 2525 voces

2048 2545 2354 2600 hominum
2389 2548 2748 2615 nuntientur,
2798 2565 2832 2602 a
2879 2547 3098 2618 quibus
3145 2549 3311 2617 longe
3353 2549 3591 2617 absunt,
3627 2554 3693 2607 ut

2047 2627 2656 2683 incontaminatissimi
2733 2628 3142 2700 perseverent?
3217 2628 3368 2692 Quid
3427 2631 3553 2699 jam
3622 2629 3692 2687 de

2046 2707 2267 2761 caeteris
2300 2707 2572 2762 sensibus
2603 2708 2835 2763 dicam?
2867 2709 2988 2765 Non
3016 2710 3167 2763 enim
3199 2709 3522 2765 oll‘aciendo
3555 2725 3692 2764 con-

2045 2787 2319 2841 taminari
2375 2788 2460 2842 vel
2518 2789 2596 2842 dii
2648 2793 2899 2857 possent,
2949 2789 3000 2843 si
3058 2791 3349 2853 adessent,
3408 2789 3494 2844 vel
3554 2805 3688 2844 cum

2044 2867 2262 2922 adsunt
2293 2867 2608 2936 daemones,
2653 2876 2900 2937 possunt
2938 2869 3200 2924 vivorum
3243 2884 3551 2938 corporum
3587 2885 3693 2923 va—

2043 2946 2282 3015 poribus
2314 2946 2724 3013 humanorum,
2757 2947 2805 3002 si
2841 2947 3017 3002 tantis
3049 2947 3467 3003 sacriﬁciorum
3507 2947 3686 3003 cada-

2039 3025 2253 3081 verinis
2295 3042 2411 3082 non
2451 3028 2924 3082 contaminantur
2964 3027 3272 3082 nidoribus
3317 3029 3412 3096 (a).
3448 3029 3510 3082 In
3545 3043 3686 3096 gus-

2038 3105 2198 3159 tandi
2229 3111 2424 3161 autem
2454 3123 2694 3162 sensum
2727 3108 2746 3142 ²
2780 3107 2941 3162 nulla
2981 3109 3324 3162 necessitate
3357 3106 3683 3162 reficienda

2041 3184 2416 3241 mortalitatis
2479 3193 2779 3256 urgentur,
2815 3192 2878 3241 ut
2939 3187 3089 3242 fame
3144 3187 3333 3242 adacti
3388 3187 3552 3242 cibos
3614 3187 3686 3240 ab

2043 3263 2378 3320 hominibus
2411 3271 2695 3337 quaerant.
2749 3267 2963 3321 Tactus
3003 3282 3134 3321 vero
3167 3267 3224 3320 in
3259 3269 3542 3336 potestate
3575 3267 3685 3319 est.

2039 3345 2185 3400 Nam
2235 3345 2372 3401 licet
2421 3346 2494 3400 ab
2540 3362 2606 3400 eo
2656 3346 3028 3416 potissimum
3080 3363 3257 3401 sensu
3310 3343 3682 3400 contrectatio

2042 3425 2194 3479 dicta
2225 3426 2509 3490 videatur,
2553 3425 2836 3479 hactenus
2870 3431 3086 3492 tamen,
3131 3425 3178 3479 si
3209 3424 3443 3490 vellent,
3478 3423 3687 3479 misce-

2043 3510 2246 3557 rentur
2275 3504 2640 3571 hominibus,
2684 3508 2748 3557 ut
2795 3505 3057 3558 viderent
3098 3509 3154 3558 et
3189 3502 3548 3571 viderentur,
3582 3519 3686 3556 au-

2041 3586 2312 3640 direntet
2360 3587 2734 3641 audirentur:
2779 3585 3049 3654 tangendi
3099 3588 3292 3638 autem
3326 3599 3452 3651 quas
3486 3598 3686 3638 neces-

2041 3666 2229 3719 sitas?
2264 3682 2397 3719 nam
2432 3680 2620 3734 neque
2663 3664 2930 3718 homines
2962 3664 3019 3717 id
3052 3663 3464 3732 concupiscere
3497 3661 3686 3716 aude-

2044 3747 2192 3810 rent,
2239 3757 2372 3798 cum
2423 3744 2662 3796 deorum
2711 3740 2798 3794 vel
2849 3742 3179 3794 dasmonum
3220 3740 3504 3793 bonorum
3549 3753 3688 3794 con-

2043 3830 2242 3895 spectu
2274 3822 2360 3877 vel
2393 3820 2682 3891 colloquio
2730 3821 3090 3874 fruerentur:
3139 3823 3215 3883 et,
3263 3818 3312 3873 si
3358 3817 3416 3872 in
3458 3821 3690 3874 tantum

2043 3904 2347 3960 curiositas
2380 3902 2845 3974 progrederetur,
2870 3905 2932 3955 ut
2965 3898 3200 3965 vellent;
3237 3913 3491 3969 quonam
3526 3902 3692 3968 pacto

2043 3985 2336 4055 quispiam
2387 3989 2579 4053 posset
2621 3980 2871 4036 invitum
2922 3985 3160 4051 tangere
3209 3980 3405 4045 deum,
3455 3977 3544 4033 vel
3574 3978 3693 4032 daa-

2046 4080 2302 4132 monem,
2335 4064 2434 4136 qui
2469 4060 2580 4116 nisi
2611 4067 2842 4131 captum
2889 4077 3002 4116 non
3037 4063 3223 4131 potest
3253 4056 3591 4130 passerem?

2113 4165 2166 4218 2.
2201 4161 2464 4216 Videndo
2496 4160 2672 4231 igitur
2701 4159 3040 4230 visibusque
3079 4173 3138 4212 se
3179 4156 3482 4228 praebendo
3515 4160 3572 4211 et
3611 4154 3693 4210 lo-

2045 4246 2278 4317 quendo
2310 4248 2364 4298 et
2393 4240 2699 4307 audiendo,
2725 4242 2804 4295 dii
2836 4239 3212 4312 corporaliter
3244 4236 3473 4294 misceri
3504 4236 3699 4292 homi-

2045 4327 2214 4383 nibus
2247 4328 2500 4396 possent.
2538 4322 2655 4378 Hoc
2695 4326 2886 4378 autem
2933 4321 3103 4376 modo
3135 4319 3428 4374 daemones
3467 4319 3515 4373 si
3547 4319 3692 4374 mis-

2044 4413 2264 4471 centur,
2298 4411 2360 4460 ut
2388 4403 2527 4472 dixi,
2560 4409 2616 4460 et
2659 4419 2776 4459 non
2823 4401 3312 4466 contaminantur,
3365 4397 3446 4453 dii
3493 4402 3690 4453 autem

2043 4486 2599 4552 contaminarentur,
2622 4483 2668 4539 si
2694 4486 3115 4548 miscerentur;
3141 4477 3691 4536 incontaminabiles

2045 4569 2245 4623 dicunt
2274 4569 2588 4632 daemones,
2612 4569 2667 4619 et
2696 4561 3182 4619 contaminabiles
3205 4562 3366 4615 deos.
3399 4558 3459 4614 Si
3493 4564 3688 4615 autem

2044 4647 2516 4702 contaminantur
2544 4653 2597 4698 et
2630 4645 2944 4709 daemones,
2983 4640 3122 4712 quid
3158 4640 3464 4694 conferunt
3498 4634 3693 4690 homi-

2045 4729 2220 4783 nibus
2253 4729 2323 4782 ad
2357 4728 2530 4781 vitam
2579 4731 2704 4796 post
2735 4732 2975 4779 mortem
3023 4723 3272 4786 beatam,
3314 4733 3461 4796 quos
3490 4722 3688 4796 conta-

2046 4808 2251 4864 minati
2286 4795 2714 4862 mundareinon
2755 4805 3019 4874 possunt,
3067 4807 3126 4851 ut
3157 4813 3256 4851 eos
3288 4795 3540 4849 mundos
3571 4795 3690 4849 diis

2044 4887 2524 4944 incontaminatis
2581 4884 2805 4954 possint
2853 4881 3187 4947 adjungere,
3241 4876 3394 4927 inter
3422 4888 3600 4954 quos
3631 4877 3690 4954 et

2043 4969 2177 5024 illos
2206 4967 2377 5024 medii
2419 4950 2713 5020 constituti
2743 4958 2922 5014 sunt?
2944 4962 3058 5008 Aut
3089 4954 3136 5007 si
3167 4953 3275 5006 hoc
3305 4954 3389 5007 eis
3421 4950 3693 5006 beneﬁcii

2047 5067 2161 5103 non
2194 5048 2516 5109 conferunt,
2553 5043 2688 5114 quid
2724 5038 2957 5112 prodest
2982 5032 3323 5090 hominibus
3355 5032 3686 5114 daemonum

2048 5131 2237 5190 amica
2269 5111 2590 5183 mediatio‘?
2632 5140 2701 5179 an
2730 5111 2802 5177 ut
2832 5124 2963 5192 post
3007 5121 3253 5172 mortem
3297 5130 3408 5170 non
3439 5112 3510 5166 ad
3551 5111 3693 5167 deos

2112 5447 2128 5481 ι
2161 5443 2247 5492 Sic
2275 5438 2444 5489 nostri
2471 5448 2655 5486 omnes
2689 5430 2812 5481 Mss.
2843 5430 2904 5479 In
2931 5428 3260 5492 B.rdeest,_et
3288 5417 3587 5485 ineﬂ'abili.
3618 5419 3688 5473 Μ.

2107 5506 2129 5540 ²
2157 5489 2242 5554 Er:
2273 5503 2421 5560 Ven.,
2452 5497 2616 5563 quasi
2661 5509 2893 5555 corpora
2941 5491 3047 5563 ilia
3092 5489 3348 5563 aet/terea
3375 5491 3528 5563 tactu
3549 5492 3688 5563 tan:-

2045 5579 2166 5619 tum
2194 5555 2687 5630 queant'h'umano,
2717 5568 2766 5607 et
2787 5571 2901 5606 non
2929 5555 3099 5604 etiam
3131 5555 3251 5600 visu
3280 5555 3685 5601 contaminari.

2045 5633 2131 5729 Mo‘
2161 5692 2315 5743 Vind.
2347 5691 2463 5739 Am.
2495 5689 2578 5737 Er.
2613 5686 2667 5735 et
2693 5676 3325 5748 pleriqusmanuscripti,
3354 5688 3542 5726 censu.

2111 5740 2330 5821 (aii/id.
2360 5753 2520 5814 intra,
2551 5750 2645 5798 lib.
2680 5740 2897 5807 {0.031).
2932 5743 3007 5798 11,
3039 5756 3097 5792 ιι.
3126 5740 3175 5790 2.
