4128 6184
396 345 508 406 271

395 480 664 538 homines
698 491 798 549 per
826 476 1121 530 daamones
1152 472 1472 534 transeant,
1505 469 1607 524 sed
1639 465 1816 522 simul
1849 465 2042 520 vivant

397 563 633 632 utrique
663 545 1063 618 contaminati,
1097 569 1162 606 ac
1212 567 1312 621 per
1343 549 1450 603 hoc
1483 551 1673 602 neutri
1705 547 1896 600 beati?
1921 545 2042 600 Nisi

393 624 701 708 forte-quis
731 637 886 688 dicat
914 648 1072 686 more
1102 628 1482 700 spongiarum
1517 628 1600 684 vel
1634 624 2043 696 hujuscemodi

395 735 590 776 rerum
636 715 916 771 mundare
966 712 1258 766 daemones
1305 709 1522 763 amicos
1573 725 1734 775 suos,
1771 712 1834 761 ut
1883 712 2043 759 tanto

399 799 512 872 ipsi
553 796 907 853 sordidiores
956 792 1396 872 fiant,uquanto
1448 790 1598 843 fiunt
1647 786 1918 842 homines
1963 784 2046 838 eis

395 868 551 936 velut
581 872 938 946 tergentibus
971 869 1330 924 mundiores.
1364 868 1523 932 Quod
1575 869 1624 923 si
1657 869 1732 922 ita
1773 871 1881 930 est,
1910 881 2044 946 con-

399 944 866 1014 taminatioribus
897 951 976 1004 dii
1031 950 1351 1006 miscentur
1393 948 1776 1016 daemonibus,
1827 944 1923 1016 qui
1975 958 2046 997 ne

398 1034 954 1098 contaminarentur,
1003 1030 1308 1086 hominum
1353 1029 1852 1101 propinquitatem
1901 1040 2044 1079 con-

398 1115 920 1182 trectationemque
969 1111 1245 1166 vitarunt.
1292 1112 1371 1164 An
1407 1111 1552 1164 l'orte
1581 1107 1660 1162 dii
1693 1108 1938 1178 possunt
1970 1102 2041 1157 ab

400 1194 741 1253 hominibus
783 1192 1209 1249 contaminatos
1258 1190 1540 1244 mundare
1585 1189 1896 1251 daemones,
1940 1197 2045 1238 nec

403 1278 475 1334 ab
506 1276 590 1332 eis
637 1272 1046 1339 contaminari,
1095 1275 1153 1326 et
1202 1286 1267 1326 eo
1319 1270 1490 1324 modo
1543 1283 1659 1324 non
1709 1268 1946 1337 possent
1989 1265 2046 1317 et

401 1355 709 1414 homines?
740 1355 876 1418 Quis
900 1353 1038 1408 talia
1064 1351 1295 1417 sentiat,
1331 1350 1446 1406 nisi
1479 1364 1647 1420 quem
1682 1341 2046 1402 fallacissimi

401 1440 695 1495 daemones
749 1433 1147 1504 deceperunt?
1201 1430 1370 1499 Quid,
1428 1429 1581 1501 quod
1644 1427 1692 1483 si
1751 1425 1931 1482 videri
1989 1426 2047 1477 et

400 1521 598 1576 videre
660 1503 1038 1580 contaminat,
1099 1513 1368 1568 videntur
1423 1511 1496 1566 ab
1553 1509 1891 1566 hominibus
1938 1503 2043 1572 dii,

403 1617 546 1673 quos
594 1596 854 1652 visibiles
901 1595 1044 1650 dicit
1097 1595 1194 1664 (De
1253 1593 1348 1648 deo
1393 1592 1681 1661 Socratis),
1733 1587 2048 1673 clarissima

401 1669 596 1738 mundi
627 1677 842 1734 lumina
891 1676 1124 1746 (Virgil.
1177 1673 1366 1745 Georg.
1401 1674 1497 1728 tib.
1552 1675 1600 1742 1,
1635 1685 1773 1726 vers.
1818 1670 1874 1735 5,
1905 1669 1962 1739 6)
1994 1675 2048 1722 et

403 1769 610 1819 caetera
649 1760 858 1822 sidera,
909 1757 1268 1826 tutioresque
1317 1759 1456 1810 sunt
1497 1755 1790 1808 daamones
1831 1752 1903 1805 ab
1934 1751 2048 1802 ista

403 1842 697 1899 hominum
739 1838 1250 1904 contaminatione,
1282 1835 1382 1906 qui
1416 1852 1530 1890 non
1565 1836 1810 1904 possunt
1839 1829 2044 1897 videri,

404 1923 521 1977 nisi
561 1919 774 1974 velint?
813 1920 926 1973 Aut
967 1919 1014 1972 si
1064 1934 1178 1973 non
1233 1914 1433 1980 videri,
1477 1915 1578 1968 sed
1617 1913 1814 1968 videre
1843 1915 2050 1966 conta-

403 2003 608 2066 minat,
636 2005 849 2070 negent
869 2000 940 2052 ab
961 1997 1088 2051 istis
1110 1995 1449 2051 clarissimis
1473 1994 1674 2049 mundi
1699 1992 2045 2055 luminibus,

407 2099 553 2154 quos
589 2082 724 2135 deos
770 2079 1110 2148 opinantur,
1143 2076 1325 2131 videri
1356 2075 1642 2143 homines,
1677 2090 1811 2129 cum
1853 2073 2048 2127 radios

406 2179 546 2218 suos
579 2167 759 2216 terras
812 2175 997 2228 usque
1047 2158 1414 2229 pertendant.
1463 2158 1570 2220 Qui
1604 2164 1796 2210 tamen
1843 2168 2044 2208 eorum

405 2245 550 2300 radii
595 2259 697 2313 per
741 2256 982 2312 quasque
1025 2242 1333 2295 immunda
1381 2239 1578 2293 ditl'usi
1620 2255 1732 2293 non
1764 2233 2050 2291 contami-

405 2332 648 2381 nantur:
708 2330 766 2376 et
832 2324 911 2375 dii
971 2321 1528 2386 contaminarentur,
1594 2319 1640 2372 si
1711 2315 2048 2372 hominibus

405 2409 810 2468 miscerentur,
865 2401 1088 2456 etiamsi
1133 2407 1284 2456 esset
1332 2399 1696 2455 necessarius
1745 2399 1803 2452 in
1845 2397 2050 2451 subve-

405 2487 619 2543 niendo
664 2481 1008 2540 contactus?
1051 2481 1197 2537 Nam
1249 2483 1423 2536 radiis
1455 2482 1596 2536 solis
1627 2487 1684 2535 et
1713 2479 1864 2534 lunae
1897 2483 2051 2532 terra

406 2567 781 2637 contingitur,
816 2578 920 2618 nec
943 2561 1119 2618 istam
1150 2563 1510 2618 contaminat
1550 2561 1761 2615 lucem.

414 2729 645 2788 CAPUT
687 2727 860 2784 XVII.
905 2757 972 2767 —
1015 2726 1093 2781 Ad
1130 2723 1566 2796 consequendam
1615 2721 1788 2776 vitam
1833 2718 2050 2774 beatam

479 2828 604 2886 quae
651 2815 710 2866 in
751 2810 1179 2881 participatione
1223 2817 1301 2862 est
1341 2803 1547 2860 summi
1594 2805 1742 2866 boni,
1791 2815 1900 2856 non
1949 2797 2052 2853 tali

475 2883 772 2952 inediatore
820 2891 1067 2960 indigere
1119 2890 1392 2944 hominem
1456 2886 1634 2956 qualis
1686 2891 1764 2939 est
1810 2883 2048 2949 daemon,

476 2976 568 3032 sed
599 2975 703 3030 tali
727 2973 906 3045 qualis
937 2987 1082 3026 unus
1109 2977 1189 3026 est
1220 2967 1490 3024 Christus.

480 3110 656 3166 Miror
715 3113 908 3166 autem
958 3105 1279 3178 plurimum
1328 3107 1449 3158 tam
1508 3101 1707 3156 doctos
1763 3097 2051 3164 homines,

412 3192 512 3263 qui
553 3194 763 3246 cuncta
809 3203 1086 3258 corporea
1133 3189 1189 3239 et
1234 3181 1555 3247 sensibilis,
1601 3197 1712 3251 prie
1747 3178 2056 3246 1incorpo-

414 3261 639 3330 ralibus
678 3279 731 3327 et
777 3266 1267 3338 intelligibilibus,
1312 3263 1716 3334 postponenda
1753 3261 2055 3330 judicave-

416 3359 574 3420 runt,
607 3368 741 3407 cum
782 3351 972 3422 agitur
1011 3348 1080 3403 de
1122 3347 1289 3401 beata
1333 3344 1470 3412 vita,
1503 3342 1894 3413 corporalium
1926 3356 2058 3394 con—

415 3435 832 3491 trectationum
895 3433 1081 3487 facere
1148 3426 1526 3482 mentionem.
1597 3423 1705 3480 Ubi
1763 3429 1854 3478 est
1913 3422 2056 3477 illud

415 3517 651 3582 Plotini,
702 3512 798 3568 ubi
844 3512 946 3577 ait,
996 3507 1339 3579 Fugiendum
1384 3510 1460 3560 est
1494 3505 1668 3574 igitur
1702 3503 1772 3558 ad
1797 3503 2060 3558 charissi-

415 3613 563 3652 mam
601 3596 622 3628 ²
655 3592 922 3665 patriam,
967 3597 1018 3644 et
1068 3591 1152 3644 ibi
1197 3597 1374 3658 pater,
1417 3595 1467 3641 et
1514 3585 1594 3640 ibi
1646 3585 1876 3665 omnia?
1930 3585 2063 3651 Qua

416 3681 609 3749 igitur,
655 3663 870 3744 inquit,
921 3671 1110 3725 classis
1158 3678 1253 3724 aut
1294 3669 1464 3749 fuga?
1510 3663 1769 3749 Similem
1816 3664 1912 3749 deo
1942 3665 2065 3732 ﬁeri

421 3746 717 3831 (Enneadis
749 3755 774 3806 1
812 3753 912 3808 lib.
952 3753 1008 3819 6,
1056 3765 1174 3821 cap.
1207 3750 1272 3816 8;
1311 3748 1405 3831 lib.
1442 3749 1498 3831 2_,
1546 3762 1666 3816 cap.
1711 3746 1885 3831 3)..Si
1931 3759 2063 3831 ergo

422 3824 529 3895 deo
559 3843 772 3909 quanto
805 3833 1074 3900 similior,
1107 3837 1263 3886 tanto
1297 3830 1355 3883 lit
1379 3828 1628 3898 quisque
1656 3824 2061 3909 propinquior;

422 3905 595 3975 nulla
614 3925 702 3973 est
730 3918 800 3971 ab
844 3916 943 3970 illo
991 3913 1104 3967 alia
1156 3911 1552 3981 longinquitas
1584 3922 1760 3976 quam
1790 3906 1918 3976 ejus
1949 3905 2063 3959 dis-

425 3999 766 4055 similitudo.
801 3991 1156 4062 Incorporali
1206 4005 1338 4044 vero
1389 3988 1472 4041 illi
1505 3992 1716 4041 aeterno
1747 3992 1804 4042 et
1842 3987 2064 4040 incom-

428 4078 688 4134 mutabili
749 4080 909 4129 tanto
975 4080 1061 4125 est
1135 4070 1330 4123 anima
1395 4069 1647 4123 hominis
1706 4066 2064 4126 dissimilior.

429 4162 642 4229 quanto
694 4169 884 4208 rerum
929 4150 1339 4220 temporalium
1386 4149 1872 4218 mutabiliumque
1903 4148 2069 4229 cupi:

431 4227 576 4292 dior.
611 4233 828 4304 [XVle
867 4231 986 4285 Hoc
1020 4237 1080 4283 ut
1124 4239 1384 4298 sanetur,
1434 4233 1708 4301 quoniam
1753 4227 2069 4282 immortali

434 4315 695 4390 puritati,
747 4327 872 4382 quae
922 4310 978 4364 in
1011 4325 1243 4365 summo
1276 4316 1385 4378 est,
1418 4327 1485 4366 ea
1525 4329 1649 4383 quae
1692 4311 1750 4363 in
1792 4310 1907 4362 imo
1939 4311 2076 4362 sunt

436 4393 699 4452 mortalia
719 4397 776 4447 et
807 4390 1112 4446 immunda
1144 4393 1451 4448 convenire
1482 4409 1596 4447 non
1630 4393 1892 4461 possunt,
1927 4403 2075 4458 opus

436 4480 525 4534 est
555 4475 791 4545 quidem
825 4471 1179 4540 mediatore;
1216 4490 1327 4529 non
1373 4478 1568 4528 tamen
1600 4470 1699 4525 tali
1733 4469 1833 4540 qui
1864 4485 2075 4538 corpus

437 4558 676 4629 quidem
728 4554 939 4609 habeat
984 4554 1315 4610 immortale
1360 4555 1751 4625 propinquum
1802 4551 2076 4614 summis,

439 4640 702 4696 animum
736 4642 931 4693 autem
983 4636 1317 4692 morbidum
1369 4635 1622 4688 similem
1675 4630 1930 4697 intimis;
1963 4647 2078 4701 quo

443 4721 646 4776 morbo
696 4720 864 4774 nobis
903 4717 1159 4774 invideat
1192 4717 1385 4786 potius
1433 4728 1504 4766 ne
1553 4726 1852 4779 sanemur,
1901 4727 2078 4781 quam

441 4803 676 4873 adjuvet
705 4806 767 4854 ut
797 4813 1103 4855 sanemur:
1151 4797 1247 4850 sed
1282 4793 1377 4846 tali
1412 4793 1509 4862 qui
1553 4792 1721 4846 nobis
1761 4792 1983 4845 inﬁmis
2015 4807 2083 4846 ex

443 4882 699 4953 corporis
735 4879 1086 4934 mortalitate
1135 4880 1453 4944 coaptatus,
1497 4873 1808 4926 immortali
1841 4873 2082 4941 spiritus

437 4965 672 5035 justitia
707 4961 747 5027 ³,
801 4976 902 5028 per
934 4974 1109 5027 quam
1164 4972 1277 5010 non
1331 4953 1592 5007 locorum
1647 4956 1940 5021 distantia,
1983 4953 2082 5006 scd

445 5042 852 5100 similitudinis
884 5038 1224 5093 excellentia
1266 5038 1486 5090 ma..sit
1516 5039 1572 5089 in
1606 5037 1879 5102 summis,
1915 5052 2082 5088 mun-

443 5125 656 5180 dandis
703 5121 1139 5188 liberandisque
1169 5119 1355 5180 .nobis
1388 5133 1516 5170 vere
1543 5119 1802 5171 divinum
1837 5118 2087 5188 praebeat

443 5203 818 5275 adjutorium.
870 5200 976 5262 Qui
1034 5201 1286 5270 profecto
1343 5196 1879 5252 incontaminabilis
1933 5203 2086 5251 Deus

509 5446 523 5476 ί
549 5443 633 5489 Er.
663 5444 716 5491 et
746 5443 868 5491 Lov.
902 5439 1178 5497 omittunt,
1206 5453 1364 5498 prae.

507 5503 530 5536 2
561 5506 714 5562 Editi,
745 5505 1143 5556 clarissimam.
1189 5505 1259 5550 At
1290 5502 1434 5556 Mss,
1466 5499 1856 5550 charissimam
1891 5513 1903 5551 :
1933 5499 2089 5562 juxta

507 5578 688 5614 aecum
715 5569 923 5617 Plotini.

443 5578 688 5626 graecum
715 5578 923 5617 Plotini.

445 5629 574 5740 titaia
590 5628 826 5690 Pleritme
874 5628 1241 5692 manuscripti»
1293 5627 1634 5677 ίνηηιονεσῖίε
1689 5627 1927 5690 «Ψένίίαδ
1965 5625 2090 5686 fu"

469 5707 594 5741 ιδίας

1448 335 1548 394 DE
1592 332 1948 393 CIVITATE
1990 331 2144 403 DEI,
2194 333 2256 394 S.
2306 333 2740 397 AUGUSTINI

3676 338 3796 397 2⁸72

2149 467 2300 522 absit
2332 471 2393 522 ut
2423 467 2982 524 contaminationem
3027 468 3262 525 timeret
3305 486 3374 525 ex
3419 469 3650 526 homine
3681 486 3800 542 quo

2149 547 2392 602 indutus
2422 552 2531 614 est,
2557 555 2660 604 aut
2681 566 2748 604 ex
2771 549 3109 606 hominibus
3133 553 3286 606 inter
3306 567 3451 621 quos
3479 553 3538 606 in
3563 551 3802 606 homine

2152 635 2532 684 conversatus
2564 636 2654 684 est
2686 629 2726 684 ί.
2763 630 2885 685 Non
2920 631 3075 687 enim
3120 649 3294 702 parva
3324 638 3463 686 sunt
3493 631 3614 686 haec
3648 631 3801 686 inte-

2152 707 2259 762 rim
2304 709 2440 776 duo,
2493 727 2615 779 qua:
2669 709 2974 765 salubriter
3013 727 3118 765 sua
3166 712 3564 766 incarnatione
3595 727 3803 768 mons-

2152 789 2350 853 travit,
2387 805 2491 844 nec
2523 807 2694 845 carne
2725 791 2746 824 ²
2788 807 2954 862 posse
2994 792 3378 847 coataminari
3423 808 3615 846 veram
3651 793 3798 846 divi-

2155 869 2416 937 nitatem,
2470 886 2574 925 nec
2613 870 2742 926 ideo
2783 873 3075 942 putandos
3117 873 3412 928 daemones
3453 874 3620 927 nobis
3670 887 3802 929 esse

2153 951 2443 1018 meliores,
2497 951 2636 1022 quia
2686 969 2798 1008 non
2851 953 3067 1009 habent
3112 970 3346 1009 carnem
3393 956 3489 1024 (a).
3537 953 3640 1009 Hic
3689 959 3800 1023 est,

2150 1031 2307 1085 sicut
2335 1047 2468 1086 eum
2503 1033 2774 1103 praedicat
2803 1039 3008 1090 sancta
3058 1034 3378 1106 Scriptura,
3409 1035 3674 1090 Mediator
3707 1037 3804 1090 Dei

2152 1119 2202 1166 et
2231 1111 2537 1179 hominum,
2579 1113 2737 1169 homo
2777 1113 3024 1170 Christus
3062 1116 3220 1170 Jesus
3258 1118 3305 1183 (Ι
3342 1117 3476 1170 Tim.
3516 1132 3577 1184 ll,
3615 1116 3693 1184 5),
3729 1115 3803 1172 de

2152 1192 2319 1260 cujus
2351 1197 2407 1246 et
2436 1193 2756 1260 divinitate,
2791 1211 2903 1266 qua
2934 1196 3086 1250 Patri
3127 1203 3214 1250 est
3258 1211 3490 1266 semper
3536 1195 3802 1266 aqualis,

2153 1279 2210 1327 et
2240 1273 2626 1342 humanitate,
2677 1291 2792 1346 qua
2842 1276 3008 1332 nobis
3061 1277 3252 1332 factus
3289 1282 3379 1332 est
3409 1275 3642 1344 similis,
3679 1292 3799 1333 non

2152 1353 2248 1488 sic
2281 1354 2442 1410 locus
2472 1359 2561 1410 est
2590 1359 2653 1410 ut
2702 1361 3097 1428 competenter
3140 1373 3241 1428 pro
3283 1361 3485 1413 nostra
3525 1355 3804 1413 facultate

2194 1450 2442 1488 icamus.

2194 1450 2442 1491 lcamus.

2152 1588 2382 1644 CAPUT
2411 1590 2607 1646 XVIII.
2641 1622 2710 1632 —
2741 1591 2890 1660 Quod
2919 1592 3148 1660 fallacia
3166 1591 3501 1662 daemonum,
3533 1591 3665 1647 dum
3695 1608 3804 1648 sua

2224 1671 2611 1727 intercessione
2630 1671 2776 1727 viam
2804 1672 3027 1744 spondet
3045 1673 3115 1727 ad
3137 1673 3324 1740 Deum,
3357 1673 3454 1728 hoc
3483 1672 3801 1743 annitatur,

2225 1761 2285 1806 ut
2316 1752 2560 1809 homines
2583 1770 2616 1808 a
2645 1754 2740 1809 via
2770 1753 3020 1810 veritatis
3051 1759 3282 1810 avertat.

2227 1890 2381 1948 Falsi
2413 1897 2606 1948 autem
2636 1893 2718 1949 illi
2741 1893 3087 1966 fallacesque
3111 1895 3458 1951 mediatores
3480 1895 3800 1966 daemones,

2155 1973 2255 2043 qui
2319 1989 2451 2028 cum
2517 1991 2618 2046 per
2681 1975 2920 2047 spiritus
2984 1976 3419 2031 immunditiam
3485 1977 3680 2032 miseri
3734 1993 3804 2033 ac

2156 2053 2397 2125 maligni
2443 2055 2646 2111 multis
2695 2056 2995 2112 eITectibus
3043 2056 3322 2123 clareant,
3379 2073 3478 2128 per
3529 2073 3803 2129 corpora-

2155 2131 2298 2188 lium
2333 2141 2527 2190 tamen
2569 2136 2823 2192 locorum
2885 2137 3185 2192 intervalla
3241 2143 3300 2192 et
3366 2155 3466 2209 per
3510 2140 3800 2193 aeriarum

2156 2230 2455 2284 corporum
2521 2216 2806 2272 levitatem
2869 2234 2903 2273 a
2961 2224 3225 2286 provectu
3295 2219 3622 2274 animorum
3691 2234 3803 2274 nos

2157 2311 2394 2351 avocare
2445 2305 2615 2368 atque
2689 2302 2944 2353 avertere
2994 2298 3338 2368 moliuntur,
3395 2315 3509 2354 non
3566 2299 3718 2356 viam
3776 2297 3802 2332 ³

2158 2379 2414 2447 praebent
2463 2381 2534 2433 ad
2589 2378 2806 2444 Deum;
2855 2379 2976 2442 sed,
3032 2395 3104 2434 ne
3134 2379 3226 2434 via
3273 2385 3561 2445 teneatur,
3614 2380 3802 2450 impe-

2156 2458 2342 2511 diunt.
2375 2457 2855 2530 Quandoquidem
2885 2466 2937 2514 et
2971 2460 3027 2512 in
3059 2458 3184 2528 ipsa
3214 2459 3308 2513 via
3337 2457 3634 2529 corporali,
3666 2475 3796 2528 quae

2157 2535 2474 2592 falsissima
2505 2544 2594 2593 est
2623 2545 2679 2594 et
2728 2538 3071 2609 plenissima
3118 2540 3350 2604 erroris,
3393 2556 3510 2610 qua
3541 2554 3656 2594 non
3687 2542 3800 2594 iter

2159 2616 2566 2686 agitjustitia;
2602 2619 2873 2689 quoniam
2921 2635 3034 2673 non
3069 2635 3169 2689 per
3209 2619 3563 2689 corporalem
3597 2618 3798 2673 altitu-

2158 2696 2378 2760 dinem,
2407 2696 2508 2751 sed
2542 2713 2641 2768 per
2672 2697 3059 2769 spiritualsm,
3094 2699 3202 2754 hoc
3232 2707 3317 2754 est
3348 2700 3797 2767 incorporalem,

2157 2778 2604 2834 similitudinem
2646 2781 2716 2834 ad
2765 2785 2949 2835 Deum
2993 2780 3292 2847 debemus,
3340 2780 3686 2844 ascendere;
3734 2779 3798 2834 in

2159 2857 2287 2927 ipsa
2317 2863 2510 2915 tamen
2552 2861 2837 2931 corporali
2877 2859 2989 2928 via,
3031 2876 3202 2931 quam
3248 2862 3576 2914 daemonum
3617 2856 3800 2913 amici

2159 2954 2260 3006 per
2289 2938 2711 2995 elementorum
2756 2941 2968 3009 gradus
3016 2939 3305 3006 ordinant,
3345 2938 3492 2993 inter
3523 2935 3803 2993 aetherios

2160 3020 2296 3074 deos
2329 3024 2384 3075 et
2413 3025 2672 3077 terrenos
2706 3021 2969 3077 homines
2991 3021 3164 3076 aeriis
3197 3020 3555 3076 daemonibus
3591 3016 3805 3072 mediis

2160 3097 2518 3164 constitutis,
2543 3099 2650 3154 hoc
2683 3099 2822 3154 deos
2849 3098 3167 3170 opinantur
3191 3098 3398 3152 habere
3420 3095 3805 3167 praecipuum,

2161 3183 2226 3234 ut
2259 3185 2494 3251 propter
2525 3182 2630 3238 hoc
2662 3180 3029 3236 intervallum
3061 3179 3319 3236 locorum
3354 3178 3810 3234 contrectatione

2162 3277 2276 3316 non
2309 3264 2780 3319 contaminentur
2825 3263 3106 3318 humana.
3160 3263 3245 3316 Ita
3285 3264 3576 3317 daemones
3607 3263 3814 3314 conta-

2163 3343 2371 3397 minari
2406 3343 2596 3413 potius
2626 3345 2695 3398 ab
2727 3343 3087 3409 hominibus,
3123 3358 3292 3412 quam
3339 3341 3602 3396 homines
3642 3355 3814 3393 mun-

2164 3423 2286 3478 dari
2318 3440 2351 3478 a
2382 3423 2746 3479 daemonibus
2793 3424 3057 3488 credunt,
3109 3427 3165 3478 et
3203 3421 3342 3477 deos
3390 3420 3552 3492 ipsos
3601 3424 3814 3474 conta-

2166 3504 2376 3558 minari
2419 3505 2699 3576 potuisse,
2750 3505 2860 3558 nisi
2905 3502 3014 3558 loci
3061 3501 3370 3558 altitudine
3413 3500 3810 3555 munirentur.

2167 3585 2273 3650 Qui
2306 3590 2422 3640 tam
2453 3585 2652 3640 infelix
2696 3594 2802 3651 est,
2839 3593 2898 3638 ut
2938 3584 3050 3639 ista
3089 3581 3182 3639 via
3222 3581 3491 3636 mundari
3523 3595 3585 3635 se
3615 3579 3819 3633 existi-

2171 3674 2308 3736 met,
2343 3669 2437 3724 ubi
2481 3669 2747 3724 homines
2791 3667 3278 3732 contaminantes,
3329 3665 3620 3719 daeumnes
3670 3678 3818 3716 con-

2172 3749 2464 3814 taminati,
2501 3750 2580 3803 dii
2629 3746 3112 3804 contaminabiles
3150 3745 3570 3815 praedicantur;
3605 3747 3661 3798 et
3692 3758 3815 3797 non

2173 3831 2366 3899 potius
2440 3829 2618 3901 eligat
2683 3829 2856 3896 viam,
2933 3826 3031 3882 ubi
3100 3826 3566 3880 contaminantes
3624 3822 3819 3893 magis

2173 3909 2458 3964 daemones
2499 3909 2805 3975 evitentur,
2857 3912 2912 3962 et
2955 3907 3026 3961 ab
3076 3905 3574 3961 incontaminabili
3636 3903 3747 3958 Deo
3796 3901 3822 3937 ‘

2175 3991 2242 4044 ad
2275 3990 2584 4044 ineundam
2617 3988 2950 4045 societatem
2994 3987 3586 4042 incontaminatorum
3621 3989 3822 4053 Ange-

2175 4068 2363 4124 lorum
2396 4069 2664 4124 homines
2695 4087 2727 4124 a
2756 4067 3252 4124 contaminatione
3283 4065 3642 4121 mundentur
3663 4061 3691 4115 ‘?

2177 4202 2407 4260 CAPUT
2437 4202 2578 4258 XIX.
2611 4233 2679 4242 —
2723 4201 2872 4270 Quod
2911 4201 3207 4273 appellatio
3245 4199 3554 4255 daemonum
3572 4198 3693 4270 jam
3721 4212 3833 4253 nec

2249 4283 2394 4356 apud
2423 4285 2651 4339 cultores
2681 4299 2870 4339 eorum
2901 4287 3220 4339 assumatur
3257 4284 3317 4337 in
3361 4281 3833 4351 signiﬁcationem

2249 4364 2488 4432 alicuius
2511 4363 2659 4419 boni.

2254 4492 2363 4548 Sed
2398 4508 2468 4547 ne
2511 4492 2581 4547 de
2623 4489 2817 4546 verbis
2860 4489 3037 4545 etiam
3084 4504 3189 4543 nos
3235 4489 3455 4543 certare
3499 4484 3834 4555 videamur,

2185 4574 2459 4645 quoniam
2493 4571 2758 4626 nonnulli
2801 4571 3064 4636 istorum,
3099 4574 3159 4624 ut
3198 4568 3279 4623 ita
3308 4565 3578 4633 dixerim,
3611 4563 3835 4620 demo-

2188 4644 2528 4719 nicolarum,
2560 4653 2619 4706 in
2661 4651 2874 4722 quibus
2913 4655 2970 4704 et
3011 4650 3189 4704 Labeo
3230 4654 3337 4715 est,
3369 4647 3604 4702 eosdem
3636 4644 3838 4714 perhi-

2187 4735 2326 4790 bent
2378 4735 2448 4788 ab
2500 4733 2627 4788 aliis
2676 4731 2914 4802 angelos
2975 4728 3108 4797 dici,
3161 4745 3306 4800 quos
3362 4727 3475 4798 ipsi
3534 4727 3838 4781 daemones

2188 4817 2552 4884 nuncupant,
2606 4813 2728 4883 jam
2795 4810 2936 4865 mihi
2985 4811 3055 4864 de
3102 4809 3272 4864 bonis
3319 4805 3555 4877 Angelis
3606 4804 3839 4875 aliquid

2186 4895 2350 4950 video
2382 4891 2813 4961 disserendum,
2848 4906 2993 4962 quos
3025 4889 3122 4944 isti
3153 4904 3282 4944 esse
3312 4903 3426 4942 non
3460 4889 3693 4957 negant,
3726 4885 3839 4940 sed

2189 4992 2288 5031 eos
2321 4977 2502 5029 bonos
2533 4976 2826 5029 daemones
2857 4987 3059 5026 vocare
3089 4987 3262 5041 quam
3298 4968 3550 5040 Angelos
3581 4966 3840 5022 malunt.

2192 5056 2308 5113 Nos
2357 5067 2572 5121 autem,
2623 5055 2773 5110 sicut
2821 5054 3120 5122 Scriptura
3171 5051 3454 5121 loquitur,
3504 5047 3842 5103 secundum

2193 5154 2364 5208 quam
2410 5137 2709 5192 christiani
2764 5151 2990 5203 sumus,
3034 5135 3289 5205 Angelos
3330 5132 3566 5203 quidem
3621 5129 3847 5201 partim

2259 5319 2273 5352 ί
2307 5315 2557 5364 Nonnulli
2596 5315 2717 5362 Mss.
2773 5314 2864 5363 sed
2906 5325 3014 5362 non
3057 5311 3291 5361 melioris
3318 5311 3493 5369 notae,
3525 5307 3677 5356 inter
3704 5320 3852 5369 quos

2191 5378 2350 5427 homo
2383 5386 2737 5426 conversatus
2756 5387 2850 5426 est.

2257 5443 2278 5476 ι
2310 5441 2395 5491 Sic
2422 5441 2575 5490 Vind.
2608 5442 2723 5488 Am.
2755 5442 2808 5489 et
2834 5441 2954 5489 Mss.
2977 5440 3044 5487 At
3064 5437 3146 5486 Er.
3179 5440 3232 5486 et
3259 5437 3407 5497 Lov.,
3438 5449 3538 5484 nec
3571 5434 3633 5481 in
3651 5446 3850 5497 carne.

2192 5506 2280 5615 ﬁt:
2303 5504 2456 5578 .Lov.,
2492 5513 2541 5552 et
2592 5517 2700 5552 non
2746 5503 2914 5552 viam.
2962 5501 3244 5562 Particulo,
3291 5507 3359 5558 et,
3395 5494 3568 5548 'abest
3623 5496 3693 5544 ab
3723 5494 3857 5544 aliis

2272 5581 2364 5614 ris.

2272 5581 2364 5614 I'lS.

2257 5632 2276 5658 ‘
2307 5629 2430 5678 Sola
2457 5629 2617 5678 editio
2646 5629 2792 5683 ιον..
2824 5636 2872 5675 et
2903 5628 2966 5676 ab
2999 5623 3440 5676 incommutabili
3470 5623 3597 5672 Deo.

2258 5693 2330 5755 (α)
2359 5691 2507 5743 Conf.
2530 5692 2625 5742 11b.
2657 5691 2716 5742 13
2748 5693 2812 5741 de
2841 5691 3047 5748 Trinit.,
3078 5703 3132 5742 n.
3169 5688 3247 5740 22.
