4158 6192
427 303 549 362 273

425 437 629 502 bonos,
683 439 892 510 partim
939 439 1146 507 malos,
1196 457 1496 515 nunquam
1539 460 1673 500 vero
1717 446 1902 502 bonos
1949 449 2065 504 dae-

422 533 630 574 mones
651 518 902 591 legimus
927 537 940 574 :
967 521 1070 576 sed
1094 521 1444 595 ubicumque
1466 525 1698 580 illarum
1727 527 2063 584 Litterarum

421 599 534 655 hoc
567 617 774 656 nomen
807 602 1059 673 positum
1095 605 1402 675 reperitur,
1443 607 1563 660 sive
1601 608 1913 675 daemones,
1947 611 2066 666 sive

419 684 710 739 daemonia
752 686 1041 752 dicantur,
1093 688 1329 742 nonnisi
1377 689 1615 759 maligni
1655 691 2062 761 significantur

419 763 686 834 spiritus.
733 765 801 818 Et
842 765 989 820 hanc
1022 765 1295 836 loquendi
1327 771 1808 825 consuetudinem
1852 772 1908 825 in
1944 782 2066 827 lan-

418 849 546 900 tum
598 845 794 916 populi
846 863 1266 919 usquequaque
1315 851 1499 905 secuti
1551 855 1709 921 sunt,
1752 857 1813 906 ut
1860 870 2060 910 eorum

417 928 594 982 etiam
639 927 740 998 qui
790 929 1007 998 Pagani
1056 931 1446 1001 appellantur,
1496 936 1552 988 et
1581 934 1720 988 deos
1752 935 1965 989 multos
1997 952 2063 990 ac

418 1008 715 1063 daemones
765 1008 1039 1064 colendos
1089 1027 1220 1065 esse
1269 1014 1646 1080 contendunt,
1697 1014 1896 1070 nullus
1945 1016 2062 1070 fere

415 1089 493 1144 sit
540 1094 657 1143 tam
706 1087 991 1144 litteratus
1039 1095 1094 1146 et
1124 1090 1348 1158 doctus,
1399 1093 1498 1164 qui
1537 1095 1745 1149 audeat
1794 1097 1851 1151 in
1893 1094 2062 1151 laude

415 1168 502 1224 vel
553 1185 714 1224 servo
759 1186 866 1224 suo
929 1171 1140 1239 dicere,
1171 1171 1506 1229 Damonem
1560 1174 1737 1230 babes
1787 1177 1914 1246 (a):
1957 1179 2058 1232 sed

414 1250 655 1305 cuilibet
687 1249 791 1305 hoc
833 1251 1025 1306 dicere
1068 1253 1336 1321 voluerit,
1383 1270 1497 1308 non
1545 1271 1606 1310 se
1643 1255 1812 1310 aliter
1855 1258 2058 1328 accipi,

413 1345 594 1400 quam
642 1328 991 1386 maledicere
1051 1330 1325 1399 voluisse,
1376 1333 1642 1390 dubitare
1689 1352 1801 1389 non
1853 1337 2056 1406 possit.

411 1412 546 1477 Quis
586 1409 764 1482 igitur
811 1427 918 1466 nos
947 1412 969 1444 ³
1013 1427 1185 1467 causa
1234 1413 1551 1485 compellit,
1599 1422 1658 1469 ut
1706 1422 1834 1486 post
1878 1417 2056 1472 offen-

409 1492 637 1548 sionem
683 1491 913 1546 aurium
961 1496 1078 1548 tam
1114 1493 1452 1563 multarum,
1503 1503 1563 1551 ut
1587 1497 1710 1567 jam
1758 1515 1902 1569 pene
1940 1499 2060 1554 sint

411 1573 701 1641 omnium,
759 1589 882 1640 quis
952 1573 1060 1628 hoc
1127 1575 1369 1630 verbum
1429 1578 1666 1633 nonnisi
1723 1579 1780 1633 in
1843 1579 2054 1636 malam

409 1656 634 1722 partem
668 1651 868 1707 audire
899 1659 1340 1724 consueverunt,
1392 1656 1545 1726 quod
1578 1656 1834 1714 diximus
1880 1676 2052 1730 coga-

408 1748 541 1786 mur
581 1747 886 1803 exponere,
929 1749 1060 1788 cum
1097 1734 1390 1804 possimus
1424 1737 1774 1808 Angelorum
1819 1740 2053 1796 nomine

405 1810 690 1878 adhibito,
739 1813 1002 1867 eamdem
1035 1813 1438 1884 offensionem,
1485 1833 1611 1888 quae
1656 1820 1892 1875 nomine
1937 1821 2048 1876 da:-

408 1905 645 1944 monum
678 1888 803 1946 ﬁeri
835 1897 1079 1962 poterat,
1111 1893 1367 1949 evitare?

405 2006 637 2063 CAPUT
674 2007 795 2064 XX.
830 2039 898 2049 —-
928 2011 1005 2065 De
1032 2011 1298 2082 qualitate
1327 2017 1596 2081 scientiae,
1627 2033 1750 2088 quae
1787 2019 2051 2074 dwmones

991 2095 1250 2163 superbos
1292 2095 1450 2164 facit.

479 2205 819 2276 Quanquam
851 2205 1024 2261 etiam
1054 2208 1182 2278 ipsa
1204 2209 1364 2280 origo
1386 2209 1562 2280 hujus
1586 2212 1864 2280 nominis,
1899 2213 1945 2268 si
1970 2214 2052 2268 di-

399 2283 572 2340 vinos
615 2285 948 2342 intueamur
989 2287 1216 2357 Libros,
1249 2289 1469 2359 aliquid
1513 2292 1674 2346 affert
1716 2294 2050 2363 cognitione

399 2364 837 2435 dignissimum.
866 2367 1130 2438 Δαίμονες
1159 2369 1310 2423 enim
1333 2371 1630 2436 dicuntur,
1655 2373 1933 2443 quoniam
1958 2391 2052 2428 vo-

395 2444 678 2500 cabulum
730 2461 980 2514 graecum
1027 2450 1136 2510 est,
1169 2447 1242 2500 ob
1283 2449 1589 2505 scientiam
1629 2452 1912 2507 nominati
1950 2454 2048 2522 (ὁ).

390 2523 714 2593 Apostolus
748 2530 939 2579 autem
964 2525 1182 2595 Spiritu
1207 2531 1404 2582 sancto
1429 2528 1659 2585 locutus
1681 2532 1780 2598 ait,
1810 2533 2049 2589 Scientia

384 2603 581 2672 inflat,
631 2605 872 2658 charitas
913 2619 1038 2658 vero
1079 2605 1315 2674 adi/ica!
1352 2608 1399 2677 (Ι
1441 2607 1565 2664 Cor.
1606 2627 1724 2678 vm,
1771 2613 1842 2682 1).
1885 2615 2046 2679 Quod

382 2688 555 2738 recte
607 2683 780 2738 aliter
825 2701 937 2739 non
987 2684 1356 2757 intelligitur,
1401 2690 1510 2744 nisi
1561 2692 1858 2748 scientiam
1907 2701 2046 2750 tunc

382 2763 692 2833 prodesse,
727 2780 858 2818 cum
891 2766 1144 2821 charitas
1190 2767 1378 2836 inest;
1411 2770 1538 2825 sine
1585 2770 1690 2827 hac
1721 2779 1916 2828 autem
1952 2775 2045 2830 in-

386 2843 558 2905 ﬂare,
591 2843 645 2897 id
681 2849 766 2898 est
796 2844 855 2898 in
887 2846 1220 2916 superbiam
1255 2848 1612 2906 inanissima:
1643 2854 1810 2923 quasi
1843 2860 2041 2909 vento-

389 2923 587 2978 sitatis
627 2923 924 2980 extollere.
969 2927 1069 2980 Est
1115 2943 1252 2998 ergo
1293 2929 1348 2982 in
1385 2931 1750 2988 daemonibus
1798 2934 2044 2992 scientia

390 3003 518 3059 sine
549 3004 854 3070 charitate,
887 3010 944 3061 et
967 3005 1095 3062 ideo
1138 3013 1259 3062 tam
1300 3008 1507 3079 inﬂati,
1541 3013 1600 3068 id
1634 3019 1724 3069 est
1770 3020 1889 3070 tam
1939 3033 2040 3072 su-

393 3083 581 3155 perbi,
614 3090 773 3151 sunt,
807 3091 871 3140 ut
899 3087 1147 3143 honores
1180 3089 1404 3144 divinos
1434 3098 1491 3146 et
1533 3093 1828 3164 religionis
1866 3099 2040 3153 servi-

394 3169 598 3249 tutem,
634 3180 812 3249 quam
848 3181 986 3249 vero
1027 3167 1142 3223 Deo
1173 3169 1366 3224 deberi
1409 3172 1619 3244 sciunt,
1653 3175 1765 3230 sibi
1809 3182 2041 3249 satege-

393 3243 512 3297 rint
541 3244 562 3277 ³
604 3243 884 3310 exhiberi,
916 3252 974 3302 et
1005 3250 1286 3318 quantum
1321 3243 1678 3319 possunt,et
1708 3258 1860 3326 apud
1895 3243 2040 3326 quos

396 3330 666 3406 possunt,
723 3326 914 3384 adhuc
971 3334 1168 3400 agunt.
1221 3333 1432 3388 Contra
1489 3334 1821 3404 superbiam
1871 3355 2039 3406 porro

397 3405 751 3475 daemonum,
785 3423 897 3478 qua
929 3425 1032 3479 pro
1057 3413 1276 3468 meritis
1301 3413 1704 3484 possidebatur
1724 3405 1905 3486 genus
1935 3419 2040 3472 hu-

395 3500 661 3556 manum,
699 3487 794 3542 Dei
828 3488 1151 3558 humilitas,
1186 3510 1313 3564 quae
1354 3493 1414 3548 in
1449 3495 1632 3548 forma
1673 3497 1824 3550 servi
1857 3514 2038 3568 appa-

393 3566 510 3620 ruit
529 3565 572 3635 ⁴,
607 3573 884 3638 quantum
917 3571 1190 3627 virtutem
1227 3574 1457 3641 habeat,
1491 3575 1695 3629 animis
1731 3565 2038 3632 hominum

393 3646 661 3702 nesciunt
694 3650 1067 3706 immunditia
1100 3653 1367 3710 elationis
1407 3653 1642 3720 inflatae,
1677 3658 2039 3715 daemonibus

397 3725 618 3782 similes
651 3730 942 3800 superbia,
981 3749 1093 3786 non
1131 3735 1394 3790 scientia.

392 3841 623 3898 CAPUT
660 3844 799 3902 XXI.
833 3877 902 3887 -—
941 3847 1018 3901 Ad
1049 3865 1208 3918 quem
1250 3850 1470 3904 modum
1511 3851 1773 3907 Dominus
1810 3852 2041 3910 voluerit

853 3925 1188 3983 daemonibus
1219 3928 1576 3987 innotescere.

465 4036 584 4107 Ipsi
620 4042 816 4094 autem
849 4039 1157 4097 daemones
1206 4045 1379 4099 etiam
1431 4045 1540 4100 hoc
1587 4046 1671 4101 ita
1719 4046 1941 4114 sciunt,
1975 4052 2040 4104 ut

389 4116 576 4174 eidem
613 4118 860 4174 Domino
895 4121 1238 4179 inﬁrmitate
1271 4125 1464 4180 carnis
1503 4126 1706 4182 induto
1739 4127 1988 4183 dixerint
2021 4145 2036 4185 :

389 4197 532 4266 Quid
563 4199 718 4254 nobis
746 4207 800 4255 et
827 4200 952 4265 tibi,
982 4202 1112 4257 Iesu
1139 4204 1420 4260 Nazarene
1438 4206 1467 4257 ?
1495 4208 1696 4262 venisti
1738 4211 1867 4264 ante
1911 4212 2037 4264 tem~

385 4297 492 4362 pus
529 4281 770 4351 perdere
799 4298 898 4338 nos
925 4281 950 4316 ⁵
979 4283 1168 4353 (Marc.
1204 4301 1242 4349 ι,
1269 4287 1372 4352 24ς
1408 4292 1464 4342 et
1502 4292 1709 4346 Matth.
1745 4307 1866 4361 νιιι,
1896 4291 2038 4362 29)?

387 4361 622 4417 Clarum
673 4367 764 4418 est
808 4365 865 4418 in
915 4364 1006 4420 his
1055 4366 1274 4433 verbis,
1321 4370 1472 4440 quod
1526 4369 1582 4425 iu
1634 4371 1718 4427 eis
1767 4376 1825 4428 et
1874 4361 2039 4428 tanta

388 4442 632 4498 scientia
661 4447 808 4513 erat,
840 4449 896 4499 et
925 4444 1183 4502 charitas
1228 4465 1344 4504 non
1386 4454 1528 4506 erat.
1561 4451 1795 4507 Ρωηοω
1827 4454 2038 4525 quippe

386 4541 557 4580 suam
592 4526 985 4582 formidabant
1011 4529 1081 4584 ab
1111 4527 1234 4597 illo,
1269 4547 1382 4587 non
1414 4533 1472 4587 in
1496 4532 1598 4588 illo
1619 4534 1913 4604 justitiam
1946 4537 2038 4590 di-

386 4606 670 4678 ligebant.
705 4607 956 4664 Tantum
995 4624 1127 4666 vero
1177 4610 1258 4666 eis
1302 4611 1578 4682 innotuit,
1612 4619 1896 4686 quantum
1938 4632 2039 4672 vo-

456 4790 473 4851 !
503 4787 598 4837 Ms.
625 4787 742 4851 766,,
772 4788 867 4837 sed
895 4788 1128 4851 quilibet
1155 4791 1303 4839 haec.
1338 4791 1406 4840 M.

452 4849 476 4884 2
502 4851 626 4900 Mss.
657 4850 751 4900 766
779 4855 833 4901 et
851 4849 994 4910 2050,
1028 4868 1156 4902 non.
1189 4854 1256 4902 M.

453 4941 476 4975 ε
509 4913 664 4964 Vind.
698 4915 755 4978 et,
787 4915 930 4971 Mss.,
975 4917 1115 4964 satis
1162 4917 1399 4978 egerint.
1445 4916 1531 4966 Sic
1577 4917 1698 4967 aliis
1744 4919 1875 4970 locis
1916 4932 2036 4969 con-

387 4977 783 5042 stanter,_satis
811 4992 916 5042 agg
936 4994 956 5029 :
987 4992 1101 5042 pro,
1131 4977 1343 5040 satago.

449 5039 659 5118 innd.
710 5041 827 5090 Am.
988 5039 1093 5118 ᾔει
1125 5039 1303 5118 plures
1358 5043 1734 5118 manuscripiti,
1787 5058 1930 5118 quae

390 5102 611 5170 ρζινξειο
668 5104 949 5170 apparuit.
1011 5104 1262 5170 Nonnulli
1310 5108 1540 5170 Aveteres
1597 5102 1757 5170 glibri,
1789 5102 1916 5170 'qui
1973 5109 2036 5156 in

387 5165 612 5215 Christo
641 5165 926 5225 apparuit.
975 5193 1036 5202 —
1093 5165 1177 5216 Sic
1209 5166 1552 5218 Corbeieusis.
1593 5167 1693 5218 Sed
1733 5170 1794 5224 Α,
1819 5165 1878 5226 Β,
1912 5171 1947 5218 C
1975 5172 2037 5219 ut

389 5228 596 5279 editum
625 5229 724 5276 est.
758 5228 823 5276 M.

455 5293 476 5326 δ
508 5290 701 5339 Omnes
736 5290 881 5348 Mss.,
928 5291 1131 5342 venisti
1170 5292 1405 5353 perdere
1453 5294 1600 5342 nos?
1645 5293 1859 5355 omisso,
1907 5303 2037 5344 ante

391 5361 622 5404 tempus.

453 5367 839 5479 (avsoququ
872 5416 960 5466 hic
1000 5419 1151 5466 notat:
1198 5418 1583 5467 consulendum
1630 5419 2032 5477 Tertullianum,

387 5480 453 5528 de
481 5479 695 5542 Testim.
727 5479 954 5542 animae,
986 5494 1097 5542 cap.
1132 5479 1177 5527 3.
1209 5482 1273 5528 M.

451 5542 522 5600 (ὁ)
569 5540 805 5608 Platoin
847 5540 1082 5608 Cratylo,
1128 5543 1411 5590 daimones
1458 5543 1632 5608 dictos
1642 5545 1840 5608 Wtradit
1879 5546 2033 5608 quasi

385 5604 707 5667 daemones,
729 5602 784 5651 id
811 5607 892 5654 est
920 5602 1117 5667 peritos
1146 5618 1207 5655 ac
1234 5618 1441 5656 rerums
1459 5606 1582 5656 cios.
1615 5607 1744 5657 Vide
1773 5602 2032 5663 Lactant,

386 5667 483 5717 lib.
518 5665 549 5714 2
577 5664 754 5714 lnstit.

1871 312 2125 393 LIBElt_
2149 314 2427 378 NONUS.

3712 343 3827 403 274

2179 450 2290 542 luit
2321 469 2335 542 ς
2370 456 2536 542 tanta
2579 459 2774 542 autem
2820 460 3020 529 voluit,
3055 473 3337 536 quantum
3387 477 3657 542 oportuit.
3709 477 3824 534 Sed

2181 530 2454 623 i‘nnotuit,
2487 551 2600 590 non
2633 537 2787 593 sicut
2818 543 3054 612 Angelis
3071 530 3319 617 sanctis,
3346 530 3444 622 qui
3467 554 3593 623 ejus
3617 530 3824 615 secuit:

2180 611 2320 702 dum
2355 615 2406 668 id
2435 618 2592 702 quod
2629 618 2747 702 Dei
2772 611 3014 678 Verbum
3062 634 3170 696 est,
3205 611 3544 702 par'ticipata
3591 611 3822 694 aeterni-

2180 699 2292 748 tate
2324 699 2702 766 perl'ruuntur
2733 701 2840 772 (a);
2876 705 2974 758 sed
3018 706 3170 762 sicut
3198 712 3281 763 eis
3319 699 3603 770 terrendis
3645 719 3821 776 inno-

2178 777 2515 867 tescendum
2568 779 2697 847 fuit,
2744 797 2811 836 ex
2864 799 3116 854 quorum
3168 793 3470 861 tyrannica
3519 799 3817 867 quodam-

2181 856 2347 910 modo
2383 864 2660 926 potestate
2694 856 3258 943 fueratliberaturus
3294 856 3730 943 praedestinatos
3758 881 3817 938 in

2175 951 2337 1020 suum
2364 954 2607 1009 regnum
2639 946 2696 995 ct
2725 942 2970 1014 gloriam
3005 963 3236 1020 semper
3262 942 3520 1010 veracem
3569 964 3626 1013 et
3657 977 3818 1016 vera-

2175 1014 2319 1107 citer
2345 1020 2786 1108 sempiternam.
2821 1024 3081 1082 Innotuit
3111 1014 3241 1101 ergo
3272 1033 3658 1108 daemonibus,
3699 1014 3816 1096 non

2176 1111 2276 1165 per
2306 1096 2360 1150 id
2396 1098 2552 1168 quod
2583 1107 2668 1155 est
2699 1103 2812 1158 vita
2844 1110 3074 1173 aeterna,
3108 1096 3392 1166 et'lumen
3432 1096 3819 1174 incommuta-

2172 1175 2288 1230 bile
2319 1179 2474 1267 quod
2516 1179 2810 1267 illuminat
2851 1186 2996 1256 pios,
3031 1189 3125 1243 cui
3174 1191 3418 1248 videndo
3470 1211 3572 1265 per
3618 1197 3814 1267 fidem,

2173 1271 2301 1346 quae
2327 1258 2384 1312 in
2416 1257 2513 1346 illo
2540 1265 2648 1327 est,
2673 1263 2845 1346 corda
2881 1269 3275 1340 mundantur;
3301 1273 3401 1327 sed
3436 1257 3816 1346 perquaedam

2171 1338 2511 1405 temporalia
2541 1357 2658 1395 suae
2712 1344 2938 1402 virtutis
2970 1348 3172 1404 elfecta
3202 1338 3269 1406 et
3302 1338 3712 1412 occultissimas
3743 1359 3818 1413 si-

2170 1432 2286 1498 gna
2327 1421 2668 1491 praesentia},
2703 1442 2828 1495 quae
2859 1427 3139 1498 angelicis
3183 1434 3456 1489 sensibus
3486 1437 3662 1492 etiam
3697 1455 3817 1494 ma-

2168 1494 2460 1581 lignorum
2511 1494 2823 1572 spirituum
2867 1494 3065 1578 potius
3111 1527 3284 1581 quam
3333 1515 3659 1572 infirmitati
3709 1519 3815 1574 ho-

2169 1580 2396 1635 minum
2441 1590 2684 1652 possent
2729 1602 2860 1643 esse
2899 1580 3236 1662 conspicua.
3288 1594 3549 1666 Denique
3579 1601 3815 1670 quando

2166 1663 2583 1752 eaupaululum
2617 1669 3042 1752 supprimenda
3067 1675 3375 1743 judicavit,
3409 1663 3472 1732 et
3516 1663 3814 1752 aliquanto

2166 1741 2346 1799 altius
2378 1744 2566 1814 latuit,
2600 1748 2883 1834 dubitavit
2914 1753 2983 1806 de
3017 1741 3114 1809 illo
3146 1741 3481 1812 daemonum
3516 1741 3812 1834 princeps,

2165 1840 2416 1896 eumque
2475 1831 2734 1900 tentavit,
2803 1851 2874 1889 an
2936 1835 3204 1894 Christus
3269 1846 3427 1896 esset
3482 1831 3812 1914 explorans,

2164 1912 2450 1976 quantum
2502 1925 2564 1964 se
2622 1915 2829 1968 tentari
2879 1915 3004 1986 ipse
3062 1920 3352 1988 permisit,
3400 1925 3464 1976 ut
3511 1912 3810 1982 hominem

2163 2002 2337 2057 quem
2371 1991 2640 2077 gerebat,
2674 1994 2748 2077 ad
2761 2002 3011 2077 __nostrie
3062 1998 3406 2056 imitationis
3459 2007 3813 2077 temperaret

2161 2069 2516 2149 exemplum.
2563 2075 2698 2128 Post
2736 2074 2896 2129 illam
2944 2093 3073 2132 vero
3098 2081 3494 2149 tentationem,
3536 2069 3665 2139 cum
3699 2089 3813 2142 Au-

2161 2146 2780 2235 geli_,_si_cut_scriptum
2823 2159 2931 2223 est,
2966 2157 3370 2213 ministrarent
3415 2146 3694 2233 eitMatth.
3728 2182 3803 2235 iv,

2160 2227 2337 2312 3-11),
2372 2229 2509 2312 boni
2562 2231 2843 2312 utiqueet
2881 2237 3086 2303 sancti,
3119 2254 3183 2291 ac
3214 2255 3317 2309 per
3355 2240 3462 2295 hoc
3494 2227 3808 2312 spiritibus

2160 2306 2482 2394 immundis
2513 2311 2806 2394 metuendi
2838 2317 2894 2394 et
2935 2306 3240 2382 tremendi,
3277 2319 3464 2389 magis
3503 2306 3806 2394 magisque

2161 2386 2564 2474 innotescebat
2605 2390 2966 2474 damonihus
3005 2400 3264 2466 quantus
3303 2386 3474 2468 esset,
3517 2407 3580 2456 ut
3603 2386 3658 2458 si
3705 2386 3803 2474 ju-

2161 2466 2340 2533 henti,
2402 2471 2668 2540 quamvis
2723 2473 2784 2528 in
2841 2473 2940 2530 illo
2997 2466 3468 2546 contemptibilis
3510 2466 3804 2542 videretur

2159 2548 2350 2604 carnis
2380 2549 2716 2621 infirmitas,
2751 2554 3020 2610 resistere
3053 2556 3250 2613 nullus
3282 2559 3536 2617 auderet.

2155 2688 2388 2747 CAPUT
2418 2690 2588 2746 XXII.
2621 2723 2686 2733 —
2720 2693 2862 2760 Quid
2892 2696 3117 2751 intersit
3146 2697 3294 2753 inter
3321 2699 3613 2756 scientiam
3642 2718 3797 2757 sanc-

2298 2779 2480 2826 torum
2511 2773 2867 2842 Angelorum,
2902 2782 2956 2830 et
2993 2777 3280 2833 scientiam
3317 2779 3649 2840 dzemonum.

2225 2906 2326 2961 His
2356 2906 2536 2978 igitur
2563 2909 2799 2980 Angelis
2823 2909 2990 2966 bonis
3013 2913 3205 2968 omnis
3237 2915 3622 2983 corporalium
3647 2921 3791 2975 tem-

2153 2986 2562 3057 poraliumque
2593 3005 2783 3044 rerum
2816 2991 3075 3057 scientia,
3099 3011 3212 3065 qua
3256 2996 3536 3052 inﬂantur
3577 2999 3790 3055 deamo-

2151 3083 2276 3135 nes,
2313 3067 2440 3122 vilis
2489 3074 2576 3123 est
2610 3086 2624 3124 :
2659 3087 2773 3126 non
2825 3075 2972 3143 quod
3025 3091 3226 3131 earum
3275 3076 3465 3147 ignari
3506 3081 3647 3147 sint,
3689 3082 3791 3137 sed

2151 3151 2304 3220 quod
2345 3149 2463 3204 illis
2504 3150 2625 3220 Dei,
2663 3169 2780 3222 qua
2829 3157 3286 3221 sanctificantur,
3319 3159 3567 3216 charitas
3615 3163 3793 3217 chara

2148 3234 2256 3294 est,
2309 3247 2425 3300 prie
2487 3232 2654 3301 cujus
2715 3249 2829 3288 non
2892 3239 3116 3290 tantum
3167 3236 3538 3310 incorporali,
3589 3258 3789 3297 verum

2149 3311 2326 3366 etiam
2378 3311 2842 3366 incommutabili
2891 3318 2948 3368 et
2997 3315 3276 3372 ineffabili
3331 3319 3788 3388 pulchritudine,

2149 3393 2319 3458 cujus
2350 3400 2550 3445 sancto
2583 3408 2780 3446 amore
2809 3394 3203 3464 inardescunt,
3246 3401 3445 3455 omnia
3471 3417 3598 3471 quas
3639 3403 3792 3457 infra

2149 3474 2307 3530 sunt,
2341 3475 2397 3523 et
2419 3472 2574 3540 quod
2609 3471 2750 3525 illud
2784 3477 2872 3527 est
2902 3490 3018 3528 non
3068 3482 3228 3541 sunt,
3263 3493 3441 3548 seque
3489 3481 3648 3548 ipsos
3699 3483 3790 3536 in-

2148 3553 2238 3604 ter
2267 3548 2366 3604 illa
2397 3556 2798 3616 contemnunt,
2837 3557 2900 3606 ut
2947 3570 3014 3607 ex
3055 3558 3198 3619 toto,
3243 3559 3394 3626 quod
3444 3559 3577 3612 boni
3625 3566 3788 3629 sunt,

2149 3644 2214 3682 eo
2291 3629 2464 3692 bono,
2525 3645 2592 3683 ex
2655 3646 2769 3699 quo
2840 3632 2976 3686 boni
3047 3639 3208 3697 sunt,
3269 3635 3660 3702 perfruantur.
3722 3639 3792 3692 Et

2149 3707 2280 3761 ideo
2329 3709 2540 3762 certius
2596 3710 2772 3762 etiam
2825 3711 3164 3779 temporalia
3211 3719 3268 3767 et
3338 3714 3641 3770 mutabilia
3683 3715 3792 3771 ista

2151 3790 2436 3840 noverunt
2489 3803 2503 3840 :
2551 3789 2690 3857 quia
2757 3805 2956 3843 eorum
3021 3790 3372 3860 principales
3449 3807 3661 3849 causas
3731 3796 3787 3850 in

2146 3865 2337 3921 Verbo
2365 3867 2462 3921 Dei
2501 3868 2888 3936 conspiciunt,
2923 3885 3024 3936 per
3065 3875 3215 3940 quod
3251 3872 3438 3926 factus
3476 3882 3558 3927 est
3611 3890 3790 3929 mun-

2148 3947 2261 4001 dus
2294 3963 2306 4001 :
2341 3947 2554 4017 quibus
2586 3949 2782 4002 causis
2831 3949 3098 4018 quaedam
3151 3952 3489 4021 probantur,
3521 3956 3787 4023 quaedam

2149 4029 2555 4099 reprobantur,
2597 4033 2807 4084 cuncta
2847 4029 3212 4085 ordinantur.
3255 4031 3558 4088 Dazmones
3598 4042 3788 4092 autem

2148 4123 2263 4162 non
2321 4112 2563 4162 aeternas
2613 4112 2943 4180 temporum
2996 4125 3202 4165 causas
3252 4116 3308 4166 et
3355 4113 3789 4182 quodammodo

2147 4189 2472 4246 cardinales
2522 4191 2579 4244 in
2633 4190 2733 4246 Dei
2787 4189 3082 4262 Sapientia
3126 4193 3637 4264 contemplantur;
3685 4198 3787 4252 sed

2146 4270 2536 4342 quorumdam
2586 4270 2886 4342 signorum
2949 4271 3118 4327 nobis
3167 4273 3525 4330 occultorum
3572 4277 3790 4347 majore

2145 4349 2502 4421 experientia
2559 4349 2742 4404 multo
2803 4349 2971 4421 plura
3027 4366 3200 4421 quam
3268 4350 3538 4410 homines
3597 4355 3792 4412 futura

2145 4429 2532 4500 prospiciunt.
2565 4428 2992 4500 Dispositiones
3031 4447 3262 4502 quoque
3312 4448 3448 4489 suas
3478 4435 3790 4507 aliquando

2145 4510 2556 4581 praenuntiant.
2588 4510 2849 4579 Denique
2875 4528 3025 4583 saepe
3063 4513 3178 4581 isti,
3214 4529 3515 4587 nunquam
3546 4516 3628 4571 illi
3664 4533 3790 4572 om-

2145 4591 2283 4646 nino
2316 4589 2619 4646 falluntur.
2653 4591 2822 4648 Aliud
2863 4597 2953 4648 est
2999 4593 3155 4648 enim
3189 4596 3611 4664 temporalibus
3642 4601 3789 4652 tem-

2145 4669 2366 4742 poralia
2452 4675 2508 4728 et
2585 4672 2973 4728 mutabilibus
3059 4675 3366 4731 mutabilia
3439 4678 3785 4746 conjectare,

2144 4751 2346 4823 eisque
2395 4753 2772 4822 temporalem
2820 4758 2877 4807 et
2923 4755 3268 4808 mutabilem
3317 4756 3556 4809 modum
3599 4758 3613 4791 ¹
3667 4774 3786 4811 suae

2141 4833 2458 4889 voluntatis
2489 4839 2544 4887 et
2594 4833 2886 4888 facultatis
2914 4832 3186 4900 inserere,
3219 4834 3376 4901 quod
3421 4833 3787 4891 daemonibus

2145 4918 2298 4969 certa
2329 4913 2552 4969 ratione
2584 4911 2936 4983 permissum
2968 4917 3050 4964 est
3084 4927 3098 4968 :
3131 4909 3288 4964 aliud
3313 4915 3503 4966 autem
3535 4911 3594 4966 in
3627 4916 3786 4968 teter-

2141 4994 2232 5049 nis
2261 4997 2438 5062 atque
2486 4987 3068 5046 incommutabilibus
3113 4987 3212 5044 Dei
3261 4988 3510 5062 legibus,
3561 5007 3688 5062 qua
3719 4992 3781 5048 in

2141 5073 2270 5143 ejus
2301 5071 2600 5142 Sapientia
2625 5069 2844 5137 vivunt,
2881 5070 3235 5128 mutationes
3266 5075 3595 5144 temporum
3636 5088 3781 5141 pras-

2142 5151 2357 5217 videre,
2402 5150 2618 5220 Deique
2667 5149 3046 5220 voluntatem,
3106 5168 3230 5224 quae
3279 5156 3399 5208 tam
3452 5151 3786 5208 certissima

2142 5247 2312 5304 quam
2362 5230 2771 5304 potentissima
2818 5235 2909 5289 est
2956 5233 3223 5289 omnium
3273 5234 3312 5297 ³,
3362 5231 3613 5306 Spiritus
3658 5230 3784 5305 eius

2206 5419 2221 5450 ¹
2256 5417 2471 5478 Aliquot
2501 5417 2644 5473 Mss.,
2680 5425 2913 5467 motum.
2947 5447 3004 5454 ——
3035 5417 3119 5469 Sic
3147 5417 3236 5467 Cd.
3267 5415 3408 5466 2051.
3435 5417 3503 5465 Μ.

2204 5480 2224 5513 2
2256 5479 2341 5527 Sic
2369 5480 2450 5527 Er.
2483 5482 2536 5528 et
2564 5482 2683 5530 Mss.
2719 5483 2785 5529 At
2819 5482 2973 5529 Vind.
3005 5484 3118 5530 Am.
3154 5484 3205 5529 et
3235 5482 3378 5538 Lov.,
3402 5494 3572 5541 quam
3601 5488 3784 5541 poten-

2140 5542 2362 5589 tissima
2397 5551 2491 5606 est,
2528 5544 2711 5591 divini
2742 5545 3014 5606 Spiritus,
3045 5547 3143 5592 etc.

2207 5606 2282 5662 (α)
2319 5605 2464 5653 Ueni.
2497 5605 2590 5653 lib.
2643 5609 2671 5655 4
2700 5605 2944 5656 de’Gen.
2991 5607 3057 5656 ad
3109 5606 3251 5661 Litt,
3293 5619 3382 5654 nn.
3418 5605 3495 5668 49,
3526 5605 3588 5656 50
3625 5607 3784 5664 ;vide

2135 5669 2299 5716 etiam
2328 5681 2441 5730 cap.
2473 5682 2579 5732 seq.
