4128 6184
359 307 480 371 275

355 437 802 514 participatione
855 444 1239 505 cognoscere;
1292 425 1443 514 quod
1504 421 1722 477 sanctis
1771 419 2008 514 Angelis

354 501 510 580 recta
541 501 892 577 discretione
926 501 1206 567 donatum
1251 512 1356 562 est.
1407 504 1606 573 Itaque
1651 517 1764 555 non
1815 501 2006 556 solum

357 601 577 668 interni,
633 612 832 653 verum
884 593 1054 648 etiam
1106 589 1257 643 beati
1311 589 1470 640 sunt.
1531 583 2006 671 Bonum.autetn

357 699 469 754 quo
501 665 656 734 beati
689 680 850 739 sunt,
887 677 1036 754 Deus
1086 669 1204 754 illis
1234 671 1340 732 est,
1376 681 1410 720 a
1435 678 1573 754 quo
1612 665 1794 754 creati
1824 665 2002 754 .sunt.

359 743 522 822 Illius
554 757 769 831 quippe
801 750 1287 809 indeclinabiliter
1324 743 1765 819 participatione
1787 746 1842 797 et.
1873 757 2002 796 con-

358 840 735 913 temptatione
788 834 1186 906 perfruuntur.

353 979 588 1040 CAPUT
631 973 834 1032 XXIII.
861 1002 930 1016 -
962 971 1167 1026 Nomen
1198 967 1423 1022 deorum
1452 965 1598 1037 falso
1623 961 1876 1018 adscribi
1895 959 2004 1014 diis

421 1061 700 1124 Gentium,
736 1055 879 1126 quod
909 1059 1094 1109 tamen
1124 1058 1174 1105 et
1205 1046 1424 1117 Angelis
1459 1046 1663 1100 sanctis
1693 1046 1746 1098 et
1768 1041 2002 1126 homini-

420 1142 517 1197 bus
538 1123 708 1210 justis
744 1123 815 1192 ea:
857 1133 1181 1191 divinarum
1235 1128 1652 1198 Seripiurarum
1679 1123 2004 1177 auctoritate

426 1234 710 1278 commune
729 1223 825 1272 εει.

428 1360 478 1414 1.
502 1361 618 1412 Hos
658 1355 706 1411 si
737 1350 1021 1409 Platonici
1059 1347 1286 1402 malunt
1325 1344 1464 1400 deos
1497 1357 1673 1414 quam
1714 1340 2002 1394 daemones

356 1441 572 1506 dicere,
622 1437 824 1508 eisque
871 1445 1279 1496 annumerare,
1329 1441 1556 1510 quospa
1605 1436 1834 1510 summo
1868 1419 2000 1510 .Deo

355 1522 618 1579 conditos
675 1507 813 1572 deos
872 1512 1075 1568 scribit
1132 1524 1327 1564 eorum
1375 1507 1579 1560 auctor
1619 1507 1677 1558 et
1731 1507 2003 1571 magister

352 1602 517 1658 Plato
549 1601 634 1672 (1η
683 1595 938 1667 Timaeo);
974 1593 1171 1647 dicant
1215 1588 1367 1660 quod
1402 1585 1606 1672 volunt
1637 1600 1650 1637 :
1679 1598 1794 1672 non
1843 1580 1999 1672 enim

352 1699 478 1738 cum
514 1663 597 1736 eis
629 1680 700 1735 de
731 1663 1040 1732 verborum
1073 1669 1464 1728 controversia
1484 1663 1866 1720 laborandum
1892 1664 1998 1716 est.

349 1763 407 1820 Si
441 1763 598 1818 enim
633 1761 716 1815 sic
763 1755 1146 1818 immortales,
1183 1756 1247 1806 ut
1294 1753 1490 1804 tamen
1543 1763 1576 1800 a
1607 1759 1840 1799 summo
1888 1742 2000 1795 Deo

355 1845 558 1908 factos,
589 1839 698 1896 etsi
719 1855 832 1894 non
857 1853 960 1908 per
977 1851 1039 1890 se
1062 1835 1238 1903 ipsos,
1264 1831 1363 1884 sed
1391 1830 1463 1892 ei,
1488 1844 1521 1881 a
1543 1842 1655 1908 quo
1682 1823 1814 1878 facti
1840 1825 1997 1908 sunt,

353 1902 722 1989 adhaerendo,
760 1902 953 1973 beatos
989 1902 1119 1970 esse
1165 1912 1406 1969 dicunt;
1442 1908 1552 1989 hoc
1592 1907 1795 1989 dicunt
1843 1902 2000 1974 quod

356 2005 631 2070 dicimus,
660 1984 923 2070 quolibet
953 2012 1051 2052 eos
1082 1992 1320 2048 nomine
1368 1987 1682 2070 appellent.
1715 1984 1874 2070 Hanc
1905 1999 2002 2038 au-

351 2091 466 2139 tem
507 2065 936 2136 Platonicorum
971 2089 1100 2130 esse
1137 2069 1511 2135 sententiam,
1549 2067 1668 2122 sive
1710 2065 1999 2132 omnium,

357 2164 477 2219 sive
511 2161 842 2224 meliorum,
887 2157 943 2211 in
996 2169 1192 2210 eorum
1235 2149 1444 2204 litteris
1502 2145 1745 2202 inveniri
1792 2147 1998 2214 potest.

356 2245 498 2302 Nam
531 2249 588 2298 et
629 2243 698 2297 de
747 2242 873 2312 ipso
909 2237 1165 2303 nomine,
1210 2249 1318 2303 quo
1367 2227 1704 2312 bujusmodi
1756 2227 2002 2312 immor-

359 2325 534 2383 talem
569 2305 917 2392 beatamque
966 2322 1294 2374 creaturam
1344 2314 1478 2367 deos
1511 2308 1840 2392 appellant;
1874 2305 2001 2392 ideo

358 2405 509 2461 inter
531 2421 634 2459 nos
663 2408 721 2458 et
743 2384 898 2472 ipsos
923 2414 1067 2471 pene
1090 2396 1250 2451 nulla
1271 2390 1560 2475 dissensio
1583 2399 1684 2454 est,
1711 2387 1845 2475 quia
1867 2390 1922 2475 et
1943 2384 2000 2440 in

353 2483 570 2542 nostris
600 2469 785 2538 sacris
813 2469 1040 2534 Litteris
1072 2477 1300 2548 legitur,
1327 2474 1465 2527 Deus
1494 2471 1717 2525 deorum
1743 2469 2005 2548 Dominus

355 2564 567 2621 locutus
589 2572 668 2619 est
695 2561 863 2631 (Psal.
899 2575 1049 2622 xLix,
1083 2545 1178 2626 1)-:
1211 2560 1268 2610 et
1312 2553 1472 2616 alibi,
1511 2545 1862 2620 Conﬁtemini
1901 2547 2004 2601 Deo

352 2645 576 2701 deorum
610 2643 782 2711 (Psat.
805 2656 1004 2703 cxxxv,
1038 2638 1114 2710 2).
1150 2640 1217 2690 Et
1243 2634 1406 2702 alibi,
1440 2635 1540 2688 Rec
1561 2645 1796 2700 magnus
1821 2644 2005 2711 super

340 2741 525 2780 omnes
554 2709 676 2778 deos
707 2723 798 2794 (Ps
812 2722 890 2776 at.
916 2709 1168 2786 xcxv,3).
1194 2714 1341 2770 Illud
1367 2718 1560 2767 autem
1587 2709 2002 2794 ubi-scriptum

345 2809 454 2871 est,
488 2791 772 2860 Terribilis
816 2805 898 2857 est
927 2816 1091 2870 super
1128 2812 1313 2853 omnes
1342 2793 1502 2860 deos;
1527 2808 1630 2845 cur
1660 2791 1880 2845 dictum
1905 2791 2001 2856 sit,

352 2885 624 2952 deinceps
645 2883 1013 2938 ostenditur.
1034 2878 1309 2948 Sequitur
1331 2875 1508 2937 enim,
1535 2872 1800 2952 Quoniam
1822 2885 2005 2952 omnes

353 2964 436 3021 dii
491 2951 739 3033 gentium
789 2962 1088 3026 dwmonia,
1134 2954 1396 3013 Dominus
1443 2961 1626 3033 autem
1672 2951 1829 3033 melos
1875 2951 2006 3033 lecit

360 3029 535 3118 (Psai.
571 3060 699 3108 xcv,
727 3043 781 3106 4,
813 3043 887 3112 5).
923 3040 1099 3110 Super
1126 3052 1310 3092 omnes
1353 3031 1649 3118 ergoudeos
1679 3029 1862 3118 dixit,
1902 3030 2004 3084 sed

353 3113 624 3197 pontium,
657 3125 714 3178 id
741 3128 850 3190 est,
883 3138 1031 3192 quos
1063 3124 1264 3190 gentes
1297 3131 1396 3185 pro
1437 3113 1548 3168 diis
1599 3113 1832 3179 habent,
1879 3127 2007 3197 quae

359 3192 498 3265 sunt
527 3207 851 3264 daemonia:
880 3203 1008 3257 ideo
1039 3199 1330 3258 terribilis.
1364 3196 1475 3250 sub
1509 3211 1623 3266 quo
1655 3200 1874 3248 terrore
1897 3192 2003 3248 Do-

366 3289 526 3344 mino
578 3288 866 3354 dicebant,
927 3283 1132 3338 Venisti
1175 3278 1405 3350 perdere
1436 3293 1532 3331 nos
1581 3276 1765 3345 (Marc.
1797 3291 1836 3343 ι,
1869 3273 2007 3346 24)?

367 3371 518 3427 Illud
567 3385 698 3424 vero
745 3367 845 3422 ubi
890 3366 1122 3430 dicitur,
1171 3365 1315 3417 Deus
1353 3360 1598 3423 deorum,
1653 3373 1763 3411 non
1819 3361 2010 3428 potest

361 3449 610 3518 intelligi
652 3449 803 3502 Deus
846 3444 1268 3499 daemoniorum
1305 3457 1318 3495 :
1351 3449 1402 3494 et
1435 3441 1549 3494 Rex
1586 3452 1817 3506 magnus
1845 3452 2010 3506 super

359 3545 548 3586 omnes
597 3527 737 3594 deos,
782 3524 930 3582 absit
981 3529 1046 3579 ut
1090 3523 1316 3577 dicatur
1362 3520 1479 3575 Rex
1544 3534 1790 3590 magnus
1837 3534 2012 3588 super

357 3611 561 3667 omnia
591 3606 894 3663 diemonia.
929 3606 1039 3660 Sed
1094 3604 1362 3658 homines
1411 3615 1642 3671 quoque
1685 3600 1742 3653 in
1794 3599 2008 3669 populo

362 3691 484 3754 Dei,
537 3689 738 3744 eadem
790 3687 1082 3756 Scriptura
1133 3685 1271 3739 deos
1323 3680 1599 3753 appellat.
1635 3681 1762 3750 Ego,
1799 3678 2009 3749 inquit,

359 3771 499 3841 dixi,
535 3769 627 3825 Dii
655 3773 801 3835 estis,
833 3776 884 3823 et
906 3767 1016 3836 ﬁlii
1045 3767 1260 3821 Excelsi
1290 3779 1472 3819 omnes
1503 3761 1673 3831 (Psal.
1711 3777 1898 3824 Lxxxi,
1929 3759 2009 3841 6).

358 3839 557 3906 Potest
607 3850 805 3920 itaque
858 3847 1105 3914 intelligi
1141 3846 1350 3902 horum
1385 3846 1624 3898 deorum
1680 3841 1858 3906 Deus,
1911 3839 2010 3909 qui

365 3933 559 3990 dictus
583 3936 672 3987 est
706 3931 843 3985 Deus
880 3931 1106 3984 deorum
1127 3945 1145 3982 :
1173 3932 1229 3980 et
1261 3940 1438 3995 super
1458 3925 1564 3979 hos
1588 3925 1726 3978 deos
1748 3923 1862 3976 Rex
1894 3935 2011 3974 ma-

367 4029 541 4083 gnus,
575 4011 673 4082 qui
705 4011 896 4063 dictus
925 4017 1011 4062 est
1043 4010 1156 4062 Rex
1179 4021 1412 4074 magnus
1450 4018 1615 4072 super
1643 4016 1831 4083 omnes
1865 3999 2008 4083 deos.

434 4093 489 4147 2.
517 4078 931 4145 Verumtamen
964 4102 1097 4140 cum
1130 4102 1163 4138 a
1194 4086 1361 4139 nobis
1394 4083 1690 4154 quaeritur,
1724 4083 1775 4135 si
1819 4078 2012 4133 homi-

363 4187 468 4228 nes
500 4170 637 4223 dicti
673 4173 813 4222 sunt
844 4167 946 4229 dii,
981 4166 1132 4234 quod
1170 4165 1225 4217 in
1264 4163 1473 4233 populo
1504 4161 1604 4218 Dei
1646 4166 1800 4226 sunt,
1837 4178 2010 4231 quem

362 4267 464 4321 per
525 4247 775 4317 Angelos
830 4247 914 4300 vel
969 4261 1071 4314 per
1127 4243 1394 4298 homines
1459 4242 1768 4321 alloquitur
1827 4241 2008 4310 Deus;

365 4320 585 4401 quanto
638 4327 822 4394 magis
879 4322 1242 4378 immortales
1292 4338 1357 4376 eo
1392 4321 1624 4376 nomine
1654 4320 1807 4386 digni
1856 4327 2011 4389 sunt,

364 4409 462 4482 qui
493 4423 562 4462 ea
595 4406 871 4460 fruuntur
914 4402 1296 4463 beatitudine,
1330 4403 1399 4457 ad
1452 4417 1652 4482 quam,
1676 4402 1857 4457 Deum
1911 4419 2015 4457 co-

366 4481 540 4544 lendo
571 4484 818 4556 cupiunt
851 4484 1114 4539 homines
1147 4483 1442 4552 pervenire
1464 4481 1492 4536 ?
1521 4481 1658 4552 quid
1694 4484 2014 4552 responde—

365 4568 587 4632 bimus,
629 4563 740 4618 nisi
774 4580 886 4618 non
937 4562 1153 4617 frustra
1185 4563 1241 4616 in
1276 4562 1595 4631 Scripturis
1644 4563 1864 4618 sanctis
1913 4579 2013 4616 ex-

372 4647 631 4721 pressius
691 4645 956 4701 homines
1016 4648 1381 4714 nuncupatos
1439 4644 1597 4710 deos,
1659 4661 1833 4714 quam
1881 4643 2012 4699 illos

368 4725 734 4785 immortales
764 4730 820 4781 et
853 4727 1070 4789 beatos,
1103 4723 1313 4793 quibus
1353 4740 1456 4778 nos
1501 4725 1752 4794 aequales
1785 4725 2014 4779 futuros

371 4809 429 4865 in
481 4807 900 4867 resurrectione
950 4805 1325 4877 promittitur,
1379 4822 1450 4861 ne
1508 4805 1734 4862 scilicet
1782 4811 2016 4877 propter

373 4889 608 4947 illorum
636 4887 1040 4947 excellentiam
1072 4885 1329 4958 aliquem
1381 4901 1578 4943 eorum
1630 4887 1800 4943 nobis
1850 4903 2017 4942 cons-

1425 292 1524 351 DE
1567 285 1936 350 CIVITATE
1976 287 2129 354 DEI,
2177 287 2244 346 S.
2290 283 2710 347 AUGUSTINI

3651 289 3767 348 276

2120 421 2332 476 tituere
2381 420 2556 474 deum
2607 417 2861 474 infidelis
2911 417 3150 474 auderet
3195 418 3561 476 inﬁrmitas?
3607 423 3775 489 Quod

2117 501 2178 556 in
2213 501 2451 555 homine
2483 499 2652 555 facile
2681 507 2771 554 est
2802 499 3036 555 evitare.
3076 501 3142 554 Et
3171 500 3495 557 evidentius
3525 503 3638 558 dici
3671 505 3774 560 de-

2119 580 2368 636 buerunt
2405 581 2669 636 homines
2703 580 2783 633 dii
2818 581 2872 633 in
2909 578 3121 650 populo
3155 579 3279 648 Dei,
3317 591 3372 636 ut
3405 583 3545 636 certi
3596 601 3662 638 ac
3695 584 3764 638 ti-

2115 665 2318 718 dentes
2352 663 2570 726 fierent,
2599 679 2731 716 eum
2760 678 2887 717 esse
2918 662 3100 716 Deum
3125 679 3320 727 suum,
3345 667 3445 734 qui
3465 665 3652 720 dictus
3683 671 3776 722 est

2114 743 2252 797 Deus
2273 742 2498 797 deorum
2527 759 2540 797 :
2575 742 2731 812 quia,
2757 741 2868 796 etsi
2900 742 3264 812 appellentur
3295 743 3374 796 dii
3400 745 3762 800 immortales

2113 821 2199 876 illi
2232 828 2288 877 et
2319 822 2490 890 beati,
2515 822 2614 893 qui
2649 823 2705 876 in
2738 822 2895 876 caelis
2927 828 3066 876 sunt
3094 822 3205 893 (a);
3245 839 3358 878 non
3393 828 3586 879 tamen
3619 825 3760 881 dicti

2112 907 2252 958 sunt
2281 903 2361 957 dii
2401 903 2668 970 deorum,
2705 903 2762 956 id
2807 907 2896 957 est
2946 902 3025 956 dii
3077 901 3386 957 hominum
3437 904 3493 957 in
3544 905 3761 976 p0pulo

2111 983 2212 1038 Dei
2257 984 2730 1050 constitutorum,
2763 983 2973 1051 quibus
3021 987 3110 1037 est
3165 984 3412 1051 dictum,
3461 985 3568 1053 Ego
3611 987 3765 1053 dixi,

2108 1063 2202 1120 Dii
2229 1067 2375 1128 estis,
2407 1069 2458 1119 et
2487 1063 2595 1132 ﬁlii
2638 1065 2852 1119 Excetsi
2898 1079 3105 1118 omnes.
3169 1063 3312 1119 Hinc
3369 1069 3460 1120 est
3498 1068 3651 1137 quod
3687 1068 3772 1122 ait

2107 1144 2420 1216 Apostolus
2456 1162 2467 1198 :
2502 1145 2614 1198 Etsi
2640 1147 2766 1199 sunt
2796 1143 2892 1215 qui
2921 1143 3184 1198 dicuntur
3210 1143 3314 1210 dii,
3345 1146 3459 1200 sive
3511 1149 3568 1200 in
3607 1147 3766 1217 caelo,

2109 1225 2222 1280 sive
2252 1227 2312 1280 in
2343 1230 2526 1291 terra;
2561 1227 2729 1280 sicuti
2757 1233 2887 1279 sunt
2919 1224 3002 1278 dii
3032 1225 3218 1292 multi,
3249 1229 3299 1280 et
3322 1225 3534 1280 domini
3561 1227 3763 1282 multi:

2113 1306 2268 1360 nobis
2299 1312 2484 1361 tamen
2512 1322 2657 1360 unus
2697 1307 2833 1360 Deus
2865 1306 3051 1372 Pater,
3083 1321 3155 1359 ea:
3183 1321 3286 1377 quo
3328 1307 3536 1374 omnia,
3565 1312 3617 1362 et
3663 1323 3764 1363 nos

2111 1387 2174 1441 in
2206 1387 2357 1455 ipso:
2388 1392 2439 1442 et
2477 1403 2619 1441 unus
2663 1387 2920 1441 Dominus
2963 1389 3113 1442 Jesus
3165 1388 3432 1455 Christus,
3463 1402 3564 1456 per
3600 1405 3766 1458 quem

2108 1470 2316 1533 omnia,
2348 1471 2397 1522 et
2427 1483 2525 1522 nos
2554 1483 2649 1536 per
2683 1469 2866 1537 ipsum
2896 1467 2946 1536 (I
2984 1467 3106 1522 Cor.
3142 1483 3265 1532 VIII,
3291 1467 3346 1531 5,
3378 1468 3459 1538 6).

2179 1548 2230 1601 3.
2269 1552 2387 1602 Non
2424 1550 2674 1604 multum
2721 1564 2856 1619 ergo
2897 1549 2965 1603 de
3019 1549 3252 1603 nomine
3307 1548 3759 1618 disceptandum

2107 1631 2212 1693 est,
2246 1643 2380 1683 cum,
2414 1645 2506 1682 res
2538 1629 2664 1698 ipsa
2697 1628 2777 1682 ita
2827 1627 3064 1691 clareat,
3099 1636 3158 1681 ut
3189 1643 3224 1681 a
3274 1629 3554 1696 scrupulo
3587 1629 3767 1684 dubi-

2108 1707 2342 1762 tationis
2374 1707 2562 1763 aliena
2593 1708 2690 1763 sit.
2738 1707 2885 1762 Illud
2918 1723 3072 1773 vero,
3108 1709 3259 1775 quod
3293 1725 3397 1763 nos
3447 1725 3517 1763 ex
3561 1725 3763 1764 eorum

2108 1786 2532 1842 immortalium
2586 1788 2880 1842 beatorum
2930 1803 3172 1842 numero
3238 1787 3448 1842 missos
3511 1790 3763 1859 Angelos

2109 1883 2238 1922 esse
2267 1867 2535 1933 dicimus,
2569 1870 2665 1940 qui
2709 1868 2810 1922 Dei
2861 1867 3220 1922 voluntatem
3274 1868 3609 1924 hominibus
3657 1885 3762 1923 an-

2110 1947 2464 2017 nuntiarent,
2500 1947 2616 2002 illis
2647 1954 2840 2002 autem
2876 1947 2894 1980 ί
2929 1963 3043 2002 non
3076 1946 3279 2017 placet,
3314 1947 3456 2018 quia
3505 1947 3612 2004 hoc
3653 1949 3764 2004 mi-

2108 2025 2411 2080 nisterium
2465 2043 2578 2081 non
2625 2043 2727 2098 per
2775 2025 2906 2080 illos
2953 2042 3101 2097 quos
3141 2027 3279 2082 deos
3329 2025 3644 2096 appellant,
3706 2028 3764 2082 id

2109 2110 2198 2160 est
2229 2105 2589 2160 immortales
2638 2111 2695 2160 et
2746 2106 2967 2172 beatos,
3013 2106 3112 2160 sed
3165 2121 3267 2176 per
3297 2107 3591 2162 damones
3638 2105 3765 2160 ﬁeri

2110 2187 2376 2252 credunt,
2411 2203 2558 2257 quos
2589 2186 2951 2242 immortales
2975 2194 3222 2254 tantum,
3260 2203 3374 2240 non
3424 2186 3593 2242 etiam
3626 2187 3762 2241 bea-

2112 2271 2200 2320 tos
2249 2267 2468 2321 audent
2515 2267 2749 2334 dicere;
2811 2272 2912 2322 aut
2960 2271 3113 2321 certe
3163 2267 3242 2320 ita
3291 2266 3653 2322 immortales
3693 2282 3764 2321 ac

2112 2345 2329 2415 beatos,
2362 2353 2425 2402 ut
2475 2353 2664 2403 tamen
2706 2350 2995 2403 daemones
3027 2347 3230 2411 bonos,
3263 2363 3377 2402 non
3409 2349 3546 2401 deos
3575 2347 3768 2402 subli—

2113 2430 2284 2482 miter
2306 2427 2612 2484 collocatos
2643 2434 2698 2482 et
2721 2429 2792 2483 ab
2826 2429 3084 2482 humana
3098 2429 3556 2482 contrectatione
3576 2442 3762 2482 semo-

2112 2511 2248 2562 tos:
2296 2509 2563 2578 quamvis
2615 2508 2874 2563 nominis
2920 2507 3310 2562 controversia
3358 2507 3637 2575 videatur,
3672 2513 3768 2561 ta-

2113 2603 2245 2642 men
2279 2587 2356 2642 ita
2388 2589 2732 2644 detestabile
2763 2593 2850 2642 est
2895 2604 3107 2642 nomen
3151 2588 3502 2653 daemonum,
3535 2592 3598 2642 ut
3646 2587 3758 2642 hoc

2114 2669 2305 2724 modis
2337 2669 2613 2724 omnibus
2643 2686 2675 2723 a
2702 2669 2928 2724 sanctis
2961 2669 3191 2739 Angelis
3215 2685 3324 2724 nos
3350 2683 3640 2724 removere
3664 2670 3764 2723 de-

2113 2747 2369 2803 beamus.
2403 2749 2568 2805 Nunc
2599 2766 2733 2821 ergo
2767 2752 2846 2804 ita
2871 2750 3014 2804 liber
3039 2749 3145 2803 iste
3175 2747 3500 2816 claudatur,
3521 2754 3586 2802 ut
3610 2748 3761 2804 scia-

2116 2845 2246 2883 mus
2290 2829 2652 2885 immortales
2699 2845 2764 2884 ac
2814 2831 3037 2897 beatos,
3069 2827 3366 2900 quodlibet
3395 2827 3418 2861 ²
3465 2837 3763 2894 vocentur,

2116 2910 2213 2980 qui
2248 2915 2443 2964 tamen
2475 2910 2610 2964 facti
2650 2915 2706 2965 et
2737 2911 2912 2963 creati
2946 2914 3105 2974 sunt,
3139 2908 3356 2963 medios
3385 2923 3499 2962 non
3530 2923 3658 2962 esse
3690 2909 3768 2963 ad

2116 2989 2511 3045 immortalem
2544 2990 2962 3045 beatitudinem
3001 2988 3389 3060 perducendis
3420 2985 3770 3042 mortalibus

2117 3070 2373 3135 miseris,
2408 3088 2440 3126 a
2485 3071 2700 3140 quibus
2751 3075 3002 3140 utraque
3035 3069 3363 3124 differentia
3393 3073 3762 3138 separantur.

2116 3151 2222 3216 Qui
2268 3162 2456 3206 autem
2493 3153 2668 3206 medii
2721 3157 2858 3206 sunt
2905 3166 3277 3230 communem
3329 3149 3596 3204 habendo
3645 3149 3770 3203 im-

2119 3232 2525 3287 mortalitatem
2561 3249 2694 3286 cum
2730 3231 3161 3303 superioribus,
3195 3229 3486 3285 miseriam
3517 3245 3648 3285 cum
3682 3229 3778 3284 in-

2118 3311 2448 3378 ferioribus,
2494 3312 2772 3383 quoniam
2817 3315 3024 3366 merito
3078 3311 3311 3365 malitiae
3361 3316 3501 3364 sunt
3548 3309 3765 3376 miseri,

2118 3393 2540 3449 beatitudinem
2600 3410 2777 3464 quam
2841 3409 2955 3448 non
2999 3391 3239 3458 habent,
3289 3391 3547 3446 invidere
3597 3391 3767 3446 nobis

2121 3478 2367 3546 possunt
2398 3474 2589 3543 potius
2623 3490 2797 3544 quam
2839 3472 3115 3543 praebere.
3150 3471 3315 3527 Unde
3360 3471 3502 3526 nihil
3555 3471 3772 3525 habent

2119 3555 2291 3610 amici
2328 3555 2658 3608 daemonum
2693 3555 2842 3624 quod
2883 3553 3061 3608 nobis
3089 3553 3330 3621 dignum
3375 3552 3638 3616 aﬂ‘erant,
3672 3565 3782 3605 cur

2120 3652 2219 3691 eos
2249 3641 2528 3707 tanquam
2565 3637 2858 3704 adjutores
2889 3635 3074 3690 colere
3119 3634 3456 3696 debeamus,
3488 3648 3634 3704 quos
3667 3647 3778 3701 po-

2123 3716 2236 3769 tius
2289 3722 2351 3770 ut
2397 3719 2732 3786 deceptores
2774 3716 2986 3770 evitare
3034 3714 3333 3769 debemus.
3377 3713 3531 3777 Quos
3577 3716 3774 3766 autem

2123 3795 2330 3862 bonos,
2364 3801 2420 3850 et
2443 3796 2570 3850 ideo
2605 3812 2716 3849 non
2744 3795 2931 3849 solum
2956 3793 3348 3858 immortales,
3379 3808 3578 3846 verum
3599 3791 3780 3846 etiam

2121 3873 2320 3929 beatos
2350 3877 2588 3930 deorum
2626 3876 2863 3928 nomine
2897 3873 3080 3928 sacris
3117 3878 3175 3927 et
3213 3871 3513 3927 sacrificiis
3546 3875 3786 3942 propter

2121 3956 2299 4010 vitam
2343 3956 2571 4010 beatam
2616 3961 2745 4026 post
2791 3960 3034 4009 mortem
3087 3953 3527 4024 adipiscendam
3579 3952 3782 4006 colen-

2123 4034 2226 4090 dos
2261 4041 2485 4105 putant,
2521 4035 2973 4106 qualescumque
3009 4033 3090 4088 illi
3120 4035 3255 4100 sint,
3291 4037 3346 4087 et
3389 4030 3648 4102 quolibet
3678 4047 3776 4085 vo-

2123 4116 2329 4170 cabulo
2362 4116 2520 4184 digni
2550 4123 2705 4183 sunt,
2742 4132 2856 4170 non
2890 4131 2989 4169 eos
3019 4113 3164 4168 velle
3197 4129 3299 4185 per
3331 4113 3445 4166 tale
3477 4110 3779 4181 religionis

2123 4196 2471 4266 obsequium
2509 4195 2620 4250 nisi
2655 4213 2836 4250 unum
2870 4197 3052 4251 Deum
3097 4193 3233 4260 coli,
3269 4211 3301 4248 a
3333 4209 3446 4263 quo
3497 4191 3674 4246 creati
3721 4197 3781 4246 et

2126 4278 2297 4346 cujus
2332 4275 2774 4346 participatione
2807 4275 2956 4331 beati
2989 4279 3147 4344 sunt,
3183 4274 3499 4344 adjuvante
3529 4273 3675 4342 ipso,
3713 4271 3778 4326 in

2122 4357 2386 4428 sequenti
2417 4355 2564 4411 libro
2598 4357 2942 4428 diligentius
2974 4356 3359 4410 disseremus.

2188 4579 2200 4612 1
2245 4574 2526 4633 Particula,
2560 4579 2766 4626 autem,
2799 4569 3128 4633 desideratur
3155 4568 3212 4616 in
3228 4567 3356 4633 _so_la
3384 4567 3620 4633 editione
3649 4565 3783 4614 Lov.

2185 4638 2205 4672 ²
2237 4638 2392 4693 Editi,
2425 4629 2836 4697 quomodolibet.
2869 4632 2931 4679 Et
2971 4633 3146 4697 intra,
3171 4631 3242 4678 ad
3277 4629 3786 4697 immortalitatem

2124 4691 2633 4760 beatitudiiiemque
2669 4694 3078 4760 perdycendis,
3105 4696 3202 4742 etc.
3260 4695 3329 4742 At
3375 4693 3528 4760 Mss,
3560 4691 3788 4760 quodii-

2123 4765 2242 4813 ὂει..
2297 4763 2367 4810 ad
2396 4753 2770 4810 immbrtaiem
2812 4756 3208 4805 beatitudinem
3261 4753 3647 4815 perducendi}.
3680 4757 3784 4803 etc.

2192 4828 2264 4887 (α)
2315 4825 2455 4875 Illud
2500 4823 2796 4887 Origenem,
2859 4819 3049 4887 Homil.
3089 4817 3118 4865 8
3164 4818 3223 4866 in
3269 4819 3453 4887 E_x_od.,
3506 4831 3576 4868 ex
3617 4816 3790 4866 sacris

2121 4881 2318 4940 litteris
2346 4889 2531 4938 docere
2559 4881 2945 4935 animadvertit
2978 4882 3271 4945 Coquaeus.
3303 4881 3370 4930 Μ.
