4158 6192
358 356 478 414 2Τ1

1738 351 1975 412 LIBER
2018 348 2390 411 DECIMUS.

3646 345 3766 409 2⁵78

1308 575 1507 711 LI
1515 575 1874 712 BER
1988 571 2838 713 DECIMUS.

347 771 418 820 In
446 782 552 831 quo
581 768 737 831 docet
758 766 1090 831 Augustinus
1118 765 1668 831 divinumrhonorem.
1696 768 1790 828 qui
1835 768 2028 831 latriae
2065 768 2243 817 cultus
2290 768 2487 817 dicitur
2541 770 2594 818 et
2641 765 2916 816 sacrificiis
2943 764 3136 831 agitur.
3168 767 3311 816 nolle
3346 764 3768 831 Angelosbonos

420 827 660 895 eihiberi
687 830 793 895 nisi
819 829 915 895 uni
943 829 1065 888 Deo,
1096 829 1182 878 cui
1209 832 1262 879 et
1289 830 1390 892 ipsi
1419 831 1680 880 serviunt.
1711 827 1781 877 De
1812 830 2070 892 principio
2099 831 2322 880 subinde
2350 845 2412 880 ac
2441 832 2532 879 via
2548 832 2857 895 purgandae
2875 842 2937 878 ac
2964 827 3268 879 liberandae
3293 830 3502 878 animae
3534 828 3771 891 disputat

1840 958 2312 1009 Vm.-

420 897 603 946 contra
629 894 1001 955 Porphyrium.

355 1037 592 1093 CAPUT
632 1034 944 1090 PRIMUM.
977 1065 1045 1074 -—
1083 1035 1275 1090 Veram
1307 1034 1707 1090 beatitudinem
1755 1037 1868 1090 sive
1900 1038 2008 1090 An-

427 1118 589 1187 gelis,
647 1117 761 1170 sive
809 1114 1149 1183 hominibus,
1201 1131 1296 1185 per
1351 1133 1521 1170 unum
1583 1116 1749 1172 Deum
1812 1115 2007 1181 tribui,

429 1199 598 1254 etiam
646 1194 958 1252 Platonicos
999 1195 1254 1266 deﬁnisse
1286 1211 1298 1249 :
1331 1195 1421 1251 sed
1453 1201 1642 1252 utrum
1677 1195 1757 1265 hi,
1787 1211 1916 1268 quos
1946 1198 2008 1252 ob

428 1279 527 1333 hoc
553 1279 737 1349 ipsum
793 1276 1043 1332 colendos
1072 1280 1289 1346 putant,
1351 1278 1452 1332 uni
1498 1281 1716 1332 tantum
1757 1277 1884 1346 Deo,
1935 1293 2008 1332 an

425 1361 592 1414 etiam
619 1358 727 1412 sibi
754 1355 1079 1428 saeriﬁcari
1108 1357 1300 1427 velint,
1336 1374 1450 1413 esse
1480 1357 1862 1428 quaerendum.

430 1457 478 1510 1.
504 1455 780 1511 Omnium
812 1460 968 1509 certa
1011 1454 1296 1510 sententia
1342 1464 1448 1523 est,
1482 1457 1582 1527 qui
1614 1456 1836 1512 ratione
1867 1471 2005 1528 quo-

350 1553 474 1609 quo
509 1537 680 1591 modo
716 1535 796 1590 uti
823 1539 1090 1605 possunt,
1121 1535 1319 1590 beatos
1347 1552 1474 1591 esse
1496 1553 1700 1592 omnes
1732 1539 2003 1592 homines

344 1617 525 1675 velle.
558 1615 664 1678 Qui
698 1621 895 1671 autem
933 1617 1074 1681 sint,
1111 1614 1198 1670 vel
1241 1617 1392 1671 unde
1424 1617 1586 1685 ﬁant,
1619 1618 1757 1672 dum
1790 1621 2004 1672 morta-

344 1697 493 1752 lium
528 1696 730 1766 quasrit
785 1696 1125 1762 inﬁrmitas,
1171 1695 1365 1750 multa
1400 1713 1744 1768 magnaeque
1779 1705 2005 1752 contro-

347 1777 552 1832 versias
601 1775 906 1831 concitatae
947 1781 1110 1842 sunt,
1145 1776 1202 1830 in
1254 1776 1468 1848 quibus
1516 1777 1852 1849 philosophi
1894 1794 2002 1832 sua

346 1857 551 1912 studia
583 1861 639 1911 et
663 1855 780 1910 otia
810 1859 1210 1911 contriverunt
1234 1874 1248 1925 ;
1270 1873 1417 1927 quas
1450 1857 1506 1910 in
1533 1857 1788 1912 medium
1815 1857 2000 1912 addu-

347 1952 485 1992 cere
515 1941 688 2007 atque
721 1936 1036 2003 discutere,
1097 1941 1154 1990 et
1204 1937 1440 2007 longum
1473 1944 1584 2004 est,
1636 1946 1688 1992 et
1750 1954 1866 1994 non
1900 1954 1999 1993 ne-

344 2017 698 2073 cessarium.
733 2015 793 2070 Si
841 2016 998 2071 enim
1037 2016 1238 2071 recolit
1276 2017 1373 2086 qui
1405 2016 1526 2073 haec
1560 2018 1717 2088 legit,
1747 2018 1887 2088 quid
1936 2017 1998 2073 in

347 2095 506 2151 libro
527 2095 813 2166 egerimus
842 2101 1040 2152 octavo
1062 2096 1120 2150 in
1143 2095 1421 2163 eligendis
1446 2097 1830 2168 philosophis,
1863 2114 1997 2153 cum

347 2176 567 2246 quibus
599 2175 718 2231 hac
750 2176 820 2231 de
843 2176 1012 2231 beata
1033 2176 1166 2240 vita,
1199 2192 1326 2246 quas
1363 2182 1490 2246 post
1527 2184 1766 2232 mortem
1802 2178 1997 2232 futura

343 2260 466 2323 est,
498 2257 739 2327 quaestio
789 2260 1158 2323 tractaretur,
1194 2260 1387 2311 utrum
1427 2255 1502 2310 ad
1552 2273 1678 2312 eam
1725 2257 1825 2310 uni
1884 2261 1994 2312 Deo

340 2351 502 2405 vero,
528 2337 626 2407 qui
657 2338 834 2392 etiam
893 2341 984 2391 est
1015 2337 1256 2390 deorum
1289 2337 1544 2402 effector,
1600 2353 1674 2391 an
1727 2335 1994 2406 plurimis

337 2417 462 2472 diis
483 2417 764 2486 religione
783 2416 1083 2487 sacrisque
1121 2415 1449 2484 serviendo,
1486 2418 1785 2488 pervenire
1807 2420 1994 2488 possi-

332 2512 482 2552 mus
515 2515 530 2564 ς
566 2513 680 2552 non
713 2497 888 2551 etiam
921 2495 1016 2550 hic
1060 2496 1263 2550 eadem
1316 2497 1497 2566 repeti
1527 2502 1812 2567 eXpectat,
1846 2514 1991 2568 pras-

329 2577 549 2630 aertitn
581 2590 714 2628 cum
750 2572 932 2644 possit
979 2572 1308 2643 relegendo,
1342 2574 1391 2627 si
1433 2573 1577 2629 forte
1609 2575 1828 2630 oblitus
1875 2581 1983 2637 est,

331 2652 815 2709 adminiculari‘
869 2655 1230 2708 memoriam.
1276 2653 1562 2722 Elegimus
1592 2656 1748 2710 enim
1796 2655 1991 2711 Plato-

330 2735 519 2791 nicos
541 2734 805 2789 omnium
827 2733 1308 2804 philosophorum
1332 2736 1538 2790 merito
1562 2737 1989 2794 nobilissimos:

333 2818 676 2886 propterea,
737 2815 874 2884 quia
931 2814 1087 2869 sicut
1135 2813 1157 2848 ³
1208 2831 1407 2884 sapere
1466 2820 1802 2886 potuerunt,
1857 2817 1992 2872 licet

335 2892 736 2950 immortalem
797 2909 862 2948 ac
895 2893 1238 2949 rationalem
1273 2895 1356 2949 vel
1411 2895 1858 2951 intellectualem
1893 2898 1992 2953 ho-

337 2976 524 3032 minis
549 2975 832 3041 animam,
865 2975 978 3031 nisi
1011 2976 1349 3047 participato
1374 2977 1592 3033 lumine
1624 2978 1784 3033 illius
1815 2979 1989 3047 Dci,a

341 3071 463 3128 quo
493 3061 550 3111 et
580 3057 708 3127 ipsa
737 3057 1070 3111 etmundus
1103 3056 1290 3111 factus
1320 3067 1426 3122 est,
1461 3058 1684 3114 beatam
1719 3076 1842 3114 esse
1872 3076 1986 3116 non

342 3150 553 3209 posse;
586 3136 666 3192 ita
698 3135 841 3191 illud
877 3136 1032 3207 quod
1065 3152 1267 3192 omnes
1297 3138 1564 3194 homines
1594 3145 1894 3210 appetunt,
1930 3140 1986 3195 id

342 3224 435 3273 est
465 3217 638 3272 vitam
693 3217 943 3283 beatam,
1004 3233 1364 3288 quemquam
1423 3219 1522 3273 isti
1580 3226 1986 3276 assecuturum

339 3301 581 3366 negant,
607 3299 702 3368 qui
733 3313 846 3353 non
897 3297 979 3351 illi
1013 3298 1110 3353 uni
1147 3299 1390 3369 optimo,
1423 3299 1522 3370 qui
1555 3305 1644 3354 est
1671 3301 1991 3356 incommu-

287 3395 302 3444 ,·
344 3377 546 3433 tabilis
577 3377 752 3444 Deus,
789 3378 1042 3448 puritate
1074 3380 1218 3433 casti
1263 3379 1478 3436 amoris
1508 3381 1838 3436 adhaeserit.
1875 3382 1985 3437 Sed

337 3458 479 3528 quia
508 3457 620 3528 ipsi
681 3474 914 3529 quoque
947 3458 1066 3513 sive
1107 3458 1376 3514 cedentes
1418 3461 1653 3515 vanitati
1689 3461 1988 3532 errorique

338 3537 713 3610 populorum,
745 3538 884 3604 sive,
921 3542 984 3591 ut
1013 3538 1452 3608 aitApostolus,
1487 3545 1896 3596 evanescentes
1928 3543 1986 3596 in

333 3617 790 3688 cogitationibus
839 3616 961 3671 suis
993 3616 1167 3686 (Rom.
1203 3633 1242 3685 ι,
1299 3618 1413 3686 21),
1461 3617 1676 3672 multos
1725 3619 1863 3674 deos
1893 3637 1986 3675 co-

334 3696 545 3752 lendos
577 3697 658 3751 ita
680 3701 1053 3769 putaverunt,
1077 3697 1163 3750 vel
1191 3697 1379 3764 putari
1411 3698 1740 3765 voluerunt,
1768 3704 1833 3752 ut
1863 3701 1988 3770 qui-

336 3777 476 3833 dam
507 3793 710 3833 eorum
743 3777 920 3832 etiam
945 3777 1311 3832 daemonibus
1341 3777 1570 3834 divinos
1611 3777 1861 3834 honores
1894 3797 1985 3836 sa-

337 3871 572 3913 crorum
598 3862 656 3912 et
684 3855 1104 3912 sacrificiorum
1130 3855 1472 3912 deferendos
1503 3873 1630 3913 esse
1664 3863 1984 3927 censerent,

339 3937 558 4009 quibus
583 3937 706 4007 jam
731 3953 844 3992 non
869 3953 1042 4006 parva
1072 3953 1139 3992 ex
1163 3943 1323 4008 parte
1355 3939 1764 4008 respondimus
1789 3954 1802 3994 :
1829 3955 1987 3994 nunc

335 4018 658 4073 videndum
729 4034 796 4074 ac
855 4018 1262 4073 disserendum
1321 4023 1430 4087 est,
1489 4023 1774 4090 quantum
1832 4019 1986 4077 Deus

339 4098 543 4167 donat,
594 4097 954 4154 immortales
1012 4115 1076 4153 ac
1100 4097 1245 4153 beati
1279 4097 1337 4153 in
1361 4099 1695 4155 cmlestibus
1727 4099 1982 4168 sedibus,

339 4177 860 4244 dominationibus,
912 4177 1360 4250 principalibus,
1414 4179 1801 4250 potestatibus
1842 4195 1981 4236 con-

336 4258 552 4324 stituti,
614 4273 760 4329 quos
811 4257 906 4313 isti
931 4259 1092 4327 deos,
1127 4263 1184 4314 et
1214 4275 1284 4314 ex
1337 4259 1552 4330 quibus
1585 4261 1861 4331 quosdam
1898 4263 1981 4318 vel

338 4339 523 4395 bonos
557 4337 870 4405 daemones,
901 4337 990 4392 vel
1023 4339 1331 4394 nobiscum
1371 4340 1621 4410 Angelos
1653 4338 1979 4405 nominant,

336 4420 630 4492 quomodo
691 4418 962 4474 credendi
994 4418 1114 4474 sint
1142 4418 1291 4473 velle
1347 4435 1381 4475 a
1413 4419 1579 4475 nobis
1639 4420 1978 4491 religionem

333 4502 731 4572 pietatemque
781 4499 998 4554 servari
1031 4517 1045 4566 ;
1103 4499 1210 4555 hoc
1239 4505 1345 4565 est,
1381 4506 1443 4556 ut
1475 4501 1734 4570 apertius
1765 4499 1977 4568 dicam,

339 4585 538 4637 utrum
571 4581 749 4635 etiam
784 4579 917 4645 sibi,
965 4596 1036 4635 an
1072 4583 1294 4635 tantum
1330 4580 1440 4636 Deo
1487 4597 1617 4646 suo,
1663 4581 1762 4652 qui
1805 4580 1980 4636 etiam

338 4665 538 4718 noster
577 4665 686 4723 est,
717 4662 940 4731 placeat
967 4659 1053 4715 eis
1094 4665 1158 4715 ut
1185 4677 1351 4716 sacra
1385 4661 1665 4717 faciamus
1711 4666 1766 4718 et
1802 4661 1978 4717 sacri-

340 4742 606 4810 ﬁcemus,
638 4740 727 4795 vel
759 4741 958 4811 aliqua
991 4744 1190 4798 nostra
1220 4758 1321 4797 seu
1355 4759 1460 4798 nos
1491 4742 1649 4813 ipsos
1680 4743 1979 4814 religionis

336 4821 544 4877 ritibus
570 4835 1000 4876 consecremus.

406 4900 462 4956 2.
496 4899 601 4955 Hic
623 4903 713 4954 est
732 4901 891 4954 enim
912 4898 1200 4954 divinitati
1222 4899 1327 4967 vel,
1363 4900 1410 4955 si
1435 4901 1764 4972 expressius
1786 4901 1978 4958 dicen-

338 4979 481 5036 dum
509 4984 621 5046 est,
644 4978 846 5035 deitati
879 4977 1108 5034 debitus
1136 4978 1356 5050 cultus,
1387 4984 1623 5052 propter
1651 4997 1825 5052 quem
1858 4998 1976 5039 uno

335 5060 510 5117 verbo
542 5059 1322 5131 signiﬁcandum,quoniam
1354 5059 1498 5116 mihi
1529 5060 1674 5117 satis
1704 5060 1981 5118 idoneum

335 5156 454 5197 non
508 5139 766 5196 occurrit
803 5138 1068 5206 latinum,
1103 5156 1287 5212 graeco
1346 5140 1446 5195 ubi
1497 5156 1736 5197 necesse
1774 5147 1860 5198 est
1890 5142 1980 5197 in-

335 5222 507 5278 sinuo
545 5220 685 5293 quid
735 5219 908 5274 velim
972 5221 1180 5276 dicere.
1231 5218 1489 5293 Λατρείαν
1523 5221 1738 5293 quippe
1772 5222 1978 5286 nostri,

334 5367 414 5477 Mi
445 5363 632 5414 Plures
659 5363 815 5424 Mss.,
845 5362 1136 5414 adiuvare.
1173 5364 1345 5414 Nostri
1373 5365 1517 5426 Mss,
1553 5364 1985 5415 adminicularc.

394 5489 416 5522 2
451 5487 739 5542 Particula.
771 5489 934 5546 sicut,
967 5490 1114 5538 abest
1149 5504 1180 5537 ει
1208 5491 1601 5550 manuscriplxis,
1656 5494 1707 5538 et
1736 5492 1801 5538 ab
1832 5491 1988 5540 editis

330 5552 470 5600 Vind
526 5553 642 5598 Am.
685 5551 766 5616 Er.
819 5578 892 5616 —7
923 5554 1083 5616 Abest
1113 5553 1275 5599 etiam
1303 5567 1334 5600 a
1363 5553 1560 5601 nostris
1593 5554 1985 5616 manuscriptis,

333 5629 454 5678 cum
483 5626 676 5678 magno
706 5614 1018 5678 elocutionis
1052 5616 1324 5664 commodo
1356 5630 1368 5674 ;
1399 5628 1643 5678 sequens,
1676 5618 1772 5669 ita.
1797 5614 1878 5667 sic
1898 5630 1988 5666 ac-

331 5677 638 5744 cipiendum
667 5678 746 5726 est
773 5689 836 5728 ac
862 5677 908 5727 si
934 5677 1174 5739 dixisset,
1195 5677 1449 5740 proinde.
1481 5677 1548 5728 Μ.

2123 1037 2476 1108 ubicumque
2522 1039 2859 1091 sanctarum
2895 1035 3332 1105 Scripturarum
3377 1031 3628 1103 positum
3659 1034 3764 1099 est,

2119 1117 2486 1187 interpretati
2517 1121 2653 1172 sunt
2687 1116 3055 1171 Servitutem.
3091 1113 3202 1169 Sed
3236 1129 3304 1168 ea
3335 1113 3606 1174 servitus,
3636 1125 3765 1180 quas

2123 1197 2371 1254 debetur
2445 1198 2802 1264 hominibus,
2869 1195 3190 1251 secundum
3269 1209 3446 1265 quam
3505 1191 3768 1263 praecipit

2119 1278 2461 1350 Apostolus,
2493 1294 2687 1333 servos
2718 1276 2976 1331 dominis
3026 1275 3148 1330 suis
3205 1275 3472 1329 subditos
3503 1287 3632 1327 esse
3664 1271 3762 1324 de~

2118 1359 2252 1414 bere
2285 1361 2496 1430 (Bphes.
2531 1376 2606 1426 vr,
2655 1357 2732 1428 5),
2767 1357 2878 1412 alio
2928 1355 3166 1411 nomine
3202 1371 3386 1428 grtsce
3426 1351 3756 1421 nuncupari

2115 1440 2264 1494 solet
2294 1442 2370 1510 (ai
2407 1455 2420 1494 :
2477 1437 2698 1511 λατρεία
2734 1453 2867 1492 vero
2909 1437 3226 1492 secundum
3274 1433 3752 1511 consuetudinem

2115 1536 2227 1591 qua
2258 1519 2435 1575 locuti
2469 1509 2608 1574 sunt
2637 1519 2737 1590 qui
2769 1517 2936 1572 nobis
2983 1517 3180 1570 divina
3216 1514 3448 1585 eloquia
3481 1509 3754 1567 condide-

2113 1604 2269 1665 runt,
2304 1606 2403 1655 aut
2423 1615 2678 1671 semper,
2713 1602 2813 1653 aut
2835 1603 2947 1652 tam
2973 1599 3306 1666 frequenter
3337 1599 3401 1648 ut
3432 1608 3577 1664 pene
3603 1607 3751 1645 sem-

2114 1697 2232 1752 per,
2271 1697 2335 1735 ea
2365 1681 2575 1735 dicitur
2597 1681 2844 1734 servitus
2885 1693 3008 1749 quae
3042 1679 3295 1747 pertinet
3328 1675 3397 1729 ad
3443 1673 3754 1729 colendum

2111 1761 2318 1817 Deum.
2352 1762 2602 1816 Proinde
2625 1763 2672 1814 si
2696 1761 3099 1815 tantummodo
3122 1757 3330 1811 Cultus
3353 1755 3474 1825 ipse
3499 1753 3751 1815 dicatur,

2112 1859 2225 1897 non
2261 1842 2369 1898 soli
2407 1847 2517 1897 Deo
2549 1842 2746 1896 deberi
2777 1841 3026 1894 videtur.
3068 1838 3331 1893 Dicimur
3361 1839 3517 1890 enim
3565 1831 3754 1888 colere

2110 1923 2282 1977 etiam
2320 1922 2606 1986 homines,
2632 1938 2776 1992 quos
2794 1920 3106 1976 honoriﬁca
3131 1918 3214 1973 vel
3249 1916 3646 1972 recordatione
3669 1910 3756 1967 vel

2109 2003 2418 2072 praesentia
2450 2005 2911 2072 frequentamus.
2947 2005 3058 2054 Nec
3091 1998 3281 2054 solum
3307 2013 3370 2051 ea
3399 1996 3612 2067 quibus
3644 2008 3752 2048 nos

2109 2082 2380 2153 religiosa
2413 2081 2740 2137 humilitate
2757 2079 3122 2149 subjicimus,
3151 2077 3251 2132 sed
3276 2077 3543 2146 quaedam
3575 2073 3748 2128 etiam

2106 2179 2234 2232 quas
2264 2162 2523 2232 subjecta
2546 2166 2684 2215 sunt
2707 2161 2896 2226 nobis,
2938 2159 3048 2212 ccli
3081 2156 3478 2227 perhibentur.
3514 2153 3658 2207 Nam
3681 2167 3751 2205 ex

2105 2242 2216 2295 hoc
2246 2243 2417 2296 verbo
2441 2247 2498 2295 et
2529 2240 2791 2310 agricolae
2813 2246 2870 2293 et
2898 2237 3088 2294 coloni
3117 2242 3172 2291 et
3204 2234 3403 2289 incolis
3436 2239 3750 2287 vocantur:

2105 2326 2162 2375 et
2183 2320 2339 2389 ipsos
2371 2322 2510 2375 deos
2541 2337 2654 2373 non
2686 2320 2757 2374 ob
2789 2319 2945 2372 aliud
2977 2317 3268 2386 appellant
3290 2312 3607 2377 emlicolas,
3630 2312 3747 2368 nisi

2106 2401 2260 2470 quod
2295 2400 2505 2454 ccelum
2532 2398 2765 2465 colant;
2796 2415 2910 2452 non
2940 2397 3137 2465 utique
3162 2394 3508 2458 venerando,
3542 2392 3643 2446 sed
3667 2391 3750 2446 in-

2104 2480 2422 2534 habitando
2457 2495 2470 2546 ;
2506 2485 2783 2549 tanquam
2816 2476 2942 2533 caeli
2993 2475 3278 2547 quosdam
3321 2473 3595 2528 colonos:
3631 2488 3747 2526 non

2103 2561 2256 2616 sicut
2284 2561 2662 2632 appellantur
2691 2556 2901 2625 coloni,
2937 2556 3036 2628 qui
3089 2553 3486 2609 conditionem
3536 2552 3750 2605 debent

2100 2642 2336 2714 genitali
2389 2644 2511 2697 solo
2552 2645 2783 2712 propter
2842 2637 3260 2710 agriculturam
3320 2635 3429 2690 sub
3489 2633 3746 2714 dominio

2099 2713 2506 2792 possessorum
2560 2722 2632 2793 (b)
2677 2738 2689 2787 ;
2741 2721 2865 2788 sed,
2926 2720 3080 2775 sicut
3137 2717 3219 2772 ait
3276 2716 3518 2786 quidam
3579 2713 3746 2769 latini

2101 2803 2313 2872 eloquii
2347 2819 2599 2873 magnus
2622 2805 2840 2865 auctor,

2223 2900 2378 2950 Urbis
2406 2900 2630 2961 antiqua
2655 2899 2777 2958 fuit,
2807 2898 2953 2961 Tyrii
2981 2900 3199 2961 tenuere
3225 2893 3415 2961 coloni.

2687 2953 2874 3024 (Virg:
2905 2960 3130 3010 IEneid.
3168 2958 3203 3005 ζ.
3238 2957 3283 3017 1,
3321 2973 3369 3005 υ.
3405 2953 3501 3015 12).

2095 3051 2180 3106 Ab
2214 3052 2519 3107 incolendo
2559 3052 2714 3106 enim
2773 3049 3006 3105 colonos
3057 3047 3303 3112 vocavit,
3327 3062 3442 3100 non
3483 3043 3553 3098 ab
3586 3043 3745 3114 agri-

2097 3133 2347 3188 cultura.
2397 3133 2541 3188 Hinc
2570 3139 2626 3187 et
2670 3131 2933 3186 civitates
2966 3147 2998 3184 a
3043 3127 3370 3196 majoribus
3410 3122 3747 3179 civitatibus

2094 3213 2248 3267 velut
2301 3211 2646 3284 pupulorum
2727 3210 3089 3265 examinibus
3154 3207 3420 3272 conditas,
3507 3201 3746 3284 colonia

2097 3282 2528 3362 nuncupantur.
2561 3293 2638 3345 Ac
2685 3307 2784 3360 per
2815 3291 2921 3344 hoc
2968 3287 3187 3342 cultum
3219 3286 3452 3352 quidem
3488 3299 3601 3362 non
3645 3282 3743 3336 de-

2097 3372 2220 3426 beri
2257 3361 2368 3426 nisi
2403 3373 2536 3434 Deo,
2581 3370 2814 3439 propria
2845 3369 3094 3439 quadam
3128 3366 3361 3420 notione
3384 3361 3540 3418 verbi
3565 3361 3742 3431 hujus

2100 3453 2337 3507 omnino
2384 3453 2758 3507 verissimum
2819 3457 2907 3504 est
2965 3465 2978 3503 :
3039 3449 3140 3502 sed
3203 3447 3341 3517 quia
3387 3449 3444 3499 et
3495 3444 3741 3498 aliarum

2099 3547 2290 3586 rerum
2325 3532 2539 3586 dicitur
2569 3532 2785 3595 cultus,
2807 3529 2936 3583 ideo
2977 3527 3156 3580 latine
3197 3542 3312 3579 uno
3346 3525 3519 3577 verbo
3559 3521 3738 3590 signi-

2100 3611 2258 3665 ﬁcari
2292 3611 2486 3665 cultus
2517 3611 2631 3664 Deo
2665 3609 2894 3664 debitus
2934 3622 3048 3660 non
3083 3608 3297 3674 potest.

2147 3690 2218 3756 ,3.
2255 3689 2394 3743 Nam
2445 3694 2500 3742 et
2531 3688 2660 3758 ipsa
2690 3685 2908 3756 Religio
2955 3684 3220 3754 quamvis
3251 3678 3588 3735 distinctius
3622 3693 3736 3733 non

2097 3767 2435 3840 quemlibet,
2469 3769 2563 3821 sed
2621 3768 2715 3821 Dei
2774 3765 2992 3819 cultum
3054 3763 3388 3832 signiﬁcare
3420 3757 3736 3840 _videatur;

2097 3838 2252 3902 unde
2284 3847 2395 3901 isto
2420 3845 2652 3899 nomine
2681 3842 3045 3913 interpretati
3078 3845 3218 3895 sunt
3249 3838 3432 3894 nostri
3464 3853 3586 3890 eam
3613 3852 3739 3908 quas

2097 3944 2264 4000 grece
2297 3922 2554 3998 θρησκεία
2587 3924 2801 3980 dicitur
2831 3925 2898 3994 (c)
2929 3938 2943 3977 :
3003 3927 3194 3975 tamen
3235 3919 3373 3990 quia
3413 3917 3594 4000 latina
3648 3916 3741 3972 lo-

2097 3996 2338 4080 quendii
2370 4005 2808 4069 consuetudine,
2850 4019 2962 4058 non
3023 4001 3430 4072 imperitorum
3464 3996 3506 4063 ί,
3539 4013 3739 4051 verum

2160 4133 2366 4187 1Editi.
2415 4146 2529 4182 non
2573 4132 2756 4180 solum
2792 4129 3203 4193 imperitorum.
3252 4126 3431 4188 Abest,
3483 4123 3687 4180 solum,
3713 4136 3749 4173 a

2093 4196 2484 4258 manuscriptis.

2155 4262 2230 4321 (a)
2262 4249 2454 4321 Nempe
2483 4255 2877 4321 douleia._uti_n
2892 4268 2957 4321 eo
2985 4264 3326 4321 quemsupra
3346 4251 3476 4301 citat
3505 4249 3745 4321 Apostqli

2091 4313 2227 4379 loco,
2275 4313 2458 4384 graece
2496 4322 2592 4374 est.
2629 4321 2682 4367 oi
2702 4318 2934 4384 doriloi,
2955 4313 3119 4364 ,τεν-υἱ.
3151 4313 3385 4384 Idipsum
3430 4313 3630 4384 passim
3656 4313 3745 4384 oh-

2092 4375 2670 4446 serv'athugustinusi:
2701 4381 2762 4429 In
2794 4381 3033 4429 Exodum
3061 4375 3266 4446 quaest.
3297 4378 3398 4446 94}
3425 4375 3454 4422 ct
3485 4375 3738 4446 Douleia,

2091 4464 2118 4491 «
2148 4447 2342 4510 inquit,
2373 4439 2593 4496 debetur
2632 4445 2737 4493 Deo
2780 4446 3044 4510 tanquam
3053 4439 3318 4510 Domino.
3362 4439 3562 4489 latreia
3591 4451 3740 4510 .veAro

2092 4527 2118 4553 α
2148 4501 2361 4558 nonnisi
2389 4511 2492 4559 Deo
2522 4511 2780 4569 tanquam
2813 4501 2933 4556 Deo.
2969 4524 2995 4550 »
3024 4505 3240 4569 I_tem_in
3261 4505 3388 4569 Gen.
3420 4502 3625 4569 quaest.
3657 4501 3738 4569 6i,

2091 4573 2143 4620 et
2175 4573 2231 4620 in
2261 4573 2353 4620 lib.
2385 4573 2444 4621 15
2474 4563 2660 4620 contra
2705 4570 2904 4625 Faust.,
2949 4583 3003 4617 n.
3035 4567 3103 4626 9,-
3145 4567 3240 4616 lib.
3289 4565 3367 4627 20,
3415 4563 3470 4614 ii.
3527 4563 3586 4613 21
3626 4578 3637 4616 :
3681 4564 3737 4612 in

2090 4635 2242 4696 epist.
2279 4634 2385 4688 102,
2415 4649 2470 4683 n.
2500 4633 2581 4691 20,
2613 4635 2666 4682 et
2693 4633 2841 4696 alibi.

2154 4698 2219 4758 (b)
2249 4698 2386 4748 Haec
2412 4711 2521 4748 vox
2549 4688 2656 4745 non
2689 4696 2793 4746 iuit
2819 4695 2878 4743 in
2923 4706 3027 4758 usu
3071 4691 3452 4758 apud_veter_es
3494 4688 3736 4758 Graecos.

2095 4749 2441 4811 ΤῙιτίέεΙιείαη
2499 4759 2748 4810 describit
2801 4758 2918 4806 Div.
2973 4749 3156 4805 Jacobi
3214 4752 3466 4816 Epistola,
3511 4764 3624 4813 cap.
3686 4749 3733 4807 1,

2090 4826 2141 4882 γ.
2173 4823 2252 4873 27.
3303 4815 3540 4861 Laacnaa.

2150 4951 2216 5012 (c)
2243 4946 2529 5010 Sephocles
2556 4946 2614 4994 in
2643 4942 2953 4996 Philocteta.
2985 4950 3126 4988 vers.
3159 4934 3430 4986 1440-1444
3461 4947 3473 4984 :

2237 5084 2250 5097 .
2334 5081 2348 5096 .
2429 5081 2442 5096 .
2525 5081 2538 5094 .
2620 5082 2633 5094 .
2710 5039 2884 5092 Τοῦτο
2917 5031 3240 5088 δ”ἑννοεῖσθ’
3319 5074 3330 5088 .
3413 5073 3424 5085 .
3507 5075 3518 5087 .

2241 5155 2254 5168 .
2338 5154 2350 5168 .
2434 5155 2446 5168 .
2526 5153 2540 5168 .
2622 5151 2635 5164 .
2718 5152 2738 5179 ,μ
2800 5102 3036 5179 εὐσεϐεῖν
3066 5106 3131 5160 τὰ
3162 5103 3508 5179 πρὸςέθεούς.

2203 5191 2274 5245 Ως
2306 5180 2486 5238 τᾶλλα
2517 5180 2690 5236 πάντα
2724 5177 2927 5252 δεύτερ’
2956 5181 3171 5252 ἡγεῖται
3197 5177 3379 5252 ὴοξτήρ

2203 5199 2274 5245 Ως
2306 5199 2486 5238 τᾱΛΑα
2517 5201 2690 5236 παντα
2724 5199 2924 5252 οευτερ-
2956 5199 2991 5248 η
3034 5199 3171 5233 atrati
3197 5199 3379 5246 πατηρ

2201 5255 2352 5330 Ζε-ύς·
2387 5254 2448 5310 οὗ
2479 5254 2583 5330 γὰρ
2617 5247 2873 5330 ηὐᾳέϐεια
2904 5199 3236 5330 συῖζνῄσγτξιι
3255 5249 3495 5323 βροτοῖς,

2201 5327 2306 5383 Κᾶν
2345 5320 2504 5397 ζῶσιξ
2529 5320 2905 5395 ιίανὉάνωσιν,
2940 5322 3039 5378 οὐκ
3067 5320 3399 5377 ἀπόλλὺται.

2093 5429 2150 5475 Id
2181 5429 2261 5474 est
2293 5441 2303 5474 :
2341 5427 2448 5475 Hoc
2481 5428 2658 5489 autem
2679 5424 3083 5489 memineritis...
3103 5424 3167 5471 ut
3191 5420 3448 5489 pietatem
3469 5427 3594 5489 erga
3620 5413 3745 5489 deos

2094 5490 2282 5538 colatis
2314 5504 2324 5544 ;
2362 5489 2484 5535 huic
2514 5488 2653 5535 enim
2698 5489 2804 5535 alia
2851 5487 3032 5534 omnia
3091 5478 3564 5546 post—erioraducit
3592 5478 3743 5546 pater

2093 5540 2341 5613 Jupiter:
2378 5551 2571 5612 quippe
2601 5551 2767 5611 pietas
2802 5551 2943 5597 haud
2973 5540 3236 5613 una—cum,
3266 5541 3573 5613 hominibus
3602 5540 3742 5589 occi-

2093 5607 2180 5662 dit
2212 5629 2223 5667 ;
2254 5615 2362 5664 sed.
2393 5607 2489 5661 seu
2511 5607 2722 5670 'viv'ant,
2753 5626 2848 5662 seu
2891 5611 3087 5661 mortui
3138 5609 3264 5664 sint,
3312 5607 3429 5669 ipsa
3456 5616 3734 5668 nunquam

2091 5676 2243 5741 perit.
2283 5677 2520 5726 Luctus.
