4158 6192
477 360 596 422 279

475 498 646 553 etiam
694 495 1188 562 doctissimorum,
1240 497 1297 550 et
1345 493 1794 565 cognationibus
1844 492 2117 548 humanis

477 584 653 648 atque
682 575 1068 632 afﬁnitatibus
1090 580 1148 630 et
1194 573 1530 646 quibusque
1588 573 2120 630 necessitudinibus

475 657 692 712 dicitur
721 657 1041 711 exhibenda
1076 654 1279 724 religio
1313 671 1326 719 ;
1365 671 1480 710 non
1512 671 1577 710 eo
1600 653 1881 709 vocabulo
1904 656 2120 707 vitatur

476 737 839 810 ambiguum,
871 751 1006 792 cum
1038 736 1109 790 de
1138 735 1297 789 cultu
1321 737 1553 790 deitatis
1582 737 1820 791 vertitur
1849 732 2115 804 quaestio,

475 823 540 873 ut
586 819 832 872 ﬁdenter
878 816 1068 871 dicere
1105 815 1424 879 valeamus,
1461 815 1797 887 religionem
1831 831 1943 868 non
1992 829 2118 868 esse

476 896 590 952 nisi
639 897 740 952 Dei
785 899 1006 950 cultum
1041 910 1055 961 ;
1095 894 1368 965 quoniam
1413 893 1639 949 videtur
1671 893 1779 948 hoc
1809 893 2050 948 verbum
2085 908 2118 946 a

475 975 860 1046 signiﬁcanda
907 974 1276 1030 observantia
1333 973 1785 1046 propinquitatis
1845 973 2115 1026 humanis

475 1055 794 1112 insolenter
837 1058 851 1092 ι
906 1055 1140 1111 auferri.
1194 1057 1386 1110 Pietas
1433 1071 1662 1126 quoque
1721 1053 1951 1124 proprie
2019 1051 2117 1106 Dei

475 1135 930 1207 cultusintelligi
953 1135 1120 1203 solet,
1141 1151 1319 1206 quam
1356 1135 1536 1190 Graeci
1577 1128 1846 1188 εὐσέϐειαν
1886 1136 2116 1190 vocant.

474 1217 605 1272 Haec
639 1221 832 1271 tamen
855 1220 910 1270 et
930 1231 1066 1287 erga
1095 1221 1363 1284 parentes
1380 1215 1632 1271 ofﬁciose
1650 1215 1850 1270 haberi
1884 1213 2116 1268 dicitur.

475 1302 632 1354 More
690 1304 882 1352 autem
920 1297 1074 1366 vulgi
1109 1295 1216 1351 hoc
1275 1313 1486 1352 nomen
1521 1297 1696 1352 etiam
1757 1295 1818 1350 in
1847 1293 2118 1364 Operibus

479 1376 890 1432 misericordiae
941 1377 1404 1447 frequentatur:
1466 1378 1619 1448 quod
1679 1376 1807 1431 ideo
1870 1374 2118 1430 arbitror

476 1458 761 1525 evenisse,
816 1458 957 1529 quia
1015 1457 1137 1512 haec
1195 1458 1316 1512 ﬁeri
1352 1459 1638 1529 praecipue
1673 1462 1821 1512 Deus
1854 1456 2115 1520 mandat,

478 1554 658 1610 eaque
715 1537 826 1593 sibi
856 1537 943 1592 vel
977 1554 1079 1609 pro
1132 1539 1456 1605 sacriﬁciis,
1515 1539 1602 1593 vel
1656 1554 1766 1608 prze
1820 1535 2116 1591 sacriﬁciis

473 1618 702 1691 placere
747 1621 1014 1672 testatur.
1065 1619 1145 1671 Ex
1185 1635 1302 1689 qua
1360 1619 1637 1690 loquendi
1695 1616 2116 1672 consuetudine

476 1701 694 1754 factum
725 1703 831 1768 est,
880 1702 945 1754 ut
975 1705 1030 1753 et
1075 1698 1230 1754 Deus
1271 1699 1395 1770 ipse
1453 1701 1679 1754 dicatur
1712 1699 1844 1770 pius
1874 1698 1948 1769 (ll
1982 1703 2112 1754 Par.

471 1797 603 1847 xxx,
626 1780 661 1833 9
693 1778 915 1848 ;Eccli.
949 1795 1028 1845 ιι,
1066 1779 1131 1833 13
1166 1796 1180 1846 ;
1212 1779 1420 1835 Iudith.
1458 1797 1553 1848 vn,
1587 1782 1678 1851 20)
1712 1795 1724 1834 :
1761 1795 1934 1849 quem
1975 1792 2116 1833 sane

472 1858 654 1916 Graeci
705 1859 867 1914 nullo
918 1875 1022 1914 suo
1081 1861 1369 1915 sermonis
1426 1877 1540 1915 usu
1588 1853 1823 1912 εὐσεϐεῖν
1864 1862 2112 1926 vocant;

473 1939 738 2011 quamvis
781 1932 1054 1991 εὐσέϐειαν
1088 1955 1191 2010 pro
1239 1940 1638 1995 misericordia
1669 1939 1903 1994 illorum
1938 1938 2114 1994 etiam

470 2022 682 2092 vulgus
703 2028 958 2089 usurpet.
985 2020 1148 2075 Unde
1179 2021 1237 2076 in
1280 2022 1632 2092 quibusdam
1677 2021 2114 2091 Scripturarum

470 2100 638 2166 locis,
674 2107 733 2155 ut
753 2100 1053 2157 distinctio
1080 2101 1288 2157 certior
1319 2106 1640 2172 appareret,
1663 2118 1776 2157 non
1818 2093 2114 2170 εὐσέϐειαν,

471 2179 626 2250 quod
658 2195 724 2234 ex
759 2178 910 2234 bono
943 2179 1127 2246 cultu,
1191 2181 1290 2235 sed
1324 2173 1647 2251 Θεοσὲϐειαν,
1680 2181 1834 2252 quod
1891 2196 1960 2234 ex
2014 2179 2116 2234 Dei

472 2257 636 2314 cultu
669 2258 1063 2329 compositum
1113 2265 1372 2326 resonat,
1424 2259 1617 2316 dicere
1647 2259 1978 2315 maluerunt
2015 2257 2116 2330 (a).

471 2338 830 2398 Utrumlibet
861 2343 1050 2395 autem
1083 2339 1291 2396 horum
1318 2357 1423 2397 nos
1465 2356 1577 2396 uno
1609 2341 1782 2396 verbo
1815 2339 2118 2396 enuntiare

473 2435 590 2476 non
618 2434 955 2490 possumus.
983 2421 1114 2484 Quis
1137 2420 1334 2491 itaque
1354 2415 1578 2492 λατρείὰ
1605 2436 1786 2492 graece
1816 2437 2121 2491 nuncupa-

475 2504 591 2564 tur,
624 2505 681 2554 et
718 2498 895 2554 latine
945 2499 1362 2570 interpretatur
1411 2501 1695 2569 Servitus,
1726 2502 1826 2557 sed
1884 2517 1948 2555 ea
2005 2516 2121 2571 qua

474 2579 720 2635 colimus
741 2579 952 2635 Deum:
973 2580 1060 2635 vel
1085 2595 1207 2652 qum
1229 2579 1488 2654 θρησκεία
1504 2598 1710 2653 ετωοε,
1727 2581 1906 2637 latine
1928 2586 2121 2636 autem

476 2660 698 2732 Religio
729 2661 964 2727 dicitur,
990 2662 1091 2717 sed
1126 2679 1194 2717 ea
1242 2680 1371 2732 qua:
1415 2665 1582 2719 nobis
1610 2675 1693 2718 est
1722 2680 1858 2734 erga
1892 2665 2068 2719 Deum
2105 2677 2120 2718 :

474 2739 562 2795 vel
596 2756 776 2809 quam
808 2741 893 2794 illi
927 2735 1254 2809 θεοσέϐειαν,
1288 2759 1393 2798 nos
1441 2759 1573 2798 vero
1607 2761 1722 2798 non
1783 2760 1897 2799 uno
1947 2743 2121 2799 verbo

476 2820 822 2888 exprimere,
882 2823 980 2874 sed
1019 2821 1112 2875 Dei
1162 2823 1384 2876 cultum
1435 2839 1753 2893 possumus
1783 2822 2118 2894 appellare;

479 2898 627 2952 hanc
657 2899 708 2952 ei
744 2903 976 2954 tantum
1011 2905 1120 2957 Deo
1154 2903 1349 2958 deberi
1379 2903 1654 2970 dicimus,
1689 2903 1789 2975 qui
1830 2920 1996 2958 verus
2034 2909 2124 2958 est

479 2979 654 3047 Deus,
688 2978 938 3051 facitque
969 2998 1106 3036 suos
1139 2982 1395 3038 cultores
1435 2985 1574 3039 deos
1614 2985 1781 3054 (Psal.
1818 3000 2005 3051 LXXXI,
2037 2985 2072 3038 6
2105 3001 2120 3050 ;

478 3062 642 3117 Joan.
676 3077 732 3128 ι,
757 3061 847 3128 34,
885 3063 999 3134 35).
1033 3063 1402 3134 Quicumque
1430 3064 1613 3137 igitur
1641 3071 1783 3120 sunt
1814 3066 1870 3119 in
1918 3068 2122 3120 caeles-

479 3140 639 3195 tibus
696 3138 1163 3197 habitationibus
1219 3143 1582 3198 immortalee
1629 3153 1683 3199 et
1724 3145 1969 3210 beati,si
2015 3161 2122 3198 nos

481 3236 598 3276 non
633 3225 833 3276 amant
872 3238 976 3276 nec
1025 3222 1226 3277 beatos
1282 3237 1412 3277 esse
1484 3239 1591 3278 nos
1630 3223 1846 3293 volunt,
1896 3223 2123 3278 colendi

479 3299 677 3370 utique
701 3317 816 3356 non
839 3308 999 3357 sunt.
1031 3303 1088 3354 Si
1121 3308 1314 3356 autem
1347 3309 1551 3358 amant
1580 3309 1636 3358 et
1669 3305 1870 3361 beatos
1899 3304 2120 3373 volunt,

480 3381 736 3452 profecto
759 3381 894 3436 inde
914 3382 1137 3450 volunt,
1165 3383 1318 3438 unde
1341 3388 1398 3438 et
1426 3383 1540 3456 ipsi
1573 3389 1710 3440 sunt
1743 3402 1756 3440 :
1790 3403 1864 3441 an
1887 3387 2123 3442 aliunde

479 3460 593 3530 ipsi
625 3460 800 3529 beati,
831 3459 1068 3517 aliunde
1092 3479 1198 3517 nos
1227 3462 1255 3518 ?

479 3597 712 3656 CAPUT
743 3600 813 3656 ΙΙ.
845 3631 915 3642 -
944 3606 1021 3658 De
1069 3617 1311 3674 superna
1341 3601 1776 3661 illuminatione
1823 3607 1955 3680 quid
1993 3607 2122 3664 Plo-

907 3683 1058 3738 tinus
1087 3684 1406 3741 Platonicus
1443 3688 1694 3742 senserit.

550 3788 658 3842 Sed
685 3805 800 3844 non
833 3794 923 3844 est
956 3791 1122 3846 nobis
1153 3793 1307 3849 ullus
1337 3810 1469 3849 cum
1495 3794 1585 3848 his
1617 3794 2124 3851 excellentioribus

481 3867 846 3940 philosOphis
881 3871 938 3925 in
971 3872 1078 3926 hac
1111 3874 1430 3944 quaestione
1470 3875 1797 3932 conflictus.
1841 3877 2125 3932 Viderunt

479 3948 648 4016 enim,
701 3949 943 4020 suisque
1002 3951 1213 4007 litteris
1250 3955 1446 4008 multis
1479 3958 1663 4010 mollis
1722 3958 2125 4025 copiosissime

482 4029 926 4094 mandaverunt,
963 4030 1092 4084 hinc
1126 4031 1280 4100 illos,
1308 4037 1458 4088 unde
1487 4040 1544 4089 et
1575 4052 1702 4102 nos,
1748 4037 1869 4089 ﬁeri
1901 4037 2122 4106 beatos,

480 4106 706 4185 obiecto
736 4108 991 4177 quodam
1025 4108 1250 4165 lumine
1281 4112 1657 4182 intelligibili,
1683 4116 1827 4185 quod
1855 4115 2004 4169 Deus
2035 4125 2126 4173 est

478 4183 620 4247 illis,
652 4193 709 4240 et
733 4185 888 4241 aliud
933 4191 1022 4241 est
1047 4205 1221 4256 quam
1257 4189 1360 4258 illi,
1393 4209 1428 4246 a
1475 4210 1591 4264 quo
1641 4183 2026 4259 illustrantur,
2062 4201 2126 4252 ut

480 4264 782 4347 clareant,
817 4276 990 4337 atque
1019 4271 1150 4336 ejus
1182 4274 1623 4344 participatione
1664 4277 1899 4347 perfecti
1947 4276 2122 4332 beati-

481 4357 593 4414 que
623 4346 973 4402 subsistant.
1009 4347 1171 4418 Saape
1217 4353 1586 4422 multumque
1617 4346 1879 4416 Plotinus
1922 4360 2126 4414 asserit

481 4439 718 4509 sensum
748 4424 1000 4509 Platonis
1023 4429 1362 4501 explanans,
1386 4448 1458 4486 ne
1479 4432 1637 4488 illam
1667 4437 1926 4509 quidem,
1959 4456 2126 4508 quam

481 4504 729 4560 credunt
747 4521 876 4561 esse
900 4505 1298 4566 universitatis
1320 4513 1592 4580 animam,
1618 4504 1855 4574 ali—unde
1887 4504 2123 4578 beatum

480 4599 604 4640 esse
637 4600 808 4657 quam
838 4593 1098 4672 nostram
1133 4605 1147 4643 :
1182 4591 1360 4663 idque
1389 4609 1516 4649 esse
1567 4594 1766 4653 lumen
1817 4603 1965 4672 quod
2000 4602 2127 4672 ipsa

481 4681 596 4754 non
619 4673 726 4754 est,
752 4669 850 4723 sed
883 4685 917 4754 a
943 4678 1280 4754 quqcreata
1310 4680 1418 4744 est,
1448 4684 1497 4731 et
1532 4693 1648 4748 quo
1681 4669 2128 4754 intelligibiliter

460 4746 856 4804 illuminante
886 4748 1338 4823 intelligibiliter
1369 4746 1687 4815 lucetlDat
1707 4746 2126 4821 etiam‘simili-

481 4827 746 4885 tudinem
771 4831 844 4888 ad
869 4832 968 4888 illa
990 4832 1332 4909 incorporea
1362 4840 1432 4894 de
1465 4839 1558 4894 his
1589 4843 1923 4900 coelestibus
1956 4861 2125 4901 cons-

481 4910 709 4996 picuis'
742 4915 1072 4996 amplisque
1103 4921 1466 4989 corporibus,
1497 4926 1772 4996 tanquam
1805 4925 1900 4981 ille
1923 4927 1999 4982 sit
2015 4927 2124 4996 sol,

481 4992 698 5081 et.ipsa
729 4992 821 5081 sit,
862 4994 1279 5081 lunai-Lunam
1313 5002 1528 5074 quippe
1559 4992 1697 5060 solis
1722 5005 1949 5075 objectu
1998 4992 2127 5064 illus

481 5069 696 5156 minari
728 5077 952 5156 putant.
986 5074 1140 5156 Dicit
1185 5069 1740 5156 ergo‘ille—magnus
1771 5069 2124 5156 Dlatcnicus,

480 5151 739 5205 animam
774 5152 1119 5210 rationalem
1179 5158 1324 5228 (sive
1355 5164 1546 5231 potius
1590 5151 2005 5223 intellectualis
2046 5151 2130 5223 di-

482 5233 664 5287 cenda
695 5233 794 5298 sit,
826 5248 894 5288 ex
916 5250 1030 5305 quo
1055 5251 1262 5304 genere
1283 5241 1461 5296 etiam
1484 5242 1905 5301 immortalium
1939 5250 2130 5305 beato-

483 5327 734 5382 rumque
763 5311 989 5370 animas
1007 5329 1136 5371 esse
1157 5316 1450 5389 intelligit,
1479 5323 1667 5393 quos3
1701 5325 1760 5379 in
1792 5326 2128 5386 cmlestibus

549 5439 567 5500 ξ
597 5436 847 5500 Nonnulli
875 5440 1017 5500 Mss,
1049 5441 1388 5497 insollerter.

548 5495 571 5574 ξ
599 5499 727 5574 Xox,
749 5495 1086 5574 conspicuis,
1113 5508 1314 5574 abestis.
1340 5495 1578 5574 plerique
1604 5515 1724 5565 Mss.

551 5558 1143 5639 ξιξιηειὶιιονι-ᾳιιάσ.
1198 5572 1303 5619 Alii
1340 5558 1796 5639 iibrif'g'u‘SST—
1841 5580 1926 5631 Sic
1970 5584 2131 5631 etiam

487 5621 658 5669 nostri
689 5627 909 5677 codices.
945 5621 1011 5680 M‘.

552 5683 631 5744 (α)
660 5682 803 5737 Cont.
838 5689 1121 5759 Enchirid.,
1145 5707 1198 5745 n.
1225 5696 1268 5753 1,
1292 5711 1404 5762 cap.
1422 5699 1469 5759 2,
1501 5703 1566 5752 de
1597 5703 1712 5755 loco
1740 5706 1838 5756 Job
1866 5721 2032 5765 xxv",
2050 5708 2131 5762 28.

1535 361 1636 422 DE
1681 358 2043 422 CIVITATE
2088 361 2246 427 DEI.
2293 360 2358 420 S.
2407 359 2832 423 AUGUSTINI

3763 360 3878 421 280

2232 492 2470 548 sedibus
2502 493 2762 549 habitare
2793 510 2908 549 non
2942 493 3193 553 dubitat)
3226 509 3343 548 non
3375 492 3591 548 habere
3622 509 3798 564 supra
3816 511 3902 560 se,

2233 578 2504 629 naturam
2537 575 2645 629 nisi
2689 575 2810 640 Dei,
2848 576 2944 644 qui
3004 576 3314 630 fabricatus
3349 578 3438 629 est
3501 575 3817 639 mundum.
3843 565 3901 631 al

2233 669 2348 724 quo
2375 659 2432 708 et
2463 655 2587 726 ipsa
2621 656 2771 709 facta
2808 660 2897 710 est
2929 671 2943 708 :
2994 671 3099 710 nec
3158 653 3392 709 aliunde
3449 652 3565 708 illis
3612 657 3874 722 supernis

2233 735 2478 805 praeberi
2501 736 2678 790 vitam
2711 736 2964 804 beatam,
2996 741 3052 790 et
3081 734 3281 790 lumen
3314 734 3716 805 intelligentiae
3737 738 3876 792 veri-

2231 815 2391 879 tatis,
2443 832 2616 886 quam
2657 819 2810 871 unde
2869 816 3158 887 prmbetur
3186 819 3244 870 et
3276 815 3444 870 nobis
3477 831 3490 882 ;
3543 831 3874 872 consonans

2231 894 2560 965 Evangelio,
2598 896 2693 950 ubi
2719 895 2950 965 legitur,
2974 897 3100 950 Fuit
3131 895 3286 950 homo
3328 896 3531 949 missus
3561 913 3596 948 a
3629 896 3754 963 Deo,
3786 899 3876 952 cui

2229 990 2426 1029 nomen
2475 983 2596 1029 erat
2623 977 2862 1031 Joannes
2892 993 2911 1032 :
2945 977 3032 1029 hic
3057 978 3202 1029 venit
3259 975 3320 1030 in
3369 977 3769 1043 testimonium,
3819 985 3876 1031 ut

2229 1057 2600 1111 testimonium
2619 1056 2928 1127 perhiberet
2957 1055 3020 1112 de
3042 1057 3273 1123 lumine,
3296 1064 3355 1110 ut
3377 1072 3565 1112 omnes
3594 1057 3874 1112 crederent

2227 1153 2328 1207 per
2353 1152 2498 1193 eum.
2557 1138 2674 1192 Non
2703 1145 2826 1192 erat
2868 1137 2968 1190 ille
3020 1135 3230 1202 lumen,
3269 1136 3362 1191 sed
3411 1145 3470 1192 ut
3501 1139 3874 1192 testimonium

2226 1216 2538 1288 perhiberet
2565 1218 2634 1272 de
2665 1212 2896 1272 lumine.
2926 1219 3058 1271 Erat
3089 1217 3276 1271 lumen
3329 1233 3536 1285 verum,
3570 1217 3710 1288 quod
3751 1219 3875 1274 illu-

2228 1296 2406 1352 minat
2435 1313 2652 1352 omnem
2682 1298 2960 1354 hominem
2989 1299 3299 1353 venientem
3327 1297 3390 1352 in
3419 1297 3566 1352 hunc
3584 1298 3872 1357 mundum.

2230 1378 2294 1431 ln
2327 1395 2442 1449 qua
2472 1379 2799 1435 differentia
2829 1380 2972 1434 satis
3029 1380 3380 1446 ostenditur,
3415 1379 3672 1433 animam
3699 1381 3873 1436 ratio-

2228 1458 2421 1514 nalem
2454 1459 2532 1514 vel
2584 1459 3064 1526 intellectualem,
3124 1459 3314 1530 qualis
3373 1469 3495 1515 erat
3533 1461 3592 1515 in
3624 1461 3874 1533 Joanne,

2228 1539 2341 1595 sibi
2363 1539 2560 1596 lumen
2580 1557 2704 1596 esse
2731 1557 2844 1596 non
2868 1556 3060 1612 posse,
3085 1542 3185 1595 sed
3209 1540 3450 1595 alterius
3479 1542 3600 1596 veri
3631 1540 3874 1598 luminis

2227 1621 2668 1692 participatione
2700 1620 2915 1676 lucere.
2951 1621 3068 1675 Hoc
3090 1629 3142 1676 et
3166 1623 3291 1692 ipse
3319 1621 3579 1676 Joannes
3635 1622 3868 1692 fatetur,

2227 1700 2326 1755 ubi
2359 1701 2408 1755 ei
2450 1701 2763 1772 perbibens
2795 1702 3193 1756 testimonium
3225 1701 3404 1755 dicit:
3455 1703 3565 1757 Nos
3594 1719 3786 1759 omnes
3811 1703 3875 1760 de

2223 1781 2579 1852 plenitudine
2607 1782 2721 1851 eius
2745 1783 3054 1852 accepimus
3083 1782 3264 1850 (Joan.
3297 1798 3335 1849 ι,
3368 1781 3489 1852 6-9,
3524 1783 3632 1853 16).

2228 1946 2458 2002 CAPUT
2495 1948 2586 2002 III.
2619 1976 2687 1986 —
2735 1947 2809 2000 De
2863 1961 2990 2001 vero
3023 1946 3119 2000 Dei
3147 1946 3322 2012 cultu,
3345 1961 3381 2000 a
3439 1963 3541 2017 quo
3570 1946 3871 2015 Platonici,

2297 2029 2548 2098 quamvis
2575 2036 2875 2082 creatorem
2908 2025 3298 2082 universitatis
3338 2027 3743 2091 intellexerint,
3783 2028 3873 2083 de-

2297 2112 2526 2164 viarunt
2573 2109 2796 2164 colendo
2825 2110 3048 2180 angelos
3079 2111 3194 2164 sive
3235 2109 3396 2166 bonos
3423 2112 3536 2167 sive
3562 2111 3736 2166 malos
3767 2111 3872 2166 ho-

2296 2206 2432 2245 nore
2461 2189 2669 2246 divino.

2302 2342 2352 2393 1.
2386 2339 2520 2403 Quae
2553 2353 2684 2393 cum
2720 2338 2800 2393 ita
2823 2337 2958 2402 sint,
2983 2335 3029 2392 si
3052 2335 3356 2404 Platonici,
3389 2336 3479 2392 vel
3511 2336 3870 2409 quicumque

2230 2418 2328 2474 alii
2350 2419 2462 2474 ista
2487 2425 2813 2487 senserunt,
2835 2422 3256 2490 cognoscentes
3288 2419 3492 2488 Deum,
3517 2418 3671 2474 sicut
3695 2419 3869 2474 Deum

2230 2499 2644 2572 gloriﬁcarent,
2671 2503 2728 2555 et
2766 2499 2982 2572 gratias
3013 2503 3271 2570 agerent,
3305 2514 3412 2554 nec
3468 2504 3875 2555 evanescat-ent

2232 2583 2291 2636 in
2347 2580 2794 2652 cogitationibus
2843 2581 2988 2648 suis,
3023 2595 3131 2635 nec
3171 2579 3521 2651 papulorum
3579 2580 3882 2636 erroribus

2233 2663 2442 2734 partim
2476 2667 2741 2717 auctores
2773 2661 2997 2730 ﬁerent,
3051 2660 3261 2731 partim
3325 2661 3601 2716 resistere
3645 2677 3766 2716 non
3793 2678 3887 2716 au-

2232 2743 2474 2809 derent;
2510 2745 2763 2812 profecto
2797 2741 3242 2808 conﬁterentur,
3275 2747 3331 2796 et
3381 2740 3497 2794 illis
3527 2741 3881 2796 immortali-

2233 2823 2346 2877 bus
2393 2839 2458 2877 ac
2492 2823 2693 2887 beatis,
2727 2827 2784 2876 et
2827 2821 2996 2876 nobis
3055 2820 3401 2876 mortalibus
3427 2836 3489 2873 ac
3520 2820 3786 2886 miseris,
3821 2826 3890 2876 ut

2230 2902 2593 2958 immortales
2623 2918 2690 2958 ac
2750 2902 2902 2957 beati
2960 2917 3088 2957 esse
3122 2901 3422 2972 possimus,
3466 2917 3649 2955 unum
3685 2901 3886 2956 Deum

2231 2985 2464 3039 deorum
2499 2983 2832 3048 colendum,
2866 2985 2964 3053 qui
2997 2988 3054 3037 et
3085 2987 3275 3038 noster
3303 2991 3385 3038 est
3423 2987 3477 3037 et
3504 2981 3768 3037 illorum.

2300 3063 2351 3116 2.
2388 3063 2535 3134 [lV.]
2570 3063 2713 3117 Huic
2745 3077 2852 3117 nos
2884 3061 3249 3128 servitutem,
3282 3077 3408 3132 quin
3438 3057 3666 3132 λατρεία
3693 3077 3878 3132 graece

2233 3142 2463 3208 dicitur,
2495 3141 2691 3196 sivein
2721 3141 3052 3211 quibusque
3083 3139 3493 3205 sacramentis,
3528 3141 3650 3194 sive
3677 3139 3737 3194 in
3772 3157 3878 3195 no-

2232 3220 2322 3276 bis
2353 3222 2495 3292 ipsis
2516 3220 2814 3278 debemus.
2849 3221 3035 3288 Hujus
3061 3219 3217 3275 enim
3242 3219 3529 3288 templum
3553 3218 3730 3274 simul
3761 3236 3885 3275 om-

2233 3317 2357 3366 nes,
2389 3307 2446 3356 et
2501 3301 2718 3371 singuli
2778 3299 2996 3370 templa
3027 3316 3234 3356 sumus
3264 3301 3304 3372 (Ι
3337 3300 3459 3356 Cor.
3495 3315 3581 3365 in,
3620 3301 3705 3364 16,
3744 3301 3829 3369 17)
3864 3324 3879 3368 ς

2231 3383 2366 3452 quia
2387 3387 2442 3436 et
2470 3383 2735 3436 omnium
2759 3381 3151 3449 concordiam,
3184 3391 3236 3436 et
3260 3380 3526 3451 singulos
3550 3380 3883 3436 inhabitare

2232 3466 2539 3538 dignatur:
2568 3483 2682 3521 non
2715 3465 2773 3520 in
2806 3466 3083 3520 omnibus
3111 3481 3286 3536 quam
3311 3466 3370 3520 in
3391 3465 3637 3537 singulis
3662 3465 3884 3534 major;

2231 3550 2505 3622 quoniam
2539 3565 2643 3604 nec
2701 3546 2851 3602 mole
2882 3547 3249 3613 distenditur,
3295 3563 3400 3601 nec
3435 3546 3746 3616 partitione
3770 3547 3885 3601 mi-

2230 3631 2457 3688 nuitur.
2487 3632 2630 3686 Cum
2662 3630 2734 3684 ad
2793 3627 2948 3682 illum
2978 3643 3209 3684 sursum
3258 3633 3368 3692 est,
3400 3628 3531 3696 ejus
3578 3631 3669 3682 est
3702 3627 3890 3683 altare

2233 3729 2332 3769 cor
2369 3717 2635 3766 nostrum
2670 3725 2683 3764 :
2735 3710 2861 3778 ejus
2915 3707 3224 3780 Unigenito
3253 3723 3384 3763 eum
3414 3707 3716 3762 sacerdote
3755 3708 3885 3778 pla-

2233 3809 2436 3849 camus
2481 3809 2493 3847 :
2552 3792 2604 3847 ei
2651 3794 2924 3845 cruentas
2990 3789 3251 3843 victimas
3307 3789 3610 3855 caadimus,
3645 3789 3888 3857 quando

2233 3889 2420 3943 usque
2449 3873 2521 3927 ad
2570 3871 2915 3942 sanguinem
2963 3884 3064 3938 pro
3091 3869 3219 3937 ejus
3266 3869 3509 3922 veritate
3539 3871 3883 3923 certamus:

2231 3955 2281 4009 ei
2312 3953 2725 4008 suavissimum
2757 3949 3051 4005 adolemus
3079 3949 3382 4004 incensum
3419 3951 3459 4014 ³,
3491 3963 3622 4004 cum
3657 3949 3715 4002 in
3750 3950 3887 4019 ejus

2231 4039 2545 4103 conspectu
2573 4034 2664 4102 pio
2688 4037 3008 4102 sanctoque
3028 4045 3224 4084 amore
3254 4029 3567 4099 ﬁagramus
3597 4043 3610 4082 :
3651 4028 3702 4083 ei
3725 4027 3887 4084 dona

2230 4115 2360 4183 ejus
2390 4115 2447 4168 in
2481 4115 2672 4180 nobis,
2693 4129 2916 4184 nosque
2938 4112 3097 4181 ipsos
3116 4127 3414 4176 vovemus,
3446 4117 3502 4166 et
3532 4111 3884 4167 reddimus:

2231 4195 2280 4249 ei
2315 4193 2726 4248 beneﬁciorum
2760 4197 2886 4263 ejus
2908 4191 3379 4247 solemnitatibus
3409 4190 3569 4246 festis
3591 4196 3649 4245 et
3669 4191 3888 4246 diebus

2232 4274 2466 4330 statutis
2499 4275 2763 4328 dicamus
2813 4288 3231 4342 sacramusque
3273 4271 3627 4333 memoriam,
3671 4286 3746 4326 ne
3775 4287 3888 4326 vo-

2232 4355 2454 4410 lumine
2494 4359 2822 4424 temporum
2882 4355 3113 4425 ingrata
3169 4353 3449 4423 subrepat
3499 4350 3764 4406 oblivio:
3829 4352 3885 4407 ei

2232 4434 2631 4491 sacriﬁcamus
2665 4434 2916 4488 hostiam
2976 4432 3328 4488 humilitatis
3369 4437 3425 4487 et
3456 4430 3648 4486 laudis
3677 4431 3737 4485 in
3779 4448 3885 4487 ara

2233 4514 2424 4571 cordis
2454 4513 2587 4586 igne
2611 4513 2839 4568 fervidae
2857 4515 2878 4548 ³
2899 4512 3216 4568 charitatis.
3249 4511 3333 4566 Ad
3365 4510 3520 4565 hunc
3540 4510 3883 4579 videndum,

2233 4597 2385 4652 sicut
2415 4594 2594 4650 videri
2626 4598 2840 4665 potest,
2886 4592 3058 4664 eique
3115 4591 3549 4660 cohaerentium,
3599 4591 3672 4646 ab
3717 4592 3887 4647 omni

2234 4681 2602 4749 peccatorum
2651 4679 2709 4730 et
2767 4674 3158 4744 cupiditatum
3195 4671 3475 4726 malarum
3534 4671 3665 4727 labe
3705 4687 3886 4726 mun-

2234 4759 2463 4825 damur,
2495 4763 2553 4811 et
2582 4757 2708 4826 ejus
2741 4753 2975 4810 nomine
3003 4753 3026 4786 ³
3077 4767 3509 4807 consecramur.
3556 4751 3681 4821 Ipse
3719 4751 3886 4807 enim

2235 4839 2364 4894 fons
2381 4844 2593 4893 nostris
2617 4834 3012 4901 beatitudinis,
3038 4834 3164 4905 ipse
3186 4832 3375 4887 omnis
3393 4831 3770 4904 appetitionis
3799 4839 3893 4887 est

2235 4918 2387 4973 ﬁnis.
2414 4918 2576 4973 Hunc
2606 4915 2912 4988 eligentes,
2943 4915 3028 4968 vel
3063 4913 3260 4985 potius
3293 4912 3627 4982 religantes,
3661 4911 3892 4968 amise-

2234 5014 2435 5053 ramus
2486 4997 2640 5052 enim
2675 4995 3078 5066 negligentes:
3138 4993 3296 5049 hunc
3353 5008 3491 5063 ergo
3550 4991 3887 5061 religantes,

2233 5081 2388 5136 unde
2419 5083 2474 5135 et
2504 5078 2704 5149 religio
2737 5079 2888 5133 dicta
2927 5075 3263 5148 perhibetur
3291 5075 3394 5147 (a),
3438 5077 3507 5130 ad
3537 5089 3671 5130 eum
3700 5073 3891 5131 dilec-

2300 5272 2318 5307 ί
2348 5268 2528 5319 Nostri
2561 5279 2742 5318 omnes
2771 5265 2915 5321 Mss,
2946 5280 3072 5316 eum
3117 5263 3454 5315 suavissimo
3489 5263 3778 5313 adolemus
3808 5263 3898 5312 in-

2233 5349 2408 5384 censo.
2446 5333 2513 5382 M.

2297 5397 2318 5430 ²
2345 5396 2562 5457 Aliquot
2590 5393 2712 5457 Mss.
2743 5391 3043 5457 fervidam.
3074 5391 3137 5441 Et
3164 5390 3430 5446 nonnulli,
3459 5387 3732 5452 fervidae.

2299 5460 2321 5493 ³
2355 5455 2494 5507 Libri
2523 5456 2771 5520 quidam,
2789 5455 3027 5520 nomini.

2302 5523 2370 5579 (αι
2402 5515 2596 5577 Cicer—0,
2628 5519 2719 5566 lib.
2751 5519 2798 5577 2,
2829 5520 2893 5565 de
2922 5518 3033 5564 Nat.
3068 5517 3232 5574 deor,
3264 5529 3379 5578 cap.
3415 5515 3496 5579 28.
3527 5515 3838 5577 religionem
3863 5528 3896 5564 a

2235 5585 2513 5644 relegendo
2542 5583 2737 5630 dictam
2767 5582 2920 5644 putat
2951 5593 2962 5627 :
2999 5597 3018 5624 α
3052 5580 3150 5636 Qui
3182 5581 3380 5644 omnia,
3424 5598 3448 5621 »
3479 5578 3656 5644 inquit
3690 5599 3713 5644 «ξ
3751 5591 3894 5644 quae

2241 5662 2262 5691 ‹
2295 5642 2366 5694 ad
2391 5647 2594 5694 cultum
2619 5645 2733 5708 iDei
2776 5642 3117 5708 pertinerent,
3148 5642 3444 5708 diligenter
3481 5642 3891 5708 pertractarent.

2240 5728 2265 5754 α
2297 5711 2349 5759 et
2377 5709 2533 5772 quasi
2560 5703 2866 5769 relegerent.
2900 5708 3026 5756 sunt
3055 5705 3182 5756 dicti
3201 5704 3436 5767 religiosi
3453 5716 3522 5754 ex
3539 5703 3839 5765 relegendo.
3864 5721 3892 5748 »
