4128 6184
265 335 362 400 281

259 471 411 526 tione
434 468 750 536 tendimus,
786 470 850 523 ut
888 467 1277 540 perveniendo
1308 468 1689 540 quiescamus
1724 487 1737 526 :
1770 470 1900 528 ideo

263 549 424 617 beati,
459 550 594 622 quia
621 549 719 604 illo
745 549 857 604 ﬁne
881 551 1137 620 perfecti.
1160 550 1383 605 Bonum
1415 551 1571 606 enim
1608 559 1897 621 nostrum,

267 632 330 688 de
371 632 542 701 cujus
577 630 688 684 line
734 630 887 686 inter
925 630 1306 702 philosophos
1350 649 1556 700 magna
1608 635 1899 689 contentio

261 716 359 774 est.
395 709 622 764 nullum
656 713 741 765 est
797 709 974 774 aliud,
1034 726 1204 782 quam
1239 710 1318 764 illi
1366 712 1651 766 cohaerere
1681 728 1694 767 :
1729 715 1899 784 cujus

261 791 424 848 unius
453 790 1072 846 animaintellectualis
1095 792 1522 862 incorporeo,si
1548 793 1658 848 dici
1687 799 1894 863 potest,

259 871 548 944 amplexu,
581 872 727 926 veris
757 871 1034 939 impletur
1061 871 1530 944 fecundaturque
1561 873 1895 930 virtutibus.

253 957 362 1008 Hoc
393 955 612 1007 bonum
645 952 889 1022 diligere
914 952 972 1006 in
1004 957 1124 1007 toto
1156 954 1344 1019 corde,
1372 953 1429 1007 in
1464 959 1579 1007 tota
1610 953 1820 1020 anima,
1845 959 1902 1009 et

256 1036 465 1089 intota
522 1033 735 1086 virtute
767 1031 1160 1103 praecipimur.
1217 1033 1300 1087 Ad
1360 1033 1470 1088 hoc
1523 1033 1742 1088 bonum
1797 1036 1897 1089 de-

256 1114 475 1180 bemus,
518 1116 578 1168 et
618 1130 650 1166 a
681 1114 899 1182 quibus
930 1113 1224 1182 diligimur
1255 1113 1411 1180 duci,
1445 1118 1500 1168 et
1529 1130 1677 1184 quos
1708 1113 1897 1184 diligi-

256 1211 377 1251 mus
409 1196 643 1249 ducere.
678 1192 771 1248 Sic
811 1192 1178 1265 complentur
1227 1194 1342 1248 duo
1373 1192 1474 1248 illa
1507 1199 1806 1266 praecepta,
1834 1196 1894 1249 in

253 1276 460 1346 quibus
490 1280 605 1330 tota
646 1275 759 1330 Lex
809 1277 1018 1346 pendet
1071 1279 1126 1330 et
1160 1276 1453 1345 Propheta:
1487 1293 1500 1331 :
1534 1277 1744 1344 Diliges
1797 1279 1895 1332 Do-

254 1357 461 1410 minum
489 1356 656 1409 Deum
683 1362 839 1410 tuum
859 1357 917 1410 in
948 1361 1055 1411 toto
1070 1357 1230 1410 corde
1260 1365 1377 1425 tuo,
1398 1360 1452 1410 et
1483 1355 1541 1410 in
1574 1362 1685 1412 tota
1701 1359 1894 1413 anima

248 1440 355 1504 tua,
385 1441 440 1492 et
457 1435 517 1491 in.
545 1440 658 1491 tata
678 1445 857 1490 mente
885 1440 980 1490 tua
1000 1452 1022 1496 ;
1057 1442 1135 1504 et,
1172 1436 1373 1506 Diliges
1399 1439 1714 1508 proximum
1736 1443 1890 1493 tuum

244 1525 513 1588 tanquam
533 1527 583 1571 te
603 1518 778 1587 ipsum
803 1516 1012 1588 (Matth.
1034 1533 1174 1582 χχιι,
1199 1517 1404 1585 37-40).
1438 1516 1511 1572 Ut
1530 1518 1687 1573 enim
1720 1518 1892 1574 homo

247 1613 366 1654 sese
389 1598 636 1669 diligere
662 1602 881 1663 nosset,
914 1591 1272 1653 constitutus
1292 1605 1380 1653 est
1409 1600 1459 1652 ei
1493 1599 1626 1654 ﬁnis
1657 1617 1773 1670 quo
1806 1616 1889 1654 re-

245 1678 416 1733 ferret
443 1677 642 1733 omnia
674 1693 797 1748 qum
817 1683 1033 1748 ageret,
1060 1682 1122 1733 ut
1153 1679 1357 1733 beatus
1389 1684 1562 1733 esset.
1585 1679 1708 1734 Non
1733 1680 1888 1735 enim

243 1758 333 1828 qui
365 1774 434 1814 se
490 1758 700 1830 diligit,
760 1757 920 1812 aliud
977 1774 1103 1813 esse
1145 1758 1268 1814 vult
1318 1775 1491 1830 quam
1529 1760 1750 1815 beatus.
1785 1760 1888 1815 Hic

241 1844 436 1895 autem
481 1840 615 1894 ﬁnis
646 1843 734 1894 est
763 1840 1056 1896 adhaerere
1077 1840 1192 1896 Deo
1225 1840 1397 1912 (Psal.
1422 1858 1594 1909 Lxxn,
1625 1842 1733 1912 28).
1754 1841 1887 1897 Jam

233 1919 411 1992 igitur
444 1922 649 1977 scienti
683 1921 922 1993 diligere
948 1938 1009 1977 se
1040 1923 1260 1993 ipsum,
1294 1939 1424 1978 cum
1470 1926 1787 1978 mandatur
1817 1923 1889 1977 de

237 2002 500 2070 proximo
528 2000 825 2072 diligendo
857 2001 1009 2056 sicut
1027 2018 1089 2057 se
1110 2001 1329 2071 ipsum,
1363 2002 1499 2074 quid
1535 2002 1697 2057 aliud
1727 2018 1890 2056 man-

240 2079 433 2148 datur,
459 2080 659 2135 nisiut
690 2081 766 2148 ei,
799 2089 1084 2150 quantum
1119 2085 1326 2152 potest,
1362 2082 1730 2136 commendet
1760 2081 1890 2135 dili-

233 2161 494 2231 gendum
555 2161 739 2216 Deum
773 2161 844 2232 (a)
872 2162 900 2214 ?
957 2161 1061 2216 Hic
1094 2166 1182 2216 est
1216 2162 1311 2216 Dei
1344 2163 1559 2228 cultus,
1602 2163 1722 2216 ham
1754 2178 1891 2216 vera

209 2240 465 2312 religio,
499 2239 621 2295 hec
653 2245 814 2294 recta
846 2240 1049 2311 pietas,
1099 2240 1220 2296 haec
1243 2246 1471 2296 tantum
1523 2241 1639 2296 Deo
1695 2241 1892 2296 debita

232 2322 511 2374 servitus.
565 2318 957 2389 Quaecumque
1004 2320 1182 2390 igitur
1225 2320 1576 2374 immortalis
1635 2323 1891 2389 potestas

228 2398 610 2470 quantalibet
660 2399 867 2453 virtute
924 2399 1187 2470 prmdita,
1233 2401 1284 2455 si
1342 2417 1449 2456 nos
1507 2399 1695 2471 diligit
1742 2400 1893 2455 sicut

223 2495 291 2534 se
325 2479 545 2548 ipsam,
580 2477 632 2534 ei
689 2478 813 2533 vult
869 2494 997 2533 esse
1035 2480 1323 2548 subditos,
1366 2485 1430 2535 ut
1468 2481 1622 2535 beati
1678 2481 1888 2546 simus,

220 2558 318 2613 cui
369 2563 432 2612 et
475 2558 602 2629 ipsa
660 2559 897 2614 subdita
957 2560 1124 2615 beata
1179 2565 1268 2615 est
1323 2562 1421 2630 (ὁ).
1467 2561 1523 2616 Si
1594 2576 1729 2632 ergo
1774 2577 1890 2616 non

225 2636 368 2692 colit
425 2640 632 2698 Deum.
683 2641 893 2693 misera
944 2643 1053 2704 est,
1122 2639 1258 2710 quia
1304 2640 1418 2695 Deo
1479 2639 1780 2710 privatur:
1840 2638 1890 2693 si

223 2721 430 2773 autem
491 2716 629 2770 colit
669 2716 877 2782 Deum,
913 2734 1027 2772 non
1077 2718 1201 2772 vult
1255 2734 1318 2772 se
1347 2719 1455 2773 coli
1490 2735 1592 2790 pro
1626 2719 1759 2774 Deo.
1797 2719 1890 2773 Illi

232 2797 392 2853 enim
426 2796 620 2867 potius
652 2797 863 2852 divinae
894 2797 1200 2852 sententiis
1222 2798 1594 2868 suffragatur,
1629 2804 1687 2852 et
1708 2798 1886 2853 dilec-

229 2878 406 2932 tionis
437 2876 658 2931 viribus
692 2877 863 2943 favet,
914 2894 1028 2947 qua
1070 2877 1357 2948 scriptum
1390 2886 1474 2932 est
1505 2893 1518 2933 :
1556 2877 1888 2946 Sacriﬁcans

230 2955 340 3012 diis
374 2956 769 3023 eradicabitur,
803 2958 916 3012 nisi
954 2957 1181 3012 Domina
1229 2957 1336 3012 soli
1372 2957 1563 3028 (Exod.
1599 2974 1737 3025 xxii,
1764 2957 1879 3029 20).

226 3092 461 3149 CAPUT
487 3091 579 3147 ιν.
600 3123 664 3134 -
681 3091 834 3160 Quod
850 3094 948 3147 uni
966 3107 1090 3148 vero
1107 3094 1213 3149 Deo
1233 3092 1572 3162 sacriﬁcium
1601 3091 1881 3148 debeatur.

297 3201 472 3268 Nam,
503 3204 570 3256 ut
601 3200 716 3256 alia
751 3218 906 3256 nunc
941 3209 1186 3266 taceam,
1221 3217 1344 3272 quae
1380 3200 1669 3270 pertinent
1696 3200 1767 3254 ad
1796 3215 1884 3254 re-

229 3281 464 3353 ligionis
497 3282 870 3353 obsequium,
895 3299 1009 3353 quo
1049 3282 1259 3336 colitur
1280 3281 1434 3336 Deus
1467 3299 1483 3351 ;
1537 3279 1885 3335 sacriﬁcium

229 3371 381 3419 certe
415 3363 621 3419 nullus
680 3363 984 3419 hominum
1027 3367 1117 3419 est
1161 3364 1256 3435 qui
1305 3363 1518 3418 audeat
1566 3362 1756 3416 dicere
1786 3361 1885 3414 de-

229 3443 366 3512 beri,
406 3444 524 3500 nisi
579 3449 690 3500 Deo
733 3443 773 3500 ί.
810 3443 993 3499 Multa
1049 3444 1301 3514 denique
1354 3445 1423 3498 de
1483 3441 1637 3496 cultu
1691 3441 1886 3495 divino

229 3531 512 3593 usurpata
571 3530 728 3593 sunt,
778 3541 906 3595 quas
970 3523 1289 3580 honoribus
1366 3524 1724 3578 deferrentur
1780 3521 1888 3574 hu-

228 3607 437 3672 manis,
480 3606 606 3661 sive
640 3607 973 3661 humilitate
1004 3605 1207 3671 nimia,
1242 3605 1359 3659 sive
1391 3602 1728 3658 adulatione
1756 3616 1887 3672 pes-

227 3685 388 3741 tifera
422 3704 438 3755 ;
494 3689 576 3742 ita
631 3691 825 3742 tamen
855 3691 920 3740 ut
951 3685 1168 3757 quibus
1198 3701 1266 3739 ea
1300 3684 1681 3746 deferrentur,
1709 3680 1888 3734 homi-

229 3781 327 3821 nes
356 3767 742 3828 haberentur.
767 3766 866 3837 qui
898 3764 1176 3820 dicuntur
1205 3763 1429 3818 colendi
1460 3770 1511 3815 et
1537 3760 1884 3826 venerandi;

231 3849 275 3904 si
307 3858 514 3907 autem
567 3851 652 3904 eis
685 3849 933 3904 multum
991 3848 1244 3914 additur,
1278 3856 1330 3901 et
1385 3845 1664 3901 adorandi
1696 3860 1709 3898 :
1753 3843 1885 3914 quis

231 3947 354 3988 vero
409 3931 878 3988 sacriﬁcandum
937 3930 1190 3997 censuit,
1222 3927 1335 3983 nisi
1389 3930 1440 3982 ei
1473 3943 1647 3998 quem
1703 3931 1885 3981 Deum

231 4018 325 4068 aut
355 4011 554 4078 scivit,
619 4016 720 4067 aut
781 4009 1020 4082 putavit,
1073 4013 1172 4063 aut
1234 4006 1439 4062 ﬁnxit?
1479 4009 1656 4072 Quam
1716 4022 1885 4079 porro

234 4094 521 4165 antiquus
577 4091 650 4147 sit
707 4092 765 4146 in
815 4089 1202 4145 sacriﬁcando
1262 4088 1361 4144 Dei
1407 4087 1616 4154 cultus,
1648 4088 1760 4142 duo
1802 4086 1885 4141 illi

234 4173 437 4229 fratres
475 4171 618 4228 Cain
673 4175 729 4226 et
759 4171 898 4226 Abel
947 4171 1092 4226 satis
1120 4167 1402 4238 indicant,
1462 4183 1711 4238 quorum
1771 4184 1888 4222 ma-

227 4251 365 4321 joris
424 4257 584 4307 Deus
659 4250 982 4323 reprobavit
1055 4247 1429 4314 sacriﬁcium,
1480 4247 1724 4303 minoris
1799 4265 1887 4304 as-

231 4334 380 4403 pexit
411 4333 514 4407 (c).

230 4461 459 4522 CAPUT
500 4465 566 4521 V.
599 4496 668 4507 —
716 4467 792 4521 De
818 4463 1106 4535 sacriﬁciis
1145 4479 1266 4537 qum
1298 4465 1435 4521 Deus
1470 4480 1579 4520 non
1626 4464 1884 4537 requirit,

294 4547 384 4601 sed
413 4545 494 4602 ad
533 4546 997 4619 signiﬁcationem
1026 4561 1216 4601 eorum
1267 4545 1546 4602 observari
1574 4547 1745 4602 voluit
1765 4558 1889 4618 quae

299 4629 567 4700 requirit.

298 4742 444 4806 Quis
498 4746 693 4799 autem
741 4742 822 4798 ita
865 4742 1132 4814 desipiat,
1165 4747 1229 4797 ut
1273 4743 1568 4798 existimet
1595 4741 1888 4812 aliquibus

238 4825 436 4882 usibus
468 4825 573 4883 Dei
613 4842 738 4882 esse
791 4825 1118 4882 necessaria
1157 4841 1285 4895 quae
1317 4826 1377 4880 in
1410 4823 1713 4880 sacriﬁciis
1745 4824 1889 4878 otl‘e-

238 4908 495 4962 runtur?
543 4907 701 4972 Quod
750 4922 881 4962 cum
927 4905 1129 4960 multis
1189 4903 1334 4960 locis
1363 4903 1558 4958 divina
1596 4902 1890 4974 Scriptura

240 4989 506 5054 testetur,
533 5003 605 5042 ne
625 4987 868 5058 longum
901 4987 1207 5054 faciamus,
1235 4985 1409 5042 breve
1442 4983 1584 5039 illud
1628 4986 1698 5039 de
1726 4984 1887 5039 Psal-

236 5078 322 5122 mo
368 5082 832 5124 commemorare
869 5065 1160 5124 suffecerit
1202 5082 1216 5122 :
1264 5067 1396 5122 Dixi
1451 5066 1707 5134 Domino,
1753 5065 1891 5121 Deus

234 5203 299 5268 At
325 5205 657 5259 Lactantius.
689 5205 1094 5256 Institutionum
1119 5204 1215 5255 lib.
1243 5206 1290 5260 4.
1310 5218 1422 5268 cap.
1453 5203 1534 5263 28,
1556 5218 1596 5268 a7
1617 5205 1891 5266 religando

232 5265 540 5379 rczligipgem
571 5268 780 5380 rgat/ult
806 5281 920 5318 esse
946 5267 1294 5317 nominatam.
1319 5265 1435 5316 Vi‘d.
1454 5269 1545 5316 lib.
1581 5267 1603 5315 1
1636 5265 1887 5318 Retract..

299 5345 346 5380 ι).
449 5369 462 5380 .
497 5345 550 5380 ιι.
622 5369 634 5380 .

239 5341 346 5383 cap.
383 5341 462 5383 13.
497 5345 550 5381 ιι.
586 5341 634 5380 9.

291 5364 296 5375 .
336 5369 346 5378 .
383 5345 421 5378 ιν
449 5369 462 5383 .
539 5369 550 5381 .
622 5369 634 5380 .

291 5345 648 5448 ρΕάῗιίῘιηίἷὶ
687 5394 797 5442 Deo
826 5394 950 5449 (vel,
983 5392 1244 5454 Domino)
1285 5391 1411 5440 soli.
1460 5392 1553 5441 Hic
1585 5405 1708 5449 vox,
1759 5391 1886 5453 soli,

234 5465 336 5503 non
365 5459 452 5505 est
482 5457 538 5504 in
569 5456 968 5518 manuscriptis.

293 5519 367 5580 (a)
397 5519 501 5566 Vid
551 5521 704 5580 epist.
743 5519 847 5572 155.
881 5532 932 5569 n.
967 5517 1022 5564 11
1055 5517 1316 5579 imprimis
1345 5519 1569 5580 et_s_eqq.

293 5579 360 5641 ib)
395 5580 548 5630 Cont.
579 5578 674 5631 lib.
710 5582 732 5629 1
765 5583 829 5630 de
858 5581 1032 5630 Doctr.
1064 5578 1240 5628 Christ
1266 5615 1278 5633 .
1310 5593 1361 5627 n.
1399 5578 1478 5630 30.

239 5643 363 5752 et(6c)
391 5642 544 5695 Cont.
575 5645 725 5708 epist.
762 5643 866 5700 102,
899 5657 954 5692 ιι.
994 5642 1068 5701 17,
1097 5642 1301 5706 quaest.
1325 5641 1372 5702 3,
1403 5643 1456 5692 et
1497 5656 1644 5707 capp.
1683 5656 1825 5705 seqq.
1857 5641 1888 5690 5

1625 337 1864 400 LIBER
1907 342 2271 408 DECIMUS.

2007 493 2162 534 meus
2208 497 2263 536 es
2295 487 2352 538 tu
2370 500 2392 546 ,ο

2005 720 2239 818 quidem
2264 725 2508 818 justitia
2528 731 2781 792 hominis
2812 720 2962 798 De‘us
2993 763 3159 818 egere
3190 720 3626 814 ciet-113351122;

2006 800 2312 906 t‘qtumquc
2356 810 2509 906 quod
2555 821 2706 906 recte
2761 820 2969 877 colitur
3016 800 3188 895 Deus,
3235 800 3650 906 ὴοωῖιῖἶ”ρῖιῖξῖ

2003 877 2209 987 gaesa
2244 900 2366 987 non!
2415 888 2785 987 Deo.‘Neque
2833 903 2988 958 enirn
3041 877 3188 962 fonti
3236 928 3301 966 se
3333 877 3648 987 quisqttiam

2003 957 2214 1057 dixerit
2242 967 2598 1057 prof-uisse},
2633 977 2681 1030 si
2723 980 2935 1037 biberit
2971 1010 2984 1052 ς
3029 997 3124 1042 aut
3156 988 3295 1057 luci,
3326 957 3646 1054 ἔιᾝᾶἓῖίῖ

2004 1043 2113 1140 ΙΪθο
2145 1047 2400 1140 quodab
2429 1053 2690 1140 antiquis
2724 1043 2986 1129 patribus
3019 1070 3158 1124 talia
3188 1073 3208 1105 ²
3239 1043 3644 1135 εᾷᾦψξξῷί

2128 1133 2270 1230 Isnumut
2301 1131 2355 1184 in
2388 1135 2963 1230 vicntim‘isnpecorum,
2998 1167 3124 1221 quae
3157 1170 3310 1210 nunc
3335 1129 3430 1212 Dei
3448 1129 3651 1230 ᾑρδριῖ-

2002 1202 2286 1302 lus-legit,
2319 1227 2430 1267 non
2465 1202 2680 1302 facit},
2727 1222 2886 1279 aliud
2917 1202 3647 1302 ihtelligenduvniestivhisi

2004 1285 2320 1388 rebusLillis
2353 1307 2448 1388 eas
2481 1312 2573 1388 res
2607 1299 2783 1358 fuisse
2815 1285 3200 1379 signiﬁcatita,
3235 1331 3360 1384 qua:

2001 1368 2060 1460 i‘n
2087 1368 2274 1460 nobis,
2309 1374 2378 1426 ad
2407 1375 2511 1431 hoc
2535 1379 2562 1460 7‘
2597 1386 2659 1436 ut
2707 1368 3096 1447 inhaereamus
3127 1368 3269 1460 Deo:

1999 1447 2338 1554 dpzﬂﬁnem
2382 1459 2642 1554 prpitimo
2686 1469 3083 1529 consulamus.
3118 1447 3476 1534 Sacriﬁcium
3510 1497 3644 1554 ergo
3673 1505 3687 1546 ._-‘

1997 1529 2222 1585 visibile
2279 1536 2589 1623 invisibilis
2651 1546 2924 1605 sacriﬁcii
2982 1529 3682 1626 sacramentum—idne;

2263 1630 2514 1708 Signum,
2540 1627 2646 1676 est.
2684 1624 2843 1708 Unde
2872 1629 2969 1686 ille
3002 1637 3288 1703 paenitens
3329 1624 3479 1707 apud
3516 1657 3643 1708 pro-
3683 1650 3686 1653 ’

1999 1688 2252 1789 pqhetam,
2286 1693 2370 1749 vel
2403 1698 2526 1768 ipse
2553 1704 2835 1789 propheta
2867 1688 3133 1779 quaerens
3174 1688 3644 1789 ῡᾷἷιαῖᾝθῖεέέιῖε

1997 1771 2121 1862 suis
2157 1771 2368 1871 habere
2402 1782 2710 1871 propitium
2748 1802 2760 1840 :
2795 1787 2858 1842 Si
2880 1771 3169 1861 uoluisses,
3205 1771 3412 1868 inquit:
3437 1801 3644 1871 sacriﬁ-

1993 1856 2466 1944 qiumhdedissem
2492 1867 2677 1935 utique
2706 1887 2726 1932 ,°
2766 1871 3098 1932 holocaustis
3127 1856 3238 1933 non
3269 1856 3642 1938 deletitaberis.

1995 1933 2350 2005 Sacriﬁcium
2386 1943 2488 1996 Deo
2531 1933 2762 2014 spiritus
2801 1957 3199 2012 contribulatus
3233 1977 3252 2020 :

1995 2021 2207 2110 ειέῖηιΔ
2248 2020 2612 2110 humiliatum
2661 2032 2809 2085 Deus
2864 2049 2972 2089 non
3018 2044 3242 2106 spernet
3263 2043 3340 2109 (a)
3388 2042 3557 2110 (Psat.
3592 2059 3641 2105 L.

1997 2094 2224 2178 18,_19).
2261 2100 2596 2158 lntueamur
2645 2094 3131 2178 quemadmodum
3168 2094 3647 2176 ubi‘D’edmrdix—it

1999 2176 2154 2266 nolle
2196 2181 2572 2266 sacriﬁcium,
2608 2176 2687 2241 ibi
2736 2189 2917 2247 Deum
2959 2199 3214 2252 ostendit
3239 2200 3387 2255 velle
3429 2202 3649 2255 sacriﬁ-

1998 2258 2174 2350 cium.
2199 2258 2320 2350 lion
2355 2262 2478 2350 vult
2505 2281 2642 2350 ergo
2685 2271 3040 2329 sacrificium
3081 2278 3356 2332 trucidati
3404 2279 3648 2350 pecoris,

1998 2336 2100 2389 sed
2133 2337 2638 2429 vult‘sac‘riﬁcium
2664 2352 2898 2429 contriti
2930 2355 3141 2410 cordis.
3167 2356 3270 2412 Illo
3294 2336 3469 2429 igithr
3499 2336 3653 2429 quod

1998 2429 2132 2506 eum
2187 2415 2530 2506 nolledicit,
2565 2422 3081 2506 hocwsigniticatur
3136 2436 3288 2504 quod
3315 2415 3467 2491 bum
3507 2415 3652 2492 velle

2000 2496 2265 2587 subjecit.
2301 2497 2394 2554 Sic
2426 2500 2738 2587 itaqueilla
2773 2496 2949 2564 Deum
2984 2513 3136 2570 nolle
3153 2496 3324 2581 dixit,
3357 2518 3650 2587 quomodo

1998 2576 2298 2668 aii-stultis
2328 2595 2394 2635 ea
2420 2582 2566 2668 velle
2588 2587 2862 2657 creditur,
2887 2591 3042 2648 velut
3089 2611 3209 2650 sua:
3239 2576 3424 2668 gratia
3456 2598 3656 2667 volup-

1997 2655 2155 2711 tatis.
2190 2657 2335 2748 Natn
2385 2662 2434 2716 si
2472 2679 2534 2718 ea
2585 2655 2870 2748 sacriﬁcia
2900 2689 3025 2742 quia
3065 2676 3207 2740 vult,
3239 2655 3506 2748 “quorum
3539 2655 3644 2733 bdc

2000 2745 2318 2829 unumnest,
2351 2759 2450 2829 cor
2474 2747 2791 2829 contritum
2815 2757 2869 2805 et
2893 2745 3499 2814 humiliatumdolore
3531 2774 3647 2829 pce-

1998 2820 2240 2909 uitandi,
2273 2821 2872 2909 nolleteissacriﬁciis
2902 2832 2923 2866 ⁸
2949 2833 3287 2906 signiﬁcari,
3319 2855 3446 2909 qua
3485 2820 3646 2894 velut

1995 2898 2503 2991 sibidelectabilia
2518 2907 2857 2991 desiderare
2888 2898 3127 2984 putatus
3155 2898 3414 2986 est,'n.on
3441 2919 3644 2991 utique

1995 2979 2066 3071 de
2111 2979 2199 3035 his
2256 2984 2562 3071 efferendis
2599 2987 2659 3043 in
2700 2990 2845 3062 Lege
2889 2979 3095 3052 vetere
3148 2979 3644 3070 praicepissetht

1993 3060 2122 3115 ideo
2155 3064 2630 3151 mutanda_erant
2664 3060 2992 3143 cppbrtuno
3024 3060 3297 3151 certoque
3337 3060 3464 3151 :jarn
3500 3088 3644 3135 tem-

1995 3155 2155 3211 pore,
2178 3143 2401 3232 .neipsi
2432 3146 2548 3202 Deo
2581 3150 3009 3224 desiderabilia,
3045 3160 3131 3213 vel
3177 3143 3360 3214 certe-
3383 3161 3441 3214 in
3475 3159 3643 3216 nobis
3685 3217 3694 3225 _

1995 3223 2474 3307 acceptabilia,ac
2498 3244 2613 3284 non
2637 3232 2826 3300 potius
2849 3252 2975 3305 quae
2999 3223 3091 3292 his
3119 3239 3448 3307 signiﬁcata
3479 3246 3638 3306 sunt,

1995 3301 2389 3391 crederentur.
2424 3305 2569 3391 hinc
2599 3315 2654 3363 et
2687 3311 2800 3367 alio
2849 3301 2970 3371 loco
3002 3301 3212 3387 psalmi
3258 3320 3502 3375 alterius
3534 3334 3547 3374 :
3582 3301 3643 3374 Si

1994 3383 2259 3446 esuriem,
2293 3383 2503 3454 inquit,
2537 3404 2644 3442 non
2678 3383 3181 3456 dicamtibifmeus
3210 3410 3289 3454 est
3319 3402 3470 3454 enim
3502 3401 3646 3455 orbis

1996 3465 2177 3544 terra,
2211 3469 2261 3515 et
2286 3465 2573 3532 plenitudo
2605 3471 2742 3533 eius.
2776 3475 3051 3544 Numquid
3087 3479 3426 3534 manducabo
3448 3496 3644 3534 carnes

1996 3541 2414 3626 tuurorumﬁut
2434 3547 2758 3616 sanguinem
2777 3541 3050 3607 hircorum
3072 3559 3264 3624 potabo
3291 3557 3468 3626 (Psal.
3485 3575 3640 3624 xux,

2000 3616 2066 3669 12
2093 3620 2143 3705 et
2177 3618 2610 3694 i3)?tanquam
2645 3627 2880 3682 diceret.
2917 3616 3120 3702 Utique
3157 3634 3201 3686 si
3246 3616 3392 3688 mihi
3445 3616 3645 3690 neces-'-

1998 3706 2392 3784 saria‘essent,
2430 3720 2540 3784 non
2573 3723 2604 3758 a
2657 3713 2712 3762 te
2746 3715 3021 3778 peterem,
3055 3727 3180 3782 quas
3230 3714 3414 3769 habeo
3446 3714 3505 3768 in
3540 3732 3642 3784 po-

1998 3781 2228 3864 testate.
2275 3777 2495 3864 Deinde
2536 3785 2902 3857 subjungens
2947 3777 3089 3860 quid
3120 3793 3222 3847 illa
3251 3777 3586 3864 signiﬁcent
3623 3816 3637 3854 :

1999 3857 2248 3923 Immola,
2283 3859 2493 3931 inquit,
2523 3865 2628 3920 Deo
2657 3857 2996 3938 sacriﬁcium
3035 3871 3236 3938 laudis,
3269 3857 3340 3928 εἶ
3361 3875 3519 3931 redde
3547 3881 3640 3935 Al-

1998 3940 2208 4029 tissimo
2240 3945 2363 3997 vota
2392 3953 2505 3999 tua.
2529 3947 2596 4029 Et
2620 3949 2811 4029 invoca
2835 3966 2920 4004 me
2952 3950 3010 4006 in
3040 3952 3130 4007 die
3159 3954 3556 4029 tribulationis,
3590 3967 3641 4017 et

1997 4021 2256 4107 eximant
2290 4031 2362 4091 te,
2395 4029 2448 4079 et
2494 4027 2830 4097 gloriﬁcabis
2879 4047 2966 4087 me
3014 4032 3194 4103 (Ibid,
3231 4033 3462 4107 14,15).
3498 4021 3641 4097 Item

1998 4103 2361 4189 apudalium
2397 4113 2737 4180 prophetam
2779 4127 2792 4165 :
2827 4114 2891 4167 In
2937 4129 3060 4186 quo,
3096 4115 3305 4187 inquit,
3330 4103 3645 4189 apprehen-

1997 4184 2124 4239 dam
2155 4186 2464 4254 Dominum,
2499 4206 2771 4245 assumam
2802 4184 2971 4250 Deum
3005 4184 3193 4250 meum
3215 4184 3488 4255 excelsum
3517 4206 3544 4256 .9
3580 4203 3646 4259 Si

1998 4263 2404 4334 apprehendam
2434 4268 2601 4324 illum
2645 4272 2704 4325 in
2750 4271 3103 4340 holocaustis,
3139 4272 3196 4328 in
3255 4277 3448 4333 vitulis
3477 4285 3642 4337 anni-

1998 4344 2146 4432 culis
2169 4348 2196 4398 ?
2221 4347 2273 4432 si
2304 4354 2673 4432 acceptaverit
2702 4354 2965 4410 Dominus
3004 4354 3065 4409 in
3095 4354 3351 4414 millibus
3380 4361 3641 4432 arietum,

1999 4431 2096 4479 aut
2126 4429 2186 4480 in
2213 4428 2366 4483 denis
2396 4430 2643 4487 millibus
2672 4434 2956 4491 hircorum
2987 4435 3325 4508 pinguium?
3360 4443 3411 4496 si
3454 4428 3647 4501 dedero

1997 4510 2368 4598 primogenita
2397 4529 2517 4570 mea
2558 4531 2656 4586 pro
2685 4517 2966 4588 impietate
3014 4537 3134 4576 mea
3161 4521 3203 4588 ⁸,
3235 4524 3481 4592 fructum
3512 4543 3646 4581 ven-

1999 4590 2104 4644 tris
2123 4590 2234 4645 mei
2259 4609 2360 4662 pro
2388 4600 2607 4665 peccato
2639 4601 2844 4654 animae
2867 4617 2998 4656 mea
3018 4604 3046 4655 ?
3073 4601 3124 4656 si
3143 4590 3539 4661 annuntiatum
3568 4617 3648 4663 est

2000 4671 2124 4736 tibi,
2155 4671 2332 4740 homo,
2369 4677 2590 4743 bonum,
2622 4687 2717 4734 aut
2751 4681 2883 4750 quid
2932 4683 3192 4737 Dominus
3232 4687 3487 4756 exquirat
3511 4705 3546 4741 a
3573 4692 3646 4754 te,

1999 4759 2112 4815 nisi
2164 4762 2350 4826 facere
2396 4759 2680 4829 judicium
2707 4760 2749 4826 ⁷,
2782 4767 2835 4814 et
2890 4761 3126 4832 diligere
3182 4764 3646 4832 misericordiam,

2000 4847 2052 4896 et
2079 4849 2334 4908 paratum
2362 4854 2478 4892 esse
2506 4838 2590 4892 ire
2619 4853 2742 4891 cum
2765 4830 2989 4891 Domino
3020 4840 3122 4893 Deo
3151 4846 3243 4894 tuo
3290 4842 3548 4909 (Michzm
3569 4830 3644 4911 vi,

2001 4921 2169 4992 6.8)?
2234 4921 2303 4973 Et
2362 4918 2422 4972 in
2490 4917 2668 4986 hujus
2727 4917 3020 4987 praphetae
3087 4918 3278 4974 verbis
3338 4926 3647 4993 utrumque

2066 5078 2082 5111 1
2115 5073 2307 5122 Omnes
2335 5072 2476 5130 Mss,
2509 5070 2873 5122 consuluisse.

2064 5136 2086 5170 ²
2113 5136 2477 5197 Manuscripti.
2508 5135 2646 5183 alia.

2063 5201 2083 5234 ³
2110 5200 2262 5247 Vind.
2294 5201 2411 5246 Am.
2443 5199 2524 5247 Er.
2551 5198 2796 5261 populus
2829 5198 3074 5260 legitime
3104 5216 3214 5250 non
3247 5205 3406 5262 facit.

2065 5262 2086 5296 ι
2113 5263 2258 5319 Lov.,
2299 5263 2371 5310 ad
2418 5262 2512 5311 hoc
2561 5270 2801 5310 tantum.
2825 5262 3001 5320 Abest,
3061 5271 3303 5322 tantum,
3353 5279 3386 5314 a
3426 5267 3648 5318 caeteris

2001 5326 2301 5453 “Time.
2328 5388 2485 5453 Mss:._
2509 5387 2586 5436 eis
2617 5387 2724 5436 sibi
2753 5389 3058 5453 sacriﬁciis.

2065 5451 2086 5484 ⁶
2116 5451 2224 5559 Νοέι
2252 5450 2406 5511 pauci
2437 5451 2581 5511 Mss.,
2621 5450 3002 5513 primogenita.
3048 5451 3356 5512 impietatis
3384 5469 3404 5513 ,-
3430 5453 3647 5518 omisso,

2065 5529 2120 5559 ’O.
2151 5527 2180 5559 Θ
2210 5550 2220 5559 .
2254 5527 2390 5558 τηεα.

2456 5576 2686 5648 additur,
2737 5584 2785 5624 et
2824 5576 3148 5648 justitiam;
3176 5579 3319 5639 quod
3363 5579 3450 5631 hic
3477 5593 3511 5631 a
3537 5595 3649 5635 cae-

2001 5639 2128 5690 teris
2155 5636 2307 5687 libris
2336 5640 2389 5686 et
2417 5651 2450 5686 a
2478 5636 2749 5702 Scriptura
2773 5652 2923 5689 sacra
2951 5640 3119 5691 abest.

2061 5701 2134 5766 (α)
2168 5702 2378 5760 Graece,
2410 5701 2520 5752 ouk
2547 5701 2924 5752 excudendsei.
