4158 6192
447 295 564 355 283

447 426 797 482 distinctum
865 425 973 492 est,
1041 422 1297 493 satisque
1346 419 1721 489 declaratum,
1757 421 1860 477 illa
1912 423 2090 477 sacri-

445 507 579 563 ﬁcia
641 523 744 577 per
809 521 870 559 se
930 505 1056 575 ipsa
1124 519 1238 558 non
1326 502 1620 573 requirere
1696 508 1895 568 Deum,
1960 504 2090 574 qui-

445 587 552 642 bus
617 585 1024 657 signiﬁcantur
1110 583 1231 637 haec
1299 581 1582 636 sacriﬁcia
1657 601 1783 655 quae
1853 584 2095 653 requirit

443 664 616 720 Deus.
679 665 741 720 In
787 665 1039 734 Epistola
1114 679 1241 733 quae
1296 663 1634 719 inscribitur
1697 665 1766 718 ad
1824 665 2091 720 Hebraeos

444 744 544 815 (a),
591 747 734 800 Bene
799 747 1002 811 facere,
1056 743 1269 813 inquit,
1329 751 1381 799 et
1437 746 1930 800 communicatores
1977 762 2091 802 esse

442 826 617 881 nolite
674 825 925 882 oblivisci
972 841 990 876 :
1033 825 1238 878 talibus
1292 827 1441 880 enim
1499 825 1794 895 sacriﬁciis
1843 827 2092 896 placetur

443 908 552 963 Deo
583 905 820 975 1(Ilebr.
862 922 984 970 xm,
1018 905 1126 976 16).
1160 908 1237 960 Ac
1269 923 1370 977 per
1402 908 1509 962 hoc
1541 907 1635 962 ubi
1660 906 1942 973 scriptum
1975 912 2088 972 est,

443 986 873 1042 Misericordiam
902 985 1020 1041 volo
1059 985 1081 1020 ²
1123 1003 1294 1058 quam
1323 988 1659 1058 sacriﬁcium
1692 988 1860 1058 (Osea'.
1888 1005 1959 1054 νι,
1992 989 2045 1060 6)
2072 1006 2086 1057 ;

444 1065 590 1122 nihil
651 1065 815 1120 aliud
847 1082 1022 1136 quam
1064 1066 1349 1122 sacriﬁcio
1399 1067 1750 1123 sacriﬁcium
1787 1067 2086 1138 praelatum

444 1151 672 1217 oportet
701 1145 946 1217 intelligi
980 1162 992 1200 :
1029 1149 1301 1216 quoniam
1337 1148 1481 1202 illud
1515 1150 1664 1218 quod
1701 1149 1771 1202 ab
1812 1149 2088 1204 omnibus

443 1226 771 1297 appellatur
826 1227 1196 1296 sacriﬁcium,
1229 1227 1463 1300 signum
1505 1234 1594 1284 est
1636 1230 1751 1283 veri
1792 1227 2084 1284 sacriﬁcii.

444 1306 618 1363 Porro
660 1312 849 1363 autem
877 1307 1277 1364 misericordia
1321 1325 1520 1364 verum
1571 1309 1916 1364 sacriﬁcium
1950 1314 2038 1363 est
2071 1326 2084 1364 :

441 1391 596 1445 unde
626 1389 843 1446 dictum
889 1394 973 1445 est
1027 1392 1182 1461 quod
1217 1390 1389 1462 paulo
1435 1397 1568 1448 ante
1609 1392 2084 1460 commemoravi,

443 1469 660 1524 Talibus
707 1472 855 1525 enim
901 1470 1193 1540 sacriﬁciis
1239 1472 1488 1542 placetur
1545 1474 1666 1528 Deo.
1699 1472 2088 1543 Quaecumque

440 1551 694 1624 igiturin
729 1553 1050 1607 ministerio
1084 1553 1439 1608 tabernaculi
1477 1554 1596 1609 sive
1641 1553 1842 1625 templi
1884 1555 2086 1608 multis

439 1632 630 1686 modis
660 1634 728 1686 de
777 1631 1082 1688 sacriﬁciis
1141 1632 1414 1702 leguntur
1453 1633 1735 1688 divinitus
1784 1650 1910 1688 esse
1944 1651 2084 1701 prte-

438 1716 622 1780 cepta,
660 1712 729 1766 ad
769 1711 1137 1768 dilectionem
1185 1712 1284 1768 Dei
1335 1718 1390 1767 et
1448 1713 1695 1785 proximi
1751 1714 2084 1785 signiﬁcan-

438 1790 570 1848 dam
598 1791 622 1826 ³
655 1792 1004 1849 referuntur.
1037 1794 1100 1847 In
1131 1794 1219 1848 his
1250 1793 1404 1849 enim
1444 1794 1655 1849 duobus
1681 1797 1988 1866 praeceptis,
2023 1798 2086 1850 ut

435 1872 717 1944 scriptum
803 1880 908 1936 est.
983 1877 1099 1929 tota
1187 1876 1298 1930 Lex
1377 1875 1576 1946 pendet
1660 1886 1711 1931 et
1797 1877 2084 1948 Prophetas

435 1954 646 2025 (Matth.
682 1971 822 2022 χχιι,
858 1953 970 2025 40).

552 2087 786 2144 CAPUT
820 2089 909 2144 Vl.
942 2120 1012 2129 —
1053 2089 1123 2145 De
1152 2105 1276 2146 vero
1295 2092 1643 2162 perfectoque
1671 2090 1965 2160 sacriﬁcio.

507 2226 756 2282 Proinde
784 2243 982 2282 verum
1008 2227 1363 2284 sacriﬁcium
1403 2233 1494 2283 est
1524 2245 1695 2283 omne
1727 2244 1892 2300 Opus,
1927 2229 2082 2299 quod

435 2306 628 2377 agitur
655 2307 699 2375 ⁴,
733 2312 798 2362 ut
836 2313 1042 2362 sancta
1071 2309 1344 2362 societate
1389 2309 1781 2364 inhaereamus
1825 2308 1961 2376 Deo,
1997 2325 2084 2363 re-

435 2386 622 2442 latum
672 2387 894 2442 scilicet
926 2388 994 2442 ad
1047 2386 1214 2442 illum
1249 2387 1422 2442 ﬁnem
1472 2388 1630 2456 boni,
1664 2404 1779 2459 quo
1809 2389 2085 2443 veraciter

435 2465 588 2522 beati
608 2482 733 2523 esse
760 2468 1076 2536 possimus.
1109 2466 1274 2522 Unde
1302 2471 1358 2522 et
1396 2467 1525 2538 ipsa
1552 2468 1945 2524 misericordia
1967 2485 2086 2539 qua

433 2546 658 2602 homini
707 2547 1068 2614 subvenitur,
1106 2547 1152 2603 si
1199 2553 1433 2619 propter
1471 2549 1655 2603 Deum
1702 2566 1816 2603 non
1849 2549 1934 2618 ﬁt,
1968 2566 2082 2604 non

433 2634 519 2683 est
548 2627 918 2682 sacriﬁcium.
949 2628 1068 2682 Etsi
1098 2627 1253 2683 enim
1303 2630 1374 2682 ab
1411 2629 1642 2684 homine
1673 2630 1739 2684 ﬁt
1777 2631 1863 2684 vel
1909 2630 2082 2684 oﬁ‘er-

431 2710 548 2771 tur,
582 2712 775 2762 tamen
816 2707 1167 2762 sacriﬁcium
1209 2723 1298 2762 res
1346 2708 1543 2763 divina
1599 2715 1687 2764 est
1719 2725 1733 2766 :
1769 2711 1850 2764 ita
1881 2716 1946 2763 ut
1977 2710 2083 2765 hoc

432 2801 661 2855 quoque
708 2785 984 2841 vocabulo
1044 2787 1100 2840 id
1156 2786 1336 2840 Latini
1386 2793 1606 2842 veteres
1641 2788 2081 2858 appellaverint.

430 2863 595 2920 Unde
625 2865 749 2934 ipse
782 2865 954 2920 homo
989 2865 1089 2920 Dei
1122 2867 1359 2921 nomine
1385 2866 1406 2900 ⁸
1434 2875 1833 2934 consecratus,
1868 2875 1926 2924 et
1965 2870 2080 2926 Deo

426 2947 596 2999 vetus
624 2945 666 3012 ⁸,
697 2945 756 2998 in
815 2950 1102 3016 quantum
1153 2947 1368 3001 mundo
1421 2949 1670 3002 moritur
1718 2952 1779 3002 ut
1827 2949 1942 3003 Deo
1991 2950 2077 3004 vi-

426 3031 544 3092 vat,
604 3025 957 3081 sacriﬁcium
1006 3030 1110 3081 est.
1163 3027 1308 3081 Nam
1356 3031 1414 3081 et
1464 3027 1570 3082 hoc
1630 3030 1700 3082 ad
1757 3029 2082 3085 misericor-

426 3106 580 3162 diam
641 3105 911 3175 pertinet,
941 3122 1112 3177 quam
1166 3107 1415 3178 quisque
1447 3107 1506 3162 in
1552 3123 1614 3163 se
1663 3109 1856 3178 ipsum
1917 3109 2076 3165 facit.

426 3186 730 3256 Pr0pterea
752 3185 1036 3255 scriptum
1060 3191 1149 3240 est
1185 3203 1197 3240 :
1231 3187 1486 3242 Miserere
1539 3187 1743 3243 animm
1800 3199 1905 3244 tua:
1958 3191 2080 3260 pla-

423 3280 551 3322 cens
599 3265 703 3321 Deo
751 3265 943 3337 (Eccli.
977 3283 1109 3335 xxx,
1158 3266 1273 3338 24),
1317 3267 1535 3338 Corpus
1577 3268 1755 3324 etiam
1813 3274 2076 3326 nostrum

425 3361 559 3404 cum
607 3362 709 3417 per
756 3349 1196 3414 temperantiam
1239 3348 1594 3416 castigamus
1625 3347 1668 3415 ⁷,
1701 3351 1750 3405 si
1783 3349 1913 3418 hoc,
1943 3368 2079 3421 que-

425 3427 808 3484 madmodum
873 3428 1178 3495 debemus,
1238 3438 1471 3499 pr0pter
1543 3429 1729 3485 Deum
1807 3431 2077 3504 facimus,

425 3515 487 3564 ut
540 3525 656 3564 non
715 3507 1096 3565 exhibeamus
1157 3510 1419 3565 membra
1478 3521 1677 3566 nostra
1746 3529 1908 3568 arma
1965 3513 2077 3568 ini-

424 3587 664 3658 quitatis
697 3593 952 3660 peccato,
987 3590 1089 3644 sed
1142 3606 1308 3644 arma
1349 3589 1590 3658 justitiie
1652 3593 1762 3647 Deo
1793 3594 1966 3664 (Rom.
2000 3609 2077 3660 γι,

425 3669 538 3735 13),
572 3669 925 3725 sacriﬁcium
958 3675 1064 3726 est.
1097 3670 1180 3725 Ad
1216 3671 1368 3742 quod
1411 3671 1726 3727 exhortans
1766 3673 2078 3745 Apostolus

426 3749 508 3805 ait
540 3763 554 3803 :
609 3749 832 3806 Obsecro
889 3752 1073 3823 itaque
1127 3767 1238 3817 vos,
1269 3757 1493 3822 fratres,
1525 3768 1625 3824 per
1663 3756 2080 3810 miserationem

426 3828 542 3896 Dei,
574 3835 636 3886 ut
685 3831 993 3886 exhibeatis
1058 3847 1286 3901 corpora
1342 3837 1517 3888 vestra
1585 3833 1826 3890 hostiam
1875 3839 2075 3900 vivam,

423 3919 692 3977 sanctam,
727 3911 829 3964 Deo
870 3910 1198 3978 placentem,
1230 3911 1561 3967 rationabile
1590 3914 1906 3985 obsequium
1951 3931 2076 3969 ves-

426 3994 593 4042 trum.
627 3989 684 4043 Si
719 4005 855 4060 ergo
907 4004 1136 4056 corpus,
1173 4006 1287 4059 quo
1348 3992 1618 4046 inferiore
1668 4003 1940 4063 tanquam
1989 3995 2076 4050 fa-

426 4067 607 4133 mulo,
667 4069 755 4121 vel
817 4074 1095 4136 tanquam
1167 4069 1558 4124 instrumento
1621 4072 1803 4126 utitur
1859 4075 2076 4146 anima,

425 4159 557 4198 cum
593 4146 720 4214 ejus
757 4147 941 4198 bonus
972 4150 1028 4198 et
1076 4151 1268 4200 rectus
1301 4163 1442 4202 usus
1482 4149 1551 4202 ad
1595 4149 1775 4204 Deum
1812 4152 2074 4214 refertur,

425 4221 776 4280 sacriﬁcium
810 4226 934 4286 est;
969 4230 1191 4293 quanto
1224 4226 1411 4294 magis
1441 4228 1635 4282 anima
1672 4229 1800 4299 ipsa
1839 4245 1970 4284 cum
2014 4248 2077 4288 se

422 4300 596 4354 refert
637 4305 707 4356 ad
743 4302 949 4364 Deum,
987 4311 1045 4354 ut
1080 4304 1210 4372 igne
1241 4305 1460 4359 amoris
1503 4307 1628 4376 ejus
1656 4324 1922 4376 accensa,
1956 4311 2064 4366 for-

423 4393 578 4433 mam
651 4379 1138 4447 concupiscentiae
1229 4383 1522 4438 saecularis
1600 4388 1852 4453 amittat,
1911 4388 2075 4459 eique

423 4463 703 4528 tanquam
735 4461 1199 4516 incommutabili
1226 4464 1420 4518 formas
1442 4465 1671 4521 subdita
1705 4469 2074 4545 reformatur,

487 4609 504 4678 μ
537 4605 996 4678 Εᾱὶιὶηρῑαοαεαν-
1017 4612 1181 4662 Deus.
1229 4617 1297 4665 At
1323 4616 1476 4673 Mss.,
1516 4618 1772 4678 placetur
1802 4623 1910 4672 Deo
1931 4639 1947 4673 .·
1977 4640 2074 4678 nec

420 4669 603 4752 minus
630 4669 749 4752 apte
775 4674 1056 4752 respo'ndet
1084 4691 1288 4739 graeco,
1321 4669 1677 4732 euaresteitai
1696 4701 1725 4733 ο
1746 4669 1910 4743 misi.
1928 4669 2070 4752 quiia

421 4735 519 4793 est,
541 4735 883 4785 conciliatur
909 4736 1071 4788 Deus.

484 4796 507 4866 ξ
534 4796 694 4866 Editi,
723 4799 906 4866 magis
942 4801 1077 4849 υοιο.
1104 4803 1282 4860 Abest.
1315 4806 1519 4866 magis,
1550 4819 1584 4856 α
1614 4809 1734 4860 Μεε,

485 4860 507 4932 ξ
529 4859 687 4932 liud.
710 4859 939 4932 Am_.'_Er.
973 4867 1027 4913 et
1050 4866 1204 4932 Mss,
1225 4859 1614 4932 signiﬁcando.

483 4923 504 4992 ξ
528 4922 770 4992 {iurique
799 4926 950 4992 Msa,
975 4942 1081 4992 quo
1110 4922 1325 4992 agitur.

483 4984 714 5062 ξ.
738 4984 1348 5062 ηοητίηἰΓΟαειὶῇωῃιιι·
1386 5007 1452 5044 ex
1509 4999 1884 5062 manuscriptis
1924 5002 1978 5050 et
2005 5015 2066 5051 ex

421 5047 526 5116 alio
543 5049 719 5116 simili
746 5050 872 5116 loco,
890 5064 1064 5116 supra,
1094 5047 1206 5116 cap.
1237 5056 1284 5106 3.

484 5065 526 5098 ιο
556 5065 719 5098 simul
746 5065 860 5100 ιοοο
890 5065 1064 5161 sagire,
1094 5067 1206 5116 cap.
1237 5065 1284 5106 3.

484 5111 506 5144 ⁸
541 5110 625 5161 Sic
656 5111 775 5160 Mss.
813 5114 881 5160 At
908 5126 936 5161 θ
997 5114 1053 5170 ti,
1086 5116 1194 5164 Deo
1223 5119 1464 5169 devotus.

481 5173 502 5245 ’ξ
532 5174 708 5245 ifiostri
735 5174 1050 5245 Iliss.,_cum_
1067 5182 1436 5245 temperantia
1460 5184 1812 5245 castigamus.
1843 5188 1909 5236 M.

481 5236 695 5307 (uillae
724 5237 924 5285 citandi
952 5236 1495 5307 ratione:signiﬁcari
1540 5236 1668 5296 diEit
1713 5236 1841 5296 Lud.
1887 5250 2060 5307 Vives,

418 5299 835 5374 incertum‘esse‘
858 5303 1124 5374 auctorem
1155 5299 1427 5374 Epis'tolae
1457 5307 1524 5354 ad
1566 5309 1828 5360 Hebraeos
1860 5325 1871 5360 :
1902 5299 2064 5374 quam

419 5363 600 5426 tamen
630 5362 770 5412 inter
799 5363 1049 5426 Paulinae
1087 5362 1487 5426 quatuordecim
1535 5376 1780 5422 numerat
1840 5362 2064 5426 incunc-

421 5424 598 5487 tanter
628 5425 955 5487 Augustinus
983 5427 1039 5474 in
1086 5424 1223 5478 libro
1257 5432 1486 5480 secundo
1528 5434 1592 5483 de
1639 5436 1884 5485 Doctrina
1912 5424 2066 5487 Chri-

421 5485 612 5558 stiana.
644 5485 804 5558 nfl}
840 5488 1057 5558 Etvero
1093 5491 1176 5558 hic
1215 5495 1468 5558 _nonriulli
1517 5497 1709 5558 probae
1752 5503 1910 5548 notae
1957 5485 2062 5551 uia-

421 5547 697 5623 nuscripti,
747 5547 1649 5623 Corbciensis,ﬁolbertinus,.etc.,
1700 5575 1809 5611 non
1834 5547 2060 5623 habent,

426 5604 790 5671 inscribitur;
819 5613 928 5671 sed,
957 5614 1244 5666 scribitur.

1501 287 1602 348 DE
1646 285 2014 349 CIVITA'I‘E
2057 287 2210 363 DEI,
2260 287 2324 350 S.
2369 291 2789 355 AUGUSTINI

3733 304 3851 368 284

2201 422 2337 507 hinc
2368 425 2425 507 ei_
2470 426 2726 499 placens,
2749 432 2900 501 quod
2933 449 3001 488 ex
3042 434 3170 505 eius
3217 434 3650 507 pulchritudine
3687 454 3853 496 acce-

2197 503 2363 573 perit,
2399 505 2462 560 ﬁl
2492 510 2840 565 sacriﬁcium
2860 512 2887 567 ‘i
2916 503 3087 576 Quod
3112 503 3264 570 idem
3308 516 3611 588 apostolus
3643 535 3855 574 conse-

2196 590 2443 669 quenter
2489 589 2810 669 adjungens
2852 608 2864 645 :
2911 594 2974 648 Et
3029 595 3218 661 nolite,
3257 597 3472 666 inquit,
3504 601 3856 669 conformari

2195 663 2324 718 huic
2352 668 2555 722 δίκαιιο
2587 688 2605 723 :
2634 671 2725 724 sed
2750 677 3138 743 re/ormamini
3157 675 3215 730 in
3251 663 3488 732 novitate
3520 663 3716 734 mentis
3741 697 3854 736 ves-

2193 748 2311 832 trae,
2344 747 2414 800 ad
2441 749 2787 832 probandum
2817 769 2906 808 vos
2938 755 2954 786 ⁸
2987 772 3103 824 qua:
3132 757 3204 810 sit
3250 756 3511 813 voluntas
3552 760 3672 824 Dei,
3707 762 3853 832 quod

2196 824 2397 911 bonum
2419 831 2470 911 et
2503 827 2919 901 beneplacitum,
2941 843 2994 887 et
3024 839 3324 903 perfectum
3347 838 3519 907 (Rom.
3549 855 3651 905 xu,
3688 824 3735 906 l,
3768 841 3846 911 2).

2195 904 2339 960 Cum
2374 906 2553 977 igitur
2588 926 2717 964 vera
2747 914 3033 969 sacriﬁcia
3063 932 3237 986 opera
3261 904 3380 971 sint
3411 904 3848 988 misericordiae,

2195 986 2392 1041 sivein
2426 1005 2530 1044 nos
2555 991 2735 1062 ipsos,
2769 993 2887 1048 sive
2925 995 2982 1049 in
3018 997 3330 1066 proximos,
3364 1014 3490 1069 quae
3512 986 3846 1056 referuntur

2195 1067 2266 1122 ad
2298 1068 2478 1123 Deum
2514 1087 2527 1135 ;
2583 1087 2757 1143 Opera
2797 1090 2926 1129 vero
2960 1067 3528 1134 misericordias—non
3560 1080 3634 1137 ob
3683 1081 3843 1137 aliud

2195 1147 2361 1214 ﬁunt,
2397 1149 2503 1205 nisi
2539 1157 2600 1207 ut
2648 1171 2681 1207 a
2729 1155 2963 1211 miseria
3007 1157 3342 1229 liberemur,
3375 1178 3440 1216 ac
3490 1179 3591 1234 per
3635 1162 3746 1219 hoc
3776 1169 3847 1220 ut

2195 1228 2345 1316 beati
2393 1232 2576 1287 simus
2603 1235 2812 1316 {quod
2844 1253 2957 1292 non
3018 1238 3102 1305 ﬁt,
3130 1240 3240 1294 nisi
3293 1240 3446 1298 bono
3490 1228 3594 1299 illo
3624 1245 3694 1299 de
3724 1262 3844 1316 quo

2195 1307 2414 1364 dictum
2465 1318 2572 1382 est,
2603 1314 2738 1368 Mihi
2777 1321 2961 1371 autem
3010 1318 3297 1376 adherere
3344 1322 3446 1377 Deo
3507 1324 3708 1378 bonum
3743 1307 3852 1381 ἐει

2196 1393 2368 1476 (Psal.
2405 1409 2575 1462 LXXII,
2608 1397 2699 1466 28)
2726 1413 2738 1450 :
2774 1399 3023 1467 profecto
3055 1401 3326 1463 efﬁcitur,
3353 1408 3416 1458 ut
3445 1408 3566 1458 tota
3594 1404 3718 1476 ipsa
3750 1422 3849 1462 re—

2193 1473 2430 1544 dempta
2479 1476 2704 1546 civitas,
2761 1477 2868 1532 hoc
2912 1484 3000 1534 est
3057 1484 3424 1555 congregatio
3475 1473 3851 1558 societasque

2193 1559 2553 1620 sanctorum,
2596 1558 2920 1614 universale
2974 1561 3325 1618 sacriﬁcium
3384 1565 3658 1620 oﬁ’eratur
3724 1568 3848 1623 Deo

2194 1649 2295 1704 per
2324 1637 2678 1692 sacerdotem
2712 1655 3014 1711 magnum,
3047 1643 3146 1712 qui
3193 1644 3368 1698 etiam
3422 1662 3481 1699 se
3513 1646 3701 1716 ipsum
3735 1649 3847 1703 ob-

2191 1713 2323 1768 tulit
2353 1716 2411 1768 in
2449 1717 2717 1784 passione
2749 1736 2849 1789 pro
2882 1721 3066 1789 nobis,
3103 1730 3164 1776 ut
3210 1725 3353 1778 tanti
3388 1713 3596 1796 capit—is
3628 1743 3844 1798 corpus

2191 1809 2471 1861 essemus,
2496 1799 2813 1854 secundum
2847 1800 3088 1856 formam
3115 1803 3283 1860 servi.
3309 1804 3468 1861 Hanc
3491 1807 3645 1862 enim
3676 1810 3843 1863 obtu-

2191 1873 2277 1952 lit,
2311 1873 2367 1928 in
2405 1875 2508 1930 hac
2539 1875 2770 1933 oblatus
2810 1884 2899 1935 est
2932 1899 2946 1948 ;
3009 1883 3145 1952 quia
3185 1885 3507 1940 secundum
3542 1887 3691 1944 hanc
3723 1903 3846 1942 me-

2190 1951 2376 2008 diator
2403 1960 2512 2021 est,
2537 1956 2594 2010 in
2636 1958 2743 2012 hac
2774 1951 3065 2029 sacerdos,
3090 1962 3148 2016 in
3191 1963 3299 2018 hac
3343 1967 3695 2022 sacriﬁcium
3725 1973 3839 2023 est.

2190 2031 2332 2116 Cum
2366 2037 2560 2106 itaque
2592 2055 2697 2092 nos
2740 2039 3004 2096 hortatus
3035 2048 3187 2098 esset
3217 2045 3552 2116 Apostolus,
3587 2052 3653 2102 ut
3681 2048 3848 2104 exhi-

2190 2114 2434 2169 beamus
2489 2131 2730 2188 corpora
2778 2126 2976 2174 nostra
3007 2114 3515 2194 hostiamvvivam,
3549 2136 3839 2197 sanctam,

2193 2197 2304 2250 Deo
2337 2197 2676 2279 placentem,
2708 2201 3053 2258 rationabile
3083 2204 3426 2277 obsequium
3462 2213 3744 2279 nostrum,
3780 2215 3846 2266 et

2190 2293 2307 2332 non
2349 2278 2784 2334 conformemur
2826 2281 2962 2336 huic
3016 2285 3250 2352 saeculo,
3285 2288 3383 2342 sed
3449 2278 3844 2346 reformemur

2190 2356 2544 2441 in_novitate
2579 2361 2792 2441 mentis
2823 2366 3032 2417 nostrae
3066 2381 3079 2432 ;
3111 2366 3180 2420 ad
3218 2367 3580 2437 probandum
3604 2386 3733 2441 quas
3764 2371 3841 2426 sit

2189 2435 2457 2519 voluntas
2499 2438 2615 2505 Dei,
2650 2443 2803 2511 quod
2839 2441 3053 2498 bonum
3087 2449 3144 2500 et
3173 2435 3600 2516 beneplacitum
3622 2435 3690 2505 et
3722 2467 3845 2519 per-

2189 2518 2430 2586 fectum,
2464 2523 2618 2592 quod
2663 2527 2849 2579 totum
2899 2526 3250 2582 sacriﬁcium
3287 2529 3396 2598 ipsi
3448 2547 3555 2586 nos
3587 2518 3790 2588 sumus
3825 2548 3840 2587 :

2186 2599 2515 2683 Dic_o_enim,
2565 2603 2775 2673 inquit,
2805 2621 2903 2675 per
2956 2610 3197 2674 gratiam
3249 2611 3365 2680 Dei,
3424 2628 3544 2683 quae
3601 2612 3728 2667 data
3764 2621 3844 2668 est

2187 2680 2349 2747 mihi,
2385 2683 2635 2736 omnibus
2693 2684 2788 2754 qui
2834 2692 2965 2740 sunt
2995 2686 3056 2741 in
3105 2689 3276 2756 vobis,
3313 2680 3444 2748 nonv
3467 2693 3592 2762 plus
3624 2710 3846 2764 sapere,

2183 2776 2350 2844 quam
2391 2768 2606 2844 oportet
2646 2779 2861 2833 sapere,
2892 2767 2984 2822 sed
3012 2784 3204 2838 sapere
3246 2771 3316 2826 ad
3361 2777 3785 2844 temperantiam
3819 2793 3843 2832 :

2182 2839 2325 2894 sicut
2374 2841 2673 2912 unicuique
2706 2845 2844 2900 Deus
2892 2848 3137 2917 partitus
3193 2854 3268 2906 est
3315 2839 3845 2920 ﬁdei-mensuram.

2183 2918 2337 2974 Sicut
2370 2923 2516 2976 enim
2564 2921 2623 2976 in
2675 2940 2783 2980 uno
2811 2942 3039 2996 corpore
3071 2931 3247 2986 multa
3274 2918 3511 2988 membra
3545 2933 3839 3006 habemus,

2182 3002 2369 3058 omnia
2397 3005 2579 3056 autem
2616 3006 2860 3061 membra
2892 3024 3001 3062 non
3040 3011 3247 3065 eosdem
3281 3017 3431 3069 actus
3473 3015 3674 3070 habent
3705 3032 3724 3069 :
3755 3002 3845 3070 ita

2180 3080 2342 3136 multi
2388 3098 2564 3136 unum
2601 3100 2796 3156 corpus
2852 3103 3040 3144 sumus
3072 3092 3131 3144 in
3172 3091 3387 3148 Christo
3417 3111 3438 3158 ;
3467 3096 3685 3168 singuli
3733 3112 3846 3152 au-

2181 3169 2306 3226 tem,
2364 3161 2504 3217 alter
2585 3165 2810 3221 alterius
2874 3171 3140 3239 membra,
3199 3173 3454 3231 habentes
3510 3161 3650 3231 dona
3751 3176 3842 3231 di-

2182 3257 2340 3296 versa
2411 3245 2712 3301 secundum
2797 3251 3060 3318 gratiam,
3119 3269 3240 3324 quae
3324 3255 3454 3311 data
3527 3265 3604 3312 est
3677 3257 3836 3313 nobis

2180 3323 2354 3393 (Rom.
2388 3339 2489 3389 xu,
2521 3325 2662 3398 3-6).
2688 3327 2804 3384 Hoc
2830 3335 2917 3384 est
2945 3323 3295 3388 sacriﬁcium
3319 3334 3830 3394 Christianorum:

2181 3404 2346 3458 mulli
2377 3421 2550 3460 unum
2599 3424 2797 3478 corpus
2837 3412 2897 3465 in
2941 3409 3172 3469 Christo.
3209 3417 3371 3480 Quod
3427 3417 3599 3473 etiam
3633 3418 3839 3474 Sacra-

2185 3490 2377 3576 menta
2415 3485 2634 3576 _altaris
2675 3489 2946 3546 ﬁdelibus
2998 3497 3156 3576 uoto,
3183 3495 3513 3567 frequentat
3553 3499 3835 3569 Ecclesia,

2183 3565 2284 3649 ubi
2314 3566 2364 3620 ei
2393 3567 2854 3649 (demonstratur,
2889 3574 3042 3642 quod
3079 3565 3153 3630 in'
3172 3591 3240 3630 ea
3286 3565 3347 3632 re
3378 3595 3556 3649 quam
3589 3579 3753 3634 oﬁ’erl
3785 3565 3833 3649 ’ξ

2183 3645 2312 3716 ipsa
2343 3647 2641 3704 offeratur.

2183 3773 2419 3831 CAPUT
2448 3777 2566 3833 VII.
2611 3807 2666 3818 -
2700 3778 2852 3846 Quod
2878 3786 3189 3837 sanctorum
3221 3783 3552 3855 Angelorum
3571 3803 3640 3842 ea
3667 3790 3742 3843 sit
3770 3790 3828 3843 in

2251 3871 2348 3910 nos
2394 3857 2635 3922 dilectio,
2667 3863 2725 3912 ut
2774 3875 2872 3915 nos
2908 3877 3019 3916 non
3065 3879 3212 3931 suos,
3243 3867 3336 3920 sed
3373 3870 3541 3923 unius
3584 3868 3704 3924 veri
3731 3871 3840 3924 Dei

2252 3934 2422 3990 velint
2441 3952 2552 3992 esse
2580 3939 2836 3996 cultores.

2253 4050 2452 4133 Merito
2484 4051 2568 4107 illi
2611 4052 2666 4107 in
2711 4054 3046 4113 cmlestibus
3079 4059 3317 4116 sedibus
3362 4063 3689 4133 constituti,
3719 4063 3834 4120 im-

2181 4131 2454 4216 mortales
2493 4138 2549 4189 et
2591 4137 2765 4207 beati,
2798 4141 2897 4208 qui
2930 4140 3220 4199 Creatoris
3259 4143 3352 4199 sui
3385 4131 3831 4216 participatione

2179 4213 2566 4296 congaudent,
2599 4218 2766 4286 cujus
2808 4222 3130 4279 aeternitate
3172 4213 3538 4296 ﬁrmi,cujus
3588 4213 3831 4283 veritate

2177 4292 2336 4354 certi,
2371 4295 2549 4378 cujus
2597 4312 2835 4354 munere
2902 4304 3088 4357 sancti
3147 4309 3324 4373 sunt;
3388 4292 3669 4378 quoniam
3724 4324 3834 4364 nos

2178 4371 2453 4458 mortales
2512 4379 2568 4458 et
2622 4378 2880 4458 miseros,
2915 4386 2978 4435 ut
3027 4371 3704 4458 immortales'beatique
3751 4387 3834 4442 si-

2176 4468 2331 4518 mus,
2367 4454 2818 4514 misericorditer
2868 4459 3140 4533 diligunt,
3176 4465 3384 4521 nolunt
3424 4481 3533 4521 nos
3591 4454 3703 4523 sibi
3737 4484 3830 4524 sa—

2175 4534 2436 4590 criﬁcare
2465 4535 2523 4606 3;
2556 4538 2660 4594 sed
2701 4540 2776 4606 ei,
2815 4544 2982 4611 cujus
3043 4553 3097 4600 et
3141 4545 3256 4616 ipsi
3299 4548 3602 4604 nobiscum
3659 4549 3834 4606 sacri-

2173 4615 2369 4670 ﬁcium
2407 4633 2467 4672 se
2514 4635 2642 4674 esse
2685 4627 2986 4680 noverunt.
3023 4615 3182 4680 Cum,
3211 4627 3356 4697 ipsis
3405 4630 3561 4684 enim
3623 4646 3828 4687 sumus

2173 4714 2289 4752 una
2318 4697 2520 4753 civitas
2552 4699 2672 4767 Dei,
2706 4703 2797 4756 cui
2849 4703 3062 4758 dicitur
3119 4706 3177 4760 in
3238 4707 3489 4778 Psalmo,
3523 4707 3779 4766 Gloriosa
3807 4707 3830 4742 ⁴

2169 4776 2315 4832 dicta
2353 4787 2479 4833 sunt
2505 4777 2571 4833 de
2626 4785 2698 4846 te,
2729 4782 2920 4836 civitas
2955 4784 3059 4838 Dei
3100 4785 3265 4855 (Psal.
3301 4776 3518 4854 Lxxxvi,
3546 4789 3600 4858 3)
3651 4806 3665 4844 :
3728 4805 3830 4846 cu-

2163 4857 2261 4928 jus
2317 4875 2449 4929 pars
2489 4859 2546 4913 in
2581 4861 2746 4916 nobis
2791 4865 3211 4934 peregrinatur,
3247 4885 3378 4938 pars
3427 4870 3487 4924 in
3538 4857 3657 4926 illis
3697 4871 3824 4943 opi-

2168 4937 2401 4993 tulatur.
2436 4939 2514 4995 De
2563 4939 2662 4996 illa
2719 4943 2934 5014 quippe
2981 4937 3258 5017 superna,
3293 4949 3545 5012 civitate.
3583 4952 3680 5007 ubi
3724 4937 3830 5009 Dei

2167 5019 2438 5075 voluntas
2496 5021 2880 5092 intelligibilis
2939 5029 3111 5098 atque
3171 5027 3660 5087 incommutabilis
3734 5032 3830 5090 lex

2167 5102 2277 5168 est,
2332 5099 2402 5155 de
2476 5099 2578 5156 illa
2645 5118 2897 5174 superna
2968 5107 3399 5177 quodammodo
3447 5113 3610 5168 curia
3648 5114 3828 5184 (geri-

2171 5255 2351 5369 nutsgn
2380 5256 2538 5370 «gitis
2565 5258 2763 5316 deerat.
2801 5275 2925 5325 vos;
2953 5264 3098 5326 quod
3123 5265 3231 5317 hue
3257 5279 3573 5320 revocamus
3600 5282 3670 5321 ex
3715 5283 3829 5324 ma-

2307 5335 2390 5370 l’lD
2468 5357 2480 5368 .

2307 5335 2480 5384 ripus.

2238 5382 2260 5415 ²
2309 5382 2393 5432 Sic
2431 5387 2806 5454 manuscn'pti.
2856 5389 2926 5438 At
2965 5389 3109 5447 editi,
3158 5392 3399 5454 quodin
3446 5409 3512 5443 ea
3550 5395 3829 5446 oblatione

2173 5458 2340 5506 quam
2377 5448 2557 5506 offert.
2711 5448 2729 5449 ί

2237 5508 2515 5574 ἷᾼὶίειιιοῂ
2529 5510 2637 5574 Mss
2685 5513 3020 5574 sacriﬁcari.

2169 5567 2420 5680 “32:1?
2451 5571 2570 5620 aliis
2597 5573 2729 5622 locis
2765 5567 2960 5637 probae
3001 5580 3158 5628 notae
3204 5583 3574 5646 manuscrlpu,
3609 5583 3822 5634 θιονίο.
