  <div class='ocr_page' id='page_1' title='image "/cluster/home/n/w/nwhite01/storage/ocr_20150623/41/hvd.32044096580634/148.png"; bbox 0 0 4158 6192; ppageno 0'>
   <div class='ocr_carea' id='block_1_1' title="bbox 302 288 420 350">
    <p class='ocr_par' dir='ltr' id='par_1_1' title="bbox 302 288 420 350">
     <span class='ocr_line' id='line_1_1' title="bbox 302 288 420 350; baseline 0.017 -2"><span class='ocrx_word' id='word_1_1' title='bbox 302 288 420 350; x_wconf 78' lang='lat'><strong>285</strong></span> 
     </span>
    </p>
   </div>
   <div class='ocr_carea' id='block_1_2' title="bbox 299 409 1954 488">
    <p class='ocr_par' dir='ltr' id='par_1_2' title="bbox 299 409 1954 488">
     <span class='ocr_line' id='line_1_2' title="bbox 299 409 1954 488; baseline -0.005 -13"><span class='ocrx_word' id='word_1_2' title='bbox 299 422 399 475; x_wconf 88' lang='lat' dir='ltr'><strong>tur</strong></span> <span class='ocrx_word' id='word_1_3' title='bbox 455 430 705 488; x_wconf 87' lang='lat' dir='ltr'><strong>namque</strong></span> <span class='ocrx_word' id='word_1_4' title='bbox 731 414 813 470; x_wconf 91' lang='lat' dir='ltr'><strong>ibi</strong></span> <span class='ocrx_word' id='word_1_5' title='bbox 884 431 1018 471; x_wconf 81' lang='lat' dir='ltr'><strong>cura</strong></span> <span class='ocrx_word' id='word_1_6' title='bbox 1063 414 1134 470; x_wconf 90' lang='lat' dir='ltr'><strong>de</strong></span> <span class='ocrx_word' id='word_1_7' title='bbox 1193 413 1386 485; x_wconf 88' lang='lat' dir='ltr'><strong>nobis)</strong></span> <span class='ocrx_word' id='word_1_8' title='bbox 1444 411 1512 468; x_wconf 89' lang='lat' dir='ltr'><strong>ad</strong></span> <span class='ocrx_word' id='word_1_9' title='bbox 1574 426 1682 467; x_wconf 91' lang='lat' dir='ltr'><strong>nos</strong></span> <span class='ocrx_word' id='word_1_10' title='bbox 1748 409 1954 466; x_wconf 88' lang='lat' dir='ltr'><strong>minis-</strong></span> 
     </span>
    </p>
   </div>
   <div class='ocr_carea' id='block_1_3' title="bbox 298 491 1956 569">
    <p class='ocr_par' dir='ltr' id='par_1_3' title="bbox 298 491 1956 569">
     <span class='ocr_line' id='line_1_3' title="bbox 298 491 1956 569; baseline -0.007 -14"><span class='ocrx_word' id='word_1_11' title='bbox 298 502 450 555; x_wconf 84' lang='lat' dir='ltr'><strong>trata</strong></span> <span class='ocrx_word' id='word_1_12' title='bbox 496 515 596 569; x_wconf 89' lang='lat' dir='ltr'><strong>per</strong></span> <span class='ocrx_word' id='word_1_13' title='bbox 651 495 902 566; x_wconf 85' lang='lat' dir='ltr'><strong>Angelos</strong></span> <span class='ocrx_word' id='word_1_14' title='bbox 960 501 1160 550; x_wconf 90' lang='lat' dir='ltr'><strong>sancta</strong></span> <span class='ocrx_word' id='word_1_15' title='bbox 1211 495 1311 548; x_wconf 90' lang='lat' dir='ltr'><strong>illa</strong></span> <span class='ocrx_word' id='word_1_16' title='bbox 1367 491 1669 562; x_wconf 75' lang='lat' dir='ltr'><strong>Scriptura</strong></span> <span class='ocrx_word' id='word_1_17' title='bbox 1716 491 1956 546; x_wconf 88' lang='lat' dir='ltr'><strong>descen-</strong></span> 
     </span>
    </p>
   </div>
   <div class='ocr_carea' id='block_1_4' title="bbox 305 570 1954 647">
    <p class='ocr_par' dir='ltr' id='par_1_4' title="bbox 305 570 1954 647">
     <span class='ocr_line' id='line_1_4' title="bbox 305 570 1954 647; baseline -0.007 -13"><span class='ocrx_word' id='word_1_18' title='bbox 305 579 388 634; x_wconf 86' lang='lat' dir='ltr'><strong>dit</strong></span> <span class='ocrx_word' id='word_1_19' title='bbox 430 583 530 645; x_wconf 90' lang='lat' dir='ltr'><strong>(a),</strong></span> <span class='ocrx_word' id='word_1_20' title='bbox 565 577 662 631; x_wconf 91' lang='lat' dir='ltr'><strong>ubi</strong></span> <span class='ocrx_word' id='word_1_21' title='bbox 702 575 916 647; x_wconf 80' lang='lat' dir='ltr'><strong>legitur</strong></span> <span class='ocrx_word' id='word_1_22' title='bbox 967 592 979 630; x_wconf 92' lang='lat'>:</span> <span class='ocrx_word' id='word_1_23' title='bbox 1031 575 1364 644; x_wconf 72' lang='lat' dir='ltr'><strong>Sacri/icon:</strong></span> <span class='ocrx_word' id='word_1_24' title='bbox 1395 573 1505 628; x_wconf 84' lang='lat' dir='ltr'><strong>diis</strong></span> <span class='ocrx_word' id='word_1_25' title='bbox 1554 570 1954 638; x_wconf 80' lang='lat' dir='ltr'><strong>eradicabitur,</strong></span> 
     </span>
    </p>
   </div>
   <div class='ocr_carea' id='block_1_5' title="bbox 295 652 1952 727">
    <p class='ocr_par' dir='ltr' id='par_1_5' title="bbox 295 652 1952 727">
     <span class='ocr_line' id='line_1_5' title="bbox 295 652 1952 727; baseline -0.007 -12"><span class='ocrx_word' id='word_1_26' title='bbox 295 663 410 715; x_wconf 78' lang='lat' dir='ltr'><strong>nisi</strong></span> <span class='ocrx_word' id='word_1_27' title='bbox 456 657 688 716; x_wconf 81' lang='lat' dir='ltr'><strong>Domino</strong></span> <span class='ocrx_word' id='word_1_28' title='bbox 743 658 846 712; x_wconf 85' lang='lat' dir='ltr'><strong>soli</strong></span> <span class='ocrx_word' id='word_1_29' title='bbox 887 656 1078 727; x_wconf 81' lang='lat' dir='ltr'><strong>(Exod.</strong></span> <span class='ocrx_word' id='word_1_30' title='bbox 1112 671 1251 722; x_wconf 85' lang='lat' dir='ltr'><strong>xxii,</strong></span> <span class='ocrx_word' id='word_1_31' title='bbox 1289 656 1405 725; x_wconf 86' lang='lat'><strong>20).</strong></span> <span class='ocrx_word' id='word_1_32' title='bbox 1442 652 1586 708; x_wconf 86' lang='lat' dir='ltr'><strong>Huic</strong></span> <span class='ocrx_word' id='word_1_33' title='bbox 1623 653 1952 723; x_wconf 74' lang='lat' dir='ltr'><strong>Scriptum,</strong></span> 
     </span>
    </p>
   </div>
   <div class='ocr_carea' id='block_1_6' title="bbox 298 731 1953 810">
    <p class='ocr_par' dir='ltr' id='par_1_6' title="bbox 298 731 1953 810">
     <span class='ocr_line' id='line_1_6' title="bbox 298 731 1953 810; baseline -0.006 -16"><span class='ocrx_word' id='word_1_34' title='bbox 298 739 430 796; x_wconf 87' lang='lat' dir='ltr'><strong>huic</strong></span> <span class='ocrx_word' id='word_1_35' title='bbox 465 739 594 810; x_wconf 83' lang='lat' dir='ltr'><strong>legi,</strong></span> <span class='ocrx_word' id='word_1_36' title='bbox 617 737 832 791; x_wconf 82' lang='lat' dir='ltr'><strong>talibus</strong></span> <span class='ocrx_word' id='word_1_37' title='bbox 867 736 1167 808; x_wconf 61' lang='lat' dir='ltr'><strong>praceplis</strong></span> <span class='ocrx_word' id='word_1_38' title='bbox 1201 741 1360 790; x_wconf 86' lang='lat' dir='ltr'><strong>tanta</strong></span> <span class='ocrx_word' id='word_1_39' title='bbox 1383 738 1519 789; x_wconf 89' lang='lat' dir='ltr'><strong>sunt</strong></span> <span class='ocrx_word' id='word_1_40' title='bbox 1551 738 1820 786; x_wconf 86' lang='lat' dir='ltr'><strong>attestata</strong></span> <span class='ocrx_word' id='word_1_41' title='bbox 1853 731 1953 785; x_wconf 85' lang='lat' dir='ltr'><strong>mi-</strong></span> 
     </span>
    </p>
   </div>
   <div class='ocr_carea' id='block_1_7' title="bbox 295 811 1954 888">
    <p class='ocr_par' dir='ltr' id='par_1_7' title="bbox 295 811 1954 888">
     <span class='ocr_line' id='line_1_7' title="bbox 295 811 1954 888; baseline -0.007 -11"><span class='ocrx_word' id='word_1_42' title='bbox 295 820 516 886; x_wconf 88' lang='lat' dir='ltr'><strong>racula,</strong></span> <span class='ocrx_word' id='word_1_43' title='bbox 544 824 606 872; x_wconf 91' lang='lat' dir='ltr'><strong>ut</strong></span> <span class='ocrx_word' id='word_1_44' title='bbox 645 817 785 872; x_wconf 91' lang='lat' dir='ltr'><strong>satis</strong></span> <span class='ocrx_word' id='word_1_45' title='bbox 818 821 1114 888; x_wconf 82' lang='lat' dir='ltr'><strong>appareat,</strong></span> <span class='ocrx_word' id='word_1_46' title='bbox 1148 816 1242 871; x_wconf 90' lang='lat' dir='ltr'><strong>cui</strong></span> <span class='ocrx_word' id='word_1_47' title='bbox 1279 832 1384 870; x_wconf 91' lang='lat' dir='ltr'><strong>nos</strong></span> <span class='ocrx_word' id='word_1_48' title='bbox 1417 812 1746 869; x_wconf 88' lang='lat' dir='ltr'><strong>sacriﬁcare</strong></span> <span class='ocrx_word' id='word_1_49' title='bbox 1778 811 1954 866; x_wconf 83' lang='lat' dir='ltr'><strong>velint</strong></span> 
     </span>
    </p>
   </div>
   <div class='ocr_carea' id='block_1_8' title="bbox 297 893 1954 969">
    <p class='ocr_par' dir='ltr' id='par_1_8' title="bbox 297 893 1954 969">
     <span class='ocr_line' id='line_1_8' title="bbox 297 893 1954 969; baseline -0.006 -13"><span class='ocrx_word' id='word_1_50' title='bbox 297 901 663 961; x_wconf 90' lang='lat' dir='ltr'><strong>immortales</strong></span> <span class='ocrx_word' id='word_1_51' title='bbox 707 913 776 954; x_wconf 89' lang='lat' dir='ltr'><strong>ac</strong></span> <span class='ocrx_word' id='word_1_52' title='bbox 824 897 996 966; x_wconf 92' lang='lat' dir='ltr'><strong>beati,</strong></span> <span class='ocrx_word' id='word_1_53' title='bbox 1029 899 1129 969; x_wconf 89' lang='lat' dir='ltr'><strong>qui</strong></span> <span class='ocrx_word' id='word_1_54' title='bbox 1187 898 1295 954; x_wconf 90' lang='lat' dir='ltr'><strong>hoc</strong></span> <span class='ocrx_word' id='word_1_55' title='bbox 1350 896 1518 953; x_wconf 90' lang='lat' dir='ltr'><strong>nobis</strong></span> <span class='ocrx_word' id='word_1_56' title='bbox 1565 893 1769 949; x_wconf 88' lang='lat' dir='ltr'><strong>volunt</strong></span> <span class='ocrx_word' id='word_1_57' title='bbox 1824 907 1954 947; x_wconf 88' lang='lat' dir='ltr'><strong>esse</strong></span> 
     </span>
    </p>
   </div>
   <div class='ocr_carea' id='block_1_9' title="bbox 307 980 631 1054">
    <p class='ocr_par' dir='ltr' id='par_1_9' title="bbox 307 980 631 1054">
     <span class='ocr_line' id='line_1_9' title="bbox 307 980 631 1054; baseline -0.015 -15"><span class='ocrx_word' id='word_1_58' title='bbox 307 982 467 1054; x_wconf 92' lang='lat' dir='ltr'><strong>quod</strong></span> <span class='ocrx_word' id='word_1_59' title='bbox 496 980 631 1037; x_wconf 84' lang='lat' dir='ltr'><strong>sibi.</strong></span> 
     </span>
    </p>
   </div>
   <div class='ocr_carea' id='block_1_10' title="bbox 295 1149 1949 1222">
    <p class='ocr_par' dir='ltr' id='par_1_10' title="bbox 295 1149 1949 1222">
     <span class='ocr_line' id='line_1_10' title="bbox 295 1149 1949 1222; baseline -0.004 -13"><span class='ocrx_word' id='word_1_60' title='bbox 295 1153 528 1210; x_wconf 84' lang='lat' dir='ltr'><strong>CAPUT</strong></span> <span class='ocrx_word' id='word_1_61' title='bbox 551 1152 696 1208; x_wconf 85' lang='lat' dir='ltr'><strong>VIII.</strong></span> <span class='ocrx_word' id='word_1_62' title='bbox 731 1184 800 1194; x_wconf 93' lang='grc'><strong><em>-</em></strong></span> <span class='ocrx_word' id='word_1_63' title='bbox 833 1153 906 1208; x_wconf 83' lang='lat' dir='ltr'><strong>De</strong></span> <span class='ocrx_word' id='word_1_64' title='bbox 934 1150 1226 1208; x_wconf 86' lang='lat' dir='ltr'><strong>miraculis</strong></span> <span class='ocrx_word' id='word_1_65' title='bbox 1262 1167 1376 1222; x_wconf 70' lang='lat' dir='ltr'><strong>quae</strong></span> <span class='ocrx_word' id='word_1_66' title='bbox 1426 1152 1564 1206; x_wconf 80' lang='lat' dir='ltr'><strong>Deus</strong></span> <span class='ocrx_word' id='word_1_67' title='bbox 1594 1149 1664 1204; x_wconf 87' lang='lat' dir='ltr'><strong>ad</strong></span> <span class='ocrx_word' id='word_1_68' title='bbox 1701 1151 1949 1204; x_wconf 85' lang='lat' dir='ltr'><strong>corrobo-</strong></span> 
     </span>
    </p>
   </div>
   <div class='ocr_carea' id='block_1_11' title="bbox 373 1229 1950 1304">
    <p class='ocr_par' dir='ltr' id='par_1_11' title="bbox 373 1229 1950 1304">
     <span class='ocr_line' id='line_1_11' title="bbox 373 1229 1950 1304; baseline -0.004 -15"><span class='ocrx_word' id='word_1_69' title='bbox 373 1235 602 1290; x_wconf 86' lang='lat' dir='ltr'><strong>randam</strong></span> <span class='ocrx_word' id='word_1_70' title='bbox 634 1233 794 1304; x_wconf 83' lang='lat' dir='ltr'><strong>ﬁdem</strong></span> <span class='ocrx_word' id='word_1_71' title='bbox 822 1234 1062 1303; x_wconf 80' lang='lat' dir='ltr'><strong>piorum,</strong></span> <span class='ocrx_word' id='word_1_72' title='bbox 1093 1233 1258 1288; x_wconf 81' lang='lat' dir='ltr'><strong>etiam</strong></span> <span class='ocrx_word' id='word_1_73' title='bbox 1287 1247 1386 1303; x_wconf 80' lang='lat' dir='ltr'><strong>per</strong></span> <span class='ocrx_word' id='word_1_74' title='bbox 1418 1232 1748 1299; x_wconf 84' lang='lat' dir='ltr'><strong>Angelorum</strong></span> <span class='ocrx_word' id='word_1_75' title='bbox 1783 1229 1950 1284; x_wconf 84' lang='lat' dir='ltr'><strong>mini-</strong></span> 
     </span>
    </p>
   </div>
   <div class='ocr_carea' id='block_1_12' title="bbox 369 1311 1786 1384">
    <p class='ocr_par' dir='ltr' id='par_1_12' title="bbox 369 1311 1786 1384">
     <span class='ocr_line' id='line_1_12' title="bbox 369 1311 1786 1384; baseline -0.005 -13"><span class='ocrx_word' id='word_1_76' title='bbox 369 1317 620 1379; x_wconf 79' lang='lat' dir='ltr'><strong>sterium,</strong></span> <span class='ocrx_word' id='word_1_77' title='bbox 653 1313 940 1384; x_wconf 81' lang='lat' dir='ltr'><strong>promissis</strong></span> <span class='ocrx_word' id='word_1_78' title='bbox 963 1315 1078 1369; x_wconf 88' lang='lat' dir='ltr'><strong>suis</strong></span> <span class='ocrx_word' id='word_1_79' title='bbox 1106 1313 1368 1368; x_wconf 77' lang='lat' dir='ltr'><strong>adhibere</strong></span> <span class='ocrx_word' id='word_1_80' title='bbox 1397 1311 1662 1380; x_wconf 80' lang='lat' dir='ltr'><strong>dignatus</strong></span> <span class='ocrx_word' id='word_1_81' title='bbox 1691 1318 1786 1365; x_wconf 78' lang='lat' dir='ltr'><strong>est.</strong></span> 
     </span>
    </p>
   </div>
   <div class='ocr_carea' id='block_1_13' title="bbox 368 1448 1948 1520">
    <p class='ocr_par' dir='ltr' id='par_1_13' title="bbox 368 1448 1948 1520">
     <span class='ocr_line' id='line_1_13' title="bbox 368 1448 1948 1520; baseline -0.001 -14"><span class='ocrx_word' id='word_1_82' title='bbox 368 1450 514 1506; x_wconf 90' lang='lat' dir='ltr'><strong>Nam</strong></span> <span class='ocrx_word' id='word_1_83' title='bbox 539 1450 716 1506; x_wconf 90' lang='lat' dir='ltr'><strong>nimis</strong></span> <span class='ocrx_word' id='word_1_84' title='bbox 751 1454 943 1506; x_wconf 84' lang='lat' dir='ltr'><strong>vetera</strong></span> <span class='ocrx_word' id='word_1_85' title='bbox 961 1449 1006 1504; x_wconf 88' lang='lat' dir='ltr'><strong>si</strong></span> <span class='ocrx_word' id='word_1_86' title='bbox 1025 1448 1748 1520; x_wconf 85' lang='lat' dir='ltr'><strong>commemorem,longius</strong></span> <span class='ocrx_word' id='word_1_87' title='bbox 1773 1465 1948 1520; x_wconf 90' lang='lat' dir='ltr'><strong>quam</strong></span> 
     </span>
    </p>
   </div>
   <div class='ocr_carea' id='block_1_14' title="bbox 294 1529 1950 1602">
    <p class='ocr_par' dir='ltr' id='par_1_14' title="bbox 294 1529 1950 1602">
     <span class='ocr_line' id='line_1_14' title="bbox 294 1529 1950 1602; baseline -0.002 -17"><span class='ocrx_word' id='word_1_88' title='bbox 294 1537 391 1587; x_wconf 91' lang='lat' dir='ltr'><strong>sat</strong></span> <span class='ocrx_word' id='word_1_89' title='bbox 419 1538 509 1586; x_wconf 90' lang='lat' dir='ltr'><strong>est</strong></span> <span class='ocrx_word' id='word_1_90' title='bbox 540 1533 831 1586; x_wconf 85' lang='lat' dir='ltr'><strong>revolvere</strong></span> <span class='ocrx_word' id='word_1_91' title='bbox 861 1531 1122 1592; x_wconf 90' lang='lat' dir='ltr'><strong>videbor,</strong></span> <span class='ocrx_word' id='word_1_92' title='bbox 1177 1547 1303 1602; x_wconf 53' lang='lat' dir='ltr'><strong>quas</strong></span> <span class='ocrx_word' id='word_1_93' title='bbox 1337 1529 1615 1584; x_wconf 89' lang='lat' dir='ltr'><strong>miracula</strong></span> <span class='ocrx_word' id='word_1_94' title='bbox 1647 1530 1798 1584; x_wconf 86' lang='lat' dir='ltr'><strong>facta</strong></span> <span class='ocrx_word' id='word_1_95' title='bbox 1831 1530 1950 1583; x_wconf 88' lang='lat' dir='ltr'><strong>sint</strong></span> 
     </span>
    </p>
   </div>
   <div class='ocr_carea' id='block_1_15' title="bbox 294 1611 1945 1682">
    <p class='ocr_par' dir='ltr' id='par_1_15' title="bbox 294 1611 1945 1682">
     <span class='ocr_line' id='line_1_15' title="bbox 294 1611 1945 1682; baseline -0.003 -14"><span class='ocrx_word' id='word_1_96' title='bbox 294 1613 633 1668; x_wconf 77' lang='lat' dir='ltr'><strong>attestantia</strong></span> <span class='ocrx_word' id='word_1_97' title='bbox 683 1612 988 1682; x_wconf 83' lang='lat' dir='ltr'><strong>promissis</strong></span> <span class='ocrx_word' id='word_1_98' title='bbox 1039 1611 1160 1679; x_wconf 91' lang='lat' dir='ltr'><strong>Dei,</strong></span> <span class='ocrx_word' id='word_1_99' title='bbox 1207 1611 1418 1681; x_wconf 86' lang='lat' dir='ltr'><strong>quibus</strong></span> <span class='ocrx_word' id='word_1_100' title='bbox 1467 1616 1602 1667; x_wconf 90' lang='lat' dir='ltr'><strong>ante</strong></span> <span class='ocrx_word' id='word_1_101' title='bbox 1656 1626 1945 1665; x_wconf 90' lang='lat' dir='ltr'><strong>annorum</strong></span> 
     </span>
    </p>
   </div>
   <div class='ocr_carea' id='block_1_16' title="bbox 297 1691 1946 1762">
    <p class='ocr_par' dir='ltr' id='par_1_16' title="bbox 297 1691 1946 1762">
     <span class='ocr_line' id='line_1_16' title="bbox 297 1691 1946 1762; baseline -0.001 -14"><span class='ocrx_word' id='word_1_102' title='bbox 297 1693 461 1748; x_wconf 86' lang='lat' dir='ltr'><strong>milia</strong></span> <span class='ocrx_word' id='word_1_103' title='bbox 493 1693 756 1762; x_wconf 67' lang='lat' dir='ltr'><strong>predixit</strong></span> <span class='ocrx_word' id='word_1_104' title='bbox 786 1691 1045 1756; x_wconf 65' lang='lat' dir='ltr'><strong>Abrahe,</strong></span> <span class='ocrx_word' id='word_1_105' title='bbox 1072 1694 1220 1761; x_wconf 79' lang='lat' dir='ltr'><strong>quod</strong></span> <span class='ocrx_word' id='word_1_106' title='bbox 1255 1691 1311 1744; x_wconf 90' lang='lat' dir='ltr'><strong>in</strong></span> <span class='ocrx_word' id='word_1_107' title='bbox 1343 1692 1568 1746; x_wconf 88' lang='lat' dir='ltr'><strong>semine</strong></span> <span class='ocrx_word' id='word_1_108' title='bbox 1596 1692 1720 1759; x_wconf 90' lang='lat' dir='ltr'><strong>ejus</strong></span> <span class='ocrx_word' id='word_1_109' title='bbox 1743 1706 1946 1746; x_wconf 88' lang='lat' dir='ltr'><strong>omnes</strong></span> 
     </span>
    </p>
   </div>
   <div class='ocr_carea' id='block_1_17' title="bbox 294 1771 1941 1845">
    <p class='ocr_par' dir='ltr' id='par_1_17' title="bbox 294 1771 1941 1845">
     <span class='ocr_line' id='line_1_17' title="bbox 294 1771 1941 1845; baseline -0.001 -17"><span class='ocrx_word' id='word_1_110' title='bbox 294 1780 499 1845; x_wconf 78' lang='lat' dir='ltr'><strong>gentes</strong></span> <span class='ocrx_word' id='word_1_111' title='bbox 534 1771 994 1828; x_wconf 87' lang='lat' dir='ltr'><strong>benedictionem</strong></span> <span class='ocrx_word' id='word_1_112' title='bbox 1030 1773 1254 1827; x_wconf 87' lang='lat' dir='ltr'><strong>fuerant</strong></span> <span class='ocrx_word' id='word_1_113' title='bbox 1286 1772 1563 1828; x_wconf 69' lang='lat' dir='ltr'><strong>habiturae</strong></span> <span class='ocrx_word' id='word_1_114' title='bbox 1596 1771 1748 1844; x_wconf 85' lang='lat' dir='ltr'><strong>(Gen.</strong></span> <span class='ocrx_word' id='word_1_115' title='bbox 1781 1788 1941 1838; x_wconf 86' lang='lat' dir='ltr'><strong>xvm,</strong></span> 
     </span>
    </p>
   </div>
   <div class='ocr_carea' id='block_1_18' title="bbox 297 1853 1942 1925">
    <p class='ocr_par' dir='ltr' id='par_1_18' title="bbox 297 1853 1942 1925">
     <span class='ocr_line' id='line_1_18' title="bbox 297 1853 1942 1925; baseline 0 -17"><span class='ocrx_word' id='word_1_116' title='bbox 297 1854 405 1925; x_wconf 89' lang='grc'><strong>18).</strong></span> <span class='ocrx_word' id='word_1_117' title='bbox 441 1853 578 1918; x_wconf 90' lang='lat' dir='ltr'><strong>Quis</strong></span> <span class='ocrx_word' id='word_1_118' title='bbox 609 1853 764 1909; x_wconf 83' lang='lat' dir='ltr'><strong>enim</strong></span> <span class='ocrx_word' id='word_1_119' title='bbox 799 1869 913 1908; x_wconf 90' lang='lat' dir='ltr'><strong>non</strong></span> <span class='ocrx_word' id='word_1_120' title='bbox 947 1854 1190 1908; x_wconf 90' lang='lat' dir='ltr'><strong>miretur</strong></span> <span class='ocrx_word' id='word_1_121' title='bbox 1235 1854 1420 1910; x_wconf 89' lang='lat' dir='ltr'><strong>eidem</strong></span> <span class='ocrx_word' id='word_1_122' title='bbox 1467 1854 1711 1908; x_wconf 65' lang='lat' dir='ltr'><strong>Abrahae</strong></span> <span class='ocrx_word' id='word_1_123' title='bbox 1758 1853 1942 1908; x_wconf 88' lang='lat' dir='ltr'><strong>ﬁlium</strong></span> 
     </span>
    </p>
   </div>
   <div class='ocr_carea' id='block_1_19' title="bbox 292 1934 1939 2006">
    <p class='ocr_par' dir='ltr' id='par_1_19' title="bbox 292 1934 1939 2006">
     <span class='ocr_line' id='line_1_19' title="bbox 292 1934 1939 2006; baseline 0 -18"><span class='ocrx_word' id='word_1_124' title='bbox 292 1935 585 2004; x_wconf 88' lang='lat' dir='ltr'><strong>peperisse</strong></span> <span class='ocrx_word' id='word_1_125' title='bbox 634 1934 936 2006; x_wconf 88' lang='lat' dir='ltr'><strong>conjugem</strong></span> <span class='ocrx_word' id='word_1_126' title='bbox 991 1935 1272 2002; x_wconf 86' lang='lat' dir='ltr'><strong>sterilem,</strong></span> <span class='ocrx_word' id='word_1_127' title='bbox 1329 1949 1394 1989; x_wconf 87' lang='lat' dir='ltr'><strong>eo</strong></span> <span class='ocrx_word' id='word_1_128' title='bbox 1427 1939 1686 2005; x_wconf 90' lang='lat' dir='ltr'><strong>tempore</strong></span> <span class='ocrx_word' id='word_1_129' title='bbox 1729 1949 1939 1988; x_wconf 90' lang='lat' dir='ltr'><strong>senec-</strong></span> 
     </span>
    </p>
   </div>
   <div class='ocr_carea' id='block_1_20' title="bbox 297 2013 1940 2085">
    <p class='ocr_par' dir='ltr' id='par_1_20' title="bbox 297 2013 1940 2085">
     <span class='ocr_line' id='line_1_20' title="bbox 297 2013 1940 2085; baseline 0 -17"><span class='ocrx_word' id='word_1_130' title='bbox 297 2014 460 2081; x_wconf 86' lang='lat' dir='ltr'><strong>tutis,</strong></span> <span class='ocrx_word' id='word_1_131' title='bbox 496 2030 611 2084; x_wconf 91' lang='lat' dir='ltr'><strong>quo</strong></span> <span class='ocrx_word' id='word_1_132' title='bbox 643 2030 841 2084; x_wconf 89' lang='lat' dir='ltr'><strong>parere</strong></span> <span class='ocrx_word' id='word_1_133' title='bbox 875 2031 979 2070; x_wconf 91' lang='lat' dir='ltr'><strong>nec</strong></span> <span class='ocrx_word' id='word_1_134' title='bbox 1013 2015 1256 2069; x_wconf 88' lang='lat' dir='ltr'><strong>fecunda</strong></span> <span class='ocrx_word' id='word_1_135' title='bbox 1279 2015 1400 2085; x_wconf 88' lang='lat' dir='ltr'><strong>jam</strong></span> <span class='ocrx_word' id='word_1_136' title='bbox 1425 2018 1620 2084; x_wconf 88' lang='lat' dir='ltr'><strong>posset</strong></span> <span class='ocrx_word' id='word_1_137' title='bbox 1642 2013 1659 2047; x_wconf 73' lang='grc' dir='ltr'>ί</span> <span class='ocrx_word' id='word_1_138' title='bbox 1691 2014 1789 2083; x_wconf 87' lang='lat' dir='ltr'><strong>(Id.</strong></span> <span class='ocrx_word' id='word_1_139' title='bbox 1823 2030 1940 2080; x_wconf 83' lang='lat' dir='ltr'><strong>xxi,</strong></span> 
     </span>
    </p>
   </div>
   <div class='ocr_carea' id='block_1_21' title="bbox 295 2093 1939 2166">
    <p class='ocr_par' dir='ltr' id='par_1_21' title="bbox 295 2093 1939 2166">
     <span class='ocr_line' id='line_1_21' title="bbox 295 2093 1939 2166; baseline 0.001 -19"><span class='ocrx_word' id='word_1_140' title='bbox 295 2093 394 2161; x_wconf 86' lang='lat'><strong>2);</strong></span> <span class='ocrx_word' id='word_1_141' title='bbox 428 2101 598 2166; x_wconf 87' lang='lat' dir='ltr'><strong>atque</strong></span> <span class='ocrx_word' id='word_1_142' title='bbox 629 2095 687 2150; x_wconf 89' lang='lat' dir='ltr'><strong>in</strong></span> <span class='ocrx_word' id='word_1_143' title='bbox 722 2096 986 2165; x_wconf 84' lang='lat' dir='ltr'><strong>ejusdem</strong></span> <span class='ocrx_word' id='word_1_144' title='bbox 1017 2096 1263 2151; x_wconf 61' lang='lat' dir='ltr'><strong>Abrahae</strong></span> <span class='ocrx_word' id='word_1_145' title='bbox 1315 2096 1596 2151; x_wconf 88' lang='lat' dir='ltr'><strong>sacriﬁcio</strong></span> <span class='ocrx_word' id='word_1_146' title='bbox 1644 2099 1939 2149; x_wconf 89' lang='lat' dir='ltr'><strong>ﬂammam</strong></span> 
     </span>
    </p>
   </div>
   <div class='ocr_carea' id='block_1_22' title="bbox 295 2173 1940 2233">
    <p class='ocr_par' dir='ltr' id='par_1_22' title="bbox 295 2173 1940 2233">
     <span class='ocr_line' id='line_1_22' title="bbox 295 2173 1940 2233; baseline 0.001 -2"><span class='ocrx_word' id='word_1_147' title='bbox 295 2173 513 2232; x_wconf 73' lang='lat' dir='ltr'><strong>caelitus</strong></span> <span class='ocrx_word' id='word_1_148' title='bbox 563 2176 776 2232; x_wconf 88' lang='lat' dir='ltr'><strong>factam</strong></span> <span class='ocrx_word' id='word_1_149' title='bbox 837 2177 984 2233; x_wconf 85' lang='lat' dir='ltr'><strong>inter</strong></span> <span class='ocrx_word' id='word_1_150' title='bbox 1031 2178 1246 2233; x_wconf 88' lang='lat' dir='ltr'><strong>divisas</strong></span> <span class='ocrx_word' id='word_1_151' title='bbox 1294 2176 1565 2231; x_wconf 89' lang='lat' dir='ltr'><strong>victimas</strong></span> <span class='ocrx_word' id='word_1_152' title='bbox 1614 2176 1940 2232; x_wconf 86' lang='lat' dir='ltr'><strong>cucurrisse</strong></span> 
     </span>
    </p>
   </div>
   <div class='ocr_carea' id='block_1_23' title="bbox 301 2255 1940 2328">
    <p class='ocr_par' dir='ltr' id='par_1_23' title="bbox 301 2255 1940 2328">
     <span class='ocr_line' id='line_1_23' title="bbox 301 2255 1940 2328; baseline -0.003 -16"><span class='ocrx_word' id='word_1_153' title='bbox 301 2255 371 2326; x_wconf 86' lang='lat' dir='ltr'><strong>(b)</strong></span> <span class='ocrx_word' id='word_1_154' title='bbox 401 2257 499 2325; x_wconf 83' lang='lat' dir='ltr'><strong>(1d.</strong></span> <span class='ocrx_word' id='word_1_155' title='bbox 533 2273 624 2323; x_wconf 88' lang='lat' dir='ltr'><strong>xv,</strong></span> <span class='ocrx_word' id='word_1_156' title='bbox 664 2259 786 2325; x_wconf 85' lang='lat' dir='ltr'><strong>l7);</strong></span> <span class='ocrx_word' id='word_1_157' title='bbox 821 2259 1129 2328; x_wconf 88' lang='lat' dir='ltr'><strong>eidemque</strong></span> <span class='ocrx_word' id='word_1_158' title='bbox 1183 2257 1424 2311; x_wconf 62' lang='lat' dir='ltr'><strong>Abrahae</strong></span> <span class='ocrx_word' id='word_1_159' title='bbox 1477 2255 1812 2326; x_wconf 66' lang='lat' dir='ltr'><strong>praedictum</strong></span> <span class='ocrx_word' id='word_1_160' title='bbox 1867 2256 1940 2308; x_wconf 87' lang='lat' dir='ltr'><strong>ab</strong></span> 
     </span>
    </p>
   </div>
   <div class='ocr_carea' id='block_1_24' title="bbox 299 2335 1937 2406">
    <p class='ocr_par' dir='ltr' id='par_1_24' title="bbox 299 2335 1937 2406">
     <span class='ocr_line' id='line_1_24' title="bbox 299 2335 1937 2406; baseline 0 -18"><span class='ocrx_word' id='word_1_161' title='bbox 299 2335 524 2406; x_wconf 78' lang='lat' dir='ltr'><strong>Angelis</strong></span> <span class='ocrx_word' id='word_1_162' title='bbox 554 2337 791 2393; x_wconf 80' lang='lat' dir='ltr'><strong>cceleste</strong></span> <span class='ocrx_word' id='word_1_163' title='bbox 821 2337 1158 2393; x_wconf 89' lang='lat' dir='ltr'><strong>incendium</strong></span> <span class='ocrx_word' id='word_1_164' title='bbox 1192 2337 1598 2401; x_wconf 84' lang='lat' dir='ltr'><strong>Sodomorum,</strong></span> <span class='ocrx_word' id='word_1_165' title='bbox 1634 2351 1778 2402; x_wconf 87' lang='lat' dir='ltr'><strong>quos</strong></span> <span class='ocrx_word' id='word_1_166' title='bbox 1817 2339 1937 2388; x_wconf 84' lang='lat' dir='ltr'><strong>An-</strong></span> 
     </span>
    </p>
   </div>
   <div class='ocr_carea' id='block_1_25' title="bbox 303 2417 1942 2488">
    <p class='ocr_par' dir='ltr' id='par_1_25' title="bbox 303 2417 1942 2488">
     <span class='ocr_line' id='line_1_25' title="bbox 303 2417 1942 2488; baseline -0.002 -16"><span class='ocrx_word' id='word_1_167' title='bbox 303 2417 444 2486; x_wconf 80' lang='lat' dir='ltr'><strong>gelos</strong></span> <span class='ocrx_word' id='word_1_168' title='bbox 494 2419 834 2474; x_wconf 88' lang='lat' dir='ltr'><strong>hominibus</strong></span> <span class='ocrx_word' id='word_1_169' title='bbox 891 2417 1112 2472; x_wconf 89' lang='lat' dir='ltr'><strong>similes</strong></span> <span class='ocrx_word' id='word_1_170' title='bbox 1165 2417 1418 2488; x_wconf 89' lang='lat' dir='ltr'><strong>hospitio</strong></span> <span class='ocrx_word' id='word_1_171' title='bbox 1478 2421 1831 2484; x_wconf 82' lang='lat' dir='ltr'><strong>susceperat,</strong></span> <span class='ocrx_word' id='word_1_172' title='bbox 1885 2420 1942 2470; x_wconf 89' lang='lat' dir='ltr'><strong>et</strong></span> 
     </span>
    </p>
   </div>
   <div class='ocr_carea' id='block_1_26' title="bbox 307 2496 1943 2568">
    <p class='ocr_par' dir='ltr' id='par_1_26' title="bbox 307 2496 1943 2568">
     <span class='ocr_line' id='line_1_26' title="bbox 307 2496 1943 2568; baseline 0 -18"><span class='ocrx_word' id='word_1_173' title='bbox 307 2512 392 2566; x_wconf 87' lang='lat' dir='ltr'><strong>per</strong></span> <span class='ocrx_word' id='word_1_174' title='bbox 429 2515 526 2553; x_wconf 90' lang='lat' dir='ltr'><strong>eos</strong></span> <span class='ocrx_word' id='word_1_175' title='bbox 579 2500 652 2552; x_wconf 88' lang='lat' dir='ltr'><strong>de</strong></span> <span class='ocrx_word' id='word_1_176' title='bbox 705 2501 865 2568; x_wconf 88' lang='lat' dir='ltr'><strong>prole</strong></span> <span class='ocrx_word' id='word_1_177' title='bbox 911 2502 1151 2552; x_wconf 80' lang='lat' dir='ltr'><strong>ventura</strong></span> <span class='ocrx_word' id='word_1_178' title='bbox 1201 2496 1294 2552; x_wconf 84' lang='lat' dir='ltr'><strong>Dei</strong></span> <span class='ocrx_word' id='word_1_179' title='bbox 1345 2497 1632 2566; x_wconf 89' lang='lat' dir='ltr'><strong>promissa</strong></span> <span class='ocrx_word' id='word_1_180' title='bbox 1678 2500 1943 2551; x_wconf 88' lang='lat' dir='ltr'><strong>tenuerat</strong></span> 
     </span>
    </p>
   </div>
   <div class='ocr_carea' id='block_1_27' title="bbox 309 2575 1935 2648">
    <p class='ocr_par' dir='ltr' id='par_1_27' title="bbox 309 2575 1935 2648">
     <span class='ocr_line' id='line_1_27' title="bbox 309 2575 1935 2648; baseline 0 -18"><span class='ocrx_word' id='word_1_181' title='bbox 309 2575 396 2646; x_wconf 87' lang='lat' dir='ltr'><strong>(Id.</strong></span> <span class='ocrx_word' id='word_1_182' title='bbox 415 2595 572 2648; x_wconf 77' lang='lat' dir='ltr'><strong>xvm,</strong></span> <span class='ocrx_word' id='word_1_183' title='bbox 595 2579 685 2644; x_wconf 81' lang='lat'><strong>20,</strong></span> <span class='ocrx_word' id='word_1_184' title='bbox 715 2579 802 2647; x_wconf 77' lang='grc'><strong>14)</strong></span> <span class='ocrx_word' id='word_1_185' title='bbox 832 2577 1116 2648; x_wconf 64' lang='grc' dir='ltr'><strong>;›1ρεοίιι]θ</strong></span> <span class='ocrx_word' id='word_1_186' title='bbox 1136 2577 1620 2647; x_wconf 87' lang='lat' dir='ltr'><strong>imminentejam</strong></span> <span class='ocrx_word' id='word_1_187' title='bbox 1648 2576 1935 2642; x_wconf 89' lang='lat' dir='ltr'><strong>incendio,</strong></span> 
     </span>
    </p>
   </div>
   <div class='ocr_carea' id='block_1_28' title="bbox 312 2654 1936 2727">
    <p class='ocr_par' dir='ltr' id='par_1_28' title="bbox 312 2654 1936 2727">
     <span class='ocr_line' id='line_1_28' title="bbox 312 2654 1936 2727; baseline 0.001 -18"><span class='ocrx_word' id='word_1_188' title='bbox 312 2655 503 2710; x_wconf 89' lang='lat' dir='ltr'><strong>miram</strong></span> <span class='ocrx_word' id='word_1_189' title='bbox 536 2657 610 2710; x_wconf 91' lang='lat' dir='ltr'><strong>de</strong></span> <span class='ocrx_word' id='word_1_190' title='bbox 641 2656 910 2710; x_wconf 88' lang='lat' dir='ltr'><strong>Sodomis</strong></span> <span class='ocrx_word' id='word_1_191' title='bbox 943 2672 1044 2726; x_wconf 92' lang='lat' dir='ltr'><strong>per</strong></span> <span class='ocrx_word' id='word_1_192' title='bbox 1085 2655 1319 2711; x_wconf 89' lang='lat' dir='ltr'><strong>eosdem</strong></span> <span class='ocrx_word' id='word_1_193' title='bbox 1353 2657 1607 2727; x_wconf 79' lang='lat' dir='ltr'><strong>Angelos</strong></span> <span class='ocrx_word' id='word_1_194' title='bbox 1641 2654 1936 2710; x_wconf 86' lang='lat' dir='ltr'><strong>liberatio-</strong></span> 
     </span>
    </p>
   </div>
   <div class='ocr_carea' id='block_1_29' title="bbox 307 2735 1936 2807">
    <p class='ocr_par' dir='ltr' id='par_1_29' title="bbox 307 2735 1936 2807">
     <span class='ocr_line' id='line_1_29' title="bbox 307 2735 1936 2807; baseline 0.001 -19"><span class='ocrx_word' id='word_1_195' title='bbox 307 2750 416 2792; x_wconf 81' lang='lat' dir='ltr'><strong>nem</strong></span> <span class='ocrx_word' id='word_1_196' title='bbox 451 2739 551 2790; x_wconf 84' lang='lat' dir='ltr'><strong>Lot</strong></span> <span class='ocrx_word' id='word_1_197' title='bbox 599 2735 700 2791; x_wconf 90' lang='lat' dir='ltr'><strong>ﬁlii</strong></span> <span class='ocrx_word' id='word_1_198' title='bbox 757 2737 951 2791; x_wconf 80' lang='lat' dir='ltr'><strong>fratris</strong></span> <span class='ocrx_word' id='word_1_199' title='bbox 984 2738 1150 2806; x_wconf 88' lang='lat' dir='ltr'><strong>ejus;</strong></span> <span class='ocrx_word' id='word_1_200' title='bbox 1183 2737 1350 2807; x_wconf 90' lang='lat' dir='ltr'><strong>cujus</strong></span> <span class='ocrx_word' id='word_1_201' title='bbox 1402 2754 1546 2792; x_wconf 88' lang='lat' dir='ltr'><strong>uxor</strong></span> <span class='ocrx_word' id='word_1_202' title='bbox 1574 2737 1631 2791; x_wconf 92' lang='lat' dir='ltr'><strong>in</strong></span> <span class='ocrx_word' id='word_1_203' title='bbox 1666 2736 1757 2791; x_wconf 89' lang='lat' dir='ltr'><strong>via</strong></span> <span class='ocrx_word' id='word_1_204' title='bbox 1789 2745 1936 2792; x_wconf 89' lang='lat' dir='ltr'><strong>retro</strong></span> 
     </span>
    </p>
   </div>
   <div class='ocr_carea' id='block_1_30' title="bbox 305 2815 1930 2888">
    <p class='ocr_par' dir='ltr' id='par_1_30' title="bbox 305 2815 1930 2888">
     <span class='ocr_line' id='line_1_30' title="bbox 305 2815 1930 2888; baseline 0.001 -20"><span class='ocrx_word' id='word_1_205' title='bbox 305 2815 628 2885; x_wconf 85' lang='lat' dir='ltr'><strong>respiciens,</strong></span> <span class='ocrx_word' id='word_1_206' title='bbox 674 2821 852 2887; x_wconf 88' lang='lat' dir='ltr'><strong>atque</strong></span> <span class='ocrx_word' id='word_1_207' title='bbox 907 2817 965 2870; x_wconf 91' lang='lat' dir='ltr'><strong>in</strong></span> <span class='ocrx_word' id='word_1_208' title='bbox 1017 2819 1198 2871; x_wconf 89' lang='lat' dir='ltr'><strong>salem</strong></span> <span class='ocrx_word' id='word_1_209' title='bbox 1247 2822 1482 2888; x_wconf 88' lang='lat' dir='ltr'><strong>repente</strong></span> <span class='ocrx_word' id='word_1_210' title='bbox 1529 2833 1802 2872; x_wconf 85' lang='lat' dir='ltr'><strong>conversa</strong></span> <span class='ocrx_word' id='word_1_211' title='bbox 1831 2816 1930 2886; x_wconf 86' lang='lat' dir='ltr'><strong>(Id.</strong></span> 
     </span>
    </p>
   </div>
   <div class='ocr_carea' id='block_1_31' title="bbox 302 2897 1931 2968">
    <p class='ocr_par' dir='ltr' id='par_1_31' title="bbox 302 2897 1931 2968">
     <span class='ocr_line' id='line_1_31' title="bbox 302 2897 1931 2968; baseline 0.002 -19"><span class='ocrx_word' id='word_1_212' title='bbox 302 2911 399 2961; x_wconf 83' lang='lat' dir='ltr'><strong>xix,</strong></span> <span class='ocrx_word' id='word_1_213' title='bbox 432 2899 516 2962; x_wconf 82' lang='lat' dir='ltr'><strong>l7,</strong></span> <span class='ocrx_word' id='word_1_214' title='bbox 541 2897 883 2968; x_wconf 86' lang='lat' dir='ltr'><strong>26),magno</strong></span> <span class='ocrx_word' id='word_1_215' title='bbox 915 2897 1218 2953; x_wconf 87' lang='lat' dir='ltr'><strong>admonuit</strong></span> <span class='ocrx_word' id='word_1_216' title='bbox 1235 2899 1931 2964; x_wconf 87' lang='lat' dir='ltr'><strong>sacramento,neminem</strong></span> 
     </span>
    </p>
   </div>
   <div class='ocr_carea' id='block_1_32' title="bbox 305 2975 1933 3048">
    <p class='ocr_par' dir='ltr' id='par_1_32' title="bbox 305 2975 1933 3048">
     <span class='ocr_line' id='line_1_32' title="bbox 305 2975 1933 3048; baseline 0.004 -20"><span class='ocrx_word' id='word_1_217' title='bbox 305 2975 351 3028; x_wconf 89' lang='lat' dir='ltr'><strong>in</strong></span> <span class='ocrx_word' id='word_1_218' title='bbox 382 2975 468 3030; x_wconf 86' lang='lat' dir='ltr'><strong>via</strong></span> <span class='ocrx_word' id='word_1_219' title='bbox 495 2975 856 3031; x_wconf 81' lang='lat' dir='ltr'><strong>liberationis</strong></span> <span class='ocrx_word' id='word_1_220' title='bbox 886 2993 1004 3031; x_wconf 75' lang='lat' dir='ltr'><strong>suae</strong></span> <span class='ocrx_word' id='word_1_221' title='bbox 1034 2978 1659 3048; x_wconf 67' lang='lat' dir='ltr'><strong>prasteritadesiderare</strong></span> <span class='ocrx_word' id='word_1_222' title='bbox 1683 2977 1933 3035; x_wconf 66' lang='lat' dir='ltr'><strong>debere?</strong></span> 
     </span>
    </p>
   </div>
   <div class='ocr_carea' id='block_1_33' title="bbox 308 3053 1930 3131">
    <p class='ocr_par' dir='ltr' id='par_1_33' title="bbox 308 3053 1930 3131">
     <span class='ocr_line' id='line_1_33' title="bbox 308 3053 1930 3131; baseline 0.004 -22"><span class='ocrx_word' id='word_1_223' title='bbox 308 3053 397 3110; x_wconf 90' lang='lat' dir='ltr'><strong>Illa</strong></span> <span class='ocrx_word' id='word_1_224' title='bbox 425 3072 554 3110; x_wconf 90' lang='lat' dir='ltr'><strong>vero</strong></span> <span class='ocrx_word' id='word_1_225' title='bbox 585 3073 712 3126; x_wconf 74' lang='lat' dir='ltr'><strong>quae</strong></span> <span class='ocrx_word' id='word_1_226' title='bbox 745 3063 801 3112; x_wconf 90' lang='lat' dir='ltr'><strong>et</strong></span> <span class='ocrx_word' id='word_1_227' title='bbox 829 3062 1048 3128; x_wconf 91' lang='lat' dir='ltr'><strong>quanta</strong></span> <span class='ocrx_word' id='word_1_228' title='bbox 1080 3063 1239 3126; x_wconf 89' lang='lat' dir='ltr'><strong>sunt,</strong></span> <span class='ocrx_word' id='word_1_229' title='bbox 1273 3060 1538 3130; x_wconf 68' lang='lat' dir='ltr'><strong>quaajam</strong></span> <span class='ocrx_word' id='word_1_230' title='bbox 1566 3075 1666 3130; x_wconf 92' lang='lat' dir='ltr'><strong>per</strong></span> <span class='ocrx_word' id='word_1_231' title='bbox 1697 3059 1930 3131; x_wconf 82' lang='lat' dir='ltr'><strong>Moysen</strong></span> 
     </span>
    </p>
   </div>
   <div class='ocr_carea' id='block_1_34' title="bbox 306 3135 1932 3213">
    <p class='ocr_par' dir='ltr' id='par_1_34' title="bbox 306 3135 1932 3213">
     <span class='ocr_line' id='line_1_34' title="bbox 306 3135 1932 3213; baseline 0.005 -25"><span class='ocrx_word' id='word_1_232' title='bbox 306 3150 394 3204; x_wconf 89' lang='lat' dir='ltr'><strong>pro</strong></span> <span class='ocrx_word' id='word_1_233' title='bbox 408 3135 614 3206; x_wconf 90' lang='lat' dir='ltr'><strong>populo</strong></span> <span class='ocrx_word' id='word_1_234' title='bbox 639 3137 739 3192; x_wconf 87' lang='lat' dir='ltr'><strong>Dei</strong></span> <span class='ocrx_word' id='word_1_235' title='bbox 761 3138 988 3208; x_wconf 88' lang='lat' dir='ltr'><strong>dejugo</strong></span> <span class='ocrx_word' id='word_1_236' title='bbox 1016 3139 1316 3194; x_wconf 89' lang='lat' dir='ltr'><strong>servitutis</strong></span> <span class='ocrx_word' id='word_1_237' title='bbox 1337 3141 1586 3194; x_wconf 90' lang='lat' dir='ltr'><strong>eruendo</strong></span> <span class='ocrx_word' id='word_1_238' title='bbox 1610 3140 1666 3194; x_wconf 91' lang='lat' dir='ltr'><strong>in</strong></span> <span class='ocrx_word' id='word_1_239' title='bbox 1691 3141 1932 3213; x_wconf 67' lang='lat' dir='ltr'><strong>Egypto</strong></span> 
     </span>
    </p>
   </div>
   <div class='ocr_carea' id='block_1_35' title="bbox 308 3215 1933 3291">
    <p class='ocr_par' dir='ltr' id='par_1_35' title="bbox 308 3215 1933 3291">
     <span class='ocr_line' id='line_1_35' title="bbox 308 3215 1933 3291; baseline 0.006 -23"><span class='ocrx_word' id='word_1_240' title='bbox 308 3215 628 3270; x_wconf 78' lang='lat' dir='ltr'><strong>mirabiliter</strong></span> <span class='ocrx_word' id='word_1_241' title='bbox 657 3226 816 3288; x_wconf 88' lang='lat' dir='ltr'><strong>gesta</strong></span> <span class='ocrx_word' id='word_1_242' title='bbox 849 3227 1005 3284; x_wconf 92' lang='lat' dir='ltr'><strong>sunt,</strong></span> <span class='ocrx_word' id='word_1_243' title='bbox 1039 3219 1136 3274; x_wconf 91' lang='lat' dir='ltr'><strong>ubi</strong></span> <span class='ocrx_word' id='word_1_244' title='bbox 1172 3221 1324 3291; x_wconf 83' lang='lat' dir='ltr'><strong>magi</strong></span> <span class='ocrx_word' id='word_1_245' title='bbox 1351 3220 1687 3290; x_wconf 87' lang='lat' dir='ltr'><strong>Pharaonis,</strong></span> <span class='ocrx_word' id='word_1_246' title='bbox 1713 3221 1818 3278; x_wconf 90' lang='lat' dir='ltr'><strong>hoc</strong></span> <span class='ocrx_word' id='word_1_247' title='bbox 1843 3227 1933 3278; x_wconf 90' lang='lat' dir='ltr'><strong>est</strong></span> 
     </span>
    </p>
   </div>
   <div class='ocr_carea' id='block_1_36' title="bbox 308 3297 1934 3370">
    <p class='ocr_par' dir='ltr' id='par_1_36' title="bbox 308 3297 1934 3370">
     <span class='ocr_line' id='line_1_36' title="bbox 308 3297 1934 3370; baseline 0.007 -23"><span class='ocrx_word' id='word_1_248' title='bbox 308 3297 436 3363; x_wconf 77' lang='lat' dir='ltr'><strong>regis</strong></span> <span class='ocrx_word' id='word_1_249' title='bbox 480 3297 726 3368; x_wconf 65' lang='lat' dir='ltr'><strong>Egypti,</strong></span> <span class='ocrx_word' id='word_1_250' title='bbox 775 3297 872 3367; x_wconf 91' lang='lat' dir='ltr'><strong>qui</strong></span> <span class='ocrx_word' id='word_1_251' title='bbox 946 3299 1223 3370; x_wconf 92' lang='lat' dir='ltr'><strong>populum</strong></span> <span class='ocrx_word' id='word_1_252' title='bbox 1302 3301 1468 3356; x_wconf 92' lang='lat' dir='ltr'><strong>illum</strong></span> <span class='ocrx_word' id='word_1_253' title='bbox 1535 3303 1934 3360; x_wconf 88' lang='lat' dir='ltr'><strong>dominatione</strong></span> 
     </span>
    </p>
   </div>
   <div class='ocr_carea' id='block_1_37' title="bbox 309 3374 1930 3452">
    <p class='ocr_par' dir='ltr' id='par_1_37' title="bbox 309 3374 1930 3452">
     <span class='ocr_line' id='line_1_37' title="bbox 309 3374 1930 3452; baseline 0.007 -24"><span class='ocrx_word' id='word_1_254' title='bbox 309 3374 672 3444; x_wconf 86' lang='lat' dir='ltr'><strong>deprimebat,</strong></span> <span class='ocrx_word' id='word_1_255' title='bbox 705 3379 776 3434; x_wconf 91' lang='lat' dir='ltr'><strong>ad</strong></span> <span class='ocrx_word' id='word_1_256' title='bbox 811 3379 917 3434; x_wconf 90' lang='lat' dir='ltr'><strong>hoc</strong></span> <span class='ocrx_word' id='word_1_257' title='bbox 950 3379 1135 3434; x_wconf 84' lang='lat' dir='ltr'><strong>facere</strong></span> <span class='ocrx_word' id='word_1_258' title='bbox 1175 3382 1432 3450; x_wconf 70' lang='lat' dir='ltr'><strong>quaedam</strong></span> <span class='ocrx_word' id='word_1_259' title='bbox 1483 3382 1632 3437; x_wconf 92' lang='lat' dir='ltr'><strong>mira</strong></span> <span class='ocrx_word' id='word_1_260' title='bbox 1665 3385 1930 3452; x_wconf 89' lang='lat' dir='ltr'><strong>permissi</strong></span> 
     </span>
    </p>
   </div>
   <div class='ocr_carea' id='block_1_38' title="bbox 306 3457 1934 3521">
    <p class='ocr_par' dir='ltr' id='par_1_38' title="bbox 306 3457 1934 3521">
     <span class='ocr_line' id='line_1_38' title="bbox 306 3457 1934 3521; baseline 0.006 -13"><span class='ocrx_word' id='word_1_261' title='bbox 306 3463 441 3521; x_wconf 85' lang='lat' dir='ltr'><strong>sunt,</strong></span> <span class='ocrx_word' id='word_1_262' title='bbox 473 3464 532 3510; x_wconf 89' lang='lat' dir='ltr'><strong>ut</strong></span> <span class='ocrx_word' id='word_1_263' title='bbox 563 3457 888 3514; x_wconf 86' lang='lat' dir='ltr'><strong>mirabilius</strong></span> <span class='ocrx_word' id='word_1_264' title='bbox 911 3459 1327 3515; x_wconf 87' lang='lat' dir='ltr'><strong>vincerentur?</strong></span> <span class='ocrx_word' id='word_1_265' title='bbox 1354 3461 1438 3516; x_wconf 93' lang='lat' dir='ltr'><strong>Illi</strong></span> <span class='ocrx_word' id='word_1_266' title='bbox 1459 3464 1612 3516; x_wconf 90' lang='lat' dir='ltr'><strong>enim</strong></span> <span class='ocrx_word' id='word_1_267' title='bbox 1644 3463 1934 3519; x_wconf 83' lang='lat' dir='ltr'><strong>faciebant</strong></span> 
     </span>
    </p>
   </div>
   <div class='ocr_carea' id='block_1_39' title="bbox 307 3535 1934 3611">
    <p class='ocr_par' dir='ltr' id='par_1_39' title="bbox 307 3535 1934 3611">
     <span class='ocr_line' id='line_1_39' title="bbox 307 3535 1934 3611; baseline 0.005 -23"><span class='ocrx_word' id='word_1_268' title='bbox 307 3535 580 3591; x_wconf 78' lang='lat' dir='ltr'><strong>veneﬁciis</strong></span> <span class='ocrx_word' id='word_1_269' title='bbox 611 3543 668 3592; x_wconf 88' lang='lat' dir='ltr'><strong>et</strong></span> <span class='ocrx_word' id='word_1_270' title='bbox 696 3537 1194 3594; x_wconf 84' lang='lat' dir='ltr'><strong>incantationibus</strong></span> <span class='ocrx_word' id='word_1_271' title='bbox 1247 3542 1506 3611; x_wconf 84' lang='lat' dir='ltr'><strong>magicis,</strong></span> <span class='ocrx_word' id='word_1_272' title='bbox 1547 3543 1762 3610; x_wconf 88' lang='lat' dir='ltr'><strong>quibus</strong></span> <span class='ocrx_word' id='word_1_273' title='bbox 1793 3547 1934 3596; x_wconf 91' lang='lat' dir='ltr'><strong>sunt</strong></span> 
     </span>
    </p>
   </div>
   <div class='ocr_carea' id='block_1_40' title="bbox 305 3614 1933 3692">
    <p class='ocr_par' dir='ltr' id='par_1_40' title="bbox 305 3614 1933 3692">
     <span class='ocr_line' id='line_1_40' title="bbox 305 3614 1933 3692; baseline 0.007 -25"><span class='ocrx_word' id='word_1_274' title='bbox 305 3614 427 3670; x_wconf 89' lang='lat' dir='ltr'><strong>mali</strong></span> <span class='ocrx_word' id='word_1_275' title='bbox 488 3617 703 3688; x_wconf 87' lang='lat' dir='ltr'><strong>angeli,</strong></span> <span class='ocrx_word' id='word_1_276' title='bbox 753 3619 861 3673; x_wconf 88' lang='lat' dir='ltr'><strong>hoc</strong></span> <span class='ocrx_word' id='word_1_277' title='bbox 930 3625 1020 3675; x_wconf 88' lang='lat' dir='ltr'><strong>est</strong></span> <span class='ocrx_word' id='word_1_278' title='bbox 1072 3621 1388 3686; x_wconf 64' lang='lat' dir='ltr'><strong>demones,</strong></span> <span class='ocrx_word' id='word_1_279' title='bbox 1439 3622 1658 3677; x_wconf 89' lang='lat' dir='ltr'><strong>dediti:</strong></span> <span class='ocrx_word' id='word_1_280' title='bbox 1710 3628 1933 3692; x_wconf 79' lang='lat' dir='ltr'><strong>Moyses</strong></span> 
     </span>
    </p>
   </div>
   <div class='ocr_carea' id='block_1_41' title="bbox 303 3699 1933 3771">
    <p class='ocr_par' dir='ltr' id='par_1_41' title="bbox 303 3699 1933 3771">
     <span class='ocr_line' id='line_1_41' title="bbox 303 3699 1933 3771; baseline 0.005 -22"><span class='ocrx_word' id='word_1_281' title='bbox 303 3699 479 3752; x_wconf 80' lang='lat' dir='ltr'><strong>autem</strong></span> <span class='ocrx_word' id='word_1_282' title='bbox 511 3703 672 3753; x_wconf 89' lang='lat' dir='ltr'><strong>tanto</strong></span> <span class='ocrx_word' id='word_1_283' title='bbox 707 3699 1024 3767; x_wconf 85' lang='lat' dir='ltr'><strong>potentius,</strong></span> <span class='ocrx_word' id='word_1_284' title='bbox 1077 3707 1297 3770; x_wconf 90' lang='lat' dir='ltr'><strong>quanto</strong></span> <span class='ocrx_word' id='word_1_285' title='bbox 1328 3701 1547 3771; x_wconf 87' lang='lat' dir='ltr'><strong>justius</strong></span> <span class='ocrx_word' id='word_1_286' title='bbox 1588 3703 1646 3756; x_wconf 83' lang='lat' dir='ltr'><strong>in</strong></span> <span class='ocrx_word' id='word_1_287' title='bbox 1699 3703 1933 3758; x_wconf 90' lang='lat' dir='ltr'><strong>nomine</strong></span> 
     </span>
    </p>
   </div>
   <div class='ocr_carea' id='block_1_42' title="bbox 303 3776 1934 3848">
    <p class='ocr_par' dir='ltr' id='par_1_42' title="bbox 303 3776 1934 3848">
     <span class='ocr_line' id='line_1_42' title="bbox 303 3776 1934 3848; baseline 0.007 -21"><span class='ocrx_word' id='word_1_288' title='bbox 303 3776 536 3842; x_wconf 85' lang='lat' dir='ltr'><strong>Domini,</strong></span> <span class='ocrx_word' id='word_1_289' title='bbox 570 3779 672 3848; x_wconf 90' lang='lat' dir='ltr'><strong>qui</strong></span> <span class='ocrx_word' id='word_1_290' title='bbox 724 3779 854 3834; x_wconf 86' lang='lat' dir='ltr'><strong>fecit</strong></span> <span class='ocrx_word' id='word_1_291' title='bbox 901 3780 1112 3835; x_wconf 75' lang='lat' dir='ltr'><strong>coelum</strong></span> <span class='ocrx_word' id='word_1_292' title='bbox 1163 3786 1219 3835; x_wconf 88' lang='lat' dir='ltr'><strong>et</strong></span> <span class='ocrx_word' id='word_1_293' title='bbox 1263 3786 1499 3846; x_wconf 86' lang='lat' dir='ltr'><strong>terram,</strong></span> <span class='ocrx_word' id='word_1_294' title='bbox 1550 3782 1934 3839; x_wconf 85' lang='lat' dir='ltr'><strong>servientibus</strong></span> 
     </span>
    </p>
   </div>
   <div class='ocr_carea' id='block_1_43' title="bbox 302 3855 1935 3931">
    <p class='ocr_par' dir='ltr' id='par_1_43' title="bbox 302 3855 1935 3931">
     <span class='ocr_line' id='line_1_43' title="bbox 302 3855 1935 3931; baseline 0.007 -23"><span class='ocrx_word' id='word_1_295' title='bbox 302 3855 540 3925; x_wconf 77' lang='lat' dir='ltr'><strong>Angelis,</strong></span> <span class='ocrx_word' id='word_1_296' title='bbox 576 3874 676 3913; x_wconf 83' lang='lat' dir='ltr'><strong>eos</strong></span> <span class='ocrx_word' id='word_1_297' title='bbox 708 3858 874 3915; x_wconf 85' lang='lat' dir='ltr'><strong>facile</strong></span> <span class='ocrx_word' id='word_1_298' title='bbox 903 3861 1193 3929; x_wconf 86' lang='lat' dir='ltr'><strong>superavit</strong></span> <span class='ocrx_word' id='word_1_299' title='bbox 1221 3861 1417 3930; x_wconf 87' lang='lat' dir='ltr'><strong>(Exod.</strong></span> <span class='ocrx_word' id='word_1_300' title='bbox 1453 3879 1695 3928; x_wconf 75' lang='lat' dir='ltr'><strong>VII-VIII,</strong></span> <span class='ocrx_word' id='word_1_301' title='bbox 1725 3864 1803 3931; x_wconf 87' lang='lat'><strong>7).</strong></span> <span class='ocrx_word' id='word_1_302' title='bbox 1832 3863 1935 3920; x_wconf 88' lang='lat' dir='ltr'><strong>De-</strong></span> 
     </span>
    </p>
   </div>
   <div class='ocr_carea' id='block_1_44' title="bbox 304 3935 1930 4012">
    <p class='ocr_par' dir='ltr' id='par_1_44' title="bbox 304 3935 1930 4012">
     <span class='ocr_line' id='line_1_44' title="bbox 304 3935 1930 4012; baseline 0.008 -24"><span class='ocrx_word' id='word_1_303' title='bbox 304 3935 465 4007; x_wconf 88' lang='lat' dir='ltr'><strong>nique</strong></span> <span class='ocrx_word' id='word_1_304' title='bbox 494 3938 550 3992; x_wconf 93' lang='lat' dir='ltr'><strong>io</strong></span> <span class='ocrx_word' id='word_1_305' title='bbox 589 3939 754 3994; x_wconf 87' lang='lat' dir='ltr'><strong>tertia</strong></span> <span class='ocrx_word' id='word_1_306' title='bbox 805 3940 972 4012; x_wconf 84' lang='lat' dir='ltr'><strong>plaga</strong></span> <span class='ocrx_word' id='word_1_307' title='bbox 1019 3940 1424 3996; x_wconf 88' lang='lat' dir='ltr'><strong>deﬁcientibus</strong></span> <span class='ocrx_word' id='word_1_308' title='bbox 1475 3944 1682 4012; x_wconf 84' lang='lat' dir='ltr'><strong>magis,</strong></span> <span class='ocrx_word' id='word_1_309' title='bbox 1733 3947 1930 4001; x_wconf 86' lang='lat' dir='ltr'><strong>decem</strong></span> 
     </span>
    </p>
   </div>
   <div class='ocr_carea' id='block_1_45' title="bbox 303 4014 1934 4094">
    <p class='ocr_par' dir='ltr' id='par_1_45' title="bbox 303 4014 1934 4094">
     <span class='ocr_line' id='line_1_45' title="bbox 303 4014 1934 4094; baseline 0.009 -25"><span class='ocrx_word' id='word_1_310' title='bbox 303 4014 471 4086; x_wconf 71' lang='lat' dir='ltr'><strong>plaga</strong></span> <span class='ocrx_word' id='word_1_311' title='bbox 505 4035 605 4090; x_wconf 91' lang='lat' dir='ltr'><strong>per</strong></span> <span class='ocrx_word' id='word_1_312' title='bbox 623 4019 856 4090; x_wconf 84' lang='lat' dir='ltr'><strong>Moysen</strong></span> <span class='ocrx_word' id='word_1_313' title='bbox 885 4037 1096 4093; x_wconf 88' lang='lat' dir='ltr'><strong>magna</strong></span> <span class='ocrx_word' id='word_1_314' title='bbox 1121 4024 1525 4092; x_wconf 82' lang='lat' dir='ltr'><strong>mysteriorum</strong></span> <span class='ocrx_word' id='word_1_315' title='bbox 1551 4025 1934 4094; x_wconf 86' lang='lat' dir='ltr'><strong>dispositione</strong></span> 
     </span>
    </p>
   </div>
   <div class='ocr_carea' id='block_1_46' title="bbox 303 4097 1935 4174">
    <p class='ocr_par' dir='ltr' id='par_1_46' title="bbox 303 4097 1935 4174">
     <span class='ocr_line' id='line_1_46' title="bbox 303 4097 1935 4174; baseline 0.007 -25"><span class='ocrx_word' id='word_1_316' title='bbox 303 4097 583 4174; x_wconf 68' lang='lat' dir='ltr'><strong>completas</strong></span> <span class='ocrx_word' id='word_1_317' title='bbox 615 4108 779 4166; x_wconf 87' lang='lat' dir='ltr'><strong>sunt;</strong></span> <span class='ocrx_word' id='word_1_318' title='bbox 815 4100 1032 4170; x_wconf 83' lang='lat' dir='ltr'><strong>quibus</strong></span> <span class='ocrx_word' id='word_1_319' title='bbox 1061 4102 1131 4156; x_wconf 90' lang='lat' dir='ltr'><strong>ad</strong></span> <span class='ocrx_word' id='word_1_320' title='bbox 1178 4101 1280 4156; x_wconf 92' lang='lat' dir='ltr'><strong>Dei</strong></span> <span class='ocrx_word' id='word_1_321' title='bbox 1331 4103 1610 4174; x_wconf 90' lang='lat' dir='ltr'><strong>populum</strong></span> <span class='ocrx_word' id='word_1_322' title='bbox 1642 4104 1935 4160; x_wconf 89' lang='lat' dir='ltr'><strong>dimitten-</strong></span> 
     </span>
    </p>
   </div>
   <div class='ocr_carea' id='block_1_47' title="bbox 303 4172 1935 4250">
    <p class='ocr_par' dir='ltr' id='par_1_47' title="bbox 303 4172 1935 4250">
     <span class='ocr_line' id='line_1_47' title="bbox 303 4172 1935 4250; baseline 0.008 -25"><span class='ocrx_word' id='word_1_323' title='bbox 303 4172 452 4238; x_wconf 85' lang='lat' dir='ltr'><strong>dum,</strong></span> <span class='ocrx_word' id='word_1_324' title='bbox 474 4177 797 4231; x_wconf 86' lang='lat' dir='ltr'><strong>Pharaonis</strong></span> <span class='ocrx_word' id='word_1_325' title='bbox 839 4183 897 4232; x_wconf 89' lang='lat' dir='ltr'><strong>et</strong></span> <span class='ocrx_word' id='word_1_326' title='bbox 937 4172 1343 4250; x_wconf 20' lang='lat' dir='ltr'><strong>Egyptiorum’</strong></span> <span class='ocrx_word' id='word_1_327' title='bbox 1368 4172 1510 4236; x_wconf 80' lang='lat' dir='ltr'><strong>dura</strong></span> <span class='ocrx_word' id='word_1_328' title='bbox 1541 4183 1715 4237; x_wconf 90' lang='lat' dir='ltr'><strong>corda</strong></span> <span class='ocrx_word' id='word_1_329' title='bbox 1735 4199 1935 4238; x_wconf 89' lang='lat' dir='ltr'><strong>cesse-</strong></span> 
     </span>
    </p>
   </div>
   <div class='ocr_carea' id='block_1_48' title="bbox 303 4258 1932 4331">
    <p class='ocr_par' dir='ltr' id='par_1_48' title="bbox 303 4258 1932 4331">
     <span class='ocr_line' id='line_1_48' title="bbox 303 4258 1932 4331; baseline 0.009 -24"><span class='ocrx_word' id='word_1_330' title='bbox 303 4260 426 4309; x_wconf 88' lang='lat' dir='ltr'><strong>runt</strong></span> <span class='ocrx_word' id='word_1_331' title='bbox 451 4258 560 4327; x_wconf 82' lang='lat' dir='ltr'><strong>(Id.</strong></span> <span class='ocrx_word' id='word_1_332' title='bbox 594 4263 848 4326; x_wconf 82' lang='lat' dir='ltr'><strong>vni-xii).</strong></span> <span class='ocrx_word' id='word_1_333' title='bbox 900 4259 1149 4331; x_wconf 88' lang='lat' dir='ltr'><strong>Moxque</strong></span> <span class='ocrx_word' id='word_1_334' title='bbox 1193 4261 1484 4331; x_wconf 78' lang='lat' dir='ltr'><strong>pmnituit,</strong></span> <span class='ocrx_word' id='word_1_335' title='bbox 1517 4268 1574 4318; x_wconf 92' lang='lat' dir='ltr'><strong>et</strong></span> <span class='ocrx_word' id='word_1_336' title='bbox 1615 4279 1746 4320; x_wconf 89' lang='lat' dir='ltr'><strong>cum</strong></span> <span class='ocrx_word' id='word_1_337' title='bbox 1797 4267 1932 4321; x_wconf 88' lang='lat' dir='ltr'><strong>abs-</strong></span> 
     </span>
    </p>
   </div>
   <div class='ocr_carea' id='block_1_49' title="bbox 305 4336 1934 4414">
    <p class='ocr_par' dir='ltr' id='par_1_49' title="bbox 305 4336 1934 4414">
     <span class='ocr_line' id='line_1_49' title="bbox 305 4336 1934 4414; baseline 0.009 -25"><span class='ocrx_word' id='word_1_338' title='bbox 305 4336 557 4395; x_wconf 81' lang='lat' dir='ltr'><strong>cedentes</strong></span> <span class='ocrx_word' id='word_1_339' title='bbox 591 4341 862 4396; x_wconf 64' lang='lat' dir='ltr'><strong>Hebraeos</strong></span> <span class='ocrx_word' id='word_1_340' title='bbox 893 4343 1173 4414; x_wconf 91' lang='lat' dir='ltr'><strong>consequi</strong></span> <span class='ocrx_word' id='word_1_341' title='bbox 1204 4350 1578 4413; x_wconf 86' lang='lat' dir='ltr'><strong>conarentur,</strong></span> <span class='ocrx_word' id='word_1_342' title='bbox 1603 4345 1718 4402; x_wconf 89' lang='lat' dir='ltr'><strong>illis</strong></span> <span class='ocrx_word' id='word_1_343' title='bbox 1751 4348 1934 4406; x_wconf 89' lang='lat' dir='ltr'><strong>diviso</strong></span> 
     </span>
    </p>
   </div>
   <div class='ocr_carea' id='block_1_50' title="bbox 304 4417 1935 4499">
    <p class='ocr_par' dir='ltr' id='par_1_50' title="bbox 304 4417 1935 4499">
     <span class='ocr_line' id='line_1_50' title="bbox 304 4417 1935 4499; baseline 0.009 -30"><span class='ocrx_word' id='word_1_344' title='bbox 304 4417 437 4499; x_wconf 74' lang='lat' dir='ltr'><strong>mari</strong></span> <span class='ocrx_word' id='word_1_345' title='bbox 468 4435 569 4490; x_wconf 87' lang='lat' dir='ltr'><strong>per</strong></span> <span class='ocrx_word' id='word_1_346' title='bbox 597 4420 818 4475; x_wconf 89' lang='lat' dir='ltr'><strong>siccum</strong></span> <span class='ocrx_word' id='word_1_347' title='bbox 868 4422 1331 4490; x_wconf 82' lang='lat' dir='ltr'><strong>transeuntibus,</strong></span> <span class='ocrx_word' id='word_1_348' title='bbox 1385 4426 1542 4480; x_wconf 90' lang='lat' dir='ltr'><strong>unda</strong></span> <span class='ocrx_word' id='word_1_349' title='bbox 1593 4425 1725 4482; x_wconf 91' lang='lat' dir='ltr'><strong>hinc</strong></span> <span class='ocrx_word' id='word_1_350' title='bbox 1757 4432 1935 4499; x_wconf 87' lang='lat' dir='ltr'><strong>atque</strong></span> 
     </span>
    </p>
   </div>
   <div class='ocr_carea' id='block_1_51' title="bbox 305 4495 1936 4577">
    <p class='ocr_par' dir='ltr' id='par_1_51' title="bbox 305 4495 1936 4577">
     <span class='ocr_line' id='line_1_51' title="bbox 305 4495 1936 4577; baseline 0.008 -26"><span class='ocrx_word' id='word_1_351' title='bbox 305 4495 429 4553; x_wconf 89' lang='lat' dir='ltr'><strong>hinc</strong></span> <span class='ocrx_word' id='word_1_352' title='bbox 475 4501 528 4555; x_wconf 91' lang='lat' dir='ltr'><strong>in</strong></span> <span class='ocrx_word' id='word_1_353' title='bbox 582 4517 712 4556; x_wconf 89' lang='lat' dir='ltr'><strong>sese</strong></span> <span class='ocrx_word' id='word_1_354' title='bbox 761 4502 1036 4557; x_wconf 87' lang='lat' dir='ltr'><strong>redeunte</strong></span> <span class='ocrx_word' id='word_1_355' title='bbox 1085 4505 1339 4574; x_wconf 87' lang='lat' dir='ltr'><strong>cooperti</strong></span> <span class='ocrx_word' id='word_1_356' title='bbox 1387 4511 1443 4560; x_wconf 91' lang='lat' dir='ltr'><strong>et</strong></span> <span class='ocrx_word' id='word_1_357' title='bbox 1485 4509 1744 4577; x_wconf 88' lang='lat' dir='ltr'><strong>oppressi</strong></span> <span class='ocrx_word' id='word_1_358' title='bbox 1797 4495 1936 4564; x_wconf 81' lang='lat' dir='ltr'><strong>sunt</strong></span> 
     </span>
    </p>
   </div>
   <div class='ocr_carea' id='block_1_52' title="bbox 302 4578 1934 4660">
    <p class='ocr_par' dir='ltr' id='par_1_52' title="bbox 302 4578 1934 4660">
     <span class='ocr_line' id='line_1_52' title="bbox 302 4578 1934 4660; baseline 0.009 -29"><span class='ocrx_word' id='word_1_359' title='bbox 302 4578 397 4660; x_wconf 86' lang='lat' dir='ltr'><strong>(Id.</strong></span> <span class='ocrx_word' id='word_1_360' title='bbox 428 4581 557 4654; x_wconf 80' lang='lat' dir='ltr'><strong>xw).</strong></span> <span class='ocrx_word' id='word_1_361' title='bbox 592 4581 740 4645; x_wconf 87' lang='lat' dir='ltr'><strong>Quid</strong></span> <span class='ocrx_word' id='word_1_362' title='bbox 773 4583 841 4637; x_wconf 90' lang='lat' dir='ltr'><strong>de</strong></span> <span class='ocrx_word' id='word_1_363' title='bbox 885 4583 1000 4639; x_wconf 90' lang='lat' dir='ltr'><strong>illis</strong></span> <span class='ocrx_word' id='word_1_364' title='bbox 1052 4585 1350 4641; x_wconf 87' lang='lat' dir='ltr'><strong>miraculis</strong></span> <span class='ocrx_word' id='word_1_365' title='bbox 1399 4588 1608 4649; x_wconf 87' lang='lat' dir='ltr'><strong>dicam,</strong></span> <span class='ocrx_word' id='word_1_366' title='bbox 1643 4607 1771 4660; x_wconf 69' lang='lat' dir='ltr'><strong>quas</strong></span> <span class='ocrx_word' id='word_1_367' title='bbox 1805 4607 1934 4646; x_wconf 88' lang='lat' dir='ltr'><strong>cum</strong></span> 
     </span>
    </p>
   </div>
   <div class='ocr_carea' id='block_1_53' title="bbox 303 4657 1934 4739">
    <p class='ocr_par' dir='ltr' id='par_1_53' title="bbox 303 4657 1934 4739">
     <span class='ocr_line' id='line_1_53' title="bbox 303 4657 1934 4739; baseline 0.009 -28"><span class='ocrx_word' id='word_1_368' title='bbox 303 4657 358 4713; x_wconf 91' lang='lat' dir='ltr'><strong>in</strong></span> <span class='ocrx_word' id='word_1_369' title='bbox 388 4661 608 4718; x_wconf 88' lang='lat' dir='ltr'><strong>deserto</strong></span> <span class='ocrx_word' id='word_1_370' title='bbox 637 4663 789 4718; x_wconf 90' lang='lat' dir='ltr'><strong>idem</strong></span> <span class='ocrx_word' id='word_1_371' title='bbox 824 4664 1072 4735; x_wconf 91' lang='lat' dir='ltr'><strong>populus</strong></span> <span class='ocrx_word' id='word_1_372' title='bbox 1096 4665 1455 4735; x_wconf 87' lang='lat' dir='ltr'><strong>ductaretur,</strong></span> <span class='ocrx_word' id='word_1_373' title='bbox 1481 4678 1572 4724; x_wconf 89' lang='lat' dir='ltr'><strong>stu</strong></span> <span class='ocrx_word' id='word_1_374' title='bbox 1586 4657 1772 4739; x_wconf 77' lang='lat' dir='ltr'><strong>penda</strong></span> <span class='ocrx_word' id='word_1_375' title='bbox 1793 4672 1934 4726; x_wconf 90' lang='lat' dir='ltr'><strong>divi-</strong></span> 
     </span>
    </p>
   </div>
   <div class='ocr_carea' id='block_1_54' title="bbox 301 4739 1932 4822">
    <p class='ocr_par' dir='ltr' id='par_1_54' title="bbox 301 4739 1932 4822">
     <span class='ocr_line' id='line_1_54' title="bbox 301 4739 1932 4822; baseline 0.009 -29"><span class='ocrx_word' id='word_1_376' title='bbox 301 4739 472 4822; x_wconf 81' lang='lat' dir='ltr'><strong>nitate</strong></span> <span class='ocrx_word' id='word_1_377' title='bbox 499 4745 889 4812; x_wconf 87' lang='lat' dir='ltr'><strong>orebuerunt;</strong></span> <span class='ocrx_word' id='word_1_378' title='bbox 925 4762 1108 4815; x_wconf 87' lang='lat' dir='ltr'><strong>aquas</strong></span> <span class='ocrx_word' id='word_1_379' title='bbox 1158 4763 1283 4817; x_wconf 77' lang='lat' dir='ltr'><strong>quis</strong></span> <span class='ocrx_word' id='word_1_380' title='bbox 1332 4749 1450 4803; x_wconf 90' lang='lat' dir='ltr'><strong>bibi</strong></span> <span class='ocrx_word' id='word_1_381' title='bbox 1497 4766 1610 4805; x_wconf 88' lang='lat' dir='ltr'><strong>non</strong></span> <span class='ocrx_word' id='word_1_382' title='bbox 1642 4757 1932 4822; x_wconf 90' lang='lat' dir='ltr'><strong>poterant,</strong></span> 
     </span>
    </p>
   </div>
   <div class='ocr_carea' id='block_1_55' title="bbox 302 4821 1936 4901">
    <p class='ocr_par' dir='ltr' id='par_1_55' title="bbox 302 4821 1936 4901">
     <span class='ocr_line' id='line_1_55' title="bbox 302 4821 1936 4901; baseline 0.009 -27"><span class='ocrx_word' id='word_1_383' title='bbox 302 4821 471 4878; x_wconf 89' lang='lat' dir='ltr'><strong>misso</strong></span> <span class='ocrx_word' id='word_1_384' title='bbox 500 4823 559 4879; x_wconf 91' lang='lat' dir='ltr'><strong>in</strong></span> <span class='ocrx_word' id='word_1_385' title='bbox 593 4841 712 4892; x_wconf 89' lang='lat' dir='ltr'><strong>eas,</strong></span> <span class='ocrx_word' id='word_1_386' title='bbox 740 4825 892 4880; x_wconf 89' lang='lat' dir='ltr'><strong>sicut</strong></span> <span class='ocrx_word' id='word_1_387' title='bbox 926 4827 1074 4882; x_wconf 89' lang='lat' dir='ltr'><strong>Deus</strong></span> <span class='ocrx_word' id='word_1_388' title='bbox 1103 4834 1470 4900; x_wconf 67' lang='lat' dir='ltr'><strong>praeceperat,</strong></span> <span class='ocrx_word' id='word_1_389' title='bbox 1511 4821 1687 4901; x_wconf 84' lang='lat' dir='ltr'><strong>ligno,</strong></span> <span class='ocrx_word' id='word_1_390' title='bbox 1717 4833 1936 4888; x_wconf 86' lang='lat' dir='ltr'><strong>amari-</strong></span> 
     </span>
    </p>
   </div>
   <div class='ocr_carea' id='block_1_56' title="bbox 301 4903 1932 4982">
    <p class='ocr_par' dir='ltr' id='par_1_56' title="bbox 301 4903 1932 4982">
     <span class='ocr_line' id='line_1_56' title="bbox 301 4903 1932 4982; baseline 0.007 -25"><span class='ocrx_word' id='word_1_391' title='bbox 301 4903 493 4982; x_wconf 73' lang='lat' dir='ltr'><strong>tudine</strong></span> <span class='ocrx_word' id='word_1_392' title='bbox 571 4905 847 4973; x_wconf 89' lang='lat' dir='ltr'><strong>caruisse,</strong></span> <span class='ocrx_word' id='word_1_393' title='bbox 927 4907 1308 4980; x_wconf 88' lang='lat' dir='ltr'><strong>sitientesque</strong></span> <span class='ocrx_word' id='word_1_394' title='bbox 1380 4911 1626 4966; x_wconf 88' lang='lat' dir='ltr'><strong>satiasse</strong></span> <span class='ocrx_word' id='word_1_395' title='bbox 1675 4911 1777 4982; x_wconf 90' lang='lat' dir='ltr'><strong>(Id.</strong></span> <span class='ocrx_word' id='word_1_396' title='bbox 1843 4930 1932 4980; x_wconf 81' lang='lat' dir='ltr'><strong>xv,</strong></span> 
     </span>
    </p>
   </div>
   <div class='ocr_carea' id='block_1_57' title="bbox 298 4979 1938 5062">
    <p class='ocr_par' dir='ltr' id='par_1_57' title="bbox 298 4979 1938 5062">
     <span class='ocr_line' id='line_1_57' title="bbox 298 4979 1938 5062; baseline 0.009 -26"><span class='ocrx_word' id='word_1_397' title='bbox 298 4979 516 5056; x_wconf 84' lang='lat'><strong>23-25):</strong></span> <span class='ocrx_word' id='word_1_398' title='bbox 552 5002 767 5042; x_wconf 88' lang='lat' dir='ltr'><strong>manna</strong></span> <span class='ocrx_word' id='word_1_399' title='bbox 813 4979 1227 5044; x_wconf 13' lang='lat' dir='ltr'><strong>esurientibus,</strong></span> <span class='ocrx_word' id='word_1_400' title='bbox 1265 4990 1489 5048; x_wconf 87' lang='lat' dir='ltr'><strong>venisse</strong></span> <span class='ocrx_word' id='word_1_401' title='bbox 1544 4992 1613 5048; x_wconf 90' lang='lat' dir='ltr'><strong>de</strong></span> <span class='ocrx_word' id='word_1_402' title='bbox 1660 4979 1839 5062; x_wconf 67' lang='lat' dir='ltr'><strong>cisio;</strong></span> <span class='ocrx_word' id='word_1_403' title='bbox 1882 4979 1938 5050; x_wconf 89' lang='lat' dir='ltr'><strong>et</strong></span> 
     </span>
    </p>
   </div>
   <div class='ocr_carea' id='block_1_58' title="bbox 364 5189 1936 5262">
    <p class='ocr_par' dir='ltr' id='par_1_58' title="bbox 364 5189 1936 5262">
     <span class='ocr_line' id='line_1_58' title="bbox 364 5189 1936 5262; baseline 0.006 -23"><span class='ocrx_word' id='word_1_404' title='bbox 364 5192 380 5225; x_wconf 74' lang='grc'><strong>⁸</strong></span> <span class='ocrx_word' id='word_1_405' title='bbox 411 5189 493 5242; x_wconf 80' lang='lat' dir='ltr'><strong>Sic</strong></span> <span class='ocrx_word' id='word_1_406' title='bbox 520 5191 941 5262; x_wconf 79' lang='lat' dir='ltr'><strong>melioris_no_tae</strong></span> <span class='ocrx_word' id='word_1_407' title='bbox 985 5195 1107 5246; x_wconf 81' lang='lat' dir='ltr'><strong>Mss.</strong></span> <span class='ocrx_word' id='word_1_408' title='bbox 1142 5197 1211 5246; x_wconf 81' lang='lat' dir='ltr'><strong>At</strong></span> <span class='ocrx_word' id='word_1_409' title='bbox 1254 5198 1400 5259; x_wconf 82' lang='lat' dir='ltr'><strong>editi,</strong></span> <span class='ocrx_word' id='word_1_410' title='bbox 1437 5214 1542 5262; x_wconf 84' lang='lat' dir='ltr'><strong>quo</strong></span> <span class='ocrx_word' id='word_1_411' title='bbox 1590 5214 1686 5249; x_wconf 77' lang='lat' dir='ltr'><strong>nec</strong></span> <span class='ocrx_word' id='word_1_412' title='bbox 1721 5214 1936 5262; x_wconf 79' lang='lat' dir='ltr'><strong>parere,</strong></span> 
     </span>
    </p>
   </div>
   <div class='ocr_carea' id='block_1_59' title="bbox 301 5257 1178 5316">
    <p class='ocr_par' dir='ltr' id='par_1_59' title="bbox 301 5257 1178 5316">
     <span class='ocr_line' id='line_1_59' title="bbox 301 5257 1178 5316; baseline 0.009 -17"><span class='ocrx_word' id='word_1_413' title='bbox 301 5263 398 5299; x_wconf 77' lang='lat' dir='ltr'><strong>nec</strong></span> <span class='ocrx_word' id='word_1_414' title='bbox 423 5268 532 5302; x_wconf 76' lang='lat' dir='ltr'><strong>esse</strong></span> <span class='ocrx_word' id='word_1_415' title='bbox 563 5257 808 5315; x_wconf 76' lang='lat' dir='ltr'><strong>fecunda</strong></span> <span class='ocrx_word' id='word_1_416' title='bbox 823 5258 954 5316; x_wconf 82' lang='lat' dir='ltr'><strong>jam</strong></span> <span class='ocrx_word' id='word_1_417' title='bbox 982 5269 1178 5316; x_wconf 79' lang='lat' dir='ltr'><strong>posset.</strong></span> 
     </span>
    </p>
   </div>
   <div class='ocr_carea' id='block_1_60' title="bbox 364 5318 1642 5384">
    <p class='ocr_par' dir='ltr' id='par_1_60' title="bbox 364 5318 1642 5384">
     <span class='ocr_line' id='line_1_60' title="bbox 364 5318 1642 5384; baseline -0.008 1"><span class='ocrx_word' id='word_1_418' title='bbox 364 5321 434 5384; x_wconf 68' lang='lat' dir='ltr'><strong>l9)</strong></span> <span class='ocrx_word' id='word_1_419' title='bbox 459 5318 620 5384; x_wconf 66' lang='lat' dir='ltr'><strong>_Cop_!.</strong></span> <span class='ocrx_word' id='word_1_420' title='bbox 659 5320 841 5384; x_wconf 74' lang='lat' dir='ltr'><strong>Enarr.</strong></span> <span class='ocrx_word' id='word_1_421' title='bbox 873 5321 929 5369; x_wconf 87' lang='lat' dir='ltr'><strong>in</strong></span> <span class='ocrx_word' id='word_1_422' title='bbox 959 5318 1096 5371; x_wconf 73' lang='lat' dir='ltr'><strong>Psal.</strong></span> <span class='ocrx_word' id='word_1_423' title='bbox 1131 5322 1212 5384; x_wconf 86' lang='lat'><strong>90,</strong></span> <span class='ocrx_word' id='word_1_424' title='bbox 1243 5337 1397 5373; x_wconf 85' lang='lat' dir='ltr'><strong>serm.</strong></span> <span class='ocrx_word' id='word_1_425' title='bbox 1431 5325 1479 5382; x_wconf 85' lang='lat'><strong>2.</strong></span> <span class='ocrx_word' id='word_1_426' title='bbox 1511 5340 1563 5374; x_wconf 93' lang='lat' dir='ltr'><strong>n.</strong></span> <span class='ocrx_word' id='word_1_427' title='bbox 1599 5327 1642 5375; x_wconf 91' lang='grc'><strong>1.</strong></span> 
     </span>
    </p>
   </div>
   <div class='ocr_carea' id='block_1_61' title="bbox 358 5377 1937 5449">
    <p class='ocr_par' dir='ltr' id='par_1_61' title="bbox 358 5377 1937 5449">
     <span class='ocr_line' id='line_1_61' title="bbox 358 5377 1937 5449; baseline 0.007 -24"><span class='ocrx_word' id='word_1_428' title='bbox 358 5377 432 5449; x_wconf 65' lang='grc' dir='ltr'><strong>ςῤ)</strong></span> <span class='ocrx_word' id='word_1_429' title='bbox 458 5379 665 5449; x_wconf 39' lang='grc' dir='ltr'><strong>1111111..Δ</strong></span> <span class='ocrx_word' id='word_1_430' title='bbox 699 5381 729 5428; x_wconf 85' lang='lat'><strong>2</strong></span> <span class='ocrx_word' id='word_1_431' title='bbox 773 5383 1020 5449; x_wconf 58' lang='lat' dir='ltr'><strong>Petraea,</strong></span> <span class='ocrx_word' id='word_1_432' title='bbox 1071 5377 1209 5446; x_wconf 50' lang='lat' dir='ltr'><strong>cap.’</strong></span> <span class='ocrx_word' id='word_1_433' title='bbox 1235 5385 1314 5439; x_wconf 73' lang='grc'><strong>43.</strong></span> <span class='ocrx_word' id='word_1_434' title='bbox 1365 5400 1418 5434; x_wconf 91' lang='lat' dir='ltr'><strong>n.</strong></span> <span class='ocrx_word' id='word_1_435' title='bbox 1465 5377 1515 5440; x_wconf 62' lang='grc' dir='ltr'><strong>ξ.</strong></span> <span class='ocrx_word' id='word_1_436' title='bbox 1564 5389 1893 5449; x_wconf 78' lang='lat' dir='ltr'><strong>Augustinus</strong></span> <span class='ocrx_word' id='word_1_437' title='bbox 1926 5401 1937 5436; x_wconf 92' lang='lat'>:</span> 
     </span>
    </p>
   </div>
   <div class='ocr_carea' id='block_1_62' title="bbox 305 5441 1942 5516">
    <p class='ocr_par' dir='ltr' id='par_1_62' title="bbox 305 5441 1942 5516">
     <span class='ocr_line' id='line_1_62' title="bbox 305 5441 1942 5516; baseline 0.008 -29"><span class='ocrx_word' id='word_1_438' title='bbox 305 5458 328 5479; x_wconf 72' lang='grc' dir='ltr'><em>α</em></span> <span class='ocrx_word' id='word_1_439' title='bbox 358 5441 750 5516; x_wconf 43' lang='grc' dir='ltr'><strong>Νοιιᾶξθῂιτίι...»</strong></span> <span class='ocrx_word' id='word_1_440' title='bbox 783 5446 1017 5508; x_wconf 73' lang='lat' dir='ltr'><strong>inquit,«</strong></span> <span class='ocrx_word' id='word_1_441' title='bbox 1053 5441 1153 5516; x_wconf 60' lang='lat' dir='ltr'><strong>pro</strong></span> <span class='ocrx_word' id='word_1_442' title='bbox 1180 5449 1434 5516; x_wconf 75' lang='lat' dir='ltr'><strong>miraculo</strong></span> <span class='ocrx_word' id='word_1_443' title='bbox 1463 5454 1586 5516; x_wconf 82' lang='lat' dir='ltr'><strong>poni</strong></span> <span class='ocrx_word' id='word_1_444' title='bbox 1617 5441 1679 5500; x_wconf 67' lang='lat' dir='ltr'><strong>in</strong></span> <span class='ocrx_word' id='word_1_445' title='bbox 1702 5451 1942 5516; x_wconf 79' lang='lat' dir='ltr'><strong>Abrahae</strong></span> 
     </span>
    </p>
   </div>
   <div class='ocr_carea' id='block_1_63' title="bbox 305 5505 1943 5565">
    <p class='ocr_par' dir='ltr' id='par_1_63' title="bbox 305 5505 1943 5565">
     <span class='ocr_line' id='line_1_63' title="bbox 305 5505 1943 5565; baseline 0.01 -16"><span class='ocrx_word' id='word_1_446' title='bbox 305 5520 328 5544; x_wconf 73' lang='grc' dir='ltr'><strong><em>ι</em></strong></span> <span class='ocrx_word' id='word_1_447' title='bbox 359 5505 630 5562; x_wconf 83' lang='lat' dir='ltr'><strong>sacrificio,</strong></span> <span class='ocrx_word' id='word_1_448' title='bbox 689 5505 962 5557; x_wconf 72' lang='lat' dir='ltr'><strong>flaminiam</strong></span> <span class='ocrx_word' id='word_1_449' title='bbox 1018 5505 1226 5561; x_wconf 73' lang='lat' dir='ltr'><strong>coalitus</strong></span> <span class='ocrx_word' id='word_1_450' title='bbox 1285 5505 1481 5562; x_wconf 78' lang='lat' dir='ltr'><strong>iactani</strong></span> <span class='ocrx_word' id='word_1_451' title='bbox 1547 5515 1689 5564; x_wconf 85' lang='lat' dir='ltr'><strong>inter</strong></span> <span class='ocrx_word' id='word_1_452' title='bbox 1742 5514 1943 5565; x_wconf 84' lang='lat' dir='ltr'><strong>divisas</strong></span> 
     </span>
    </p>
   </div>
   <div class='ocr_carea' id='block_1_64' title="bbox 305 5566 1943 5634">
    <p class='ocr_par' dir='ltr' id='par_1_64' title="bbox 305 5566 1943 5634">
     <span class='ocr_line' id='line_1_64' title="bbox 305 5566 1943 5634; baseline 0.01 -23"><span class='ocrx_word' id='word_1_453' title='bbox 305 5581 329 5605; x_wconf 76' lang='grc' dir='ltr'><strong>«ι</strong></span> <span class='ocrx_word' id='word_1_454' title='bbox 358 5566 596 5634; x_wconf 73' lang='lat' dir='ltr'><strong>victimas</strong></span> <span class='ocrx_word' id='word_1_455' title='bbox 626 5571 937 5634; x_wconf 84' lang='lat' dir='ltr'><strong>cucurrisse,</strong></span> <span class='ocrx_word' id='word_1_456' title='bbox 961 5573 1216 5634; x_wconf 77' lang='lat' dir='ltr'><strong>quoniam</strong></span> <span class='ocrx_word' id='word_1_457' title='bbox 1244 5574 1343 5624; x_wconf 88' lang='lat' dir='ltr'><strong>hoc</strong></span> <span class='ocrx_word' id='word_1_458' title='bbox 1370 5575 1450 5624; x_wconf 85' lang='lat' dir='ltr'><strong>illi</strong></span> <span class='ocrx_word' id='word_1_459' title='bbox 1479 5575 1537 5626; x_wconf 85' lang='lat' dir='ltr'><strong>in</strong></span> <span class='ocrx_word' id='word_1_460' title='bbox 1564 5577 1772 5628; x_wconf 74' lang='lat' dir='ltr'><strong>visione</strong></span> <span class='ocrx_word' id='word_1_461' title='bbox 1799 5589 1943 5627; x_wconf 87' lang='lat' dir='ltr'><strong>mon-</strong></span> 
     </span>
    </p>
   </div>
   <div class='ocr_carea' id='block_1_65' title="bbox 307 5631 774 5679">
    <p class='ocr_par' dir='ltr' id='par_1_65' title="bbox 307 5631 774 5679">
     <span class='ocr_line' id='line_1_65' title="bbox 307 5631 774 5679; baseline 0 -3"><span class='ocrx_word' id='word_1_462' title='bbox 307 5644 331 5668; x_wconf 72' lang='grc' dir='ltr'><strong><em>α</em></strong></span> <span class='ocrx_word' id='word_1_463' title='bbox 362 5631 581 5678; x_wconf 83' lang='lat' dir='ltr'><strong>stratum</strong></span> <span class='ocrx_word' id='word_1_464' title='bbox 611 5632 707 5679; x_wconf 86' lang='lat' dir='ltr'><strong>est.</strong></span> <span class='ocrx_word' id='word_1_465' title='bbox 749 5651 774 5676; x_wconf 71' lang='grc' dir='ltr'><strong>ι»</strong></span> 
     </span>
    </p>
   </div>
   <div class='ocr_carea' id='block_1_66' title="bbox 1687 274 2336 342">
    <p class='ocr_par' dir='ltr' id='par_1_66' title="bbox 1687 274 2336 342">
     <span class='ocr_line' id='line_1_66' title="bbox 1687 274 2336 342; baseline 0.003 -5"><span class='ocrx_word' id='word_1_466' title='bbox 1687 274 1922 337; x_wconf 80' lang='lat' dir='ltr'><strong>LIBER</strong></span> <span class='ocrx_word' id='word_1_467' title='bbox 1962 275 2336 342; x_wconf 83' lang='lat' dir='ltr'><strong>DECIMUS.</strong></span> 
     </span>
    </p>
   </div>
   <div class='ocr_carea' id='block_1_67' title="bbox 3591 284 3712 346">
    <p class='ocr_par' dir='ltr' id='par_1_67' title="bbox 3591 284 3712 346">
     <span class='ocr_line' id='line_1_67' title="bbox 3591 284 3712 346; baseline -0.033 1"><span class='ocrx_word' id='word_1_468' title='bbox 3591 284 3712 346; x_wconf 72' lang='lat'><strong>286</strong></span> 
     </span>
    </p>
   </div>
   <div class='ocr_carea' id='block_1_68' title="bbox 2066 415 3710 496">
    <p class='ocr_par' dir='ltr' id='par_1_68' title="bbox 2066 415 3710 496">
     <span class='ocr_line' id='line_1_68' title="bbox 2066 415 3710 496; baseline 0.009 -29"><span class='ocrx_word' id='word_1_469' title='bbox 2066 428 2197 496; x_wconf 87' lang='lat' dir='ltr'><strong>cum</strong></span> <span class='ocrx_word' id='word_1_470' title='bbox 2229 422 2379 470; x_wconf 89' lang='lat' dir='ltr'><strong>esset</strong></span> <span class='ocrx_word' id='word_1_471' title='bbox 2409 415 2814 488; x_wconf 88' lang='lat' dir='ltr'><strong>colligentibus</strong></span> <span class='ocrx_word' id='word_1_472' title='bbox 2838 419 3153 476; x_wconf 89' lang='lat' dir='ltr'><strong>constituta</strong></span> <span class='ocrx_word' id='word_1_473' title='bbox 3204 436 3498 494; x_wconf 86' lang='lat' dir='ltr'><strong>mensura,</strong></span> <span class='ocrx_word' id='word_1_474' title='bbox 3532 425 3710 496; x_wconf 85' lang='lat' dir='ltr'><strong>quid-</strong></span> 
     </span>
    </p>
   </div>
   <div class='ocr_carea' id='block_1_69' title="bbox 2066 495 3708 572">
    <p class='ocr_par' dir='ltr' id='par_1_69' title="bbox 2066 495 3708 572">
     <span class='ocr_line' id='line_1_69' title="bbox 2066 495 3708 572; baseline 0.01 -25"><span class='ocrx_word' id='word_1_475' title='bbox 2066 495 2204 565; x_wconf 92' lang='lat' dir='ltr'><strong>quid</strong></span> <span class='ocrx_word' id='word_1_476' title='bbox 2239 496 2492 565; x_wconf 86' lang='lat' dir='ltr'><strong>amplius</strong></span> <span class='ocrx_word' id='word_1_477' title='bbox 2525 499 2771 569; x_wconf 88' lang='lat' dir='ltr'><strong>quisque</strong></span> <span class='ocrx_word' id='word_1_478' title='bbox 2801 499 3130 572; x_wconf 84' lang='lat' dir='ltr'><strong>collegerat,</strong></span> <span class='ocrx_word' id='word_1_479' title='bbox 3173 505 3384 560; x_wconf 86' lang='lat' dir='ltr'><strong>exortis</strong></span> <span class='ocrx_word' id='word_1_480' title='bbox 3417 506 3708 563; x_wconf 87' lang='lat' dir='ltr'><strong>vermibus</strong></span> 
     </span>
    </p>
   </div>
   <div class='ocr_carea' id='block_1_70' title="bbox 2063 577 3707 654">
    <p class='ocr_par' dir='ltr' id='par_1_70' title="bbox 2063 577 3707 654">
     <span class='ocr_line' id='line_1_70' title="bbox 2063 577 3707 654; baseline 0.009 -27"><span class='ocrx_word' id='word_1_481' title='bbox 2063 577 2396 644; x_wconf 79' lang='lat' dir='ltr'><strong>putruisse;</strong></span> <span class='ocrx_word' id='word_1_482' title='bbox 2432 583 2564 632; x_wconf 89' lang='lat' dir='ltr'><strong>ante</strong></span> <span class='ocrx_word' id='word_1_483' title='bbox 2595 580 2748 634; x_wconf 90' lang='lat' dir='ltr'><strong>diem</strong></span> <span class='ocrx_word' id='word_1_484' title='bbox 2786 597 2917 635; x_wconf 90' lang='lat' dir='ltr'><strong>vero</strong></span> <span class='ocrx_word' id='word_1_485' title='bbox 2968 582 3194 636; x_wconf 87' lang='lat' dir='ltr'><strong>sabbati</strong></span> <span class='ocrx_word' id='word_1_486' title='bbox 3225 585 3466 654; x_wconf 88' lang='lat' dir='ltr'><strong>duplum</strong></span> <span class='ocrx_word' id='word_1_487' title='bbox 3500 587 3707 642; x_wconf 87' lang='lat' dir='ltr'><strong>collec-</strong></span> 
     </span>
    </p>
   </div>
   <div class='ocr_carea' id='block_1_71' title="bbox 2061 657 3709 738">
    <p class='ocr_par' dir='ltr' id='par_1_71' title="bbox 2061 657 3709 738">
     <span class='ocr_line' id='line_1_71' title="bbox 2061 657 3709 738; baseline 0.008 -31"><span class='ocrx_word' id='word_1_488' title='bbox 2061 658 2209 738; x_wconf 81' lang='lat' dir='ltr'><strong>tum,</strong></span> <span class='ocrx_word' id='word_1_489' title='bbox 2243 658 2380 726; x_wconf 88' lang='lat' dir='ltr'><strong>quia</strong></span> <span class='ocrx_word' id='word_1_490' title='bbox 2413 657 2654 712; x_wconf 83' lang='lat' dir='ltr'><strong>sabbato</strong></span> <span class='ocrx_word' id='word_1_491' title='bbox 2691 659 2958 732; x_wconf 85' lang='lat' dir='ltr'><strong>colligere</strong></span> <span class='ocrx_word' id='word_1_492' title='bbox 2992 677 3104 716; x_wconf 91' lang='lat' dir='ltr'><strong>non</strong></span> <span class='ocrx_word' id='word_1_493' title='bbox 3141 662 3371 727; x_wconf 85' lang='lat' dir='ltr'><strong>licebat,</strong></span> <span class='ocrx_word' id='word_1_494' title='bbox 3417 666 3576 721; x_wconf 90' lang='lat' dir='ltr'><strong>nulla</strong></span> <span class='ocrx_word' id='word_1_495' title='bbox 3606 683 3709 738; x_wconf 92' lang='lat' dir='ltr'><strong>pu-</strong></span> 
     </span>
    </p>
   </div>
   <div class='ocr_carea' id='block_1_72' title="bbox 2066 736 3708 817">
    <p class='ocr_par' dir='ltr' id='par_1_72' title="bbox 2066 736 3708 817">
     <span class='ocr_line' id='line_1_72' title="bbox 2066 736 3708 817; baseline 0.008 -29"><span class='ocrx_word' id='word_1_496' title='bbox 2066 736 2286 791; x_wconf 86' lang='lat' dir='ltr'><strong>tredine</strong></span> <span class='ocrx_word' id='word_1_497' title='bbox 2317 737 2595 793; x_wconf 84' lang='lat' dir='ltr'><strong>violatum</strong></span> <span class='ocrx_word' id='word_1_498' title='bbox 2627 756 2639 793; x_wconf 91' lang='lat'>:</span> <span class='ocrx_word' id='word_1_499' title='bbox 2675 741 3139 796; x_wconf 75' lang='lat' dir='ltr'><strong>desuderantibus</strong></span> <span class='ocrx_word' id='word_1_500' title='bbox 3172 758 3343 798; x_wconf 87' lang='lat' dir='ltr'><strong>carne</strong></span> <span class='ocrx_word' id='word_1_501' title='bbox 3387 747 3554 811; x_wconf 86' lang='lat' dir='ltr'><strong>vesci,</strong></span> <span class='ocrx_word' id='word_1_502' title='bbox 3581 736 3708 817; x_wconf 70' lang='lat' dir='ltr'><strong>quae</strong></span> 
     </span>
    </p>
   </div>
   <div class='ocr_carea' id='block_1_73' title="bbox 2064 818 3709 892">
    <p class='ocr_par' dir='ltr' id='par_1_73' title="bbox 2064 818 3709 892">
     <span class='ocr_line' id='line_1_73' title="bbox 2064 818 3709 892; baseline 0.008 -23"><span class='ocrx_word' id='word_1_503' title='bbox 2064 818 2215 870; x_wconf 92' lang='lat' dir='ltr'><strong>tanto</strong></span> <span class='ocrx_word' id='word_1_504' title='bbox 2252 820 2461 888; x_wconf 92' lang='lat' dir='ltr'><strong>populo</strong></span> <span class='ocrx_word' id='word_1_505' title='bbox 2495 819 2654 873; x_wconf 90' lang='lat' dir='ltr'><strong>nulla</strong></span> <span class='ocrx_word' id='word_1_506' title='bbox 2683 822 2949 875; x_wconf 83' lang='lat' dir='ltr'><strong>sufﬁcere</strong></span> <span class='ocrx_word' id='word_1_507' title='bbox 2983 839 3149 890; x_wconf 90' lang='lat' dir='ltr'><strong>posse</strong></span> <span class='ocrx_word' id='word_1_508' title='bbox 3196 825 3516 892; x_wconf 88' lang='lat' dir='ltr'><strong>videbatur,</strong></span> <span class='ocrx_word' id='word_1_509' title='bbox 3550 829 3709 882; x_wconf 87' lang='lat' dir='ltr'><strong>vola-</strong></span> 
     </span>
    </p>
   </div>
   <div class='ocr_carea' id='block_1_74' title="bbox 2060 895 3704 972">
    <p class='ocr_par' dir='ltr' id='par_1_74' title="bbox 2060 895 3704 972">
     <span class='ocr_line' id='line_1_74' title="bbox 2060 895 3704 972; baseline 0.008 -23"><span class='ocrx_word' id='word_1_510' title='bbox 2060 895 2263 951; x_wconf 84' lang='lat' dir='ltr'><strong>tilibus</strong></span> <span class='ocrx_word' id='word_1_511' title='bbox 2321 907 2503 953; x_wconf 86' lang='lat' dir='ltr'><strong>castra</strong></span> <span class='ocrx_word' id='word_1_512' title='bbox 2560 901 2868 971; x_wconf 85' lang='lat' dir='ltr'><strong>completa,</strong></span> <span class='ocrx_word' id='word_1_513' title='bbox 2930 909 2985 955; x_wconf 89' lang='lat' dir='ltr'><strong>et</strong></span> <span class='ocrx_word' id='word_1_514' title='bbox 3043 904 3381 972; x_wconf 84' lang='lat' dir='ltr'><strong>cupiditatis</strong></span> <span class='ocrx_word' id='word_1_515' title='bbox 3439 907 3704 962; x_wconf 86' lang='lat' dir='ltr'><strong>ardorem</strong></span> 
     </span>
    </p>
   </div>
   <div class='ocr_carea' id='block_1_75' title="bbox 2059 977 3704 1056">
    <p class='ocr_par' dir='ltr' id='par_1_75' title="bbox 2059 977 3704 1056">
     <span class='ocr_line' id='line_1_75' title="bbox 2059 977 3704 1056; baseline 0.007 -24"><span class='ocrx_word' id='word_1_516' title='bbox 2059 977 2293 1032; x_wconf 89' lang='lat' dir='ltr'><strong>fastidio</strong></span> <span class='ocrx_word' id='word_1_517' title='bbox 2325 981 2615 1036; x_wconf 90' lang='lat' dir='ltr'><strong>satietatis</strong></span> <span class='ocrx_word' id='word_1_518' title='bbox 2647 983 2995 1037; x_wconf 85' lang='lat' dir='ltr'><strong>exstinctum</strong></span> <span class='ocrx_word' id='word_1_519' title='bbox 3032 984 3223 1053; x_wconf 81' lang='lat' dir='ltr'><strong>(Exod.</strong></span> <span class='ocrx_word' id='word_1_520' title='bbox 3259 1002 3388 1052; x_wconf 72' lang='lat' dir='ltr'><strong>xvx;</strong></span> <span class='ocrx_word' id='word_1_521' title='bbox 3422 986 3583 1042; x_wconf 84' lang='lat' dir='ltr'><strong>Num.</strong></span> <span class='ocrx_word' id='word_1_522' title='bbox 3627 1005 3704 1056; x_wconf 88' lang='lat' dir='ltr'><strong>xi,</strong></span> 
     </span>
    </p>
   </div>
   <div class='ocr_carea' id='block_1_76' title="bbox 2057 1058 3708 1135">
    <p class='ocr_par' dir='ltr' id='par_1_76' title="bbox 2057 1058 3708 1135">
     <span class='ocr_line' id='line_1_76' title="bbox 2057 1058 3708 1135; baseline 0.007 -24"><span class='ocrx_word' id='word_1_523' title='bbox 2057 1058 2289 1127; x_wconf 67' lang='lat'><strong>31-34):</strong></span> <span class='ocrx_word' id='word_1_524' title='bbox 2340 1060 2541 1116; x_wconf 92' lang='lat' dir='ltr'><strong>obvios</strong></span> <span class='ocrx_word' id='word_1_525' title='bbox 2608 1062 2802 1118; x_wconf 81' lang='lat' dir='ltr'><strong>hostes</strong></span> <span class='ocrx_word' id='word_1_526' title='bbox 2861 1064 3281 1134; x_wconf 88' lang='lat' dir='ltr'><strong>transitumque</strong></span> <span class='ocrx_word' id='word_1_527' title='bbox 3340 1066 3708 1135; x_wconf 87' lang='lat' dir='ltr'><strong>prohibentes</strong></span> 
     </span>
    </p>
   </div>
   <div class='ocr_carea' id='block_1_77' title="bbox 2057 1142 3706 1217">
    <p class='ocr_par' dir='ltr' id='par_1_77' title="bbox 2057 1142 3706 1217">
     <span class='ocr_line' id='line_1_77' title="bbox 2057 1142 3706 1217; baseline 0.006 -25"><span class='ocrx_word' id='word_1_528' title='bbox 2057 1144 2230 1210; x_wconf 88' lang='lat' dir='ltr'><strong>atque</strong></span> <span class='ocrx_word' id='word_1_529' title='bbox 2261 1142 2610 1210; x_wconf 63' lang='lat' dir='ltr'><strong>praeliantes,</strong></span> <span class='ocrx_word' id='word_1_530' title='bbox 2642 1151 2838 1198; x_wconf 89' lang='lat' dir='ltr'><strong>oranle</strong></span> <span class='ocrx_word' id='word_1_531' title='bbox 2890 1144 3106 1212; x_wconf 87' lang='lat' dir='ltr'><strong>Moyse,</strong></span> <span class='ocrx_word' id='word_1_532' title='bbox 3161 1145 3547 1217; x_wconf 89' lang='lat' dir='ltr'><strong>manibusque</strong></span> <span class='ocrx_word' id='word_1_533' title='bbox 3579 1149 3706 1217; x_wconf 87' lang='lat' dir='ltr'><strong>ejus</strong></span> 
     </span>
    </p>
   </div>
   <div class='ocr_carea' id='block_1_78' title="bbox 2059 1219 3708 1290">
    <p class='ocr_par' dir='ltr' id='par_1_78' title="bbox 2059 1219 3708 1290">
     <span class='ocr_line' id='line_1_78' title="bbox 2059 1219 3708 1290; baseline 0.006 -17"><span class='ocrx_word' id='word_1_534' title='bbox 2059 1219 2114 1274; x_wconf 92' lang='lat' dir='ltr'><strong>in</strong></span> <span class='ocrx_word' id='word_1_535' title='bbox 2133 1223 2378 1290; x_wconf 87' lang='lat' dir='ltr'><strong>ﬁguram</strong></span> <span class='ocrx_word' id='word_1_536' title='bbox 2399 1225 2585 1278; x_wconf 90' lang='lat' dir='ltr'><strong>crucis</strong></span> <span class='ocrx_word' id='word_1_537' title='bbox 2609 1225 3440 1290; x_wconf 67' lang='lat' dir='ltr'><strong>extentis,nulloHebrmorum</strong></span> <span class='ocrx_word' id='word_1_538' title='bbox 3466 1228 3708 1283; x_wconf 86' lang='lat' dir='ltr'><strong>cadente</strong></span> 
     </span>
    </p>
   </div>
   <div class='ocr_carea' id='block_1_79' title="bbox 2055 1304 3706 1379">
    <p class='ocr_par' dir='ltr' id='par_1_79' title="bbox 2055 1304 3706 1379">
     <span class='ocr_line' id='line_1_79' title="bbox 2055 1304 3706 1379; baseline 0.006 -26"><span class='ocrx_word' id='word_1_539' title='bbox 2055 1308 2380 1371; x_wconf 87' lang='lat' dir='ltr'><strong>prostratos</strong></span> <span class='ocrx_word' id='word_1_540' title='bbox 2428 1304 2618 1371; x_wconf 87' lang='lat' dir='ltr'><strong>(Exod.</strong></span> <span class='ocrx_word' id='word_1_541' title='bbox 2653 1321 2787 1371; x_wconf 80' lang='lat' dir='ltr'><strong>xvu,</strong></span> <span class='ocrx_word' id='word_1_542' title='bbox 2829 1306 2984 1373; x_wconf 88' lang='grc'><strong>8-16)</strong></span> <span class='ocrx_word' id='word_1_543' title='bbox 3015 1323 3027 1358; x_wconf 89' lang='lat'><strong>:</strong></span> <span class='ocrx_word' id='word_1_544' title='bbox 3062 1307 3363 1361; x_wconf 85' lang='lat' dir='ltr'><strong>seditiosos</strong></span> <span class='ocrx_word' id='word_1_545' title='bbox 3395 1306 3452 1361; x_wconf 88' lang='lat' dir='ltr'><strong>in</strong></span> <span class='ocrx_word' id='word_1_546' title='bbox 3491 1308 3706 1379; x_wconf 90' lang='lat' dir='ltr'><strong>populo</strong></span> 
     </span>
    </p>
   </div>
   <div class='ocr_carea' id='block_1_80' title="bbox 2056 1382 3707 1451">
    <p class='ocr_par' dir='ltr' id='par_1_80' title="bbox 2056 1382 3707 1451">
     <span class='ocr_line' id='line_1_80' title="bbox 2056 1382 3707 1451; baseline 0.005 -15"><span class='ocrx_word' id='word_1_547' title='bbox 2056 1382 2177 1451; x_wconf 76' lang='lat' dir='ltr'><strong>Dei,</strong></span> <span class='ocrx_word' id='word_1_548' title='bbox 2212 1399 2275 1438; x_wconf 90' lang='lat' dir='ltr'><strong>ac</strong></span> <span class='ocrx_word' id='word_1_549' title='bbox 2317 1401 2442 1440; x_wconf 87' lang='lat' dir='ltr'><strong>sese</strong></span> <span class='ocrx_word' id='word_1_550' title='bbox 2488 1388 2557 1440; x_wconf 88' lang='lat' dir='ltr'><strong>ab</strong></span> <span class='ocrx_word' id='word_1_551' title='bbox 2602 1387 2865 1441; x_wconf 90' lang='lat' dir='ltr'><strong>ordinata</strong></span> <span class='ocrx_word' id='word_1_552' title='bbox 2914 1387 3190 1442; x_wconf 89' lang='lat' dir='ltr'><strong>divinitus</strong></span> <span class='ocrx_word' id='word_1_553' title='bbox 3239 1391 3514 1445; x_wconf 89' lang='lat' dir='ltr'><strong>societate</strong></span> <span class='ocrx_word' id='word_1_554' title='bbox 3563 1390 3707 1445; x_wconf 89' lang='lat' dir='ltr'><strong>divi-</strong></span> 
     </span>
    </p>
   </div>
   <div class='ocr_carea' id='block_1_81' title="bbox 2055 1461 3704 1537">
    <p class='ocr_par' dir='ltr' id='par_1_81' title="bbox 2055 1461 3704 1537">
     <span class='ocr_line' id='line_1_81' title="bbox 2055 1461 3704 1537; baseline 0.005 -21"><span class='ocrx_word' id='word_1_555' title='bbox 2055 1461 2278 1532; x_wconf 89' lang='lat' dir='ltr'><strong>dentes,</strong></span> <span class='ocrx_word' id='word_1_556' title='bbox 2301 1465 2373 1520; x_wconf 91' lang='lat' dir='ltr'><strong>ad</strong></span> <span class='ocrx_word' id='word_1_557' title='bbox 2395 1467 2722 1535; x_wconf 81' lang='lat' dir='ltr'><strong>exemplum</strong></span> <span class='ocrx_word' id='word_1_558' title='bbox 2750 1466 2970 1522; x_wconf 88' lang='lat' dir='ltr'><strong>visibile</strong></span> <span class='ocrx_word' id='word_1_559' title='bbox 2994 1468 3302 1522; x_wconf 89' lang='lat' dir='ltr'><strong>invisibilis</strong></span> <span class='ocrx_word' id='word_1_560' title='bbox 3327 1487 3525 1537; x_wconf 71' lang='lat' dir='ltr'><strong>poenae,</strong></span> <span class='ocrx_word' id='word_1_561' title='bbox 3547 1470 3704 1525; x_wconf 83' lang='lat' dir='ltr'><strong>vivos</strong></span> 
     </span>
    </p>
   </div>
   <div class='ocr_carea' id='block_1_82' title="bbox 2056 1547 3703 1619">
    <p class='ocr_par' dir='ltr' id='par_1_82' title="bbox 2056 1547 3703 1619">
     <span class='ocr_line' id='line_1_82' title="bbox 2056 1547 3703 1619; baseline 0.003 -17"><span class='ocrx_word' id='word_1_562' title='bbox 2056 1555 2197 1602; x_wconf 83' lang='lat' dir='ltr'><strong>terra</strong></span> <span class='ocrx_word' id='word_1_563' title='bbox 2221 1547 2553 1603; x_wconf 89' lang='lat' dir='ltr'><strong>dehiscente</strong></span> <span class='ocrx_word' id='word_1_564' title='bbox 2576 1549 2911 1604; x_wconf 89' lang='lat' dir='ltr'><strong>submersos</strong></span> <span class='ocrx_word' id='word_1_565' title='bbox 2930 1549 3109 1618; x_wconf 77' lang='lat' dir='ltr'><strong>(Num.</strong></span> <span class='ocrx_word' id='word_1_566' title='bbox 3139 1566 3254 1612; x_wconf 77' lang='lat' dir='ltr'><strong>xw,</strong></span> <span class='ocrx_word' id='word_1_567' title='bbox 3282 1550 3479 1617; x_wconf 66' lang='lat'><strong>23-34)</strong></span> <span class='ocrx_word' id='word_1_568' title='bbox 3509 1567 3520 1603; x_wconf 94' lang='lat'>:</span> <span class='ocrx_word' id='word_1_569' title='bbox 3548 1551 3703 1619; x_wconf 84' lang='lat' dir='ltr'><strong>virga</strong></span> 
     </span>
    </p>
   </div>
   <div class='ocr_carea' id='block_1_83' title="bbox 2054 1628 3698 1698">
    <p class='ocr_par' dir='ltr' id='par_1_83' title="bbox 2054 1628 3698 1698">
     <span class='ocr_line' id='line_1_83' title="bbox 2054 1628 3698 1698; baseline 0.002 -16"><span class='ocrx_word' id='word_1_570' title='bbox 2054 1643 2386 1696; x_wconf 89' lang='lat' dir='ltr'><strong>percussam</strong></span> <span class='ocrx_word' id='word_1_571' title='bbox 2433 1635 2652 1698; x_wconf 90' lang='lat' dir='ltr'><strong>petram</strong></span> <span class='ocrx_word' id='word_1_572' title='bbox 2697 1634 2868 1683; x_wconf 67' lang='lat' dir='ltr'><strong>tantae</strong></span> <span class='ocrx_word' id='word_1_573' title='bbox 2923 1628 3278 1683; x_wconf 87' lang='lat' dir='ltr'><strong>multitudini</strong></span> <span class='ocrx_word' id='word_1_574' title='bbox 3333 1630 3698 1685; x_wconf 87' lang='lat' dir='ltr'><strong>abundantia</strong></span> 
     </span>
    </p>
   </div>
   <div class='ocr_carea' id='block_1_84' title="bbox 2052 1707 3696 1779">
    <p class='ocr_par' dir='ltr' id='par_1_84' title="bbox 2052 1707 3696 1779">
     <span class='ocr_line' id='line_1_84' title="bbox 2052 1707 3696 1779; baseline 0.002 -17"><span class='ocrx_word' id='word_1_575' title='bbox 2052 1707 2269 1763; x_wconf 85' lang='lat' dir='ltr'><strong>ﬂuenta</strong></span> <span class='ocrx_word' id='word_1_576' title='bbox 2313 1710 2531 1764; x_wconf 80' lang='lat' dir='ltr'><strong>fudisse</strong></span> <span class='ocrx_word' id='word_1_577' title='bbox 2575 1708 2770 1779; x_wconf 88' lang='lat' dir='ltr'><strong>(Exod.</strong></span> <span class='ocrx_word' id='word_1_578' title='bbox 2803 1726 2939 1776; x_wconf 84' lang='lat' dir='ltr'><strong>xvn,</strong></span> <span class='ocrx_word' id='word_1_579' title='bbox 2971 1711 3027 1773; x_wconf 82' lang='lat'><strong>6,</strong></span> <span class='ocrx_word' id='word_1_580' title='bbox 3057 1709 3129 1777; x_wconf 87' lang='lat'><strong>7;</strong></span> <span class='ocrx_word' id='word_1_581' title='bbox 3171 1710 3330 1764; x_wconf 87' lang='lat' dir='ltr'><strong>Num.</strong></span> <span class='ocrx_word' id='word_1_582' title='bbox 3362 1726 3454 1775; x_wconf 83' lang='lat' dir='ltr'><strong>xx,</strong></span> <span class='ocrx_word' id='word_1_583' title='bbox 3491 1710 3651 1778; x_wconf 84' lang='lat' dir='ltr'><strong>8-H)</strong></span> <span class='ocrx_word' id='word_1_584' title='bbox 3683 1727 3696 1766; x_wconf 88' lang='lat'>:</span> 
     </span>
    </p>
   </div>
   <div class='ocr_carea' id='block_1_85' title="bbox 2051 1789 3701 1862">
    <p class='ocr_par' dir='ltr' id='par_1_85' title="bbox 2051 1789 3701 1862">
     <span class='ocr_line' id='line_1_85' title="bbox 2051 1789 3701 1862; baseline 0.001 -19"><span class='ocrx_word' id='word_1_585' title='bbox 2051 1795 2384 1858; x_wconf 90' lang='lat' dir='ltr'><strong>serpentum</strong></span> <span class='ocrx_word' id='word_1_586' title='bbox 2439 1806 2668 1844; x_wconf 91' lang='lat' dir='ltr'><strong>morsus</strong></span> <span class='ocrx_word' id='word_1_587' title='bbox 2720 1792 3069 1855; x_wconf 88' lang='lat' dir='ltr'><strong>mortiferos,</strong></span> <span class='ocrx_word' id='word_1_588' title='bbox 3124 1791 3394 1862; x_wconf 78' lang='lat' dir='ltr'><strong>pcenam&#39;</strong></span> <span class='ocrx_word' id='word_1_589' title='bbox 3431 1789 3701 1859; x_wconf 87' lang='lat' dir='ltr'><strong>justissi-</strong></span> 
     </span>
    </p>
   </div>
   <div class='ocr_carea' id='block_1_86' title="bbox 2051 1870 3698 1942">
    <p class='ocr_par' dir='ltr' id='par_1_86' title="bbox 2051 1870 3698 1942">
     <span class='ocr_line' id='line_1_86' title="bbox 2051 1870 3698 1942; baseline 0.001 -17"><span class='ocrx_word' id='word_1_590' title='bbox 2051 1885 2206 1925; x_wconf 87' lang='lat' dir='ltr'><strong>mam</strong></span> <span class='ocrx_word' id='word_1_591' title='bbox 2259 1877 2650 1942; x_wconf 90' lang='lat' dir='ltr'><strong>peccatorum,</strong></span> <span class='ocrx_word' id='word_1_592' title='bbox 2692 1870 2748 1924; x_wconf 92' lang='lat' dir='ltr'><strong>in</strong></span> <span class='ocrx_word' id='word_1_593' title='bbox 2802 1870 2961 1940; x_wconf 89' lang='lat' dir='ltr'><strong>ligno</strong></span> <span class='ocrx_word' id='word_1_594' title='bbox 2999 1870 3243 1926; x_wconf 88' lang='lat' dir='ltr'><strong>exaltato</strong></span> <span class='ocrx_word' id='word_1_595' title='bbox 3302 1875 3479 1939; x_wconf 90' lang='lat' dir='ltr'><strong>atque</strong></span> <span class='ocrx_word' id='word_1_596' title='bbox 3539 1887 3698 1940; x_wconf 90' lang='lat' dir='ltr'><strong>pros-</strong></span> 
     </span>
    </p>
   </div>
   <div class='ocr_carea' id='block_1_87' title="bbox 2051 1952 3701 2023">
    <p class='ocr_par' dir='ltr' id='par_1_87' title="bbox 2051 1952 3701 2023">
     <span class='ocr_line' id='line_1_87' title="bbox 2051 1952 3701 2023; baseline 0.001 -18"><span class='ocrx_word' id='word_1_597' title='bbox 2051 1957 2213 2022; x_wconf 90' lang='lat' dir='ltr'><strong>pecto</strong></span> <span class='ocrx_word' id='word_1_598' title='bbox 2243 1968 2402 2007; x_wconf 61' lang='lat' dir='ltr'><strong>teneo</strong></span> <span class='ocrx_word' id='word_1_599' title='bbox 2434 1957 2701 2022; x_wconf 83' lang='lat' dir='ltr'><strong>serpente</strong></span> <span class='ocrx_word' id='word_1_600' title='bbox 2732 1957 3061 2020; x_wconf 88' lang='lat' dir='ltr'><strong>sanatos,ut</strong></span> <span class='ocrx_word' id='word_1_601' title='bbox 3095 1957 3150 2006; x_wconf 89' lang='lat' dir='ltr'><strong>et</strong></span> <span class='ocrx_word' id='word_1_602' title='bbox 3191 1953 3403 2023; x_wconf 91' lang='lat' dir='ltr'><strong>populo</strong></span> <span class='ocrx_word' id='word_1_603' title='bbox 3424 1952 3701 2008; x_wconf 86' lang='lat' dir='ltr'><strong>subveni-</strong></span> 
     </span>
    </p>
   </div>
   <div class='ocr_carea' id='block_1_88' title="bbox 2049 2033 3698 2098">
    <p class='ocr_par' dir='ltr' id='par_1_88' title="bbox 2049 2033 3698 2098">
     <span class='ocr_line' id='line_1_88' title="bbox 2049 2033 3698 2098; baseline 0.001 -13"><span class='ocrx_word' id='word_1_604' title='bbox 2049 2036 2209 2087; x_wconf 87' lang='lat' dir='ltr'><strong>retur</strong></span> <span class='ocrx_word' id='word_1_605' title='bbox 2230 2033 2467 2096; x_wconf 87' lang='lat' dir='ltr'><strong>alﬁicto,</strong></span> <span class='ocrx_word' id='word_1_606' title='bbox 2501 2042 2549 2086; x_wconf 88' lang='lat' dir='ltr'><strong>et</strong></span> <span class='ocrx_word' id='word_1_607' title='bbox 2579 2049 2734 2086; x_wconf 86' lang='lat' dir='ltr'><strong>mors</strong></span> <span class='ocrx_word' id='word_1_608' title='bbox 2757 2043 2940 2088; x_wconf 89' lang='lat' dir='ltr'><strong>morte</strong></span> <span class='ocrx_word' id='word_1_609' title='bbox 2972 2034 3288 2098; x_wconf 87' lang='lat' dir='ltr'><strong>destructa,</strong></span> <span class='ocrx_word' id='word_1_610' title='bbox 3324 2034 3474 2087; x_wconf 90' lang='lat' dir='ltr'><strong>velut</strong></span> <span class='ocrx_word' id='word_1_611' title='bbox 3517 2033 3698 2088; x_wconf 90' lang='lat' dir='ltr'><strong>cruci-</strong></span> 
     </span>
    </p>
   </div>
   <div class='ocr_carea' id='block_1_89' title="bbox 2050 2111 3701 2184">
    <p class='ocr_par' dir='ltr' id='par_1_89' title="bbox 2050 2111 3701 2184">
     <span class='ocr_line' id='line_1_89' title="bbox 2050 2111 3701 2184; baseline 0.001 -19"><span class='ocrx_word' id='word_1_612' title='bbox 2050 2111 2172 2165; x_wconf 77' lang='lat' dir='ltr'><strong>fisz</strong></span> <span class='ocrx_word' id='word_1_613' title='bbox 2199 2114 2399 2167; x_wconf 89' lang='lat' dir='ltr'><strong>mortis</strong></span> <span class='ocrx_word' id='word_1_614' title='bbox 2423 2111 2806 2167; x_wconf 87' lang='lat' dir='ltr'><strong>similitudine</strong></span> <span class='ocrx_word' id='word_1_615' title='bbox 2838 2114 3166 2182; x_wconf 88' lang='lat' dir='ltr'><strong>signaretur</strong></span> <span class='ocrx_word' id='word_1_616' title='bbox 3191 2113 3371 2183; x_wconf 79' lang='lat' dir='ltr'><strong>(Nam.</strong></span> <span class='ocrx_word' id='word_1_617' title='bbox 3398 2129 3509 2176; x_wconf 81' lang='lat' dir='ltr'><strong>xxi,</strong></span> <span class='ocrx_word' id='word_1_618' title='bbox 3541 2113 3701 2184; x_wconf 73' lang='lat'><strong>6~9)?</strong></span> 
     </span>
    </p>
   </div>
   <div class='ocr_carea' id='block_1_90' title="bbox 2047 2192 3701 2264">
    <p class='ocr_par' dir='ltr' id='par_1_90' title="bbox 2047 2192 3701 2264">
     <span class='ocr_line' id='line_1_90' title="bbox 2047 2192 3701 2264; baseline -0.001 -17"><span class='ocrx_word' id='word_1_619' title='bbox 2047 2193 2225 2256; x_wconf 90' lang='lat' dir='ltr'><strong>Quem</strong></span> <span class='ocrx_word' id='word_1_620' title='bbox 2242 2210 2382 2248; x_wconf 89' lang='lat' dir='ltr'><strong>sane</strong></span> <span class='ocrx_word' id='word_1_621' title='bbox 2399 2200 2721 2264; x_wconf 90' lang='lat' dir='ltr'><strong>serpentem</strong></span> <span class='ocrx_word' id='word_1_622' title='bbox 2749 2199 2978 2263; x_wconf 86' lang='lat' dir='ltr'><strong>propter</strong></span> <span class='ocrx_word' id='word_1_623' title='bbox 3001 2194 3129 2247; x_wconf 87' lang='lat' dir='ltr'><strong>facti</strong></span> <span class='ocrx_word' id='word_1_624' title='bbox 3155 2192 3498 2246; x_wconf 88' lang='lat' dir='ltr'><strong>memoriam</strong></span> <span class='ocrx_word' id='word_1_625' title='bbox 3526 2209 3701 2247; x_wconf 85' lang='lat' dir='ltr'><strong>reser-</strong></span> 
     </span>
    </p>
   </div>
   <div class='ocr_carea' id='block_1_91' title="bbox 2048 2272 3699 2343">
    <p class='ocr_par' dir='ltr' id='par_1_91' title="bbox 2048 2272 3699 2343">
     <span class='ocr_line' id='line_1_91' title="bbox 2048 2272 3699 2343; baseline 0 -17"><span class='ocrx_word' id='word_1_626' title='bbox 2048 2281 2265 2339; x_wconf 88' lang='lat' dir='ltr'><strong>vatum,</strong></span> <span class='ocrx_word' id='word_1_627' title='bbox 2290 2290 2414 2327; x_wconf 88' lang='lat' dir='ltr'><strong>cum</strong></span> <span class='ocrx_word' id='word_1_628' title='bbox 2447 2278 2646 2342; x_wconf 89' lang='lat' dir='ltr'><strong>postea</strong></span> <span class='ocrx_word' id='word_1_629' title='bbox 2680 2274 2924 2343; x_wconf 89' lang='lat' dir='ltr'><strong>populus</strong></span> <span class='ocrx_word' id='word_1_630' title='bbox 2951 2289 3152 2326; x_wconf 89' lang='lat' dir='ltr'><strong>errans</strong></span> <span class='ocrx_word' id='word_1_631' title='bbox 3172 2278 3450 2342; x_wconf 87' lang='lat' dir='ltr'><strong>tanquam</strong></span> <span class='ocrx_word' id='word_1_632' title='bbox 3477 2272 3699 2326; x_wconf 88' lang='lat' dir='ltr'><strong>idolum</strong></span> 
     </span>
    </p>
   </div>
   <div class='ocr_carea' id='block_1_92' title="bbox 2047 2351 3699 2422">
    <p class='ocr_par' dir='ltr' id='par_1_92' title="bbox 2047 2351 3699 2422">
     <span class='ocr_line' id='line_1_92' title="bbox 2047 2351 3699 2422; baseline -0.004 -12"><span class='ocrx_word' id='word_1_633' title='bbox 2047 2352 2232 2410; x_wconf 89' lang='lat' dir='ltr'><strong>colere</strong></span> <span class='ocrx_word' id='word_1_634' title='bbox 2260 2352 2546 2420; x_wconf 81' lang='lat' dir='ltr'><strong>ccepisset,</strong></span> <span class='ocrx_word' id='word_1_635' title='bbox 2583 2352 2850 2405; x_wconf 85' lang='lat' dir='ltr'><strong>Ezechias</strong></span> <span class='ocrx_word' id='word_1_636' title='bbox 2877 2367 2971 2404; x_wconf 82' lang='lat' dir='ltr'><strong>rex</strong></span> <span class='ocrx_word' id='word_1_637' title='bbox 2995 2351 3260 2422; x_wconf 85' lang='lat' dir='ltr'><strong>religiosa</strong></span> <span class='ocrx_word' id='word_1_638' title='bbox 3286 2356 3562 2421; x_wconf 85' lang='lat' dir='ltr'><strong>potestate</strong></span> <span class='ocrx_word' id='word_1_639' title='bbox 3589 2355 3699 2405; x_wconf 88' lang='lat' dir='ltr'><strong>Deo</strong></span> 
     </span>
    </p>
   </div>
   <div class='ocr_carea' id='block_1_93' title="bbox 2047 2429 3694 2503">
    <p class='ocr_par' dir='ltr' id='par_1_93' title="bbox 2047 2429 3694 2503">
     <span class='ocr_line' id='line_1_93' title="bbox 2047 2429 3694 2503; baseline -0.003 -14"><span class='ocrx_word' id='word_1_640' title='bbox 2047 2433 2324 2502; x_wconf 88' lang='lat' dir='ltr'><strong>serviens,</strong></span> <span class='ocrx_word' id='word_1_641' title='bbox 2359 2449 2488 2487; x_wconf 89' lang='lat' dir='ltr'><strong>cum</strong></span> <span class='ocrx_word' id='word_1_642' title='bbox 2541 2448 2754 2503; x_wconf 84' lang='lat' dir='ltr'><strong>magna</strong></span> <span class='ocrx_word' id='word_1_643' title='bbox 2803 2430 3036 2503; x_wconf 88' lang='lat' dir='ltr'><strong>pietatis</strong></span> <span class='ocrx_word' id='word_1_644' title='bbox 3087 2431 3255 2486; x_wconf 88' lang='lat' dir='ltr'><strong>laude</strong></span> <span class='ocrx_word' id='word_1_645' title='bbox 3285 2429 3558 2486; x_wconf 87' lang='lat' dir='ltr'><strong>contrivit</strong></span> <span class='ocrx_word' id='word_1_646' title='bbox 3596 2430 3694 2503; x_wconf 90' lang='lat' dir='ltr'><strong>(IV</strong></span> 
     </span>
    </p>
   </div>
   <div class='ocr_carea' id='block_1_94' title="bbox 2045 2516 2467 2586">
    <p class='ocr_par' dir='ltr' id='par_1_94' title="bbox 2045 2516 2467 2586">
     <span class='ocr_line' id='line_1_94' title="bbox 2045 2516 2467 2586; baseline -0.012 -13"><span class='ocrx_word' id='word_1_647' title='bbox 2045 2518 2170 2586; x_wconf 83' lang='lat' dir='ltr'><strong>Reg.</strong></span> <span class='ocrx_word' id='word_1_648' title='bbox 2201 2532 2358 2583; x_wconf 81' lang='lat' dir='ltr'><strong>xvxu,</strong></span> <span class='ocrx_word' id='word_1_649' title='bbox 2392 2516 2467 2580; x_wconf 86' lang='grc'><strong>4).</strong></span> 
     </span>
    </p>
   </div>
   <div class='ocr_carea' id='block_1_95' title="bbox 2043 2671 3692 2742">
    <p class='ocr_par' dir='ltr' id='par_1_95' title="bbox 2043 2671 3692 2742">
     <span class='ocr_line' id='line_1_95' title="bbox 2043 2671 3692 2742; baseline -0.004 -9"><span class='ocrx_word' id='word_1_650' title='bbox 2043 2677 2278 2734; x_wconf 82' lang='lat' dir='ltr'><strong>CAPUT</strong></span> <span class='ocrx_word' id='word_1_651' title='bbox 2313 2679 2409 2732; x_wconf 81' lang='lat' dir='ltr'><strong>IX.</strong></span> <span class='ocrx_word' id='word_1_652' title='bbox 2444 2708 2510 2716; x_wconf 95' lang='lat'><strong><em>—</em></strong></span> <span class='ocrx_word' id='word_1_653' title='bbox 2544 2677 2619 2730; x_wconf 87' lang='lat' dir='ltr'><strong>De</strong></span> <span class='ocrx_word' id='word_1_654' title='bbox 2649 2674 2870 2730; x_wconf 74' lang='lat' dir='ltr'><strong>illicitis</strong></span> <span class='ocrx_word' id='word_1_655' title='bbox 2919 2673 3130 2728; x_wconf 82' lang='lat' dir='ltr'><strong>artibus</strong></span> <span class='ocrx_word' id='word_1_656' title='bbox 3195 2688 3325 2742; x_wconf 83' lang='lat' dir='ltr'><strong>erga</strong></span> <span class='ocrx_word' id='word_1_657' title='bbox 3381 2671 3692 2727; x_wconf 73' lang='lat' dir='ltr'><strong>dxmonum</strong></span> 
     </span>
    </p>
   </div>
   <div class='ocr_carea' id='block_1_96' title="bbox 2111 2751 3689 2829">
    <p class='ocr_par' dir='ltr' id='par_1_96' title="bbox 2111 2751 3689 2829">
     <span class='ocr_line' id='line_1_96' title="bbox 2111 2751 3689 2829; baseline -0.006 -14"><span class='ocrx_word' id='word_1_658' title='bbox 2111 2761 2340 2826; x_wconf 84' lang='lat' dir='ltr'><strong>cultum,</strong></span> <span class='ocrx_word' id='word_1_659' title='bbox 2373 2758 2434 2812; x_wconf 81' lang='lat' dir='ltr'><strong>in</strong></span> <span class='ocrx_word' id='word_1_660' title='bbox 2463 2757 2663 2829; x_wconf 78' lang='lat' dir='ltr'><strong>quibus</strong></span> <span class='ocrx_word' id='word_1_661' title='bbox 2683 2755 3022 2826; x_wconf 85' lang='lat' dir='ltr'><strong>Porphyrius</strong></span> <span class='ocrx_word' id='word_1_662' title='bbox 3054 2754 3398 2817; x_wconf 76' lang='lat' dir='ltr'><strong>Platonicus,</strong></span> <span class='ocrx_word' id='word_1_663' title='bbox 3443 2751 3689 2824; x_wconf 73' lang='lat' dir='ltr'><strong>quaedam</strong></span> 
     </span>
    </p>
   </div>
   <div class='ocr_carea' id='block_1_97' title="bbox 2111 2833 3615 2911">
    <p class='ocr_par' dir='ltr' id='par_1_97' title="bbox 2111 2833 3615 2911">
     <span class='ocr_line' id='line_1_97' title="bbox 2111 2833 3615 2911; baseline -0.004 -17"><span class='ocrx_word' id='word_1_664' title='bbox 2111 2840 2405 2911; x_wconf 82' lang='lat' dir='ltr'><strong>probando,</strong></span> <span class='ocrx_word' id='word_1_665' title='bbox 2440 2837 2687 2909; x_wconf 72' lang='lat' dir='ltr'><strong>quxdam</strong></span> <span class='ocrx_word' id='word_1_666' title='bbox 2717 2837 2882 2908; x_wconf 86' lang='lat' dir='ltr'><strong>quasi</strong></span> <span class='ocrx_word' id='word_1_667' title='bbox 2928 2833 3312 2906; x_wconf 83' lang='lat' dir='ltr'><strong>improbando,</strong></span> <span class='ocrx_word' id='word_1_668' title='bbox 3345 2839 3615 2890; x_wconf 80' lang='lat' dir='ltr'><strong>versatur.</strong></span> 
     </span>
    </p>
   </div>
   <div class='ocr_carea' id='block_1_98' title="bbox 2115 2969 3688 3041">
    <p class='ocr_par' dir='ltr' id='par_1_98' title="bbox 2115 2969 3688 3041">
     <span class='ocr_line' id='line_1_98' title="bbox 2115 2969 3688 3041; baseline -0.004 -11"><span class='ocrx_word' id='word_1_669' title='bbox 2115 2977 2163 3032; x_wconf 91' lang='grc'><strong>1.</strong></span> <span class='ocrx_word' id='word_1_670' title='bbox 2197 2974 2326 3030; x_wconf 74' lang='lat' dir='ltr'><strong>Ilaec</strong></span> <span class='ocrx_word' id='word_1_671' title='bbox 2356 2978 2413 3028; x_wconf 91' lang='lat' dir='ltr'><strong>et</strong></span> <span class='ocrx_word' id='word_1_672' title='bbox 2444 2973 2556 3027; x_wconf 89' lang='lat' dir='ltr'><strong>alia</strong></span> <span class='ocrx_word' id='word_1_673' title='bbox 2608 2970 2790 3026; x_wconf 90' lang='lat' dir='ltr'><strong>multa</strong></span> <span class='ocrx_word' id='word_1_674' title='bbox 2839 2970 3262 3041; x_wconf 80' lang='lat' dir='ltr'><strong>hujuscemodi,</strong></span> <span class='ocrx_word' id='word_1_675' title='bbox 3317 2987 3442 3040; x_wconf 65' lang='lat' dir='ltr'><strong>quas</strong></span> <span class='ocrx_word' id='word_1_676' title='bbox 3489 2969 3688 3025; x_wconf 89' lang='lat' dir='ltr'><strong>omnia</strong></span> 
     </span>
    </p>
   </div>
   <div class='ocr_carea' id='block_1_99' title="bbox 2040 3049 3689 3122">
    <p class='ocr_par' dir='ltr' id='par_1_99' title="bbox 2040 3049 3689 3122">
     <span class='ocr_line' id='line_1_99' title="bbox 2040 3049 3689 3122; baseline -0.004 -11"><span class='ocrx_word' id='word_1_677' title='bbox 2040 3070 2500 3111; x_wconf 88' lang='lat' dir='ltr'><strong>commemorare</strong></span> <span class='ocrx_word' id='word_1_678' title='bbox 2527 3053 2702 3106; x_wconf 90' lang='lat' dir='ltr'><strong>nimis</strong></span> <span class='ocrx_word' id='word_1_679' title='bbox 2749 3049 2987 3122; x_wconf 88' lang='lat' dir='ltr'><strong>longum</strong></span> <span class='ocrx_word' id='word_1_680' title='bbox 3036 3055 3145 3116; x_wconf 91' lang='lat' dir='ltr'><strong>est,</strong></span> <span class='ocrx_word' id='word_1_681' title='bbox 3183 3050 3394 3105; x_wconf 88' lang='lat' dir='ltr'><strong>ﬁebant</strong></span> <span class='ocrx_word' id='word_1_682' title='bbox 3425 3051 3493 3104; x_wconf 91' lang='lat' dir='ltr'><strong>ad</strong></span> <span class='ocrx_word' id='word_1_683' title='bbox 3532 3067 3689 3105; x_wconf 92' lang='lat' dir='ltr'><strong>com-</strong></span> 
     </span>
    </p>
   </div>
   <div class='ocr_carea' id='block_1_100' title="bbox 2042 3131 3687 3197">
    <p class='ocr_par' dir='ltr' id='par_1_100' title="bbox 2042 3131 3687 3197">
     <span class='ocr_line' id='line_1_100' title="bbox 2042 3131 3687 3197; baseline -0.005 -5"><span class='ocrx_word' id='word_1_684' title='bbox 2042 3136 2440 3192; x_wconf 88' lang='lat' dir='ltr'><strong>mendandum</strong></span> <span class='ocrx_word' id='word_1_685' title='bbox 2473 3133 2649 3188; x_wconf 91' lang='lat' dir='ltr'><strong>unius</strong></span> <span class='ocrx_word' id='word_1_686' title='bbox 2701 3131 2796 3186; x_wconf 92' lang='lat' dir='ltr'><strong>Dei</strong></span> <span class='ocrx_word' id='word_1_687' title='bbox 2845 3133 2958 3186; x_wconf 85' lang='lat' dir='ltr'><strong>veri</strong></span> <span class='ocrx_word' id='word_1_688' title='bbox 3008 3131 3252 3197; x_wconf 90' lang='lat' dir='ltr'><strong>cultum,</strong></span> <span class='ocrx_word' id='word_1_689' title='bbox 3284 3136 3339 3186; x_wconf 91' lang='lat' dir='ltr'><strong>et</strong></span> <span class='ocrx_word' id='word_1_690' title='bbox 3372 3131 3687 3185; x_wconf 89' lang='lat' dir='ltr'><strong>multorum</strong></span> 
     </span>
    </p>
   </div>
   <div class='ocr_carea' id='block_1_101' title="bbox 2044 3211 3688 3288">
    <p class='ocr_par' dir='ltr' id='par_1_101' title="bbox 2044 3211 3688 3288">
     <span class='ocr_line' id='line_1_101' title="bbox 2044 3211 3688 3288; baseline -0.004 -16"><span class='ocrx_word' id='word_1_691' title='bbox 2044 3219 2438 3288; x_wconf 88' lang='lat' dir='ltr'><strong>falsorumque</strong></span> <span class='ocrx_word' id='word_1_692' title='bbox 2472 3215 2920 3286; x_wconf 89' lang='lat' dir='ltr'><strong>prohibendum.</strong></span> <span class='ocrx_word' id='word_1_693' title='bbox 2950 3213 3398 3267; x_wconf 77' lang='lat' dir='ltr'><strong>Fiebantautem</strong></span> <span class='ocrx_word' id='word_1_694' title='bbox 3433 3211 3688 3284; x_wconf 90' lang='lat' dir='ltr'><strong>simplici</strong></span> 
     </span>
    </p>
   </div>
   <div class='ocr_carea' id='block_1_102' title="bbox 2043 3290 3692 3369">
    <p class='ocr_par' dir='ltr' id='par_1_102' title="bbox 2043 3290 3692 3369">
     <span class='ocr_line' id='line_1_102' title="bbox 2043 3290 3692 3369; baseline -0.005 -15"><span class='ocrx_word' id='word_1_695' title='bbox 2043 3299 2152 3354; x_wconf 87' lang='lat' dir='ltr'><strong>ﬁde</strong></span> <span class='ocrx_word' id='word_1_696' title='bbox 2182 3305 2356 3369; x_wconf 89' lang='lat' dir='ltr'><strong>atque</strong></span> <span class='ocrx_word' id='word_1_697' title='bbox 2390 3297 2597 3350; x_wconf 90' lang='lat' dir='ltr'><strong>ﬁducia</strong></span> <span class='ocrx_word' id='word_1_698' title='bbox 2648 3295 2897 3364; x_wconf 89' lang='lat' dir='ltr'><strong>pietatis,</strong></span> <span class='ocrx_word' id='word_1_699' title='bbox 2949 3310 3064 3348; x_wconf 91' lang='lat' dir='ltr'><strong>non</strong></span> <span class='ocrx_word' id='word_1_700' title='bbox 3115 3293 3607 3348; x_wconf 85' lang='lat' dir='ltr'><strong>incantationibus</strong></span> <span class='ocrx_word' id='word_1_701' title='bbox 3637 3290 3692 3346; x_wconf 73' lang='lat' dir='ltr'><strong>ei-</strong></span> 
     </span>
    </p>
   </div>
   <div class='ocr_carea' id='block_1_103' title="bbox 2041 3374 3688 3445">
    <p class='ocr_par' dir='ltr' id='par_1_103' title="bbox 2041 3374 3688 3445">
     <span class='ocr_line' id='line_1_103' title="bbox 2041 3374 3688 3445; baseline -0.004 -12"><span class='ocrx_word' id='word_1_702' title='bbox 2041 3380 2395 3433; x_wconf 87' lang='lat' dir='ltr'><strong>carminibus</strong></span> <span class='ocrx_word' id='word_1_703' title='bbox 2449 3378 2684 3431; x_wconf 65' lang='lat' dir='ltr'><strong>nefariae</strong></span> <span class='ocrx_word' id='word_1_704' title='bbox 2729 3375 3080 3430; x_wconf 88' lang='lat' dir='ltr'><strong>curiositatis</strong></span> <span class='ocrx_word' id='word_1_705' title='bbox 3149 3379 3273 3428; x_wconf 90' lang='lat' dir='ltr'><strong>arte</strong></span> <span class='ocrx_word' id='word_1_706' title='bbox 3326 3374 3688 3445; x_wconf 88' lang='lat' dir='ltr'><strong>compositis,</strong></span> 
     </span>
    </p>
   </div>
   <div class='ocr_carea' id='block_1_104' title="bbox 2041 3455 3692 3531">
    <p class='ocr_par' dir='ltr' id='par_1_104' title="bbox 2041 3455 3692 3531">
     <span class='ocr_line' id='line_1_104' title="bbox 2041 3455 3692 3531; baseline -0.002 -19"><span class='ocrx_word' id='word_1_707' title='bbox 2041 3476 2217 3531; x_wconf 88' lang='lat' dir='ltr'><strong>quam</strong></span> <span class='ocrx_word' id='word_1_708' title='bbox 2250 3459 2334 3512; x_wconf 87' lang='lat' dir='ltr'><strong>vel</strong></span> <span class='ocrx_word' id='word_1_709' title='bbox 2371 3459 2640 3528; x_wconf 85' lang='lat' dir='ltr'><strong>magiam,</strong></span> <span class='ocrx_word' id='word_1_710' title='bbox 2674 3455 2760 3509; x_wconf 89' lang='lat' dir='ltr'><strong>vel</strong></span> <span class='ocrx_word' id='word_1_711' title='bbox 2795 3455 3225 3509; x_wconf 89' lang='lat' dir='ltr'><strong>detestabiliore</strong></span> <span class='ocrx_word' id='word_1_712' title='bbox 3277 3456 3510 3510; x_wconf 90' lang='lat' dir='ltr'><strong>nomine</strong></span> <span class='ocrx_word' id='word_1_713' title='bbox 3559 3471 3692 3524; x_wconf 89' lang='lat' dir='ltr'><strong>goe-</strong></span> 
     </span>
    </p>
   </div>
   <div class='ocr_carea' id='block_1_105' title="bbox 2039 3533 3691 3605">
    <p class='ocr_par' dir='ltr' id='par_1_105' title="bbox 2039 3533 3691 3605">
     <span class='ocr_line' id='line_1_105' title="bbox 2039 3533 3691 3605; baseline -0.005 -11"><span class='ocrx_word' id='word_1_714' title='bbox 2039 3541 2205 3605; x_wconf 88' lang='lat' dir='ltr'><strong>tiam,</strong></span> <span class='ocrx_word' id='word_1_715' title='bbox 2237 3537 2325 3592; x_wconf 90' lang='lat' dir='ltr'><strong>vel</strong></span> <span class='ocrx_word' id='word_1_716' title='bbox 2374 3536 2801 3592; x_wconf 78' lang='lat' dir='ltr'><strong>honorabiliore</strong></span> <span class='ocrx_word' id='word_1_717' title='bbox 2852 3535 3172 3604; x_wconf 86' lang='lat' dir='ltr'><strong>lheurgiam</strong></span> <span class='ocrx_word' id='word_1_718' title='bbox 3223 3540 3434 3588; x_wconf 88' lang='lat' dir='ltr'><strong>vocant</strong></span> <span class='ocrx_word' id='word_1_719' title='bbox 3480 3535 3556 3603; x_wconf 84' lang='grc' dir='ltr'><strong>(α)</strong></span> <span class='ocrx_word' id='word_1_720' title='bbox 3590 3533 3691 3602; x_wconf 88' lang='lat' dir='ltr'><strong>qui</strong></span> 
     </span>
    </p>
   </div>
   <div class='ocr_carea' id='block_1_106' title="bbox 2041 3612 3692 3692">
    <p class='ocr_par' dir='ltr' id='par_1_106' title="bbox 2041 3612 3692 3692">
     <span class='ocr_line' id='line_1_106' title="bbox 2041 3612 3692 3692; baseline -0.005 -18"><span class='ocrx_word' id='word_1_721' title='bbox 2041 3621 2204 3692; x_wconf 88' lang='lat' dir='ltr'><strong>quasi</strong></span> <span class='ocrx_word' id='word_1_722' title='bbox 2241 3624 2530 3674; x_wconf 83' lang='lat' dir='ltr'><strong>conantur</strong></span> <span class='ocrx_word' id='word_1_723' title='bbox 2562 3618 2673 3671; x_wconf 88' lang='lat' dir='ltr'><strong>ista</strong></span> <span class='ocrx_word' id='word_1_724' title='bbox 2709 3616 3056 3681; x_wconf 88' lang='lat' dir='ltr'><strong>discernere,</strong></span> <span class='ocrx_word' id='word_1_725' title='bbox 3100 3623 3150 3668; x_wconf 88' lang='lat' dir='ltr'><strong>et</strong></span> <span class='ocrx_word' id='word_1_726' title='bbox 3202 3612 3419 3668; x_wconf 88' lang='lat' dir='ltr'><strong>illicitis</strong></span> <span class='ocrx_word' id='word_1_727' title='bbox 3466 3612 3692 3692; x_wconf 80' lang='lat' dir='ltr'><strong>artibus</strong></span> 
     </span>
    </p>
   </div>
   <div class='ocr_carea' id='block_1_107' title="bbox 2040 3690 3692 3764">
    <p class='ocr_par' dir='ltr' id='par_1_107' title="bbox 2040 3690 3692 3764">
     <span class='ocr_line' id='line_1_107' title="bbox 2040 3690 3692 3764; baseline -0.007 -9"><span class='ocrx_word' id='word_1_728' title='bbox 2040 3690 2265 3756; x_wconf 88' lang='lat' dir='ltr'><strong>deditos</strong></span> <span class='ocrx_word' id='word_1_729' title='bbox 2296 3697 2437 3752; x_wconf 88' lang='lat' dir='ltr'><strong>alios</strong></span> <span class='ocrx_word' id='word_1_730' title='bbox 2465 3695 2852 3760; x_wconf 89' lang='lat' dir='ltr'><strong>damnabiles,</strong></span> <span class='ocrx_word' id='word_1_731' title='bbox 2884 3710 3031 3764; x_wconf 89' lang='lat' dir='ltr'><strong>quos</strong></span> <span class='ocrx_word' id='word_1_732' title='bbox 3057 3697 3112 3748; x_wconf 90' lang='lat' dir='ltr'><strong>et</strong></span> <span class='ocrx_word' id='word_1_733' title='bbox 3154 3692 3448 3747; x_wconf 90' lang='lat' dir='ltr'><strong>maleﬁcos</strong></span> <span class='ocrx_word' id='word_1_734' title='bbox 3476 3690 3692 3759; x_wconf 88' lang='lat' dir='ltr'><strong>vulgus</strong></span> 
     </span>
    </p>
   </div>
   <div class='ocr_carea' id='block_1_108' title="bbox 2040 3771 3689 3853">
    <p class='ocr_par' dir='ltr' id='par_1_108' title="bbox 2040 3771 3689 3853">
     <span class='ocr_line' id='line_1_108' title="bbox 2040 3771 3689 3853; baseline -0.01 -16"><span class='ocrx_word' id='word_1_735' title='bbox 2040 3779 2296 3853; x_wconf 86' lang='lat' dir='ltr'><strong>appellat</strong></span> <span class='ocrx_word' id='word_1_736' title='bbox 2328 3779 2455 3851; x_wconf 90' lang='lat' dir='ltr'><strong>(hos</strong></span> <span class='ocrx_word' id='word_1_737' title='bbox 2486 3778 2640 3830; x_wconf 89' lang='lat' dir='ltr'><strong>enim</strong></span> <span class='ocrx_word' id='word_1_738' title='bbox 2684 3776 2752 3830; x_wconf 90' lang='lat' dir='ltr'><strong>ad</strong></span> <span class='ocrx_word' id='word_1_739' title='bbox 2806 3778 3050 3844; x_wconf 87' lang='lat' dir='ltr'><strong>goetiam</strong></span> <span class='ocrx_word' id='word_1_740' title='bbox 3104 3773 3394 3844; x_wconf 87' lang='lat' dir='ltr'><strong>pertinere</strong></span> <span class='ocrx_word' id='word_1_741' title='bbox 3428 3771 3689 3853; x_wconf 86' lang='lat' dir='ltr'><strong>dicunt);</strong></span> 
     </span>
    </p>
   </div>
   <div class='ocr_carea' id='block_1_109' title="bbox 2040 3852 3695 3924">
    <p class='ocr_par' dir='ltr' id='par_1_109' title="bbox 2040 3852 3695 3924">
     <span class='ocr_line' id='line_1_109' title="bbox 2040 3852 3695 3924; baseline -0.007 -7"><span class='ocrx_word' id='word_1_742' title='bbox 2040 3852 2184 3918; x_wconf 82' lang='lat' dir='ltr'><strong>alios</strong></span> <span class='ocrx_word' id='word_1_743' title='bbox 2217 3865 2409 3915; x_wconf 86' lang='lat' dir='ltr'><strong>autem</strong></span> <span class='ocrx_word' id='word_1_744' title='bbox 2443 3856 2767 3912; x_wconf 88' lang='lat' dir='ltr'><strong>laudabiles</strong></span> <span class='ocrx_word' id='word_1_745' title='bbox 2797 3855 2975 3911; x_wconf 89' lang='lat' dir='ltr'><strong>videri</strong></span> <span class='ocrx_word' id='word_1_746' title='bbox 3010 3855 3234 3918; x_wconf 90' lang='lat' dir='ltr'><strong>volunt,</strong></span> <span class='ocrx_word' id='word_1_747' title='bbox 3269 3855 3478 3924; x_wconf 91' lang='lat' dir='ltr'><strong>quibus</strong></span> <span class='ocrx_word' id='word_1_748' title='bbox 3501 3852 3695 3906; x_wconf 89' lang='lat' dir='ltr'><strong>theur-</strong></span> 
     </span>
    </p>
   </div>
   <div class='ocr_carea' id='block_1_110' title="bbox 2040 3931 3692 4014">
    <p class='ocr_par' dir='ltr' id='par_1_110' title="bbox 2040 3931 3692 4014">
     <span class='ocr_line' id='line_1_110' title="bbox 2040 3931 3692 4014; baseline -0.007 -18"><span class='ocrx_word' id='word_1_749' title='bbox 2040 3943 2194 4014; x_wconf 87' lang='lat' dir='ltr'><strong>giam</strong></span> <span class='ocrx_word' id='word_1_750' title='bbox 2228 3939 2551 4011; x_wconf 84' lang='lat' dir='ltr'><strong>deputant;</strong></span> <span class='ocrx_word' id='word_1_751' title='bbox 2584 3953 2712 3991; x_wconf 89' lang='lat' dir='ltr'><strong>cum</strong></span> <span class='ocrx_word' id='word_1_752' title='bbox 2747 3935 2868 3990; x_wconf 89' lang='lat' dir='ltr'><strong>sint</strong></span> <span class='ocrx_word' id='word_1_753' title='bbox 2897 3935 3126 4006; x_wconf 88' lang='lat' dir='ltr'><strong>utrique</strong></span> <span class='ocrx_word' id='word_1_754' title='bbox 3151 3931 3692 4014; x_wconf 75' lang='lat' dir='ltr'><strong>ritibusfallacibus</strong></span> 
     </span>
    </p>
   </div>
   <div class='ocr_carea' id='block_1_111' title="bbox 2041 4010 3616 4084">
    <p class='ocr_par' dir='ltr' id='par_1_111' title="bbox 2041 4010 3616 4084">
     <span class='ocr_line' id='line_1_111' title="bbox 2041 4010 3616 4084; baseline -0.008 -7"><span class='ocrx_word' id='word_1_755' title='bbox 2041 4010 2368 4077; x_wconf 80' lang='lat' dir='ltr'><strong>daemonum</strong></span> <span class='ocrx_word' id='word_1_756' title='bbox 2405 4020 2663 4076; x_wconf 88' lang='lat' dir='ltr'><strong>obstricti</strong></span> <span class='ocrx_word' id='word_1_757' title='bbox 2699 4019 2808 4074; x_wconf 93' lang='lat' dir='ltr'><strong>sub</strong></span> <span class='ocrx_word' id='word_1_758' title='bbox 2843 4016 3182 4072; x_wconf 89' lang='lat' dir='ltr'><strong>nominibus</strong></span> <span class='ocrx_word' id='word_1_759' title='bbox 3214 4012 3548 4084; x_wconf 87' lang='lat' dir='ltr'><strong>angelorum</strong></span> <span class='ocrx_word' id='word_1_760' title='bbox 3573 4010 3616 4065; x_wconf 74' lang='grc'><strong>³.</strong></span> 
     </span>
    </p>
   </div>
   <div class='ocr_carea' id='block_1_112' title="bbox 2112 4092 3691 4174">
    <p class='ocr_par' dir='ltr' id='par_1_112' title="bbox 2112 4092 3691 4174">
     <span class='ocr_line' id='line_1_112' title="bbox 2112 4092 3691 4174; baseline -0.005 -18"><span class='ocrx_word' id='word_1_761' title='bbox 2112 4104 2164 4157; x_wconf 88' lang='grc'><strong>2.</strong></span> <span class='ocrx_word' id='word_1_762' title='bbox 2199 4102 2341 4158; x_wconf 90' lang='lat' dir='ltr'><strong>Nam</strong></span> <span class='ocrx_word' id='word_1_763' title='bbox 2377 4107 2431 4157; x_wconf 89' lang='lat' dir='ltr'><strong>et</strong></span> <span class='ocrx_word' id='word_1_764' title='bbox 2463 4102 2816 4174; x_wconf 89' lang='lat' dir='ltr'><strong>Porphyrius</strong></span> <span class='ocrx_word' id='word_1_765' title='bbox 2847 4099 3159 4172; x_wconf 87' lang='lat' dir='ltr'><strong>quamdam</strong></span> <span class='ocrx_word' id='word_1_766' title='bbox 3192 4095 3356 4166; x_wconf 81' lang='lat' dir='ltr'><strong>quasi</strong></span> <span class='ocrx_word' id='word_1_767' title='bbox 3389 4092 3691 4167; x_wconf 87' lang='lat' dir='ltr'><strong>purgatio—</strong></span> 
     </span>
    </p>
   </div>
   <div class='ocr_carea' id='block_1_113' title="bbox 2042 4175 3691 4254">
    <p class='ocr_par' dir='ltr' id='par_1_113' title="bbox 2042 4175 3691 4254">
     <span class='ocr_line' id='line_1_113' title="bbox 2042 4175 3691 4254; baseline -0.009 -13"><span class='ocrx_word' id='word_1_768' title='bbox 2042 4201 2172 4241; x_wconf 86' lang='lat' dir='ltr'><strong>nem</strong></span> <span class='ocrx_word' id='word_1_769' title='bbox 2206 4187 2417 4238; x_wconf 61' lang='lat' dir='ltr'><strong>anima</strong></span> <span class='ocrx_word' id='word_1_770' title='bbox 2462 4199 2561 4254; x_wconf 89' lang='lat' dir='ltr'><strong>per</strong></span> <span class='ocrx_word' id='word_1_771' title='bbox 2607 4180 2956 4251; x_wconf 81' lang='lat' dir='ltr'><strong>theurgium,</strong></span> <span class='ocrx_word' id='word_1_772' title='bbox 3004 4181 3341 4232; x_wconf 85' lang='lat' dir='ltr'><strong>cunctanter</strong></span> <span class='ocrx_word' id='word_1_773' title='bbox 3387 4178 3580 4228; x_wconf 85' lang='lat' dir='ltr'><strong>tamen</strong></span> <span class='ocrx_word' id='word_1_774' title='bbox 3633 4175 3691 4227; x_wconf 89' lang='lat' dir='ltr'><strong>et</strong></span> 
     </span>
    </p>
   </div>
   <div class='ocr_carea' id='block_1_114' title="bbox 2043 4253 3688 4338">
    <p class='ocr_par' dir='ltr' id='par_1_114' title="bbox 2043 4253 3688 4338">
     <span class='ocr_line' id='line_1_114' title="bbox 2043 4253 3688 4338; baseline -0.009 -17"><span class='ocrx_word' id='word_1_775' title='bbox 2043 4264 2386 4338; x_wconf 88' lang='lat' dir='ltr'><strong>pudibunda</strong></span> <span class='ocrx_word' id='word_1_776' title='bbox 2430 4253 2863 4334; x_wconf 90' lang='lat' dir='ltr'><strong>quodammodo</strong></span> <span class='ocrx_word' id='word_1_777' title='bbox 2913 4258 3314 4328; x_wconf 88' lang='lat' dir='ltr'><strong>disputatione</strong></span> <span class='ocrx_word' id='word_1_778' title='bbox 3362 4253 3688 4326; x_wconf 86' lang='lat' dir='ltr'><strong>promittit;</strong></span> 
     </span>
    </p>
   </div>
   <div class='ocr_carea' id='block_1_115' title="bbox 2042 4339 3689 4403">
    <p class='ocr_par' dir='ltr' id='par_1_115' title="bbox 2042 4339 3689 4403">
     <span class='ocr_line' id='line_1_115' title="bbox 2042 4339 3689 4403; baseline -0.009 -1"><span class='ocrx_word' id='word_1_779' title='bbox 2042 4348 2427 4402; x_wconf 90' lang='lat' dir='ltr'><strong>reversionem</strong></span> <span class='ocrx_word' id='word_1_780' title='bbox 2489 4359 2620 4397; x_wconf 89' lang='lat' dir='ltr'><strong>vero</strong></span> <span class='ocrx_word' id='word_1_781' title='bbox 2661 4343 2727 4396; x_wconf 91' lang='lat' dir='ltr'><strong>ad</strong></span> <span class='ocrx_word' id='word_1_782' title='bbox 2774 4342 2952 4396; x_wconf 86' lang='lat' dir='ltr'><strong>Deum</strong></span> <span class='ocrx_word' id='word_1_783' title='bbox 3013 4339 3160 4393; x_wconf 90' lang='lat' dir='ltr'><strong>hanc</strong></span> <span class='ocrx_word' id='word_1_784' title='bbox 3191 4343 3371 4391; x_wconf 88' lang='lat' dir='ltr'><strong>artem</strong></span> <span class='ocrx_word' id='word_1_785' title='bbox 3422 4341 3689 4403; x_wconf 65' lang='lat' dir='ltr'><strong>praestare</strong></span> 
     </span>
    </p>
   </div>
   <div class='ocr_carea' id='block_1_116' title="bbox 2041 4413 3691 4497">
    <p class='ocr_par' dir='ltr' id='par_1_116' title="bbox 2041 4413 3691 4497">
     <span class='ocr_line' id='line_1_116' title="bbox 2041 4413 3691 4497; baseline -0.009 -15"><span class='ocrx_word' id='word_1_786' title='bbox 2041 4427 2314 4497; x_wconf 89' lang='lat' dir='ltr'><strong>cuiquam</strong></span> <span class='ocrx_word' id='word_1_787' title='bbox 2349 4433 2554 4496; x_wconf 87' lang='lat' dir='ltr'><strong>negat:</strong></span> <span class='ocrx_word' id='word_1_788' title='bbox 2591 4429 2652 4477; x_wconf 90' lang='lat' dir='ltr'><strong>ut</strong></span> <span class='ocrx_word' id='word_1_789' title='bbox 2683 4423 2877 4480; x_wconf 90' lang='lat' dir='ltr'><strong>videas</strong></span> <span class='ocrx_word' id='word_1_790' title='bbox 2908 4435 3040 4474; x_wconf 90' lang='lat' dir='ltr'><strong>eum</strong></span> <span class='ocrx_word' id='word_1_791' title='bbox 3074 4419 3227 4472; x_wconf 90' lang='lat' dir='ltr'><strong>inter</strong></span> <span class='ocrx_word' id='word_1_792' title='bbox 3266 4416 3473 4470; x_wconf 88' lang='lat' dir='ltr'><strong>vitium</strong></span> <span class='ocrx_word' id='word_1_793' title='bbox 3507 4413 3691 4470; x_wconf 87' lang='lat' dir='ltr'><strong>sacri-</strong></span> 
     </span>
    </p>
   </div>
   <div class='ocr_carea' id='block_1_117' title="bbox 2043 4497 3693 4578">
    <p class='ocr_par' dir='ltr' id='par_1_117' title="bbox 2043 4497 3693 4578">
     <span class='ocr_line' id='line_1_117' title="bbox 2043 4497 3693 4578; baseline -0.008 -17"><span class='ocrx_word' id='word_1_794' title='bbox 2043 4507 2180 4578; x_wconf 65' lang='lat' dir='ltr'><strong>lega:</strong></span> <span class='ocrx_word' id='word_1_795' title='bbox 2213 4507 2566 4561; x_wconf 86' lang='lat' dir='ltr'><strong>curiositatis</strong></span> <span class='ocrx_word' id='word_1_796' title='bbox 2598 4508 2652 4558; x_wconf 88' lang='lat' dir='ltr'><strong>et</strong></span> <span class='ocrx_word' id='word_1_797' title='bbox 2691 4500 3071 4574; x_wconf 62' lang='lat' dir='ltr'><strong>philosophia:</strong></span> <span class='ocrx_word' id='word_1_798' title='bbox 3107 4497 3522 4568; x_wconf 89' lang='lat' dir='ltr'><strong>professionem</strong></span> <span class='ocrx_word' id='word_1_799' title='bbox 3544 4509 3693 4578; x_wconf 80' lang='lat' dir='ltr'><strong>sen-</strong></span> 
     </span>
    </p>
   </div>
   <div class='ocr_carea' id='block_1_118' title="bbox 2042 4575 3694 4644">
    <p class='ocr_par' dir='ltr' id='par_1_118' title="bbox 2042 4575 3694 4644">
     <span class='ocr_line' id='line_1_118' title="bbox 2042 4575 3694 4644; baseline -0.01 0"><span class='ocrx_word' id='word_1_800' title='bbox 2042 4575 2242 4644; x_wconf 80' lang='lat' dir='ltr'><strong>tentiis</strong></span> <span class='ocrx_word' id='word_1_801' title='bbox 2295 4585 2720 4643; x_wconf 86' lang='lat' dir='ltr'><strong>alternantibus</strong></span> <span class='ocrx_word' id='word_1_802' title='bbox 2767 4583 3067 4637; x_wconf 84' lang='lat' dir='ltr'><strong>fluctuare.</strong></span> <span class='ocrx_word' id='word_1_803' title='bbox 3116 4579 3280 4633; x_wconf 88' lang='lat' dir='ltr'><strong>Nunc</strong></span> <span class='ocrx_word' id='word_1_804' title='bbox 3329 4578 3480 4631; x_wconf 88' lang='lat' dir='ltr'><strong>enim</strong></span> <span class='ocrx_word' id='word_1_805' title='bbox 3543 4575 3694 4628; x_wconf 87' lang='lat' dir='ltr'><strong>hanc</strong></span> 
     </span>
    </p>
   </div>
   <div class='ocr_carea' id='block_1_119' title="bbox 2040 4654 3692 4737">
    <p class='ocr_par' dir='ltr' id='par_1_119' title="bbox 2040 4654 3692 4737">
     <span class='ocr_line' id='line_1_119' title="bbox 2040 4654 3692 4737; baseline -0.011 -13"><span class='ocrx_word' id='word_1_806' title='bbox 2040 4675 2216 4724; x_wconf 88' lang='lat' dir='ltr'><strong>artem</strong></span> <span class='ocrx_word' id='word_1_807' title='bbox 2253 4675 2524 4737; x_wconf 81' lang='lat' dir='ltr'><strong>tanquam</strong></span> <span class='ocrx_word' id='word_1_808' title='bbox 2563 4664 2824 4719; x_wconf 86' lang='lat' dir='ltr'><strong>fallacem</strong></span> <span class='ocrx_word' id='word_1_809' title='bbox 2859 4671 2910 4716; x_wconf 75' lang='lat' dir='ltr'><strong>et</strong></span> <span class='ocrx_word' id='word_1_810' title='bbox 2941 4663 2995 4716; x_wconf 90' lang='lat' dir='ltr'><strong>in</strong></span> <span class='ocrx_word' id='word_1_811' title='bbox 3030 4660 3158 4731; x_wconf 87' lang='lat' dir='ltr'><strong>ipsa</strong></span> <span class='ocrx_word' id='word_1_812' title='bbox 3201 4657 3429 4712; x_wconf 90' lang='lat' dir='ltr'><strong>actione</strong></span> <span class='ocrx_word' id='word_1_813' title='bbox 3462 4654 3692 4737; x_wconf 85' lang='lat' dir='ltr'><strong>pericu-</strong></span> 
     </span>
    </p>
   </div>
   <div class='ocr_carea' id='block_1_120' title="bbox 2040 4735 3689 4820">
    <p class='ocr_par' dir='ltr' id='par_1_120' title="bbox 2040 4735 3689 4820">
     <span class='ocr_line' id='line_1_120' title="bbox 2040 4735 3689 4820; baseline -0.013 -13"><span class='ocrx_word' id='word_1_814' title='bbox 2040 4751 2223 4807; x_wconf 86' lang='lat' dir='ltr'><strong>losam</strong></span> <span class='ocrx_word' id='word_1_815' title='bbox 2254 4755 2311 4804; x_wconf 89' lang='lat' dir='ltr'><strong>et</strong></span> <span class='ocrx_word' id='word_1_816' title='bbox 2337 4735 2564 4820; x_wconf 82' lang='lat' dir='ltr'><strong>legibus</strong></span> <span class='ocrx_word' id='word_1_817' title='bbox 2599 4744 2972 4817; x_wconf 88' lang='lat' dir='ltr'><strong>prohibitam,</strong></span> <span class='ocrx_word' id='word_1_818' title='bbox 3006 4739 3324 4820; x_wconf 74' lang='lat' dir='ltr'><strong>cavendam</strong></span> <span class='ocrx_word' id='word_1_819' title='bbox 3344 4735 3689 4820; x_wconf 43' lang='lat' dir='ltr'><strong>monetis):</strong></span> 
     </span>
    </p>
   </div>
   <div class='ocr_carea' id='block_1_121' title="bbox 2043 4811 3691 4895">
    <p class='ocr_par' dir='ltr' id='par_1_121' title="bbox 2043 4811 3691 4895">
     <span class='ocr_line' id='line_1_121' title="bbox 2043 4811 3691 4895; baseline -0.013 -7"><span class='ocrx_word' id='word_1_820' title='bbox 2043 4848 2198 4888; x_wconf 89' lang='lat' dir='ltr'><strong>nunc</strong></span> <span class='ocrx_word' id='word_1_821' title='bbox 2229 4811 2425 4885; x_wconf 70' lang='lat' dir='ltr'><strong>autern</strong></span> <span class='ocrx_word' id='word_1_822' title='bbox 2454 4811 2758 4895; x_wconf 79' lang='lat' dir='ltr'><strong>velutejus</strong></span> <span class='ocrx_word' id='word_1_823' title='bbox 2791 4819 3190 4877; x_wconf 85' lang='lat' dir='ltr'><strong>laudatoribus</strong></span> <span class='ocrx_word' id='word_1_824' title='bbox 3224 4816 3460 4877; x_wconf 89' lang='lat' dir='ltr'><strong>cedens,</strong></span> <span class='ocrx_word' id='word_1_825' title='bbox 3486 4811 3691 4867; x_wconf 87' lang='lat' dir='ltr'><strong>utilem</strong></span> 
     </span>
    </p>
   </div>
   <div class='ocr_carea' id='block_1_122' title="bbox 2108 5107 3696 5188">
    <p class='ocr_par' dir='ltr' id='par_1_122' title="bbox 2108 5107 3696 5188">
     <span class='ocr_line' id='line_1_122' title="bbox 2108 5107 3696 5188; baseline -0.014 -7"><span class='ocrx_word' id='word_1_826' title='bbox 2108 5137 2124 5169; x_wconf 75' lang='grc' dir='ltr'>ί</span> <span class='ocrx_word' id='word_1_827' title='bbox 2158 5129 2315 5188; x_wconf 87' lang='lat' dir='ltr'><strong>Editi,</strong></span> <span class='ocrx_word' id='word_1_828' title='bbox 2347 5123 2620 5176; x_wconf 79' lang='lat' dir='ltr'><strong>immissos</strong></span> <span class='ocrx_word' id='word_1_829' title='bbox 2650 5119 2722 5170; x_wconf 87' lang='lat' dir='ltr'><strong>ad</strong></span> <span class='ocrx_word' id='word_1_830' title='bbox 2743 5130 2986 5182; x_wconf 81' lang='lat' dir='ltr'><strong>poenam.</strong></span> <span class='ocrx_word' id='word_1_831' title='bbox 3023 5115 3198 5171; x_wconf 80' lang='lat' dir='ltr'><strong>Abest,</strong></span> <span class='ocrx_word' id='word_1_832' title='bbox 3232 5111 3512 5162; x_wconf 86' lang='lat' dir='ltr'><strong>immissos</strong></span> <span class='ocrx_word' id='word_1_833' title='bbox 3541 5107 3632 5168; x_wconf 84' lang='lat' dir='ltr'><strong>ad,</strong></span> <span class='ocrx_word' id='word_1_834' title='bbox 3661 5120 3696 5158; x_wconf 73' lang='grc' dir='ltr'>α</span> 
     </span>
    </p>
   </div>
   <div class='ocr_carea' id='block_1_123' title="bbox 2043 5190 2440 5254">
    <p class='ocr_par' dir='ltr' id='par_1_123' title="bbox 2043 5190 2440 5254">
     <span class='ocr_line' id='line_1_123' title="bbox 2043 5190 2440 5254; baseline -0.02 -8"><span class='ocrx_word' id='word_1_835' title='bbox 2043 5190 2440 5254; x_wconf 75' lang='lat' dir='ltr'><strong>manuscriptis.</strong></span> 
     </span>
    </p>
   </div>
   <div class='ocr_carea' id='block_1_124' title="bbox 2109 5242 3530 5316">
    <p class='ocr_par' dir='ltr' id='par_1_124' title="bbox 2109 5242 3530 5316">
     <span class='ocr_line' id='line_1_124' title="bbox 2109 5242 3530 5316; baseline -0.006 -12"><span class='ocrx_word' id='word_1_836' title='bbox 2109 5242 2257 5305; x_wconf 60' lang='grc' dir='ltr'><strong>Ξ-Ηίό</strong></span> <span class='ocrx_word' id='word_1_837' title='bbox 2280 5242 2464 5316; x_wconf 76' lang='grc' dir='ltr'><strong>ἱῐῖοἰρὶι</strong></span> <span class='ocrx_word' id='word_1_838' title='bbox 2491 5249 2652 5312; x_wconf 89' lang='lat' dir='ltr'><strong>caput</strong></span> <span class='ocrx_word' id='word_1_839' title='bbox 2680 5257 2883 5316; x_wconf 82' lang='lat' dir='ltr'><strong>nonum</strong></span> <span class='ocrx_word' id='word_1_840' title='bbox 2910 5242 2968 5316; x_wconf 71' lang='lat' dir='ltr'><strong>in</strong></span> <span class='ocrx_word' id='word_1_841' title='bbox 2995 5243 3169 5316; x_wconf 36' lang='lat' dir='ltr'><strong>Mssa”</strong></span> <span class='ocrx_word' id='word_1_842' title='bbox 3250 5315 3259 5316; x_wconf 14' lang='grc' dir='ltr'>ί</span> <span class='ocrx_word' id='word_1_843' title='bbox 3330 5298 3530 5316; x_wconf 15' lang='lat' dir='ltr'><strong>idm“</strong></span> 
     </span>
    </p>
   </div>
   <div class='ocr_carea' id='block_1_125' title="bbox 2105 5300 3695 5381">
    <p class='ocr_par' dir='ltr' id='par_1_125' title="bbox 2105 5300 3695 5381">
     <span class='ocr_line' id='line_1_125' title="bbox 2105 5300 3695 5381; baseline -0.016 -12"><span class='ocrx_word' id='word_1_844' title='bbox 2105 5300 2421 5381; x_wconf 42' lang='lat' dir='ltr'><strong>(uidi—iiii,</strong></span> <span class='ocrx_word' id='word_1_845' title='bbox 2453 5300 2849 5381; x_wconf 60' lang='lat' dir='ltr'><strong>geniismagiae</strong></span> <span class='ocrx_word' id='word_1_846' title='bbox 2869 5308 2948 5381; x_wconf 77' lang='lat' dir='ltr'><strong>est</strong></span> <span class='ocrx_word' id='word_1_847' title='bbox 2962 5319 3098 5381; x_wconf 79' lang='lat' dir='ltr'><strong>quae</strong></span> <span class='ocrx_word' id='word_1_848' title='bbox 3112 5304 3177 5352; x_wconf 82' lang='lat' dir='ltr'><strong>fit</strong></span> <span class='ocrx_word' id='word_1_849' title='bbox 3206 5300 3695 5381; x_wconf 10' lang='lat' dir='ltr'><strong>pergpxcitatipnem</strong></span> 
     </span>
    </p>
   </div>
   <div class='ocr_carea' id='block_1_126' title="bbox 2047 5361 3695 5434">
    <p class='ocr_par' dir='ltr' id='par_1_126' title="bbox 2047 5361 3695 5434">
     <span class='ocr_line' id='line_1_126' title="bbox 2047 5361 3695 5434; baseline -0.017 0"><span class='ocrx_word' id='word_1_850' title='bbox 2047 5361 2506 5434; x_wconf 48' lang='lat' dir='ltr'><strong>maiiuBHiiiiﬁsi’e</strong></span> <span class='ocrx_word' id='word_1_851' title='bbox 2533 5361 2676 5424; x_wconf 82' lang='lat' dir='ltr'><strong>dicta</strong></span> <span class='ocrx_word' id='word_1_852' title='bbox 2705 5361 2996 5434; x_wconf 50' lang='lat' dir='ltr'><strong>avplanctu.</strong></span> <span class='ocrx_word' id='word_1_853' title='bbox 3023 5370 3161 5418; x_wconf 86' lang='lat' dir='ltr'><strong>circa</strong></span> <span class='ocrx_word' id='word_1_854' title='bbox 3190 5361 3445 5434; x_wconf 62' lang='lat' dir='ltr'><strong>sepulcra.</strong></span> <span class='ocrx_word' id='word_1_855' title='bbox 3491 5361 3695 5434; x_wconf 47' lang='lat' dir='ltr'><strong>Theu‘r:</strong></span> 
     </span>
    </p>
   </div>
   <div class='ocr_carea' id='block_1_127' title="bbox 2046 5422 3695 5510">
    <p class='ocr_par' dir='ltr' id='par_1_127' title="bbox 2046 5422 3695 5510">
     <span class='ocr_line' id='line_1_127' title="bbox 2046 5422 3695 5510; baseline -0.002 4"><span class='ocrx_word' id='word_1_856' title='bbox 2169 5422 2507 5510; x_wconf 58' lang='grc' dir='ltr'><strong>ἶεῖοῗῖιὶιεῖὲῖ</strong></span> <span class='ocrx_word' id='word_1_857' title='bbox 2535 5422 2721 5510; x_wconf 59' lang='lat' dir='ltr'><strong>dii&#39;iaa</strong></span> <span class='ocrx_word' id='word_1_858' title='bbox 2769 5422 3031 5510; x_wconf 59' lang='grc' dir='ltr'><strong>ῖξξῑθφιίοι</strong></span> <span class='ocrx_word' id='word_1_859' title='bbox 3067 5422 3695 5510; x_wconf 50' lang='lat' dir='ltr'><strong>ePPE‘li&#39;ifEifajEi‘E“</strong></span> 
     </span>
    </p>
   </div>
   <div class='ocr_carea' id='block_1_128' title="bbox 2049 5497 3694 5559">
    <p class='ocr_par' dir='ltr' id='par_1_128' title="bbox 2049 5497 3694 5559">
     <span class='ocr_line' id='line_1_128' title="bbox 2049 5497 3694 5559; baseline -0.015 0"><span class='ocrx_word' id='word_1_860' title='bbox 2049 5497 2142 5559; x_wconf 67' lang='lat' dir='ltr'><strong>seu</strong></span> <span class='ocrx_word' id='word_1_861' title='bbox 2171 5497 2453 5555; x_wconf 71' lang='lat' dir='ltr'><strong>(laemones</strong></span> <span class='ocrx_word' id='word_1_862' title='bbox 2481 5499 2637 5550; x_wconf 72' lang='lat' dir='ltr'><strong>cei-tis</strong></span> <span class='ocrx_word' id='word_1_863' title='bbox 2668 5497 2941 5547; x_wconf 76' lang='lat' dir='ltr'><strong>sacrificiis</strong></span> <span class='ocrx_word' id='word_1_864' title='bbox 2983 5497 3036 5544; x_wconf 92' lang='lat' dir='ltr'><strong>et</strong></span> <span class='ocrx_word' id='word_1_865' title='bbox 3064 5497 3425 5545; x_wconf 78' lang='lat' dir='ltr'><strong>caeremoniis,</strong></span> <span class='ocrx_word' id='word_1_866' title='bbox 3456 5497 3694 5549; x_wconf 83' lang='lat' dir='ltr'><strong>pagano-</strong></span> 
     </span>
    </p>
   </div>
   <div class='ocr_carea' id='block_1_129' title="bbox 2049 5561 3015 5622">
    <p class='ocr_par' dir='ltr' id='par_1_129' title="bbox 2049 5561 3015 5622">
     <span class='ocr_line' id='line_1_129' title="bbox 2049 5561 3015 5622; baseline -0.021 0"><span class='ocrx_word' id='word_1_867' title='bbox 2049 5585 2169 5622; x_wconf 88' lang='lat' dir='ltr'><strong>rum</strong></span> <span class='ocrx_word' id='word_1_868' title='bbox 2195 5567 2442 5622; x_wconf 84' lang='lat' dir='ltr'><strong>opinione</strong></span> <span class='ocrx_word' id='word_1_869' title='bbox 2475 5563 2647 5617; x_wconf 86' lang='lat' dir='ltr'><strong>bonis.</strong></span> <span class='ocrx_word' id='word_1_870' title='bbox 2679 5561 3015 5610; x_wconf 84' lang='lat' dir='ltr'><strong>invocantur.</strong></span> 
     </span>
    </p>
   </div>
   <div class='ocr_carea' id='block_1_130' title="bbox 2110 5622 2780 5695">
    <p class='ocr_par' dir='ltr' id='par_1_130' title="bbox 2110 5622 2780 5695">
     <span class='ocr_line' id='line_1_130' title="bbox 2110 5622 2780 5695; baseline -0.01 -14"><span class='ocrx_word' id='word_1_871' title='bbox 2110 5633 2183 5695; x_wconf 84' lang='grc' dir='ltr'><strong>(ὁ)</strong></span> <span class='ocrx_word' id='word_1_872' title='bbox 2214 5622 2343 5679; x_wconf 70' lang='lat' dir='ltr'><strong>Vide</strong></span> <span class='ocrx_word' id='word_1_873' title='bbox 2369 5627 2528 5687; x_wconf 73' lang='lat' dir='ltr'><strong>intra,</strong></span> <span class='ocrx_word' id='word_1_874' title='bbox 2559 5638 2672 5687; x_wconf 87' lang='lat' dir='ltr'><strong>cap.</strong></span> <span class='ocrx_word' id='word_1_875' title='bbox 2703 5622 2780 5670; x_wconf 82' lang='lat'><strong>28.</strong></span> 
     </span>
    </p>
   </div>
  </div>
