4158 6192
503 307 621 369 287

503 441 647 497 dicit
691 456 820 498 esse
868 439 1220 496 mundandae
1271 438 1420 510 parti
1470 437 1698 508 animae,
1750 454 1867 494 non
1917 435 2152 507 quidem

506 521 909 588 intellectuali,
942 539 1056 592 qua
1090 537 1279 576 rerum
1331 519 1779 590 intelligibilium
1835 518 2154 590 percipitur

505 604 741 668 veritas,
776 600 966 656 nullas
999 601 1340 656 habentium
1363 598 1779 655 similitudines
1802 615 2108 670 corporum
2135 615 2148 665 ;

503 684 603 738 sed
645 681 951 753 spirituali,
1008 697 1118 752 qua
1169 681 1558 752 corporalium
1604 697 1796 736 rerum
1842 681 2154 750 capiuntur

503 763 786 835 imagines
807 762 906 834 (τι).
941 767 1102 817 Hanc
1123 764 1279 818 enim
1311 763 1447 817 dicit
1473 779 1572 833 per
1621 763 1904 833 quaedam
1955 777 2149 816 conse-

500 848 794 901 craliones
823 845 1180 914 theurgicas.
1238 859 1385 914 quas
1434 843 1637 898 teletae
1669 844 1738 912 (l7)
1769 845 1994 908 vocant,
2025 841 2152 896 ido-

501 942 668 980 neam
699 925 818 979 fieri
865 928 1040 993 atque
1089 933 1285 993 aptam
1336 923 1694 994 susceptioni
1738 921 2048 992 spirituum
2097 926 2152 976 et

501 1004 880 1076 Angelorum,
941 1002 1038 1058 et‘
1100 1005 1170 1058 ad
1230 1004 1509 1058 videndos
1587 1004 1747 1056 deos.
1811 1001 1888 1056 Ex
1941 1000 2151 1071 quibus

501 1089 698 1140 tamen
731 1084 1056 1154 theurgicis
1087 1083 1279 1139 teletis
1312 1085 1525 1140 fatetur
1551 1080 2151 1138 intellectualianimas

501 1163 646 1220 nihil
673 1161 1034 1235 purgationis
1055 1165 1348 1230 accedere,
1373 1162 1530 1236 quod
1551 1178 1677 1217 eam
1705 1163 1876 1218 faciat
1892 1163 2154 1218 idoneam

502 1246 574 1303 ad
609 1243 918 1300 videndum
958 1246 1136 1299 Deum
1183 1260 1377 1309 suum,
1411 1248 1467 1298 et
1496 1243 1899 1315 perspicienda
1930 1259 1994 1298 ea
2025 1259 2152 1313 quas

501 1341 632 1381 vere
664 1330 804 1380 sunt
827 1326 867 1380 2.
885 1325 964 1380 Ex
994 1341 1107 1394 quo
1127 1324 1371 1397 intelligi
1398 1330 1603 1396 potest,
1625 1323 1886 1394 qualium
1911 1321 2154 1377 deorum

501 1408 587 1464 vel
619 1407 846 1478 qualem
878 1407 1157 1462 visionem
1191 1407 1315 1462 fieri
1347 1405 1836 1476 dicattheurgicis
1857 1419 2154 1459 consecra-

503 1489 787 1556 tionibus,
821 1488 880 1542 in
912 1506 1028 1559 qua
1059 1505 1172 1543 non
1206 1505 1274 1543 ea
1319 1487 1587 1542 videntur
1637 1503 1765 1558 quas
1817 1501 1948 1541 vere
1993 1489 2150 1541 sunt.

502 1569 764 1639 Denique
797 1569 1053 1624 animam
1078 1568 1441 1634 rationalem,
1468 1568 1583 1622 sive
1610 1569 1760 1636 quod
1791 1566 1973 1638 magis
1994 1570 2154 1622 amat

503 1647 716 1715 dicere,
749 1647 1220 1714 intellectualem,
1253 1647 1312 1701 in
1345 1646 1640 1718 superna’
1671 1661 1835 1715 posse
1857 1646 1998 1700 dicit
2021 1662 2152 1700 eva-

503 1727 660 1792 dere,
693 1728 923 1782 etiamsi
955 1729 1108 1798 quod
1144 1729 1269 1798 ejus
1299 1726 1595 1800 spirituale
1625 1733 1732 1794 est,
1759 1725 1921 1781 nulla
1952 1727 2151 1781 theur-

502 1807 632 1878 gica
664 1807 834 1861 fuerit
863 1815 984 1862 arte
1026 1813 1368 1879 purgatum:
1406 1823 1570 1876 porro
1619 1810 1814 1861 autem
1849 1824 1882 1861 a
1911 1806 2150 1874 theurgo

504 1887 866 1958 spiritualem
900 1889 1140 1959 purgari
1186 1888 1487 1956 hactenus,
1534 1892 1599 1942 ut
1646 1903 1760 1942 non
1811 1903 1879 1942 ex
1930 1887 2035 1941 hoc
2078 1887 2150 1942 ad

501 1966 999 2022 immortalitatem
1053 1969 1550 2038 aeternitatemque
1597 1967 1913 2040 perveniat.
1946 1968 2148 2032 Quan-

501 2059 678 2120 quam
711 2049 908 2118 itaque
939 2049 1235 2104 discernat
1263 2066 1296 2104 a
1319 2049 1680 2104 daemonibus
1700 2047 1972 2120 Angelos,
1997 2045 2150 2103 aeria

499 2144 628 2185 esse
656 2127 783 2184 loca
812 2129 1168 2193 daemonum,
1192 2129 1427 2184 aetheria
1447 2129 1535 2184 vel
1555 2146 1830 2201 empyrea
1851 2129 2149 2185 disserens

497 2208 873 2279 Angelorum,
927 2214 984 2265 et
1032 2210 1342 2265 admoneat
1401 2210 1686 2264 utendum
1736 2209 1984 2279 alicujus
2032 2209 2145 2263 dm-

499 2290 694 2346 monis
751 2290 1029 2360 amicitia,
1091 2307 1205 2362 quo
1270 2291 1651 2347 subvectante
1699 2291 1789 2346 vel
1841 2289 2147 2362 paululum

499 2371 687 2443 possit
716 2371 925 2427 elevari
959 2388 992 2426 a
1015 2375 1170 2426 terra
1200 2371 1448 2443 quisque
1496 2377 1626 2442 post
1668 2377 1938 2436 mortem,
1971 2370 2146 2427 aliam

496 2467 629 2507 vero
660 2451 812 2507 viam
845 2467 973 2508 esse
1023 2452 1322 2522 perhibeat
1369 2453 1438 2507 ad
1491 2451 1842 2524 Angelorum
1894 2467 2150 2523 superna

498 2533 821 2588 consortia:
856 2535 1168 2588 cavendam
1201 2538 1399 2588 tamen
1439 2533 1771 2588 daemonum
1811 2532 2147 2588 societatem

499 2629 774 2683 expressa
833 2614 1266 2685 quodammodo
1317 2613 1686 2669 confessione
1740 2617 2000 2682 testatur,
2047 2614 2146 2668 ubi

498 2695 641 2749 dicit
673 2695 931 2748 animam
968 2703 1095 2764 post
1128 2697 1376 2748 mortem
1421 2693 1637 2749 luendo
1671 2711 1889 2764 poenas,
1923 2693 2146 2748 cultum

498 2773 833 2827 daemonum
864 2791 895 2826 a
927 2774 1143 2843 quibus
1174 2773 1742 2829 circumveniebatur
1772 2774 2144 2841 horrescere;

495 2852 801 2920 ipsamque
850 2852 1200 2920 theurgiam,
1247 2869 1420 2922 quam
1490 2853 1648 2907 velut
1695 2853 2142 2908 conciliatricem

492 2929 841 3000 Angelorum
896 2932 1252 3001 deorumque
1325 2932 1718 3000 commendat,
1788 2934 1943 3004 apud
1999 2933 2145 2990 tales

494 3026 663 3080 agere
695 3013 1006 3079 potestates
1050 3027 1260 3081 negare
1310 3029 1425 3066 non
1478 3015 1681 3082 potuit,
1733 3029 1860 3084 quae
1891 3012 1978 3067 vel
2007 3011 2143 3084 ipsa

491 3093 566 3162 (c)
597 3089 896 3146 invideant
926 3093 1256 3163 purgationi
1278 3092 1510 3157 animai,
1535 3093 1622 3147 vel
1644 3093 1869 3149 artibus
1893 3093 2146 3150 serviant

492 3171 850 3238 invidorum,
902 3172 1201 3244 querelam
1262 3173 1332 3228 de
1377 3172 1485 3228 hac
1536 3189 1596 3228 re
1639 3173 1886 3229 Chaldaei
1950 3175 2143 3230 nescio

493 3253 662 3324 cujus
694 3269 1080 3323 expromens:
1118 3255 1505 3326 Conqueritur,
1535 3255 1748 3326 inquit,
1773 3258 1858 3310 vir
1889 3257 1945 3310 in
1970 3255 2142 3311 Chal-

491 3334 610 3389 dza
649 3333 844 3402 bonus,
884 3335 1190 3405 purgandae
1236 3338 1441 3392 animae
1489 3352 1690 3404 magno
1735 3336 1836 3391 in‘
1863 3338 2145 3394 molimine

489 3417 786 3484 frustratos
816 3414 924 3470 sibi
951 3431 1067 3470 esse
1094 3432 1392 3481 successus,
1417 3433 1542 3471 cum
1563 3416 1650 3472 vir
1665 3416 1735 3472 ad
1753 3417 1938 3472 eadem
1954 3427 2145 3489 potens

492 3503 668 3550 tactus
697 3495 908 3550 invidia
937 3495 1224 3566 adjuratas
1253 3499 1423 3552 sacris
1442 3497 1693 3569 precibus
1712 3497 1984 3568 potentias
2005 3500 2143 3554 alli-

489 3584 688 3647 gasset,
721 3591 791 3631 ne
808 3577 1088 3648 postulata
1119 3577 1490 3634 concederent.
1527 3579 1675 3650 Ergo
1705 3587 1759 3633 et
1799 3578 1995 3649 ligavit
2025 3580 2143 3646 ille,

492 3656 706 3728 inquit,
728 3661 781 3712 et
811 3657 914 3712 iste
952 3674 1059 3714 non
1090 3659 1274 3716 solvit.
1299 3661 1421 3726 Quo
1453 3659 1666 3714 indicio
1691 3658 1835 3714 dixit
1866 3677 2145 3732 apparere

491 3737 821 3808 tbeurgiam
854 3754 981 3793 esse
1013 3746 1129 3795 tam
1161 3740 1297 3795 boni
1330 3739 1674 3795 conficiendi
1707 3757 1882 3811 quam
1925 3741 2060 3796 mali
2090 3748 2144 3796 et

492 3818 649 3889 apud
681 3819 818 3874 deos
841 3828 894 3874 et
917 3822 1066 3888 apud
1091 3821 1361 3876 homines
1384 3820 1756 3892 disciplinam
1784 3836 1797 3886 ;
1831 3821 1946 3890 pati
1968 3822 2141 3876 etiam

494 3899 654 3965 deos,
684 3903 740 3953 et
769 3901 836 3953 ad
880 3899 1008 3954 illas
1060 3902 1526 3970 perturbationes
1573 3901 1993 3972 passionesque
2041 3903 2144 3957 de-

494 3978 648 4046 duci,
681 3995 827 4048 quas
885 3980 1270 4034 communiter
1320 3980 1687 4034 daemonibus
1717 3987 1774 4035 et
1805 3979 2142 4036 hominibus

493 4057 778 4126 Apuleius
807 4056 1094 4122 attribuit,
1129 4059 1264 4113 deos
1299 4063 1494 4112 tamen
1521 4059 1591 4112 ab
1614 4058 1699 4114 eis
1717 4058 1963 4112 aetherias
1985 4059 2141 4115 sedis

489 4136 802 4192 altitudine
853 4153 1158 4208 separans,
1201 4144 1259 4194 et
1313 4138 1570 4194 Platonis
1622 4154 1891 4194 asserens
1934 4141 1994 4193 in
2045 4141 2142 4196 illa

495 4215 843 4272 discretione
884 4218 1259 4274 sententiam.

559 4567 582 4642 ir
609 4565 889 4642 Hienediti
918 4566 1195 4632 omittunt,
1227 4579 1316 4631 et,-
1343 4572 1485 4634 quod
1513 4571 1752 4636 plerique
1779 4574 1982 4626 habent
2034 4590 2143 4626 ma-

491 4630 910 4744 mlawslilgtciinnes
951 4707 1134 4759 pr0per
1158 4697 1278 4747 Mss.
1328 4699 1396 4747 At
1440 4696 1566 4745 editi
1609 4698 1709 4748 hoc
1755 4701 1966 4750 tantum
2005 4703 2138 4759 loco,

492 4768 644 4822 pera
667 4765 820 4815 sunt,
859 4759 1070 4820 praeter
1128 4758 1210 4808 Er.
1260 4761 1353 4822 qui
1408 4760 1577 4809 altero
1624 4762 1786 4811 etiam
1837 4763 1980 4813 intra
2026 4765 2142 4814 loco

489 4818 669 4883 habet.
703 4818 996 4883 verafpro.
1029 4836 1168 4869 vere.

553 4882 748 4958 ﬂbiles,
780 4883 841 4932 in
858 4882 1010 4958 sua;
1045 4886 1236 4958 paucis
1261 4884 1492 4958 exceptis
1518 4886 1612 4948 qui
1639 4887 1856 4947 habent,
1887 4887 2137 4949 insuper.

487 4970 552 4982 —
579 4945 751 4994 Nostri
783 4947 1001 4996 codices.
1035 4945 1095 4995 in.
1127 4964 1249 4997 sua.
1357 4945 1422 4997 Μ.

553 5007 690 5118 ἶὸδίίξ
724 5009 845 5059 Mss.
882 5010 949 5057 At
977 5010 1119 5071 editi,
1153 5027 1355 5073 magno
1402 5011 1706 5071 molimine,
1747 5013 1946 5076 absque
1974 5016 2142 5076 parti-

618 5106 630 5118 .
665 5085 743 5118 in.

491 5083 630 5125 0018,
665 5085 743 5118 ιη.

553 5132 628 5193 (α)
662 5133 988 5200 Persimilem
1016 5134 1196 5200 in‘lib.
1231 5135 1290 5185 12
1317 5138 1381 5186 de
1406 5135 1613 5200 Genesi
1640 5139 1708 5187 ad
1755 5138 1898 5198 Litt.,
1934 5155 2025 5189 nn.
2057 5140 2137 5200 50,

490 5195 570 5250 5t,
604 5196 829 5255 reperies
857 5196 1270 5255 distinctionem,
1303 5199 1519 5258 scilicet,
1563 5201 1785 5250 visionis
1813 5195 2140 5254 intellectus;

490 5258 920 5322 lis,48piiritualis,
950 5261 1002 5308 et
1031 5262 1334 5322 corporalis.

554 5320 627 5381 (ὁ)
665 5320 892 5390 Tetetas,
929 5320 1548 5390 vocabant‘egpiationes
1603 5328 1656 5376 et
1685 5326 1946 5376 sacriﬁcia
1973 5341 2137 5390 quae-

489 5384 612 5448 dam
641 5385 889 5448 perfecta,
928 5385 1124 5448 quibus
1153 5384 1538 5438 deesset.

549 5447 617 5505 (ο)
649 5447 816 5507 Forte,
851 5447 978 5508 ipsi.

1564 302 1666 362 DE
1706 297 2071 362 CIVITATE
2113 298 2266 371 DEI,
2309 300 2374 359 S.
2421 290 2852 361 AUGUSTINI

3790 301 3917 360 288

2260 435 2490 492 CAPUT
2517 438 2592 492 Χ.
2618 467 2682 478 -
2716 438 2788 493 De
2815 438 3092 511 theurgia,
3120 454 3239 510 qua
3267 437 3473 509 falsam
3519 440 3914 510 purgationem

2449 515 2654 572 animis
2686 521 3002 574 damonum
3034 520 3389 574 invocatione
3414 520 3705 588 promittit.

2328 654 2472 706 Ecce
2503 667 2659 707 nunc
2704 651 2855 708 alius
2888 652 3240 719 Platonicus,
3273 669 3446 724 quem
3478 654 3798 710 doctiorem
3824 655 3911 711 fe-

2257 739 2410 799 runt,
2457 732 2832 804 Porphyrius,
2885 749 2986 806 per
3053 735 3248 789 nescio
3307 751 3488 806 quam
3539 734 3910 806 theurgicam

2256 811 2629 883 disciplinam
2661 815 2834 869 etiam
2867 814 3025 885 ipsos
3047 814 3185 870 deos
3205 815 3514 871 obstrictos
3537 814 3910 886 passionibus

2256 896 2314 947 et
2345 894 2876 962 perturbationibus
2907 895 3081 950 dicit:
3115 897 3393 966 quoniam
3427 897 3610 952 sacris
3641 899 3909 968 precibus

2258 972 2514 1041 adjurari
2547 978 2865 1046 terrerique
2889 980 3221 1046 potuerunt,
3242 991 3315 1030 ne
3339 983 3676 1046 praestarent
3696 978 3907 1033 anima

2258 1053 2682 1124 purgationem,
2718 1061 2774 1110 et
2804 1055 2882 1110 ita
2913 1055 3116 1111 terreri
3141 1055 3213 1110 ab
3232 1071 3297 1110 eo
3319 1059 3418 1126 qui
3442 1056 3768 1126 imperabat
3793 1075 3914 1114 ma-

2256 1131 2400 1202 lum,
2437 1138 2500 1188 ut
2529 1134 2600 1188 ab
2631 1134 2730 1189 illo
2762 1135 2860 1205 qui
2910 1135 3184 1204 poscebat
3237 1136 3478 1202 bonum,
3511 1151 3616 1208 per
3643 1139 3910 1194 eamdem

2254 1216 2438 1269 artem
2464 1213 2823 1285 theurgicam
2856 1214 3002 1270 solvi
3032 1213 3131 1270 illo
3160 1215 3372 1271 timore
3403 1232 3518 1271 non
3551 1222 3816 1288 possent,
3851 1224 3911 1274 et

2254 1295 2325 1349 ad
2357 1295 2618 1350 dandum
2650 1295 2998 1351 beneﬁcium
3033 1295 3270 1351 liberari
3300 1295 3400 1368 (α).
3429 1297 3535 1360 Qui
3570 1313 3685 1353 non
3714 1298 3912 1354 videat

2253 1373 2373 1428 haec
2404 1377 2602 1430 omnia
2645 1374 2942 1431 fallacium
2995 1376 3326 1431 daemonum
3371 1391 3500 1432 esse
3550 1382 3910 1449 commenta,

2253 1456 2367 1510 nisi
2398 1471 2598 1511 eorum
2631 1457 2996 1512 miserrimus
3027 1473 3228 1512 servus
3257 1460 3313 1512 et
3342 1474 3375 1512 a
3407 1457 3594 1528 gratia
3622 1459 3740 1513 veri
3766 1458 3916 1514 libe-

2252 1536 2459 1592 ratoris
2497 1537 2725 1593 alienus
2745 1536 2773 1591 ?
2801 1537 2944 1592 Nam
2995 1536 3045 1592 si
3099 1536 3218 1592 haec
3247 1538 3398 1607 apud
3431 1538 3570 1594 deos
3602 1547 3916 1609 agerentur

2253 1618 2458 1688 bonos,
2493 1619 2626 1691 plus
2675 1621 2754 1674 ibi
2796 1620 2994 1689 utique
3045 1620 3260 1674 valeret
3296 1619 3597 1676 beneficus
3629 1629 3912 1692 purgator

2253 1699 2480 1767 animae,
2532 1714 2707 1769 quam
2769 1696 3078 1752 malevolus
3131 1697 3460 1767 impeditor.
3524 1700 3630 1754 Aut
3687 1698 3737 1754 si
3791 1699 3910 1755 diis

2246 1779 2426 1848 justis
2459 1779 2654 1845 homo,
2687 1794 2790 1849 pro
2822 1794 2937 1848 quo
2969 1777 3268 1848 agebatur,
3301 1777 3646 1849 purgatione
3675 1778 3912 1836 videba-

2252 1865 2345 1914 tur
2394 1859 2693 1930 indignus,
2728 1875 2843 1913 non
2894 1858 3098 1928 utique
3147 1859 3220 1913 ab
3270 1858 3463 1914 invido
3517 1859 3722 1925 territi,
3773 1875 3908 1927 nec,

2251 1939 2406 1995 sicut
2449 1939 2574 2010 ipse
2622 1939 2782 2003 dicit,
2837 1954 2938 2009 per
2987 1945 3210 1993 metum
3254 1939 3589 1995 valentioris
3639 1940 3911 1996 numinis

2250 2018 2534 2091 impediti,
2570 2018 2918 2088 sedjudicio
2967 2017 3148 2074 libero
3190 2018 3249 2072 id
3294 2033 3505 2090 negare
3554 2020 3908 2076 debuerunt.

2249 2099 2452 2154 Mirum
2501 2103 2591 2154 est
2639 2103 2855 2164 autem,
2907 2098 3063 2169 quod
3117 2097 3405 2169 benignus
3444 2097 3541 2154 ille
3571 2099 3906 2170 Chaldaeus,

2251 2179 2346 2250 qui
2398 2178 2719 2250 theurgicis
2770 2178 2945 2233 sacris
2991 2177 3248 2232 animam
3319 2193 3561 2249 purgare
3605 2180 3908 2248 cupiebat,

2251 2275 2364 2315 non
2416 2259 2638 2314 invenit
2680 2258 2933 2329 aliquem
2992 2258 3355 2330 superiorem
3407 2259 3600 2330 deum,
3659 2261 3762 2331 qui
3811 2261 3916 2317 vel

2249 2340 2382 2412 plus
2413 2345 2651 2396 terreret
2682 2348 2850 2411 atque
2882 2341 2952 2394 ad
2989 2339 3467 2395 benefaciendum
3516 2344 3744 2412 cogeret
3788 2345 3912 2398 ter-

2251 2421 2394 2477 ritos
2445 2421 2604 2488 deos,
2649 2419 2743 2475 vel
2791 2421 2865 2475 ab
2915 2420 2997 2475 eis
3029 2424 3340 2476 terrentem
3391 2425 3805 2492 compesceret,
3839 2425 3913 2477 ut

2249 2501 2430 2558 libere
2459 2501 2862 2558 benefacerent
2887 2517 2900 2557 :
2933 2502 2979 2556 si
3003 2500 3022 2535 ί
3054 2505 3251 2557 tamen
3284 2501 3532 2574 theurgo
3562 2502 3715 2558 bono
3739 2518 3915 2560 sacra

2249 2584 2580 2653 defuerunt,
2641 2583 2856 2654 quibus
2915 2583 3070 2654 ipsos
3126 2583 3286 2648 deos,
3345 2599 3492 2654 quos
3559 2582 3915 2640 invocabant

2249 2664 2458 2719 animae
2482 2667 2847 2736 purgatores,
2881 2663 3045 2734 prius
3075 2662 3146 2717 ab
3179 2662 3280 2718 illa
3309 2663 3535 2718 timoris
3572 2669 3730 2735 peste
3760 2680 3908 2733 pur-

2248 2750 2432 2818 garet.
2479 2744 2624 2808 Quid
2675 2743 2829 2800 enim
2874 2759 3062 2799 causa:
3105 2747 3210 2810 est,
3264 2759 3370 2798 cur
3412 2745 3559 2799 deus
3612 2743 3913 2814 potentior

2249 2825 2514 2881 adhiberi
2548 2826 2730 2892 possit
2759 2841 2793 2879 a
2824 2841 2938 2894 quo
2970 2828 3318 2892 terreantur,
3367 2838 3470 2878 nec
3509 2823 3694 2892 possit
3725 2840 3758 2878 a
3789 2841 3917 2895 quo

2250 2905 2617 2976 purgentur?
2645 2907 2732 2959 An
2764 2905 3057 2960 invenitur
3104 2905 3252 2961 deus
3301 2903 3396 2975 qui
3443 2904 3717 2959 exaudiat
3750 2905 3918 2959 invi-

2249 2988 2411 3053 dum,
2442 2991 2499 3041 et
2529 2987 2793 3040 timorem
2824 2986 2940 3040 diis
2972 2985 3220 3040 incutiat
3261 3001 3331 3040 ne
3360 2985 3762 3053 benelaciant;
3796 3001 3912 3040 nec

2249 3065 2538 3122 invenitur
2565 3065 2718 3120 Deus
2747 3066 2846 3136 qui
2877 3067 3149 3120 exaudiat
3169 3064 3531 3133 benevolum,
3555 3073 3608 3119 et
3631 3066 3911 3120 timorem

2250 3147 2362 3203 diis
2394 3147 2618 3202 auferat
2651 3152 2713 3201 ut
2744 3146 3106 3202 benefaciant
3127 3147 3157 3201 ?
3184 3146 3230 3201 Ο
3283 3145 3551 3217 theurgia
3583 3144 3858 3217 praclara
3891 3147 3908 3201 ι

2248 3245 2280 3284 ο
2311 3228 2516 3283 animae
2570 3228 2939 3298 praedicanda
2980 3227 3281 3299 purgatio!
3321 3226 3420 3282 ubi
3472 3226 3606 3297 plus
3657 3225 3915 3298 imperat

2247 3309 2554 3364 immunda
2585 3307 2926 3374 invidentia,
2961 3323 3132 3378 quam
3167 3307 3444 3379 impetrat
3495 3322 3639 3378 pura
3685 3305 3912 3362 beneﬁ-

2248 3388 2476 3444 centia:
2511 3388 2630 3442 imo
2662 3403 2794 3442 vero
2845 3386 3242 3458 malignorum
3282 3387 3599 3457 spirituum
3649 3385 3913 3441 cavenda

2247 3478 2302 3525 et
2332 3468 2676 3524 detestanda
2709 3465 2957 3536 fallacia,
2988 3470 3044 3522 et
3064 3466 3086 3500 ²
3115 3465 3391 3522 salutaris
3443 3465 3738 3521 audienda
3769 3465 3910 3521 dcc-

2247 3551 2422 3606 trina.
2475 3549 2638 3615 Quod
2691 3547 2846 3604 enim
2899 3548 2994 3619 qui
3045 3547 3151 3603 has
3211 3547 3473 3602 sordidas
3525 3545 3907 3618 purgationes

2249 3630 2548 3703 sacrilegis
2577 3629 2786 3685 ritibus
2838 3637 3170 3700 operantur,
3222 3629 3507 3698 quasdam
3557 3625 3912 3682 mirabiliter

2249 3712 2548 3785 pulchras,
2581 3712 2733 3766 sicut
2772 3708 2880 3765 iste
2929 3712 3369 3776 commemorat,
3427 3707 3515 3762 vel
3545 3707 3906 3779 Angelorum

2247 3795 2532 3866 imagines
2579 3791 2666 3847 vel
2725 3791 2990 3859 deorum,
3048 3796 3328 3861 tanquam
3388 3800 3632 3861 purgato
3691 3788 3901 3859 spiritu

2246 3874 2441 3928 vident
2469 3873 2545 3944 (si
2586 3880 2781 3927 tamen
2830 3873 2917 3926 vel
2965 3870 3081 3925 tale
3112 3871 3330 3940 aliquid
3363 3870 3604 3940 vident),
3640 3867 3784 3923 illud
3818 3873 3910 3923 est

2247 3956 2398 4025 quod
2432 3953 2734 4025 Apostolus
2765 3950 2925 4020 dicit,
2957 3952 3236 4022 quoniam
3281 3957 3508 4006 satanas
3531 3950 3905 4018 transﬁgurat

2245 4050 2302 4090 se
2330 4035 2480 4089 velut
2507 4033 2766 4101 angelum
2807 4031 2947 4086 lucis
2975 4032 3046 4102 (ll
3099 4031 3220 4087 Cor.
3269 4046 3348 4092 ιι,
3404 4030 3511 4100 14).
3564 4028 3706 4098 Ejus
3745 4030 3905 4084 enim

2247 4123 2384 4170 sunt
2431 4113 2533 4168 illa
2577 4114 3010 4183 phantasmata,
3044 4111 3142 4183 qui
3171 4110 3414 4166 miseras
3435 4110 3661 4165 animas
3694 4107 3908 4164 multo-

2245 4211 2378 4250 rum
2413 4193 2811 4262 falsorumque
2841 4193 3082 4248 deorum
3117 4190 3420 4247 fallacibus
3443 4189 3627 4245 sacris
3656 4189 3909 4260 cupiens

2245 4273 2492 4338 irretire,
2515 4277 2571 4326 et
2603 4288 2636 4326 a
2664 4287 2800 4326 vero
2832 4273 2952 4327 veri
2984 4271 3085 4327 Dei
3114 4271 3298 4339 cultu,
3323 4286 3439 4342 quo
3462 4269 3586 4326 solo
3608 4269 3907 4324 mundan-

2245 4357 2344 4410 tur
2389 4361 2442 4409 et
2490 4354 2795 4416 sanantur,
2829 4356 3106 4422 avertere,
3159 4352 3315 4408 sicut
3345 4351 3415 4406 de
3448 4350 3648 4407 Proteo
3676 4348 3909 4405 dictum

2247 4437 2336 4491 est

2341 4475 2356 4503 9

2494 4533 2710 4583 Formas
2739 4545 2795 4583 se
2824 4532 2987 4582 vertit
3014 4532 3072 4581 in
3101 4545 3302 4588 omnes,

2653 4595 2887 4658 (Virgil.
2918 4596 3112 4658 Georg.
3146 4595 3236 4644 lib.
3267 4596 3316 4654 4,
3347 4607 3489 4645 vere.
3519 4592 3658 4654 411.)

2245 4704 2540 4762 hostiliter
2568 4705 2901 4775 insequens,
2956 4701 3245 4760 fallaciter
3273 4700 3643 4768 subveniens,
3679 4700 3909 4757 utrobi-

2247 4803 2358 4862 que
2391 4802 2627 4844 nocens.

2247 4957 2474 5015 CAPUT
2503 4954 2597 5011 XI.
2625 4955 2787 5009 —De
2823 4951 3053 5024 epistola
3099 4949 3403 5023 Porphyrii
3448 4949 3519 5005 ad
3569 4947 3905 5005 Anebontem

2320 5038 2663 5109 Egyptium,
2695 5036 2754 5090 in
2784 5049 2894 5105 qua
2921 5035 3056 5104 petit
3085 5030 3150 5088 de
3168 5031 3485 5088 diversitate
3513 5028 3833 5086 daemonum
3851 5043 3906 5084 se

2317 5118 2517 5173 doceri.

2317 5256 2370 5314 1.
2394 5253 2602 5310 Melius
2633 5249 2824 5321 sapuit
2841 5249 2946 5306 iste
2969 5248 3352 5322 Porphyrius,
3379 5262 3509 5305 cum
3536 5247 3607 5302 ad
3631 5245 3905 5302 Anebon-

2242 5342 2360 5394 tem
2394 5333 2633 5406 scripsit
2678 5329 3031 5404 Egyptium,
3087 5329 3182 5384 ubi
3237 5327 3564 5386 consulenti
3609 5325 3828 5382 similis
3855 5334 3912 5386 et

2316 5523 2330 5553 ί
2368 5519 2523 5573 Editi,
2552 5517 2649 5567 sic.
2681 5519 2749 5566 At
2776 5518 2920 5574 Mss,
2950 5517 3018 5565 si.

2315 5581 2336 5613 ²
2370 5580 2496 5629 Sola
2518 5581 2680 5629 editio
2714 5581 2859 5635 Lov.,
2899 5593 3086 5642 quam.

2314 5643 2395 5703 (α)
2426 5643 2538 5690 Vid.
2573 5644 2735 5702 Intra,
2765 5655 2879 5705 cap.
2905 5640 2991 5697 11.
3023 5655 3076 5690 n.
3108 5640 3153 5689 2.
