  <div class='ocr_page' id='page_1' title='image "/cluster/home/n/w/nwhite01/storage/ocr_20150623/41/hvd.32044096580634/150.png"; bbox 0 0 4128 6184; ppageno 0'>
   <div class='ocr_carea' id='block_1_1' title="bbox 228 354 324 414">
    <p class='ocr_par' dir='ltr' id='par_1_1' title="bbox 228 354 324 414">
     <span class='ocr_line' id='line_1_1' title="bbox 228 354 324 414; baseline 0 -1"><span class='ocrx_word' id='word_1_1' title='bbox 228 354 324 414; x_wconf 77' lang='lat'><strong>289</strong></span> 
     </span>
    </p>
   </div>
   <div class='ocr_carea' id='block_1_2' title="bbox 225 482 1844 560">
    <p class='ocr_par' dir='ltr' id='par_1_2' title="bbox 225 482 1844 560">
     <span class='ocr_line' id='line_1_2' title="bbox 225 482 1844 560; baseline -0.004 -18"><span class='ocrx_word' id='word_1_2' title='bbox 225 485 505 560; x_wconf 67' lang='lat' dir='ltr'><strong>quaerenti,</strong></span> <span class='ocrx_word' id='word_1_3' title='bbox 538 487 595 541; x_wconf 89' lang='lat' dir='ltr'><strong>et</strong></span> <span class='ocrx_word' id='word_1_4' title='bbox 626 484 817 555; x_wconf 90' lang='lat' dir='ltr'><strong>prodit</strong></span> <span class='ocrx_word' id='word_1_5' title='bbox 846 487 999 540; x_wconf 90' lang='lat' dir='ltr'><strong>artes</strong></span> <span class='ocrx_word' id='word_1_6' title='bbox 1048 484 1362 556; x_wconf 88' lang='lat' dir='ltr'><strong>sacrilegas</strong></span> <span class='ocrx_word' id='word_1_7' title='bbox 1406 487 1464 540; x_wconf 90' lang='lat' dir='ltr'><strong>et</strong></span> <span class='ocrx_word' id='word_1_8' title='bbox 1509 484 1732 539; x_wconf 76' lang='lat' dir='ltr'><strong>evertit.</strong></span> <span class='ocrx_word' id='word_1_9' title='bbox 1778 482 1844 537; x_wconf 88' lang='lat' dir='ltr'><strong>Et</strong></span> 
     </span>
    </p>
   </div>
   <div class='ocr_carea' id='block_1_3' title="bbox 222 563 1853 637">
    <p class='ocr_par' dir='ltr' id='par_1_3' title="bbox 222 563 1853 637">
     <span class='ocr_line' id='line_1_3' title="bbox 222 563 1853 637; baseline -0.004 -14"><span class='ocrx_word' id='word_1_10' title='bbox 222 568 288 623; x_wconf 93' lang='lat' dir='ltr'><strong>ibi</strong></span> <span class='ocrx_word' id='word_1_11' title='bbox 317 566 551 637; x_wconf 90' lang='lat' dir='ltr'><strong>quidem</strong></span> <span class='ocrx_word' id='word_1_12' title='bbox 610 582 813 621; x_wconf 89' lang='lat' dir='ltr'><strong>omnes</strong></span> <span class='ocrx_word' id='word_1_13' title='bbox 861 566 1153 619; x_wconf 63' lang='lat' dir='ltr'><strong>daemones</strong></span> <span class='ocrx_word' id='word_1_14' title='bbox 1203 566 1494 635; x_wconf 86' lang='lat' dir='ltr'><strong>reprobat,</strong></span> <span class='ocrx_word' id='word_1_15' title='bbox 1536 581 1682 636; x_wconf 91' lang='lat' dir='ltr'><strong>quos</strong></span> <span class='ocrx_word' id='word_1_16' title='bbox 1715 563 1853 617; x_wconf 90' lang='lat' dir='ltr'><strong>dicit</strong></span> 
     </span>
    </p>
   </div>
   <div class='ocr_carea' id='block_1_4' title="bbox 224 644 1853 717">
    <p class='ocr_par' dir='ltr' id='par_1_4' title="bbox 224 644 1853 717">
     <span class='ocr_line' id='line_1_4' title="bbox 224 644 1853 717; baseline -0.003 -14"><span class='ocrx_word' id='word_1_17' title='bbox 224 648 286 703; x_wconf 92' lang='lat' dir='ltr'><strong>ob</strong></span> <span class='ocrx_word' id='word_1_18' title='bbox 325 647 777 716; x_wconf 79' lang='lat' dir='ltr'><strong>imprudentiam</strong></span> <span class='ocrx_word' id='word_1_19' title='bbox 821 645 1048 700; x_wconf 82' lang='lat' dir='ltr'><strong>trahere</strong></span> <span class='ocrx_word' id='word_1_20' title='bbox 1089 644 1402 700; x_wconf 90' lang='lat' dir='ltr'><strong>humidum</strong></span> <span class='ocrx_word' id='word_1_21' title='bbox 1455 660 1746 717; x_wconf 85' lang='lat' dir='ltr'><strong>vaporem,</strong></span> <span class='ocrx_word' id='word_1_22' title='bbox 1797 648 1853 699; x_wconf 92' lang='lat' dir='ltr'><strong>et</strong></span> 
     </span>
    </p>
   </div>
   <div class='ocr_carea' id='block_1_5' title="bbox 222 725 1853 795">
    <p class='ocr_par' dir='ltr' id='par_1_5' title="bbox 222 725 1853 795">
     <span class='ocr_line' id='line_1_5' title="bbox 222 725 1853 795; baseline -0.004 -12"><span class='ocrx_word' id='word_1_23' title='bbox 222 729 334 784; x_wconf 88' lang='lat' dir='ltr'><strong>ideo</strong></span> <span class='ocrx_word' id='word_1_24' title='bbox 365 744 479 782; x_wconf 94' lang='lat' dir='ltr'><strong>non</strong></span> <span class='ocrx_word' id='word_1_25' title='bbox 509 728 566 782; x_wconf 90' lang='lat' dir='ltr'><strong>in</strong></span> <span class='ocrx_word' id='word_1_26' title='bbox 598 726 830 792; x_wconf 70' lang='lat' dir='ltr'><strong>aethere,</strong></span> <span class='ocrx_word' id='word_1_27' title='bbox 863 727 958 780; x_wconf 90' lang='lat' dir='ltr'><strong>sed</strong></span> <span class='ocrx_word' id='word_1_28' title='bbox 988 725 1043 779; x_wconf 91' lang='lat' dir='ltr'><strong>in</strong></span> <span class='ocrx_word' id='word_1_29' title='bbox 1064 741 1195 781; x_wconf 85' lang='lat' dir='ltr'><strong>aere</strong></span> <span class='ocrx_word' id='word_1_30' title='bbox 1216 742 1337 781; x_wconf 88' lang='lat' dir='ltr'><strong>esse</strong></span> <span class='ocrx_word' id='word_1_31' title='bbox 1359 726 1468 781; x_wconf 90' lang='lat' dir='ltr'><strong>sub</strong></span> <span class='ocrx_word' id='word_1_32' title='bbox 1494 725 1653 791; x_wconf 88' lang='lat' dir='ltr'><strong>luna,</strong></span> <span class='ocrx_word' id='word_1_33' title='bbox 1679 731 1853 795; x_wconf 90' lang='lat' dir='ltr'><strong>atque</strong></span> 
     </span>
    </p>
   </div>
   <div class='ocr_carea' id='block_1_6' title="bbox 219 804 1852 876">
    <p class='ocr_par' dir='ltr' id='par_1_6' title="bbox 219 804 1852 876">
     <span class='ocr_line' id='line_1_6' title="bbox 219 804 1852 876; baseline -0.002 -16"><span class='ocrx_word' id='word_1_34' title='bbox 219 807 268 860; x_wconf 90' lang='lat' dir='ltr'><strong>in</strong></span> <span class='ocrx_word' id='word_1_35' title='bbox 294 806 306 840; x_wconf 88' lang='grc'>¹</span> <span class='ocrx_word' id='word_1_36' title='bbox 330 805 452 875; x_wconf 90' lang='lat' dir='ltr'><strong>ipso</strong></span> <span class='ocrx_word' id='word_1_37' title='bbox 474 804 624 859; x_wconf 72' lang='lat' dir='ltr'><strong>lunae</strong></span> <span class='ocrx_word' id='word_1_38' title='bbox 647 805 820 876; x_wconf 84' lang='lat' dir='ltr'><strong>globo</strong></span> <span class='ocrx_word' id='word_1_39' title='bbox 850 820 863 859; x_wconf 92' lang='lat'>:</span> <span class='ocrx_word' id='word_1_40' title='bbox 888 810 1290 859; x_wconf 81' lang='lat' dir='ltr'><strong>verumtamen</strong></span> <span class='ocrx_word' id='word_1_41' title='bbox 1316 820 1429 858; x_wconf 93' lang='lat' dir='ltr'><strong>non</strong></span> <span class='ocrx_word' id='word_1_42' title='bbox 1453 806 1627 859; x_wconf 81' lang='lat' dir='ltr'><strong>audet</strong></span> <span class='ocrx_word' id='word_1_43' title='bbox 1648 818 1852 857; x_wconf 90' lang='lat' dir='ltr'><strong>omnes</strong></span> 
     </span>
    </p>
   </div>
   <div class='ocr_carea' id='block_1_7' title="bbox 219 884 1851 955">
    <p class='ocr_par' dir='ltr' id='par_1_7' title="bbox 219 884 1851 955">
     <span class='ocr_line' id='line_1_7' title="bbox 219 884 1851 955; baseline -0.002 -15"><span class='ocrx_word' id='word_1_44' title='bbox 219 885 462 941; x_wconf 86' lang='lat' dir='ltr'><strong>fallacias</strong></span> <span class='ocrx_word' id='word_1_45' title='bbox 493 892 552 941; x_wconf 90' lang='lat' dir='ltr'><strong>et</strong></span> <span class='ocrx_word' id='word_1_46' title='bbox 583 885 838 940; x_wconf 88' lang='lat' dir='ltr'><strong>malitias</strong></span> <span class='ocrx_word' id='word_1_47' title='bbox 868 890 924 940; x_wconf 92' lang='lat' dir='ltr'><strong>et</strong></span> <span class='ocrx_word' id='word_1_48' title='bbox 953 886 1223 955; x_wconf 89' lang='lat' dir='ltr'><strong>ineptias,</strong></span> <span class='ocrx_word' id='word_1_49' title='bbox 1248 884 1465 955; x_wconf 88' lang='lat' dir='ltr'><strong>quibus</strong></span> <span class='ocrx_word' id='word_1_50' title='bbox 1496 885 1701 938; x_wconf 88' lang='lat' dir='ltr'><strong>merito</strong></span> <span class='ocrx_word' id='word_1_51' title='bbox 1726 898 1851 937; x_wconf 85' lang='lat' dir='ltr'><strong>mo-</strong></span> 
     </span>
    </p>
   </div>
   <div class='ocr_carea' id='block_1_8' title="bbox 215 965 1853 1033">
    <p class='ocr_par' dir='ltr' id='par_1_8' title="bbox 215 965 1853 1033">
     <span class='ocr_line' id='line_1_8' title="bbox 215 965 1853 1033; baseline -0.002 -13"><span class='ocrx_word' id='word_1_52' title='bbox 215 971 380 1031; x_wconf 82' lang='lat' dir='ltr'><strong>vetur,</strong></span> <span class='ocrx_word' id='word_1_53' title='bbox 398 965 675 1020; x_wconf 91' lang='lat' dir='ltr'><strong>omnibus</strong></span> <span class='ocrx_word' id='word_1_54' title='bbox 690 965 1055 1020; x_wconf 68' lang='lat' dir='ltr'><strong>daemonibus</strong></span> <span class='ocrx_word' id='word_1_55' title='bbox 1084 965 1242 1019; x_wconf 89' lang='lat' dir='ltr'><strong>dare.</strong></span> <span class='ocrx_word' id='word_1_56' title='bbox 1268 965 1563 1027; x_wconf 89' lang='lat' dir='ltr'><strong>Quosdam</strong></span> <span class='ocrx_word' id='word_1_57' title='bbox 1596 977 1853 1033; x_wconf 81' lang='lat' dir='ltr'><strong>namque</strong></span> 
     </span>
    </p>
   </div>
   <div class='ocr_carea' id='block_1_9' title="bbox 215 1044 1849 1117">
    <p class='ocr_par' dir='ltr' id='par_1_9' title="bbox 215 1044 1849 1117">
     <span class='ocr_line' id='line_1_9' title="bbox 215 1044 1849 1117; baseline -0.002 -18"><span class='ocrx_word' id='word_1_58' title='bbox 215 1047 486 1117; x_wconf 90' lang='lat' dir='ltr'><strong>benignos</strong></span> <span class='ocrx_word' id='word_1_59' title='bbox 535 1046 825 1101; x_wconf 65' lang='lat' dir='ltr'><strong>daemones</strong></span> <span class='ocrx_word' id='word_1_60' title='bbox 877 1061 1038 1100; x_wconf 89' lang='lat' dir='ltr'><strong>more</strong></span> <span class='ocrx_word' id='word_1_61' title='bbox 1092 1045 1348 1115; x_wconf 86' lang='lat' dir='ltr'><strong>appellat</strong></span> <span class='ocrx_word' id='word_1_62' title='bbox 1402 1044 1672 1110; x_wconf 90' lang='lat' dir='ltr'><strong>aliorum,</strong></span> <span class='ocrx_word' id='word_1_63' title='bbox 1715 1058 1849 1097; x_wconf 91' lang='lat' dir='ltr'><strong>cum</strong></span> 
     </span>
    </p>
   </div>
   <div class='ocr_carea' id='block_1_10' title="bbox 214 1122 1850 1197">
    <p class='ocr_par' dir='ltr' id='par_1_10' title="bbox 214 1122 1850 1197">
     <span class='ocr_line' id='line_1_10' title="bbox 214 1122 1850 1197; baseline -0.004 -16"><span class='ocrx_word' id='word_1_64' title='bbox 214 1142 402 1181; x_wconf 88' lang='lat' dir='ltr'><strong>omnes</strong></span> <span class='ocrx_word' id='word_1_65' title='bbox 433 1126 782 1197; x_wconf 79' lang='lat' dir='ltr'><strong>generaliter</strong></span> <span class='ocrx_word' id='word_1_66' title='bbox 831 1125 1228 1196; x_wconf 86' lang='lat' dir='ltr'><strong>imprudentes</strong></span> <span class='ocrx_word' id='word_1_67' title='bbox 1274 1139 1398 1180; x_wconf 90' lang='lat' dir='ltr'><strong>esse</strong></span> <span class='ocrx_word' id='word_1_68' title='bbox 1446 1123 1709 1178; x_wconf 85' lang='lat' dir='ltr'><strong>fateatur.</strong></span> <span class='ocrx_word' id='word_1_69' title='bbox 1744 1122 1850 1176; x_wconf 88' lang='lat' dir='ltr'><strong>Mi-</strong></span> 
     </span>
    </p>
   </div>
   <div class='ocr_carea' id='block_1_11' title="bbox 212 1201 1850 1277">
    <p class='ocr_par' dir='ltr' id='par_1_11' title="bbox 212 1201 1850 1277">
     <span class='ocr_line' id='line_1_11' title="bbox 212 1201 1850 1277; baseline -0.001 -17"><span class='ocrx_word' id='word_1_70' title='bbox 212 1211 357 1260; x_wconf 80' lang='lat' dir='ltr'><strong>ratur</strong></span> <span class='ocrx_word' id='word_1_71' title='bbox 389 1211 587 1261; x_wconf 90' lang='lat' dir='ltr'><strong>autem</strong></span> <span class='ocrx_word' id='word_1_72' title='bbox 618 1205 775 1277; x_wconf 92' lang='lat' dir='ltr'><strong>quod</strong></span> <span class='ocrx_word' id='word_1_73' title='bbox 826 1222 939 1261; x_wconf 90' lang='lat' dir='ltr'><strong>non</strong></span> <span class='ocrx_word' id='word_1_74' title='bbox 992 1202 1184 1260; x_wconf 87' lang='lat' dir='ltr'><strong>solum</strong></span> <span class='ocrx_word' id='word_1_75' title='bbox 1233 1205 1316 1259; x_wconf 92' lang='lat' dir='ltr'><strong>dii</strong></span> <span class='ocrx_word' id='word_1_76' title='bbox 1364 1203 1697 1259; x_wconf 90' lang='lat' dir='ltr'><strong>alliciantur</strong></span> <span class='ocrx_word' id='word_1_77' title='bbox 1738 1201 1850 1258; x_wconf 85' lang='lat' dir='ltr'><strong>vic-</strong></span> 
     </span>
    </p>
   </div>
   <div class='ocr_carea' id='block_1_12' title="bbox 211 1285 1850 1357">
    <p class='ocr_par' dir='ltr' id='par_1_12' title="bbox 211 1285 1850 1357">
     <span class='ocr_line' id='line_1_12' title="bbox 211 1285 1850 1357; baseline -0.002 -16"><span class='ocrx_word' id='word_1_78' title='bbox 211 1285 375 1354; x_wconf 89' lang='lat' dir='ltr'><strong>timis,</strong></span> <span class='ocrx_word' id='word_1_79' title='bbox 433 1287 529 1341; x_wconf 90' lang='lat' dir='ltr'><strong>sed</strong></span> <span class='ocrx_word' id='word_1_80' title='bbox 587 1289 763 1343; x_wconf 90' lang='lat' dir='ltr'><strong>etiam</strong></span> <span class='ocrx_word' id='word_1_81' title='bbox 835 1286 1263 1357; x_wconf 91' lang='lat' dir='ltr'><strong>compellantur</strong></span> <span class='ocrx_word' id='word_1_82' title='bbox 1335 1292 1507 1356; x_wconf 90' lang='lat' dir='ltr'><strong>atque</strong></span> <span class='ocrx_word' id='word_1_83' title='bbox 1570 1291 1850 1356; x_wconf 79' lang='lat' dir='ltr'><strong>cogantur</strong></span> 
     </span>
    </p>
   </div>
   <div class='ocr_carea' id='block_1_13' title="bbox 204 1365 1849 1439">
    <p class='ocr_par' dir='ltr' id='par_1_13' title="bbox 204 1365 1849 1439">
     <span class='ocr_line' id='line_1_13' title="bbox 204 1365 1849 1439; baseline -0.001 -18"><span class='ocrx_word' id='word_1_84' title='bbox 204 1367 375 1423; x_wconf 88' lang='lat' dir='ltr'><strong>facere</strong></span> <span class='ocrx_word' id='word_1_85' title='bbox 404 1368 559 1439; x_wconf 91' lang='lat' dir='ltr'><strong>quod</strong></span> <span class='ocrx_word' id='word_1_86' title='bbox 592 1366 861 1423; x_wconf 84' lang='lat' dir='ltr'><strong>homines</strong></span> <span class='ocrx_word' id='word_1_87' title='bbox 890 1365 1092 1423; x_wconf 91' lang='lat' dir='ltr'><strong>volunt</strong></span> <span class='ocrx_word' id='word_1_88' title='bbox 1118 1383 1130 1422; x_wconf 95' lang='lat'><strong>:</strong></span> <span class='ocrx_word' id='word_1_89' title='bbox 1163 1371 1220 1422; x_wconf 90' lang='lat' dir='ltr'><strong>et</strong></span> <span class='ocrx_word' id='word_1_90' title='bbox 1240 1367 1290 1422; x_wconf 91' lang='lat' dir='ltr'><strong>si</strong></span> <span class='ocrx_word' id='word_1_91' title='bbox 1322 1382 1560 1438; x_wconf 90' lang='lat' dir='ltr'><strong>corpore</strong></span> <span class='ocrx_word' id='word_1_92' title='bbox 1579 1370 1635 1421; x_wconf 90' lang='lat' dir='ltr'><strong>et</strong></span> <span class='ocrx_word' id='word_1_93' title='bbox 1656 1368 1849 1421; x_wconf 92' lang='lat' dir='ltr'><strong>incor-</strong></span> 
     </span>
    </p>
   </div>
   <div class='ocr_carea' id='block_1_14' title="bbox 204 1448 1846 1520">
    <p class='ocr_par' dir='ltr' id='par_1_14' title="bbox 204 1448 1846 1520">
     <span class='ocr_line' id='line_1_14' title="bbox 204 1448 1846 1520; baseline -0.002 -15"><span class='ocrx_word' id='word_1_94' title='bbox 204 1448 502 1520; x_wconf 89' lang='lat' dir='ltr'><strong>poralitate</strong></span> <span class='ocrx_word' id='word_1_95' title='bbox 533 1449 613 1504; x_wconf 91' lang='lat' dir='ltr'><strong>dii</strong></span> <span class='ocrx_word' id='word_1_96' title='bbox 645 1466 678 1503; x_wconf 83' lang='lat' dir='ltr'><strong>a</strong></span> <span class='ocrx_word' id='word_1_97' title='bbox 709 1448 1072 1504; x_wconf 65' lang='lat' dir='ltr'><strong>demonibus</strong></span> <span class='ocrx_word' id='word_1_98' title='bbox 1099 1448 1522 1519; x_wconf 89' lang='lat' dir='ltr'><strong>distinguntur,</strong></span> <span class='ocrx_word' id='word_1_99' title='bbox 1557 1448 1846 1519; x_wconf 91' lang='lat' dir='ltr'><strong>quomodo</strong></span> 
     </span>
    </p>
   </div>
   <div class='ocr_carea' id='block_1_15' title="bbox 204 1528 1847 1593">
    <p class='ocr_par' dir='ltr' id='par_1_15' title="bbox 204 1528 1847 1593">
     <span class='ocr_line' id='line_1_15' title="bbox 204 1528 1847 1593; baseline -0.002 -8"><span class='ocrx_word' id='word_1_100' title='bbox 204 1531 329 1585; x_wconf 79' lang='lat' dir='ltr'><strong>deos</strong></span> <span class='ocrx_word' id='word_1_101' title='bbox 373 1546 507 1586; x_wconf 87' lang='lat' dir='ltr'><strong>esse</strong></span> <span class='ocrx_word' id='word_1_102' title='bbox 554 1529 1011 1586; x_wconf 87' lang='lat' dir='ltr'><strong>existimandum</strong></span> <span class='ocrx_word' id='word_1_103' title='bbox 1061 1529 1139 1585; x_wconf 91' lang='lat' dir='ltr'><strong>sit</strong></span> <span class='ocrx_word' id='word_1_104' title='bbox 1181 1529 1364 1584; x_wconf 92' lang='lat' dir='ltr'><strong>solem</strong></span> <span class='ocrx_word' id='word_1_105' title='bbox 1410 1533 1468 1584; x_wconf 91' lang='lat' dir='ltr'><strong>et</strong></span> <span class='ocrx_word' id='word_1_106' title='bbox 1514 1528 1736 1593; x_wconf 90' lang='lat' dir='ltr'><strong>lunam,</strong></span> <span class='ocrx_word' id='word_1_107' title='bbox 1792 1534 1847 1583; x_wconf 90' lang='lat' dir='ltr'><strong>et</strong></span> 
     </span>
    </p>
   </div>
   <div class='ocr_carea' id='block_1_16' title="bbox 202 1610 1845 1682">
    <p class='ocr_par' dir='ltr' id='par_1_16' title="bbox 202 1610 1845 1682">
     <span class='ocr_line' id='line_1_16' title="bbox 202 1610 1845 1682; baseline -0.001 -19"><span class='ocrx_word' id='word_1_108' title='bbox 202 1611 452 1667; x_wconf 83' lang='lat' dir='ltr'><strong>visibilia</strong></span> <span class='ocrx_word' id='word_1_109' title='bbox 483 1619 689 1667; x_wconf 73' lang='lat' dir='ltr'><strong>caetera</strong></span> <span class='ocrx_word' id='word_1_110' title='bbox 720 1611 779 1666; x_wconf 91' lang='lat' dir='ltr'><strong>in</strong></span> <span class='ocrx_word' id='word_1_111' title='bbox 808 1610 973 1679; x_wconf 89' lang='lat' dir='ltr'><strong>coelo,</strong></span> <span class='ocrx_word' id='word_1_112' title='bbox 1002 1626 1130 1682; x_wconf 72' lang='lat' dir='ltr'><strong>quae</strong></span> <span class='ocrx_word' id='word_1_113' title='bbox 1161 1627 1399 1681; x_wconf 89' lang='lat' dir='ltr'><strong>corpora</strong></span> <span class='ocrx_word' id='word_1_114' title='bbox 1441 1626 1569 1666; x_wconf 90' lang='lat' dir='ltr'><strong>esse</strong></span> <span class='ocrx_word' id='word_1_115' title='bbox 1603 1626 1713 1663; x_wconf 92' lang='lat' dir='ltr'><strong>non</strong></span> <span class='ocrx_word' id='word_1_116' title='bbox 1746 1610 1845 1663; x_wconf 92' lang='lat' dir='ltr'><strong>du-</strong></span> 
     </span>
    </p>
   </div>
   <div class='ocr_carea' id='block_1_17' title="bbox 202 1689 1842 1761">
    <p class='ocr_par' dir='ltr' id='par_1_17' title="bbox 202 1689 1842 1761">
     <span class='ocr_line' id='line_1_17' title="bbox 202 1689 1842 1761; baseline -0.003 -14"><span class='ocrx_word' id='word_1_117' title='bbox 202 1692 373 1759; x_wconf 85' lang='lat' dir='ltr'><strong>bitat;</strong></span> <span class='ocrx_word' id='word_1_118' title='bbox 412 1696 467 1748; x_wconf 89' lang='lat' dir='ltr'><strong>et</strong></span> <span class='ocrx_word' id='word_1_119' title='bbox 511 1693 561 1748; x_wconf 90' lang='lat' dir='ltr'><strong>si</strong></span> <span class='ocrx_word' id='word_1_120' title='bbox 611 1692 691 1747; x_wconf 91' lang='lat' dir='ltr'><strong>dii</strong></span> <span class='ocrx_word' id='word_1_121' title='bbox 741 1698 900 1757; x_wconf 89' lang='lat' dir='ltr'><strong>sunt,</strong></span> <span class='ocrx_word' id='word_1_122' title='bbox 943 1692 1233 1761; x_wconf 91' lang='lat' dir='ltr'><strong>quomodo</strong></span> <span class='ocrx_word' id='word_1_123' title='bbox 1279 1690 1374 1745; x_wconf 86' lang='lat' dir='ltr'><strong>alii</strong></span> <span class='ocrx_word' id='word_1_124' title='bbox 1428 1690 1692 1757; x_wconf 84' lang='lat' dir='ltr'><strong>benefici,</strong></span> <span class='ocrx_word' id='word_1_125' title='bbox 1745 1689 1842 1744; x_wconf 87' lang='lat' dir='ltr'><strong>alii</strong></span> 
     </span>
    </p>
   </div>
   <div class='ocr_carea' id='block_1_18' title="bbox 198 1770 1843 1842">
    <p class='ocr_par' dir='ltr' id='par_1_18' title="bbox 198 1770 1843 1842">
     <span class='ocr_line' id='line_1_18' title="bbox 198 1770 1843 1842; baseline -0.002 -15"><span class='ocrx_word' id='word_1_126' title='bbox 198 1772 445 1829; x_wconf 85' lang='lat' dir='ltr'><strong>malefici</strong></span> <span class='ocrx_word' id='word_1_127' title='bbox 474 1790 602 1829; x_wconf 89' lang='lat' dir='ltr'><strong>esse</strong></span> <span class='ocrx_word' id='word_1_128' title='bbox 632 1773 937 1839; x_wconf 83' lang='lat' dir='ltr'><strong>dicantur;</strong></span> <span class='ocrx_word' id='word_1_129' title='bbox 972 1777 1028 1827; x_wconf 86' lang='lat' dir='ltr'><strong>et</strong></span> <span class='ocrx_word' id='word_1_130' title='bbox 1056 1771 1348 1842; x_wconf 91' lang='lat' dir='ltr'><strong>quomodo</strong></span> <span class='ocrx_word' id='word_1_131' title='bbox 1395 1770 1843 1842; x_wconf 86' lang='lat' dir='ltr'><strong>incorporabili-</strong></span> 
     </span>
    </p>
   </div>
   <div class='ocr_carea' id='block_1_19' title="bbox 198 1850 1839 1923">
    <p class='ocr_par' dir='ltr' id='par_1_19' title="bbox 198 1850 1839 1923">
     <span class='ocr_line' id='line_1_19' title="bbox 198 1850 1839 1923; baseline -0.001 -17"><span class='ocrx_word' id='word_1_132' title='bbox 198 1851 319 1919; x_wconf 89' lang='lat' dir='ltr'><strong>bus,</strong></span> <span class='ocrx_word' id='word_1_133' title='bbox 347 1868 483 1907; x_wconf 92' lang='lat' dir='ltr'><strong>cum</strong></span> <span class='ocrx_word' id='word_1_134' title='bbox 514 1855 635 1907; x_wconf 89' lang='lat' dir='ltr'><strong>sint</strong></span> <span class='ocrx_word' id='word_1_135' title='bbox 655 1851 935 1923; x_wconf 88' lang='lat' dir='ltr'><strong>corporei,</strong></span> <span class='ocrx_word' id='word_1_136' title='bbox 961 1853 1407 1922; x_wconf 89' lang='lat' dir='ltr'><strong>conjungantur.</strong></span> <span class='ocrx_word' id='word_1_137' title='bbox 1432 1850 1643 1913; x_wconf 68' lang='lat' dir='ltr'><strong>Quaerit</strong></span> <span class='ocrx_word' id='word_1_138' title='bbox 1665 1851 1839 1904; x_wconf 89' lang='lat' dir='ltr'><strong>etiam</strong></span> 
     </span>
    </p>
   </div>
   <div class='ocr_carea' id='block_1_20' title="bbox 201 1932 1839 2003">
    <p class='ocr_par' dir='ltr' id='par_1_20' title="bbox 201 1932 1839 2003">
     <span class='ocr_line' id='line_1_20' title="bbox 201 1932 1839 2003; baseline -0.001 -16"><span class='ocrx_word' id='word_1_139' title='bbox 201 1933 367 1988; x_wconf 76' lang='lat' dir='ltr'><strong>veluti</strong></span> <span class='ocrx_word' id='word_1_140' title='bbox 402 1934 700 2003; x_wconf 87' lang='lat' dir='ltr'><strong>dubitans,</strong></span> <span class='ocrx_word' id='word_1_141' title='bbox 733 1942 930 1989; x_wconf 91' lang='lat' dir='ltr'><strong>utrum</strong></span> <span class='ocrx_word' id='word_1_142' title='bbox 964 1934 1022 1988; x_wconf 92' lang='lat' dir='ltr'><strong>in</strong></span> <span class='ocrx_word' id='word_1_143' title='bbox 1055 1932 1456 1988; x_wconf 87' lang='lat' dir='ltr'><strong>divinantibus</strong></span> <span class='ocrx_word' id='word_1_144' title='bbox 1486 1937 1543 1987; x_wconf 90' lang='lat' dir='ltr'><strong>et</strong></span> <span class='ocrx_word' id='word_1_145' title='bbox 1572 1932 1839 2003; x_wconf 72' lang='lat' dir='ltr'><strong>quaedam</strong></span> 
     </span>
    </p>
   </div>
   <div class='ocr_carea' id='block_1_21' title="bbox 195 2011 1840 2082">
    <p class='ocr_par' dir='ltr' id='par_1_21' title="bbox 195 2011 1840 2082">
     <span class='ocr_line' id='line_1_21' title="bbox 195 2011 1840 2082; baseline -0.001 -14"><span class='ocrx_word' id='word_1_146' title='bbox 195 2015 336 2068; x_wconf 89' lang='lat' dir='ltr'><strong>mira</strong></span> <span class='ocrx_word' id='word_1_147' title='bbox 368 2015 716 2070; x_wconf 83' lang='lat' dir='ltr'><strong>facientibus</strong></span> <span class='ocrx_word' id='word_1_148' title='bbox 746 2016 956 2070; x_wconf 72' lang='lat' dir='ltr'><strong>anima:</strong></span> <span class='ocrx_word' id='word_1_149' title='bbox 987 2014 1104 2069; x_wconf 91' lang='lat' dir='ltr'><strong>sint</strong></span> <span class='ocrx_word' id='word_1_150' title='bbox 1128 2012 1481 2082; x_wconf 88' lang='lat' dir='ltr'><strong>potentiores</strong></span> <span class='ocrx_word' id='word_1_151' title='bbox 1503 2013 1523 2044; x_wconf 88' lang='grc'>²</span> <span class='ocrx_word' id='word_1_152' title='bbox 1554 2028 1627 2067; x_wconf 87' lang='lat' dir='ltr'><strong>an</strong></span> <span class='ocrx_word' id='word_1_153' title='bbox 1660 2011 1840 2082; x_wconf 89' lang='lat' dir='ltr'><strong>aliqui</strong></span> 
     </span>
    </p>
   </div>
   <div class='ocr_carea' id='block_1_22' title="bbox 193 2091 1840 2164">
    <p class='ocr_par' dir='ltr' id='par_1_22' title="bbox 193 2091 1840 2164">
     <span class='ocr_line' id='line_1_22' title="bbox 193 2091 1840 2164; baseline 0.001 -18"><span class='ocrx_word' id='word_1_154' title='bbox 193 2094 429 2162; x_wconf 90' lang='lat' dir='ltr'><strong>spiritus</strong></span> <span class='ocrx_word' id='word_1_155' title='bbox 462 2097 823 2151; x_wconf 83' lang='lat' dir='ltr'><strong>extrinsecus</strong></span> <span class='ocrx_word' id='word_1_156' title='bbox 855 2095 1106 2158; x_wconf 84' lang='lat' dir='ltr'><strong>veniant,</strong></span> <span class='ocrx_word' id='word_1_157' title='bbox 1138 2109 1238 2164; x_wconf 90' lang='lat' dir='ltr'><strong>per</strong></span> <span class='ocrx_word' id='word_1_158' title='bbox 1268 2110 1414 2163; x_wconf 89' lang='lat' dir='ltr'><strong>quos</strong></span> <span class='ocrx_word' id='word_1_159' title='bbox 1442 2091 1563 2147; x_wconf 61' lang='lat' dir='ltr'><strong>haec</strong></span> <span class='ocrx_word' id='word_1_160' title='bbox 1585 2092 1840 2147; x_wconf 89' lang='lat' dir='ltr'><strong>valeant.</strong></span> 
     </span>
    </p>
   </div>
   <div class='ocr_carea' id='block_1_23' title="bbox 193 2171 1845 2245">
    <p class='ocr_par' dir='ltr' id='par_1_23' title="bbox 193 2171 1845 2245">
     <span class='ocr_line' id='line_1_23' title="bbox 193 2171 1845 2245; baseline -0.002 -18"><span class='ocrx_word' id='word_1_161' title='bbox 193 2173 255 2227; x_wconf 87' lang='lat' dir='ltr'><strong>Et</strong></span> <span class='ocrx_word' id='word_1_162' title='bbox 286 2175 485 2245; x_wconf 88' lang='lat' dir='ltr'><strong>potius</strong></span> <span class='ocrx_word' id='word_1_163' title='bbox 516 2177 711 2230; x_wconf 88' lang='lat' dir='ltr'><strong>venire</strong></span> <span class='ocrx_word' id='word_1_164' title='bbox 741 2176 1101 2229; x_wconf 83' lang='lat' dir='ltr'><strong>extrinsecus</strong></span> <span class='ocrx_word' id='word_1_165' title='bbox 1132 2172 1389 2242; x_wconf 90' lang='lat' dir='ltr'><strong>conjicit,</strong></span> <span class='ocrx_word' id='word_1_166' title='bbox 1420 2188 1485 2227; x_wconf 92' lang='lat' dir='ltr'><strong>eo</strong></span> <span class='ocrx_word' id='word_1_167' title='bbox 1518 2174 1672 2242; x_wconf 91' lang='lat' dir='ltr'><strong>quod</strong></span> <span class='ocrx_word' id='word_1_168' title='bbox 1705 2171 1845 2239; x_wconf 90' lang='lat' dir='ltr'><strong>lapi-</strong></span> 
     </span>
    </p>
   </div>
   <div class='ocr_carea' id='block_1_24' title="bbox 191 2252 1844 2321">
    <p class='ocr_par' dir='ltr' id='par_1_24' title="bbox 191 2252 1844 2321">
     <span class='ocr_line' id='line_1_24' title="bbox 191 2252 1844 2321; baseline 0 -16"><span class='ocrx_word' id='word_1_169' title='bbox 191 2253 363 2309; x_wconf 88' lang='lat' dir='ltr'><strong>dibus</strong></span> <span class='ocrx_word' id='word_1_170' title='bbox 399 2260 457 2309; x_wconf 89' lang='lat' dir='ltr'><strong>et</strong></span> <span class='ocrx_word' id='word_1_171' title='bbox 488 2255 682 2309; x_wconf 89' lang='lat' dir='ltr'><strong>herbis</strong></span> <span class='ocrx_word' id='word_1_172' title='bbox 715 2252 1015 2321; x_wconf 85' lang='lat' dir='ltr'><strong>adhibitis,</strong></span> <span class='ocrx_word' id='word_1_173' title='bbox 1066 2257 1122 2306; x_wconf 92' lang='lat' dir='ltr'><strong>et</strong></span> <span class='ocrx_word' id='word_1_174' title='bbox 1168 2252 1407 2321; x_wconf 89' lang='lat' dir='ltr'><strong>alligent</strong></span> <span class='ocrx_word' id='word_1_175' title='bbox 1447 2252 1755 2321; x_wconf 89' lang='lat' dir='ltr'><strong>quosdam,</strong></span> <span class='ocrx_word' id='word_1_176' title='bbox 1787 2254 1844 2305; x_wconf 89' lang='lat' dir='ltr'><strong>et</strong></span> 
     </span>
    </p>
   </div>
   <div class='ocr_carea' id='block_1_25' title="bbox 184 2329 1844 2403">
    <p class='ocr_par' dir='ltr' id='par_1_25' title="bbox 184 2329 1844 2403">
     <span class='ocr_line' id='line_1_25' title="bbox 184 2329 1844 2403; baseline -0.001 -18"><span class='ocrx_word' id='word_1_177' title='bbox 184 2333 456 2403; x_wconf 86' lang='lat' dir='ltr'><strong>aperiant</strong></span> <span class='ocrx_word' id='word_1_178' title='bbox 486 2334 688 2387; x_wconf 89' lang='lat' dir='ltr'><strong>clausa</strong></span> <span class='ocrx_word' id='word_1_179' title='bbox 718 2334 888 2398; x_wconf 91' lang='lat' dir='ltr'><strong>ostia,</strong></span> <span class='ocrx_word' id='word_1_180' title='bbox 920 2331 1008 2386; x_wconf 89' lang='lat' dir='ltr'><strong>vel</strong></span> <span class='ocrx_word' id='word_1_181' title='bbox 1040 2331 1257 2400; x_wconf 87' lang='lat' dir='ltr'><strong>aliquid</strong></span> <span class='ocrx_word' id='word_1_182' title='bbox 1290 2330 1582 2400; x_wconf 88' lang='lat' dir='ltr'><strong>ejusmodi</strong></span> <span class='ocrx_word' id='word_1_183' title='bbox 1612 2329 1844 2383; x_wconf 86' lang='lat' dir='ltr'><strong>mirabi-</strong></span> 
     </span>
    </p>
   </div>
   <div class='ocr_carea' id='block_1_26' title="bbox 176 2408 1840 2482">
    <p class='ocr_par' dir='ltr' id='par_1_26' title="bbox 176 2408 1840 2482">
     <span class='ocr_line' id='line_1_26' title="bbox 176 2408 1840 2482; baseline -0.001 -17"><span class='ocrx_word' id='word_1_184' title='bbox 176 2410 307 2467; x_wconf 87' lang='lat' dir='ltr'><strong>liter</strong></span> <span class='ocrx_word' id='word_1_185' title='bbox 342 2418 679 2482; x_wconf 88' lang='lat' dir='ltr'><strong>operentur.</strong></span> <span class='ocrx_word' id='word_1_186' title='bbox 715 2411 877 2466; x_wconf 89' lang='lat' dir='ltr'><strong>Unde</strong></span> <span class='ocrx_word' id='word_1_187' title='bbox 907 2411 1050 2464; x_wconf 87' lang='lat' dir='ltr'><strong>dicit</strong></span> <span class='ocrx_word' id='word_1_188' title='bbox 1080 2411 1224 2465; x_wconf 89' lang='lat' dir='ltr'><strong>alios</strong></span> <span class='ocrx_word' id='word_1_189' title='bbox 1254 2410 1479 2480; x_wconf 88' lang='lat' dir='ltr'><strong>opinari</strong></span> <span class='ocrx_word' id='word_1_190' title='bbox 1508 2424 1635 2466; x_wconf 86' lang='lat' dir='ltr'><strong>esse</strong></span> <span class='ocrx_word' id='word_1_191' title='bbox 1655 2408 1840 2480; x_wconf 89' lang='lat' dir='ltr'><strong>quod-</strong></span> 
     </span>
    </p>
   </div>
   <div class='ocr_carea' id='block_1_27' title="bbox 174 2488 1841 2561">
    <p class='ocr_par' dir='ltr' id='par_1_27' title="bbox 174 2488 1841 2561">
     <span class='ocr_line' id='line_1_27' title="bbox 174 2488 1841 2561; baseline -0.002 -15"><span class='ocrx_word' id='word_1_192' title='bbox 174 2493 309 2546; x_wconf 87' lang='lat' dir='ltr'><strong>dam</strong></span> <span class='ocrx_word' id='word_1_193' title='bbox 367 2507 578 2561; x_wconf 86' lang='lat' dir='ltr'><strong>genus,</strong></span> <span class='ocrx_word' id='word_1_194' title='bbox 626 2492 720 2545; x_wconf 92' lang='lat' dir='ltr'><strong>cui</strong></span> <span class='ocrx_word' id='word_1_195' title='bbox 773 2489 1049 2546; x_wconf 83' lang='lat' dir='ltr'><strong>exaudire</strong></span> <span class='ocrx_word' id='word_1_196' title='bbox 1115 2491 1193 2544; x_wconf 92' lang='lat' dir='ltr'><strong>sit</strong></span> <span class='ocrx_word' id='word_1_197' title='bbox 1247 2488 1569 2560; x_wconf 88' lang='lat' dir='ltr'><strong>proprium,</strong></span> <span class='ocrx_word' id='word_1_198' title='bbox 1634 2494 1841 2543; x_wconf 88' lang='lat' dir='ltr'><strong>natura</strong></span> 
     </span>
    </p>
   </div>
   <div class='ocr_carea' id='block_1_28' title="bbox 179 2569 1841 2639">
    <p class='ocr_par' dir='ltr' id='par_1_28' title="bbox 179 2569 1841 2639">
     <span class='ocr_line' id='line_1_28' title="bbox 179 2569 1841 2639; baseline 0 -14"><span class='ocrx_word' id='word_1_199' title='bbox 179 2570 381 2637; x_wconf 83' lang='lat' dir='ltr'><strong>fallax,</strong></span> <span class='ocrx_word' id='word_1_200' title='bbox 419 2572 790 2639; x_wconf 79' lang='lat' dir='ltr'><strong>omniforme,</strong></span> <span class='ocrx_word' id='word_1_201' title='bbox 834 2570 1263 2639; x_wconf 89' lang='lat' dir='ltr'><strong>multimodum,</strong></span> <span class='ocrx_word' id='word_1_202' title='bbox 1296 2569 1585 2625; x_wconf 82' lang='lat' dir='ltr'><strong>simulans</strong></span> <span class='ocrx_word' id='word_1_203' title='bbox 1615 2569 1755 2626; x_wconf 89' lang='lat' dir='ltr'><strong>deos</strong></span> <span class='ocrx_word' id='word_1_204' title='bbox 1785 2574 1841 2625; x_wconf 90' lang='lat' dir='ltr'><strong>et</strong></span> 
     </span>
    </p>
   </div>
   <div class='ocr_carea' id='block_1_29' title="bbox 183 2649 1840 2717">
    <p class='ocr_par' dir='ltr' id='par_1_29' title="bbox 183 2649 1840 2717">
     <span class='ocr_line' id='line_1_29' title="bbox 183 2649 1840 2717; baseline 0.001 -12"><span class='ocrx_word' id='word_1_205' title='bbox 183 2652 488 2705; x_wconf 78' lang='lat' dir='ltr'><strong>daemones</strong></span> <span class='ocrx_word' id='word_1_206' title='bbox 547 2655 604 2706; x_wconf 89' lang='lat' dir='ltr'><strong>et</strong></span> <span class='ocrx_word' id='word_1_207' title='bbox 656 2652 886 2706; x_wconf 89' lang='lat' dir='ltr'><strong>animas</strong></span> <span class='ocrx_word' id='word_1_208' title='bbox 935 2651 1380 2717; x_wconf 81' lang='lat' dir='ltr'><strong>defunctorum;</strong></span> <span class='ocrx_word' id='word_1_209' title='bbox 1436 2654 1491 2705; x_wconf 89' lang='lat' dir='ltr'><strong>et</strong></span> <span class='ocrx_word' id='word_1_210' title='bbox 1546 2649 1654 2705; x_wconf 88' lang='lat' dir='ltr'><strong>hoc</strong></span> <span class='ocrx_word' id='word_1_211' title='bbox 1711 2666 1840 2706; x_wconf 82' lang='lat' dir='ltr'><strong>esse</strong></span> 
     </span>
    </p>
   </div>
   <div class='ocr_carea' id='block_1_30' title="bbox 184 2730 1838 2802">
    <p class='ocr_par' dir='ltr' id='par_1_30' title="bbox 184 2730 1838 2802">
     <span class='ocr_line' id='line_1_30' title="bbox 184 2730 1838 2802; baseline 0 -16"><span class='ocrx_word' id='word_1_212' title='bbox 184 2733 332 2802; x_wconf 92' lang='lat' dir='ltr'><strong>quod</strong></span> <span class='ocrx_word' id='word_1_213' title='bbox 360 2730 581 2786; x_wconf 88' lang='lat' dir='ltr'><strong>efficiat</strong></span> <span class='ocrx_word' id='word_1_214' title='bbox 612 2730 734 2787; x_wconf 64' lang='lat' dir='ltr'><strong>haec</strong></span> <span class='ocrx_word' id='word_1_215' title='bbox 782 2731 984 2786; x_wconf 90' lang='lat' dir='ltr'><strong>omnia</strong></span> <span class='ocrx_word' id='word_1_216' title='bbox 1034 2746 1158 2801; x_wconf 72' lang='lat' dir='ltr'><strong>quae</strong></span> <span class='ocrx_word' id='word_1_217' title='bbox 1202 2730 1472 2785; x_wconf 89' lang='lat' dir='ltr'><strong>videntur</strong></span> <span class='ocrx_word' id='word_1_218' title='bbox 1513 2732 1664 2785; x_wconf 88' lang='lat' dir='ltr'><strong>bona</strong></span> <span class='ocrx_word' id='word_1_219' title='bbox 1710 2746 1838 2786; x_wconf 89' lang='lat' dir='ltr'><strong>esse</strong></span> 
     </span>
    </p>
   </div>
   <div class='ocr_carea' id='block_1_31' title="bbox 182 2810 1839 2881">
    <p class='ocr_par' dir='ltr' id='par_1_31' title="bbox 182 2810 1839 2881">
     <span class='ocr_line' id='line_1_31' title="bbox 182 2810 1839 2881; baseline 0.001 -18"><span class='ocrx_word' id='word_1_220' title='bbox 182 2810 263 2867; x_wconf 85' lang='lat' dir='ltr'><strong>vel</strong></span> <span class='ocrx_word' id='word_1_221' title='bbox 297 2827 516 2881; x_wconf 88' lang='lat' dir='ltr'><strong>prava;</strong></span> <span class='ocrx_word' id='word_1_222' title='bbox 552 2820 822 2866; x_wconf 67' lang='lat' dir='ltr'><strong>caeterum</strong></span> <span class='ocrx_word' id='word_1_223' title='bbox 857 2811 1008 2865; x_wconf 88' lang='lat' dir='ltr'><strong>circa</strong></span> <span class='ocrx_word' id='word_1_224' title='bbox 1063 2826 1130 2864; x_wconf 89' lang='lat' dir='ltr'><strong>ea</strong></span> <span class='ocrx_word' id='word_1_225' title='bbox 1174 2826 1299 2880; x_wconf 66' lang='lat' dir='ltr'><strong>quas</strong></span> <span class='ocrx_word' id='word_1_226' title='bbox 1345 2825 1476 2865; x_wconf 91' lang='lat' dir='ltr'><strong>vere</strong></span> <span class='ocrx_word' id='word_1_227' title='bbox 1519 2810 1667 2865; x_wconf 87' lang='lat' dir='ltr'><strong>bona</strong></span> <span class='ocrx_word' id='word_1_228' title='bbox 1698 2816 1839 2865; x_wconf 92' lang='lat' dir='ltr'><strong>sunt</strong></span> 
     </span>
    </p>
   </div>
   <div class='ocr_carea' id='block_1_32' title="bbox 186 2890 1836 2961">
    <p class='ocr_par' dir='ltr' id='par_1_32' title="bbox 186 2890 1836 2961">
     <span class='ocr_line' id='line_1_32' title="bbox 186 2890 1836 2961; baseline 0 -16"><span class='ocrx_word' id='word_1_229' title='bbox 186 2891 326 2945; x_wconf 91' lang='lat' dir='ltr'><strong>nihil</strong></span> <span class='ocrx_word' id='word_1_230' title='bbox 376 2891 675 2961; x_wconf 89' lang='lat' dir='ltr'><strong>opitulari,</strong></span> <span class='ocrx_word' id='word_1_231' title='bbox 727 2890 845 2946; x_wconf 90' lang='lat' dir='ltr'><strong>imo</strong></span> <span class='ocrx_word' id='word_1_232' title='bbox 898 2906 1029 2944; x_wconf 81' lang='lat' dir='ltr'><strong>vero</strong></span> <span class='ocrx_word' id='word_1_233' title='bbox 1080 2890 1193 2944; x_wconf 86' lang='lat' dir='ltr'><strong>ista</strong></span> <span class='ocrx_word' id='word_1_234' title='bbox 1242 2905 1347 2944; x_wconf 91' lang='lat' dir='ltr'><strong>nec</strong></span> <span class='ocrx_word' id='word_1_235' title='bbox 1397 2905 1591 2958; x_wconf 90' lang='lat' dir='ltr'><strong>nosse,</strong></span> <span class='ocrx_word' id='word_1_236' title='bbox 1641 2892 1739 2945; x_wconf 87' lang='lat' dir='ltr'><strong>sed</strong></span> <span class='ocrx_word' id='word_1_237' title='bbox 1779 2895 1836 2945; x_wconf 90' lang='lat' dir='ltr'><strong>et</strong></span> 
     </span>
    </p>
   </div>
   <div class='ocr_carea' id='block_1_33' title="bbox 185 2971 1836 3042">
    <p class='ocr_par' dir='ltr' id='par_1_33' title="bbox 185 2971 1836 3042">
     <span class='ocr_line' id='line_1_33' title="bbox 185 2971 1836 3042; baseline 0 -15"><span class='ocrx_word' id='word_1_238' title='bbox 185 2972 329 3028; x_wconf 88' lang='lat' dir='ltr'><strong>male</strong></span> <span class='ocrx_word' id='word_1_239' title='bbox 363 2972 700 3038; x_wconf 90' lang='lat' dir='ltr'><strong>conciliare,</strong></span> <span class='ocrx_word' id='word_1_240' title='bbox 733 2976 791 3027; x_wconf 91' lang='lat' dir='ltr'><strong>et</strong></span> <span class='ocrx_word' id='word_1_241' title='bbox 822 2971 1168 3027; x_wconf 90' lang='lat' dir='ltr'><strong>insimulare</strong></span> <span class='ocrx_word' id='word_1_242' title='bbox 1189 2976 1367 3042; x_wconf 91' lang='lat' dir='ltr'><strong>atque</strong></span> <span class='ocrx_word' id='word_1_243' title='bbox 1389 2971 1672 3042; x_wconf 88' lang='lat' dir='ltr'><strong>impedire</strong></span> <span class='ocrx_word' id='word_1_244' title='bbox 1694 2987 1836 3027; x_wconf 91' lang='lat' dir='ltr'><strong>non-</strong></span> 
     </span>
    </p>
   </div>
   <div class='ocr_carea' id='block_1_34' title="bbox 184 3050 1832 3124">
    <p class='ocr_par' dir='ltr' id='par_1_34' title="bbox 184 3050 1832 3124">
     <span class='ocr_line' id='line_1_34' title="bbox 184 3050 1832 3124; baseline -0.001 -17"><span class='ocrx_word' id='word_1_245' title='bbox 184 3069 489 3124; x_wconf 88' lang='lat' dir='ltr'><strong>nunquam</strong></span> <span class='ocrx_word' id='word_1_246' title='bbox 560 3052 793 3107; x_wconf 91' lang='lat' dir='ltr'><strong>virtutis</strong></span> <span class='ocrx_word' id='word_1_247' title='bbox 851 3051 1086 3107; x_wconf 90' lang='lat' dir='ltr'><strong>sedulos</strong></span> <span class='ocrx_word' id='word_1_248' title='bbox 1141 3055 1475 3117; x_wconf 88' lang='lat' dir='ltr'><strong>sectatores,</strong></span> <span class='ocrx_word' id='word_1_249' title='bbox 1507 3057 1563 3106; x_wconf 92' lang='lat' dir='ltr'><strong>et</strong></span> <span class='ocrx_word' id='word_1_250' title='bbox 1593 3050 1832 3122; x_wconf 88' lang='lat' dir='ltr'><strong>plenum</strong></span> 
     </span>
    </p>
   </div>
   <div class='ocr_carea' id='block_1_35' title="bbox 184 3131 1834 3204">
    <p class='ocr_par' dir='ltr' id='par_1_35' title="bbox 184 3131 1834 3204">
     <span class='ocr_line' id='line_1_35' title="bbox 184 3131 1834 3204; baseline 0.001 -17"><span class='ocrx_word' id='word_1_251' title='bbox 184 3148 301 3189; x_wconf 90' lang='lat' dir='ltr'><strong>esse</strong></span> <span class='ocrx_word' id='word_1_252' title='bbox 334 3133 690 3189; x_wconf 87' lang='lat' dir='ltr'><strong>temeritatis</strong></span> <span class='ocrx_word' id='word_1_253' title='bbox 719 3137 777 3188; x_wconf 90' lang='lat' dir='ltr'><strong>et</strong></span> <span class='ocrx_word' id='word_1_254' title='bbox 807 3133 1011 3201; x_wconf 88' lang='lat' dir='ltr'><strong>fastus,</strong></span> <span class='ocrx_word' id='word_1_255' title='bbox 1043 3132 1294 3204; x_wconf 90' lang='lat' dir='ltr'><strong>gaudere</strong></span> <span class='ocrx_word' id='word_1_256' title='bbox 1319 3131 1646 3197; x_wconf 88' lang='lat' dir='ltr'><strong>nidoribus,</strong></span> <span class='ocrx_word' id='word_1_257' title='bbox 1682 3134 1834 3189; x_wconf 89' lang='lat' dir='ltr'><strong>adu-</strong></span> 
     </span>
    </p>
   </div>
   <div class='ocr_carea' id='block_1_36' title="bbox 186 3210 1833 3283">
    <p class='ocr_par' dir='ltr' id='par_1_36' title="bbox 186 3210 1833 3283">
     <span class='ocr_line' id='line_1_36' title="bbox 186 3210 1833 3283; baseline 0 -17"><span class='ocrx_word' id='word_1_258' title='bbox 186 3211 501 3269; x_wconf 88' lang='lat' dir='ltr'><strong>lationibus</strong></span> <span class='ocrx_word' id='word_1_259' title='bbox 534 3213 682 3283; x_wconf 88' lang='lat' dir='ltr'><strong>capi,</strong></span> <span class='ocrx_word' id='word_1_260' title='bbox 711 3217 768 3267; x_wconf 91' lang='lat' dir='ltr'><strong>et</strong></span> <span class='ocrx_word' id='word_1_261' title='bbox 798 3217 1004 3267; x_wconf 82' lang='lat' dir='ltr'><strong>caetera</strong></span> <span class='ocrx_word' id='word_1_262' title='bbox 1034 3228 1158 3281; x_wconf 82' lang='lat' dir='ltr'><strong>quae</strong></span> <span class='ocrx_word' id='word_1_263' title='bbox 1189 3212 1259 3266; x_wconf 93' lang='lat' dir='ltr'><strong>de</strong></span> <span class='ocrx_word' id='word_1_264' title='bbox 1291 3210 1399 3267; x_wconf 89' lang='lat' dir='ltr'><strong>hoc</strong></span> <span class='ocrx_word' id='word_1_265' title='bbox 1429 3227 1636 3283; x_wconf 88' lang='lat' dir='ltr'><strong>genere</strong></span> <span class='ocrx_word' id='word_1_266' title='bbox 1675 3212 1833 3267; x_wconf 88' lang='lat' dir='ltr'><strong>falla-</strong></span> 
     </span>
    </p>
   </div>
   <div class='ocr_carea' id='block_1_37' title="bbox 183 3292 1834 3365">
    <p class='ocr_par' dir='ltr' id='par_1_37' title="bbox 183 3292 1834 3365">
     <span class='ocr_line' id='line_1_37' title="bbox 183 3292 1834 3365; baseline 0 -17"><span class='ocrx_word' id='word_1_267' title='bbox 183 3294 329 3349; x_wconf 89' lang='lat' dir='ltr'><strong>cium</strong></span> <span class='ocrx_word' id='word_1_268' title='bbox 379 3294 894 3365; x_wconf 88' lang='lat' dir='ltr'><strong>malignorumque</strong></span> <span class='ocrx_word' id='word_1_269' title='bbox 942 3292 1278 3363; x_wconf 89' lang='lat' dir='ltr'><strong>spirituum,</strong></span> <span class='ocrx_word' id='word_1_270' title='bbox 1326 3292 1424 3363; x_wconf 85' lang='lat' dir='ltr'><strong>qui</strong></span> <span class='ocrx_word' id='word_1_271' title='bbox 1472 3294 1834 3348; x_wconf 84' lang='lat' dir='ltr'><strong>extrinsecus</strong></span> 
     </span>
    </p>
   </div>
   <div class='ocr_carea' id='block_1_38' title="bbox 184 3372 1834 3442">
    <p class='ocr_par' dir='ltr' id='par_1_38' title="bbox 184 3372 1834 3442">
     <span class='ocr_line' id='line_1_38' title="bbox 184 3372 1834 3442; baseline 0.001 -17"><span class='ocrx_word' id='word_1_272' title='bbox 184 3372 235 3427; x_wconf 90' lang='lat' dir='ltr'><strong>in</strong></span> <span class='ocrx_word' id='word_1_273' title='bbox 264 3374 533 3429; x_wconf 88' lang='lat' dir='ltr'><strong>animam</strong></span> <span class='ocrx_word' id='word_1_274' title='bbox 574 3376 837 3441; x_wconf 90' lang='lat' dir='ltr'><strong>veniunt,</strong></span> <span class='ocrx_word' id='word_1_275' title='bbox 894 3372 1306 3442; x_wconf 90' lang='lat' dir='ltr'><strong>humanosque</strong></span> <span class='ocrx_word' id='word_1_276' title='bbox 1355 3388 1567 3427; x_wconf 88' lang='lat' dir='ltr'><strong>sensus</strong></span> <span class='ocrx_word' id='word_1_277' title='bbox 1612 3373 1834 3442; x_wconf 90' lang='lat' dir='ltr'><strong>sopitos</strong></span> 
     </span>
    </p>
   </div>
   <div class='ocr_carea' id='block_1_39' title="bbox 185 3452 1837 3524">
    <p class='ocr_par' dir='ltr' id='par_1_39' title="bbox 185 3452 1837 3524">
     <span class='ocr_line' id='line_1_39' title="bbox 185 3452 1837 3524; baseline 0 -19"><span class='ocrx_word' id='word_1_278' title='bbox 185 3452 561 3524; x_wconf 78' lang='lat' dir='ltr'><strong>vigilantesve</strong></span> <span class='ocrx_word' id='word_1_279' title='bbox 593 3453 898 3521; x_wconf 86' lang='lat' dir='ltr'><strong>deludunt,</strong></span> <span class='ocrx_word' id='word_1_280' title='bbox 936 3469 1047 3508; x_wconf 94' lang='lat' dir='ltr'><strong>non</strong></span> <span class='ocrx_word' id='word_1_281' title='bbox 1101 3457 1384 3523; x_wconf 89' lang='lat' dir='ltr'><strong>tanquam</strong></span> <span class='ocrx_word' id='word_1_282' title='bbox 1416 3452 1522 3506; x_wconf 90' lang='lat' dir='ltr'><strong>sibi</strong></span> <span class='ocrx_word' id='word_1_283' title='bbox 1558 3468 1837 3521; x_wconf 89' lang='lat' dir='ltr'><strong>persuasa</strong></span> 
     </span>
    </p>
   </div>
   <div class='ocr_carea' id='block_1_40' title="bbox 181 3530 1835 3601">
    <p class='ocr_par' dir='ltr' id='par_1_40' title="bbox 181 3530 1835 3601">
     <span class='ocr_line' id='line_1_40' title="bbox 181 3530 1835 3601; baseline -0.002 -15"><span class='ocrx_word' id='word_1_284' title='bbox 181 3534 507 3601; x_wconf 85' lang='lat' dir='ltr'><strong>confirmat,</strong></span> <span class='ocrx_word' id='word_1_285' title='bbox 542 3534 640 3589; x_wconf 91' lang='lat' dir='ltr'><strong>sed</strong></span> <span class='ocrx_word' id='word_1_286' title='bbox 674 3539 788 3588; x_wconf 89' lang='lat' dir='ltr'><strong>tam</strong></span> <span class='ocrx_word' id='word_1_287' title='bbox 821 3533 1075 3587; x_wconf 88' lang='lat' dir='ltr'><strong>tenuiter</strong></span> <span class='ocrx_word' id='word_1_288' title='bbox 1103 3532 1435 3601; x_wconf 86' lang='lat' dir='ltr'><strong>suspicatur</strong></span> <span class='ocrx_word' id='word_1_289' title='bbox 1455 3537 1556 3585; x_wconf 90' lang='lat' dir='ltr'><strong>aut</strong></span> <span class='ocrx_word' id='word_1_290' title='bbox 1586 3530 1835 3597; x_wconf 84' lang='lat' dir='ltr'><strong>dubitat,</strong></span> 
     </span>
    </p>
   </div>
   <div class='ocr_carea' id='block_1_41' title="bbox 184 3610 1839 3682">
    <p class='ocr_par' dir='ltr' id='par_1_41' title="bbox 184 3610 1839 3682">
     <span class='ocr_line' id='line_1_41' title="bbox 184 3610 1839 3682; baseline -0.002 -16"><span class='ocrx_word' id='word_1_291' title='bbox 184 3618 242 3666; x_wconf 89' lang='lat' dir='ltr'><strong>ut</strong></span> <span class='ocrx_word' id='word_1_292' title='bbox 272 3615 388 3670; x_wconf 64' lang='lat' dir='ltr'><strong>haec</strong></span> <span class='ocrx_word' id='word_1_293' title='bbox 423 3615 575 3670; x_wconf 89' lang='lat' dir='ltr'><strong>alios</strong></span> <span class='ocrx_word' id='word_1_294' title='bbox 607 3617 830 3669; x_wconf 88' lang='lat' dir='ltr'><strong>asserat</strong></span> <span class='ocrx_word' id='word_1_295' title='bbox 872 3612 1115 3682; x_wconf 89' lang='lat' dir='ltr'><strong>opinari.</strong></span> <span class='ocrx_word' id='word_1_296' title='bbox 1170 3610 1416 3664; x_wconf 82' lang='lat' dir='ltr'><strong>Difficile</strong></span> <span class='ocrx_word' id='word_1_297' title='bbox 1465 3610 1682 3679; x_wconf 89' lang='lat' dir='ltr'><strong>quippe</strong></span> <span class='ocrx_word' id='word_1_298' title='bbox 1731 3611 1839 3663; x_wconf 82' lang='lat' dir='ltr'><strong>fuit</strong></span> 
     </span>
    </p>
   </div>
   <div class='ocr_carea' id='block_1_42' title="bbox 184 3689 1832 3765">
    <p class='ocr_par' dir='ltr' id='par_1_42' title="bbox 184 3689 1832 3765">
     <span class='ocr_line' id='line_1_42' title="bbox 184 3689 1832 3765; baseline -0.003 -20"><span class='ocrx_word' id='word_1_299' title='bbox 184 3696 335 3748; x_wconf 85' lang='lat' dir='ltr'><strong>tanto</strong></span> <span class='ocrx_word' id='word_1_300' title='bbox 368 3694 726 3765; x_wconf 89' lang='lat' dir='ltr'><strong>philosopho</strong></span> <span class='ocrx_word' id='word_1_301' title='bbox 767 3697 1039 3746; x_wconf 88' lang='lat' dir='ltr'><strong>cunctam</strong></span> <span class='ocrx_word' id='word_1_302' title='bbox 1090 3689 1440 3743; x_wconf 88' lang='lat' dir='ltr'><strong>diabolicam</strong></span> <span class='ocrx_word' id='word_1_303' title='bbox 1490 3690 1832 3741; x_wconf 88' lang='lat' dir='ltr'><strong>societatem</strong></span> 
     </span>
    </p>
   </div>
   <div class='ocr_carea' id='block_1_43' title="bbox 180 3766 1839 3841">
    <p class='ocr_par' dir='ltr' id='par_1_43' title="bbox 180 3766 1839 3841">
     <span class='ocr_line' id='line_1_43' title="bbox 180 3766 1839 3841; baseline -0.004 -16"><span class='ocrx_word' id='word_1_304' title='bbox 180 3772 259 3826; x_wconf 84' lang='lat' dir='ltr'><strong>vel</strong></span> <span class='ocrx_word' id='word_1_305' title='bbox 292 3790 496 3839; x_wconf 86' lang='lat' dir='ltr'><strong>nosse,</strong></span> <span class='ocrx_word' id='word_1_306' title='bbox 527 3773 614 3827; x_wconf 87' lang='lat' dir='ltr'><strong>vel</strong></span> <span class='ocrx_word' id='word_1_307' title='bbox 647 3773 894 3827; x_wconf 86' lang='lat' dir='ltr'><strong>fidenter</strong></span> <span class='ocrx_word' id='word_1_308' title='bbox 921 3785 1184 3841; x_wconf 86' lang='lat' dir='ltr'><strong>arguere,</strong></span> <span class='ocrx_word' id='word_1_309' title='bbox 1217 3783 1387 3838; x_wconf 90' lang='lat' dir='ltr'><strong>quam</strong></span> <span class='ocrx_word' id='word_1_310' title='bbox 1415 3766 1689 3838; x_wconf 86' lang='lat' dir='ltr'><strong>quaelibet</strong></span> <span class='ocrx_word' id='word_1_311' title='bbox 1710 3766 1839 3820; x_wconf 91' lang='lat' dir='ltr'><strong>ani-</strong></span> 
     </span>
    </p>
   </div>
   <div class='ocr_carea' id='block_1_44' title="bbox 185 3846 1835 3915">
    <p class='ocr_par' dir='ltr' id='par_1_44' title="bbox 185 3846 1835 3915">
     <span class='ocr_line' id='line_1_44' title="bbox 185 3846 1835 3915; baseline -0.002 -11"><span class='ocrx_word' id='word_1_312' title='bbox 185 3852 302 3907; x_wconf 88' lang='lat' dir='ltr'><strong>cula</strong></span> <span class='ocrx_word' id='word_1_313' title='bbox 332 3853 665 3908; x_wconf 88' lang='lat' dir='ltr'><strong>christiana</strong></span> <span class='ocrx_word' id='word_1_314' title='bbox 694 3868 798 3907; x_wconf 91' lang='lat' dir='ltr'><strong>nec</strong></span> <span class='ocrx_word' id='word_1_315' title='bbox 830 3868 1004 3906; x_wconf 88' lang='lat' dir='ltr'><strong>nosse</strong></span> <span class='ocrx_word' id='word_1_316' title='bbox 1054 3854 1364 3904; x_wconf 85' lang='lat' dir='ltr'><strong>cunctatur</strong></span> <span class='ocrx_word' id='word_1_317' title='bbox 1384 3847 1425 3915; x_wconf 79' lang='grc'><strong>³,</strong></span> <span class='ocrx_word' id='word_1_318' title='bbox 1457 3853 1515 3902; x_wconf 91' lang='lat' dir='ltr'><strong>et</strong></span> <span class='ocrx_word' id='word_1_319' title='bbox 1538 3846 1835 3901; x_wconf 87' lang='lat' dir='ltr'><strong>liberrime</strong></span> 
     </span>
    </p>
   </div>
   <div class='ocr_carea' id='block_1_45' title="bbox 183 3926 1838 3999">
    <p class='ocr_par' dir='ltr' id='par_1_45' title="bbox 183 3926 1838 3999">
     <span class='ocr_line' id='line_1_45' title="bbox 183 3926 1838 3999; baseline -0.002 -14"><span class='ocrx_word' id='word_1_320' title='bbox 183 3931 525 3989; x_wconf 87' lang='lat' dir='ltr'><strong>detestatur.</strong></span> <span class='ocrx_word' id='word_1_321' title='bbox 576 3932 699 3988; x_wconf 89' lang='lat' dir='ltr'><strong>Nisi</strong></span> <span class='ocrx_word' id='word_1_322' title='bbox 733 3933 878 3986; x_wconf 90' lang='lat' dir='ltr'><strong>forte</strong></span> <span class='ocrx_word' id='word_1_323' title='bbox 908 3932 1035 3998; x_wconf 88' lang='lat' dir='ltr'><strong>iste,</strong></span> <span class='ocrx_word' id='word_1_324' title='bbox 1067 3934 1125 3985; x_wconf 90' lang='lat' dir='ltr'><strong>et</strong></span> <span class='ocrx_word' id='word_1_325' title='bbox 1154 3930 1371 3999; x_wconf 88' lang='lat' dir='ltr'><strong>ipsum,</strong></span> <span class='ocrx_word' id='word_1_326' title='bbox 1401 3926 1474 3982; x_wconf 86' lang='lat' dir='ltr'><strong>ad</strong></span> <span class='ocrx_word' id='word_1_327' title='bbox 1496 3943 1670 3998; x_wconf 86' lang='lat' dir='ltr'><strong>quem</strong></span> <span class='ocrx_word' id='word_1_328' title='bbox 1695 3927 1838 3981; x_wconf 89' lang='lat' dir='ltr'><strong>scri-</strong></span> 
     </span>
    </p>
   </div>
   <div class='ocr_carea' id='block_1_46' title="bbox 181 4008 1837 4082">
    <p class='ocr_par' dir='ltr' id='par_1_46' title="bbox 181 4008 1837 4082">
     <span class='ocr_line' id='line_1_46' title="bbox 181 4008 1837 4082; baseline -0.001 -19"><span class='ocrx_word' id='word_1_329' title='bbox 181 4010 274 4078; x_wconf 88' lang='lat' dir='ltr'><strong>bit,</strong></span> <span class='ocrx_word' id='word_1_330' title='bbox 306 4014 675 4069; x_wconf 88' lang='lat' dir='ltr'><strong>Anebontem</strong></span> <span class='ocrx_word' id='word_1_331' title='bbox 709 4019 985 4082; x_wconf 88' lang='lat' dir='ltr'><strong>tanquam</strong></span> <span class='ocrx_word' id='word_1_332' title='bbox 1025 4008 1230 4064; x_wconf 86' lang='lat' dir='ltr'><strong>talium</strong></span> <span class='ocrx_word' id='word_1_333' title='bbox 1262 4024 1562 4063; x_wconf 91' lang='lat' dir='ltr'><strong>sacrorum</strong></span> <span class='ocrx_word' id='word_1_334' title='bbox 1597 4008 1837 4078; x_wconf 70' lang='lat' dir='ltr'><strong>praecla-</strong></span> 
     </span>
    </p>
   </div>
   <div class='ocr_carea' id='block_1_47' title="bbox 184 4089 1838 4159">
    <p class='ocr_par' dir='ltr' id='par_1_47' title="bbox 184 4089 1838 4159">
     <span class='ocr_line' id='line_1_47' title="bbox 184 4089 1838 4159; baseline -0.001 -16"><span class='ocrx_word' id='word_1_335' title='bbox 184 4092 475 4149; x_wconf 81' lang='lat' dir='ltr'><strong>rissimum</strong></span> <span class='ocrx_word' id='word_1_336' title='bbox 509 4093 849 4159; x_wconf 83' lang='lat' dir='ltr'><strong>antistitem,</strong></span> <span class='ocrx_word' id='word_1_337' title='bbox 875 4098 927 4146; x_wconf 92' lang='lat' dir='ltr'><strong>et</strong></span> <span class='ocrx_word' id='word_1_338' title='bbox 957 4090 1100 4145; x_wconf 91' lang='lat' dir='ltr'><strong>alios</strong></span> <span class='ocrx_word' id='word_1_339' title='bbox 1150 4089 1357 4144; x_wconf 89' lang='lat' dir='ltr'><strong>talium</strong></span> <span class='ocrx_word' id='word_1_340' title='bbox 1416 4104 1653 4158; x_wconf 91' lang='lat' dir='ltr'><strong>cperum</strong></span> <span class='ocrx_word' id='word_1_341' title='bbox 1702 4093 1838 4142; x_wconf 90' lang='lat' dir='ltr'><strong>tan-</strong></span> 
     </span>
    </p>
   </div>
   <div class='ocr_carea' id='block_1_48' title="bbox 184 4168 1837 4241">
    <p class='ocr_par' dir='ltr' id='par_1_48' title="bbox 184 4168 1837 4241">
     <span class='ocr_line' id='line_1_48' title="bbox 184 4168 1837 4241; baseline -0.001 -15"><span class='ocrx_word' id='word_1_342' title='bbox 184 4188 340 4241; x_wconf 88' lang='lat' dir='ltr'><strong>quam</strong></span> <span class='ocrx_word' id='word_1_343' title='bbox 373 4173 716 4229; x_wconf 91' lang='lat' dir='ltr'><strong>divinorum</strong></span> <span class='ocrx_word' id='word_1_344' title='bbox 748 4176 803 4226; x_wconf 89' lang='lat' dir='ltr'><strong>et</strong></span> <span class='ocrx_word' id='word_1_345' title='bbox 835 4173 900 4227; x_wconf 88' lang='lat' dir='ltr'><strong>ad</strong></span> <span class='ocrx_word' id='word_1_346' title='bbox 937 4172 1072 4226; x_wconf 89' lang='lat' dir='ltr'><strong>deos</strong></span> <span class='ocrx_word' id='word_1_347' title='bbox 1108 4170 1380 4225; x_wconf 91' lang='lat' dir='ltr'><strong>colendos</strong></span> <span class='ocrx_word' id='word_1_348' title='bbox 1420 4168 1837 4239; x_wconf 88' lang='lat' dir='ltr'><strong>pertinentium</strong></span> 
     </span>
    </p>
   </div>
   <div class='ocr_carea' id='block_1_49' title="bbox 185 4250 1360 4309">
    <p class='ocr_par' dir='ltr' id='par_1_49' title="bbox 185 4250 1360 4309">
     <span class='ocr_line' id='line_1_49' title="bbox 185 4250 1360 4309; baseline 0 -6"><span class='ocrx_word' id='word_1_349' title='bbox 185 4252 565 4309; x_wconf 81' lang='lat' dir='ltr'><strong>admiratores</strong></span> <span class='ocrx_word' id='word_1_350' title='bbox 596 4252 1020 4309; x_wconf 90' lang='lat' dir='ltr'><strong>verecundatur</strong></span> <span class='ocrx_word' id='word_1_351' title='bbox 1049 4250 1360 4306; x_wconf 75' lang='lat' dir='ltr'><strong>offendere.</strong></span> 
     </span>
    </p>
   </div>
   <div class='ocr_carea' id='block_1_50' title="bbox 242 4328 1836 4405">
    <p class='ocr_par' dir='ltr' id='par_1_50' title="bbox 242 4328 1836 4405">
     <span class='ocr_line' id='line_1_50' title="bbox 242 4328 1836 4405; baseline -0.002 -18"><span class='ocrx_word' id='word_1_352' title='bbox 242 4334 290 4387; x_wconf 80' lang='lat'><strong>2.</strong></span> <span class='ocrx_word' id='word_1_353' title='bbox 326 4333 617 4405; x_wconf 89' lang='lat' dir='ltr'><strong>Sequitur</strong></span> <span class='ocrx_word' id='word_1_354' title='bbox 647 4342 852 4400; x_wconf 88' lang='lat' dir='ltr'><strong>tamen,</strong></span> <span class='ocrx_word' id='word_1_355' title='bbox 884 4336 939 4386; x_wconf 90' lang='lat' dir='ltr'><strong>et</strong></span> <span class='ocrx_word' id='word_1_356' title='bbox 970 4347 1037 4386; x_wconf 89' lang='lat' dir='ltr'><strong>ea</strong></span> <span class='ocrx_word' id='word_1_357' title='bbox 1085 4330 1243 4385; x_wconf 87' lang='lat' dir='ltr'><strong>velut</strong></span> <span class='ocrx_word' id='word_1_358' title='bbox 1282 4328 1631 4400; x_wconf 86' lang='lat' dir='ltr'><strong>inquirendo</strong></span> <span class='ocrx_word' id='word_1_359' title='bbox 1674 4344 1836 4385; x_wconf 90' lang='lat' dir='ltr'><strong>com-</strong></span> 
     </span>
    </p>
   </div>
   <div class='ocr_carea' id='block_1_51' title="bbox 186 4410 1838 4485">
    <p class='ocr_par' dir='ltr' id='par_1_51' title="bbox 186 4410 1838 4485">
     <span class='ocr_line' id='line_1_51' title="bbox 186 4410 1838 4485; baseline 0.001 -20"><span class='ocrx_word' id='word_1_360' title='bbox 186 4422 487 4480; x_wconf 84' lang='lat' dir='ltr'><strong>memorat,</strong></span> <span class='ocrx_word' id='word_1_361' title='bbox 522 4430 654 4485; x_wconf 84' lang='lat' dir='ltr'><strong>quae</strong></span> <span class='ocrx_word' id='word_1_362' title='bbox 686 4413 879 4468; x_wconf 89' lang='lat' dir='ltr'><strong>sobrie</strong></span> <span class='ocrx_word' id='word_1_363' title='bbox 924 4412 1292 4467; x_wconf 89' lang='lat' dir='ltr'><strong>considerata</strong></span> <span class='ocrx_word' id='word_1_364' title='bbox 1330 4410 1508 4465; x_wconf 89' lang='lat' dir='ltr'><strong>tribui</strong></span> <span class='ocrx_word' id='word_1_365' title='bbox 1542 4427 1656 4464; x_wconf 91' lang='lat' dir='ltr'><strong>non</strong></span> <span class='ocrx_word' id='word_1_366' title='bbox 1702 4427 1838 4481; x_wconf 91' lang='lat' dir='ltr'><strong>pos-</strong></span> 
     </span>
    </p>
   </div>
   <div class='ocr_carea' id='block_1_52' title="bbox 184 4491 1838 4565">
    <p class='ocr_par' dir='ltr' id='par_1_52' title="bbox 184 4491 1838 4565">
     <span class='ocr_line' id='line_1_52' title="bbox 184 4491 1838 4565; baseline 0 -20"><span class='ocrx_word' id='word_1_367' title='bbox 184 4500 306 4549; x_wconf 85' lang='lat' dir='ltr'><strong>sunt</strong></span> <span class='ocrx_word' id='word_1_368' title='bbox 337 4496 455 4551; x_wconf 90' lang='lat' dir='ltr'><strong>nisi</strong></span> <span class='ocrx_word' id='word_1_369' title='bbox 485 4494 760 4565; x_wconf 87' lang='lat' dir='ltr'><strong>malignis</strong></span> <span class='ocrx_word' id='word_1_370' title='bbox 783 4498 839 4548; x_wconf 89' lang='lat' dir='ltr'><strong>et</strong></span> <span class='ocrx_word' id='word_1_371' title='bbox 861 4492 1164 4547; x_wconf 86' lang='lat' dir='ltr'><strong>fallacibus</strong></span> <span class='ocrx_word' id='word_1_372' title='bbox 1191 4491 1595 4561; x_wconf 89' lang='lat' dir='ltr'><strong>potestatibus.</strong></span> <span class='ocrx_word' id='word_1_373' title='bbox 1620 4491 1838 4556; x_wconf 69' lang='lat' dir='ltr'><strong>Quaerit</strong></span> 
     </span>
    </p>
   </div>
   <div class='ocr_carea' id='block_1_53' title="bbox 184 4572 1838 4645">
    <p class='ocr_par' dir='ltr' id='par_1_53' title="bbox 184 4572 1838 4645">
     <span class='ocr_line' id='line_1_53' title="bbox 184 4572 1838 4645; baseline 0.001 -20"><span class='ocrx_word' id='word_1_374' title='bbox 184 4573 320 4630; x_wconf 85' lang='lat' dir='ltr'><strong>enim</strong></span> <span class='ocrx_word' id='word_1_375' title='bbox 351 4592 463 4631; x_wconf 92' lang='lat' dir='ltr'><strong>cur</strong></span> <span class='ocrx_word' id='word_1_376' title='bbox 498 4580 782 4645; x_wconf 88' lang='lat' dir='ltr'><strong>tanquam</strong></span> <span class='ocrx_word' id='word_1_377' title='bbox 807 4572 1141 4627; x_wconf 90' lang='lat' dir='ltr'><strong>melioribus</strong></span> <span class='ocrx_word' id='word_1_378' title='bbox 1171 4572 1473 4642; x_wconf 87' lang='lat' dir='ltr'><strong>invocatis,</strong></span> <span class='ocrx_word' id='word_1_379' title='bbox 1499 4572 1838 4642; x_wconf 87' lang='lat' dir='ltr'><strong>quasipejo-</strong></span> 
     </span>
    </p>
   </div>
   <div class='ocr_carea' id='block_1_54' title="bbox 186 4652 1836 4728">
    <p class='ocr_par' dir='ltr' id='par_1_54' title="bbox 186 4652 1836 4728">
     <span class='ocr_line' id='line_1_54' title="bbox 186 4652 1836 4728; baseline 0.002 -25"><span class='ocrx_word' id='word_1_380' title='bbox 186 4652 330 4710; x_wconf 87' lang='lat' dir='ltr'><strong>ribus</strong></span> <span class='ocrx_word' id='word_1_381' title='bbox 362 4657 710 4728; x_wconf 88' lang='lat' dir='ltr'><strong>imperetur,</strong></span> <span class='ocrx_word' id='word_1_382' title='bbox 744 4659 807 4709; x_wconf 93' lang='lat' dir='ltr'><strong>ut</strong></span> <span class='ocrx_word' id='word_1_383' title='bbox 841 4654 1060 4724; x_wconf 76' lang='lat' dir='ltr'><strong>injuste</strong></span> <span class='ocrx_word' id='word_1_384' title='bbox 1086 4652 1340 4707; x_wconf 89' lang='lat' dir='ltr'><strong>hominis</strong></span> <span class='ocrx_word' id='word_1_385' title='bbox 1364 4660 1645 4723; x_wconf 73' lang='lat' dir='ltr'><strong>praecepta</strong></span> <span class='ocrx_word' id='word_1_386' title='bbox 1676 4667 1836 4707; x_wconf 83' lang='lat' dir='ltr'><strong>exse-</strong></span> 
     </span>
    </p>
   </div>
   <div class='ocr_carea' id='block_1_55' title="bbox 188 4733 1840 4803">
    <p class='ocr_par' dir='ltr' id='par_1_55' title="bbox 188 4733 1840 4803">
     <span class='ocr_line' id='line_1_55' title="bbox 188 4733 1840 4803; baseline 0 -16"><span class='ocrx_word' id='word_1_387' title='bbox 188 4741 469 4803; x_wconf 86' lang='lat' dir='ltr'><strong>quantur:</strong></span> <span class='ocrx_word' id='word_1_388' title='bbox 508 4752 615 4791; x_wconf 93' lang='lat' dir='ltr'><strong>cur</strong></span> <span class='ocrx_word' id='word_1_389' title='bbox 638 4740 1012 4790; x_wconf 88' lang='lat' dir='ltr'><strong>attrectatum</strong></span> <span class='ocrx_word' id='word_1_390' title='bbox 1037 4749 1097 4789; x_wconf 91' lang='lat' dir='ltr'><strong>re</strong></span> <span class='ocrx_word' id='word_1_391' title='bbox 1118 4748 1361 4787; x_wconf 87' lang='lat' dir='ltr'><strong>venerea</strong></span> <span class='ocrx_word' id='word_1_392' title='bbox 1386 4750 1501 4787; x_wconf 90' lang='lat' dir='ltr'><strong>non</strong></span> <span class='ocrx_word' id='word_1_393' title='bbox 1524 4733 1840 4787; x_wconf 87' lang='lat' dir='ltr'><strong>exaudiant</strong></span> 
     </span>
    </p>
   </div>
   <div class='ocr_carea' id='block_1_56' title="bbox 189 4812 1839 4884">
    <p class='ocr_par' dir='ltr' id='par_1_56' title="bbox 189 4812 1839 4884">
     <span class='ocr_line' id='line_1_56' title="bbox 189 4812 1839 4884; baseline -0.004 -12"><span class='ocrx_word' id='word_1_394' title='bbox 189 4812 625 4884; x_wconf 80' lang='lat' dir='ltr'><strong>imprecantem,</strong></span> <span class='ocrx_word' id='word_1_395' title='bbox 661 4831 790 4871; x_wconf 92' lang='lat' dir='ltr'><strong>cum</strong></span> <span class='ocrx_word' id='word_1_396' title='bbox 822 4814 931 4884; x_wconf 91' lang='lat' dir='ltr'><strong>ipsi</strong></span> <span class='ocrx_word' id='word_1_397' title='bbox 965 4815 1035 4869; x_wconf 91' lang='lat' dir='ltr'><strong>ad</strong></span> <span class='ocrx_word' id='word_1_398' title='bbox 1062 4815 1313 4868; x_wconf 88' lang='lat' dir='ltr'><strong>incestos</strong></span> <span class='ocrx_word' id='word_1_399' title='bbox 1337 4828 1603 4883; x_wconf 86' lang='lat' dir='ltr'><strong>quosque</strong></span> <span class='ocrx_word' id='word_1_400' title='bbox 1624 4828 1839 4867; x_wconf 89' lang='lat' dir='ltr'><strong>concu-</strong></span> 
     </span>
    </p>
   </div>
   <div class='ocr_carea' id='block_1_57' title="bbox 194 4893 1840 4970">
    <p class='ocr_par' dir='ltr' id='par_1_57' title="bbox 194 4893 1840 4970">
     <span class='ocr_line' id='line_1_57' title="bbox 194 4893 1840 4970; baseline 0 -23"><span class='ocrx_word' id='word_1_401' title='bbox 194 4893 329 4952; x_wconf 87' lang='lat' dir='ltr'><strong>bitus</strong></span> <span class='ocrx_word' id='word_1_402' title='bbox 361 4900 669 4970; x_wconf 87' lang='lat' dir='ltr'><strong>quoslibet</strong></span> <span class='ocrx_word' id='word_1_403' title='bbox 696 4898 908 4952; x_wconf 90' lang='lat' dir='ltr'><strong>ducere</strong></span> <span class='ocrx_word' id='word_1_404' title='bbox 938 4912 1054 4951; x_wconf 92' lang='lat' dir='ltr'><strong>non</strong></span> <span class='ocrx_word' id='word_1_405' title='bbox 1080 4900 1417 4949; x_wconf 90' lang='lat' dir='ltr'><strong>morentur:</strong></span> <span class='ocrx_word' id='word_1_406' title='bbox 1451 4909 1555 4947; x_wconf 91' lang='lat' dir='ltr'><strong>cur</strong></span> <span class='ocrx_word' id='word_1_407' title='bbox 1577 4894 1840 4947; x_wconf 89' lang='lat' dir='ltr'><strong>animan-</strong></span> 
     </span>
    </p>
   </div>
   <div class='ocr_carea' id='block_1_58' title="bbox 190 4973 1837 5048">
    <p class='ocr_par' dir='ltr' id='par_1_58' title="bbox 190 4973 1837 5048">
     <span class='ocr_line' id='line_1_58' title="bbox 190 4973 1837 5048; baseline -0.002 -18"><span class='ocrx_word' id='word_1_408' title='bbox 190 4976 332 5034; x_wconf 81' lang='lat' dir='ltr'><strong>tibus</strong></span> <span class='ocrx_word' id='word_1_409' title='bbox 354 4996 499 5037; x_wconf 88' lang='lat' dir='ltr'><strong>suos</strong></span> <span class='ocrx_word' id='word_1_410' title='bbox 529 4978 822 5036; x_wconf 88' lang='lat' dir='ltr'><strong>antistites</strong></span> <span class='ocrx_word' id='word_1_411' title='bbox 853 4981 1123 5048; x_wconf 88' lang='lat' dir='ltr'><strong>oportere</strong></span> <span class='ocrx_word' id='word_1_412' title='bbox 1149 4974 1443 5029; x_wconf 86' lang='lat' dir='ltr'><strong>abstinere</strong></span> <span class='ocrx_word' id='word_1_413' title='bbox 1468 4973 1837 5039; x_wconf 90' lang='lat' dir='ltr'><strong>denuntient,</strong></span> 
     </span>
    </p>
   </div>
   <div class='ocr_carea' id='block_1_59' title="bbox 243 5242 1836 5305">
    <p class='ocr_par' dir='ltr' id='par_1_59' title="bbox 243 5242 1836 5305">
     <span class='ocr_line' id='line_1_59' title="bbox 243 5242 1836 5305; baseline -0.003 -13"><span class='ocrx_word' id='word_1_414' title='bbox 243 5245 261 5278; x_wconf 71' lang='grc' dir='ltr'><strong><em>ι</em></strong></span> <span class='ocrx_word' id='word_1_415' title='bbox 292 5244 471 5295; x_wconf 83' lang='lat' dir='ltr'><strong>Editio</strong></span> <span class='ocrx_word' id='word_1_416' title='bbox 528 5246 653 5294; x_wconf 89' lang='lat' dir='ltr'><strong>Lov.</strong></span> <span class='ocrx_word' id='word_1_417' title='bbox 706 5243 921 5301; x_wconf 88' lang='lat' dir='ltr'><strong>omittit,</strong></span> <span class='ocrx_word' id='word_1_418' title='bbox 968 5242 1034 5292; x_wconf 73' lang='lat' dir='ltr'><strong>in</strong></span> <span class='ocrx_word' id='word_1_419' title='bbox 1082 5256 1330 5303; x_wconf 89' lang='lat' dir='ltr'><strong>;nccnon</strong></span> <span class='ocrx_word' id='word_1_420' title='bbox 1381 5242 1541 5305; x_wconf 84' lang='lat' dir='ltr'><strong>paulo</strong></span> <span class='ocrx_word' id='word_1_421' title='bbox 1586 5242 1723 5303; x_wconf 89' lang='lat' dir='ltr'><strong>post,</strong></span> <span class='ocrx_word' id='word_1_422' title='bbox 1786 5248 1836 5288; x_wconf 79' lang='lat' dir='ltr'><strong>et</strong></span> 
     </span>
    </p>
   </div>
   <div class='ocr_carea' id='block_1_60' title="bbox 187 5306 1389 5370">
    <p class='ocr_par' dir='ltr' id='par_1_60' title="bbox 187 5306 1389 5370">
     <span class='ocr_line' id='line_1_60' title="bbox 187 5306 1389 5370; baseline 0.001 -19"><span class='ocrx_word' id='word_1_423' title='bbox 187 5306 454 5370; x_wconf 66' lang='lat' dir='ltr'><strong>malitias.</strong></span> <span class='ocrx_word' id='word_1_424' title='bbox 479 5307 775 5370; x_wconf 85' lang='lat' dir='ltr'><strong>Utrumque</strong></span> <span class='ocrx_word' id='word_1_425' title='bbox 802 5308 1001 5355; x_wconf 87' lang='lat' dir='ltr'><strong>habent</strong></span> <span class='ocrx_word' id='word_1_426' title='bbox 1028 5306 1220 5370; x_wconf 80' lang='lat' dir='ltr'><strong>caeteri</strong></span> <span class='ocrx_word' id='word_1_427' title='bbox 1250 5306 1389 5370; x_wconf 78' lang='lat' dir='ltr'><strong>libri.</strong></span> 
     </span>
    </p>
   </div>
   <div class='ocr_carea' id='block_1_61' title="bbox 189 5365 1832 5475">
    <p class='ocr_par' dir='ltr' id='par_1_61' title="bbox 189 5365 1832 5475">
     <span class='ocr_line' id='line_1_61' title="bbox 189 5365 1832 5475; baseline -0.002 -56"><span class='ocrx_word' id='word_1_428' title='bbox 189 5367 259 5475; x_wconf 55' lang='lat' dir='ltr'><strong>M2</strong></span> <span class='ocrx_word' id='word_1_429' title='bbox 284 5370 431 5431; x_wconf 78' lang='lat' dir='ltr'><strong>Mss.,</strong></span> <span class='ocrx_word' id='word_1_430' title='bbox 466 5371 600 5433; x_wconf 86' lang='lat' dir='ltr'><strong>loco,</strong></span> <span class='ocrx_word' id='word_1_431' title='bbox 615 5365 968 5433; x_wconf 66' lang='lat' dir='ltr'><strong>potentiores,</strong></span> <span class='ocrx_word' id='word_1_432' title='bbox 986 5368 1205 5430; x_wconf 82' lang='lat' dir='ltr'><strong>habent,</strong></span> <span class='ocrx_word' id='word_1_433' title='bbox 1218 5368 1521 5429; x_wconf 75' lang='lat' dir='ltr'><strong>passiones.</strong></span> <span class='ocrx_word' id='word_1_434' title='bbox 1537 5392 1600 5402; x_wconf 91' lang='lat'>—</span> <span class='ocrx_word' id='word_1_435' title='bbox 1627 5365 1832 5415; x_wconf 82' lang='lat' dir='ltr'><strong>Melius.</strong></span> 
     </span>
    </p>
   </div>
   <div class='ocr_carea' id='block_1_62' title="bbox 234 5492 1569 5551">
    <p class='ocr_par' dir='ltr' id='par_1_62' title="bbox 234 5492 1569 5551">
     <span class='ocr_line' id='line_1_62' title="bbox 234 5492 1569 5551; baseline -0.002 -9"><span class='ocrx_word' id='word_1_436' title='bbox 234 5494 254 5527; x_wconf 85' lang='grc'>³</span> <span class='ocrx_word' id='word_1_437' title='bbox 280 5494 430 5551; x_wconf 56' lang='lat' dir='ltr'><strong>Mss,</strong></span> <span class='ocrx_word' id='word_1_438' title='bbox 464 5510 563 5545; x_wconf 79' lang='lat' dir='ltr'><strong>nec</strong></span> <span class='ocrx_word' id='word_1_439' title='bbox 591 5502 894 5545; x_wconf 68' lang='lat' dir='ltr'><strong>cunctatur</strong></span> <span class='ocrx_word' id='word_1_440' title='bbox 922 5508 1047 5544; x_wconf 72' lang='lat' dir='ltr'><strong>esse.</strong></span> <span class='ocrx_word' id='word_1_441' title='bbox 1077 5520 1141 5533; x_wconf 96' lang='lat'><strong><em>—</em></strong></span> <span class='ocrx_word' id='word_1_442' title='bbox 1169 5492 1373 5543; x_wconf 88' lang='lat' dir='ltr'><strong>Verius.</strong></span> <span class='ocrx_word' id='word_1_443' title='bbox 1502 5492 1569 5539; x_wconf 89' lang='lat' dir='ltr'><strong>M.</strong></span> 
     </span>
    </p>
   </div>
   <div class='ocr_carea' id='block_1_63' title="bbox 1585 346 2223 411">
    <p class='ocr_par' dir='ltr' id='par_1_63' title="bbox 1585 346 2223 411">
     <span class='ocr_line' id='line_1_63' title="bbox 1585 346 2223 411; baseline 0.005 -3"><span class='ocrx_word' id='word_1_444' title='bbox 1585 348 1810 409; x_wconf 81' lang='lat' dir='ltr'><strong>LIBER</strong></span> <span class='ocrx_word' id='word_1_445' title='bbox 1854 346 2223 411; x_wconf 85' lang='lat' dir='ltr'><strong>DECIMUS.</strong></span> 
     </span>
    </p>
   </div>
   <div class='ocr_carea' id='block_1_64' title="bbox 3484 363 3604 424">
    <p class='ocr_par' dir='ltr' id='par_1_64' title="bbox 3484 363 3604 424">
     <span class='ocr_line' id='line_1_64' title="bbox 3484 363 3604 424; baseline 0 -1"><span class='ocrx_word' id='word_1_446' title='bbox 3484 363 3604 424; x_wconf 73' lang='lat'><strong>290</strong></span> 
     </span>
    </p>
   </div>
   <div class='ocr_carea' id='block_1_65' title="bbox 1954 484 3599 566">
    <p class='ocr_par' dir='ltr' id='par_1_65' title="bbox 1954 484 3599 566">
     <span class='ocr_line' id='line_1_65' title="bbox 1954 484 3599 566; baseline 0.009 -28"><span class='ocrx_word' id='word_1_447' title='bbox 1954 498 2026 538; x_wconf 92' lang='lat' dir='ltr'><strong>ne</strong></span> <span class='ocrx_word' id='word_1_448' title='bbox 2075 484 2385 566; x_wconf 82' lang='lat' dir='ltr'><strong>vaporibus</strong></span> <span class='ocrx_word' id='word_1_449' title='bbox 2444 488 2695 558; x_wconf 89' lang='lat' dir='ltr'><strong>profecto</strong></span> <span class='ocrx_word' id='word_1_450' title='bbox 2739 490 3030 560; x_wconf 90' lang='lat' dir='ltr'><strong>corporeis</strong></span> <span class='ocrx_word' id='word_1_451' title='bbox 3080 491 3441 561; x_wconf 89' lang='lat' dir='ltr'><strong>polluantur,</strong></span> <span class='ocrx_word' id='word_1_452' title='bbox 3493 496 3599 566; x_wconf 87' lang='lat' dir='ltr'><strong>ipsi</strong></span> 
     </span>
    </p>
   </div>
   <div class='ocr_carea' id='block_1_66' title="bbox 1963 565 3601 638">
    <p class='ocr_par' dir='ltr' id='par_1_66' title="bbox 1963 565 3601 638">
     <span class='ocr_line' id='line_1_66' title="bbox 1963 565 3601 638; baseline 0.007 -19"><span class='ocrx_word' id='word_1_453' title='bbox 1963 579 2098 619; x_wconf 85' lang='lat' dir='ltr'><strong>vero</strong></span> <span class='ocrx_word' id='word_1_454' title='bbox 2147 572 2201 619; x_wconf 88' lang='lat' dir='ltr'><strong>et</strong></span> <span class='ocrx_word' id='word_1_455' title='bbox 2256 565 2387 620; x_wconf 90' lang='lat' dir='ltr'><strong>aliis</strong></span> <span class='ocrx_word' id='word_1_456' title='bbox 2444 568 2757 638; x_wconf 90' lang='lat' dir='ltr'><strong>vaporibus</strong></span> <span class='ocrx_word' id='word_1_457' title='bbox 2814 570 3135 625; x_wconf 89' lang='lat' dir='ltr'><strong>illicianlur</strong></span> <span class='ocrx_word' id='word_1_458' title='bbox 3190 579 3246 627; x_wconf 90' lang='lat' dir='ltr'><strong>et</strong></span> <span class='ocrx_word' id='word_1_459' title='bbox 3303 565 3601 631; x_wconf 85' lang='lat' dir='ltr'><strong>nidoribus</strong></span> 
     </span>
    </p>
   </div>
   <div class='ocr_carea' id='block_1_67' title="bbox 1963 643 3601 725">
    <p class='ocr_par' dir='ltr' id='par_1_67' title="bbox 1963 643 3601 725">
     <span class='ocr_line' id='line_1_67' title="bbox 1963 643 3601 725; baseline 0.009 -28"><span class='ocrx_word' id='word_1_460' title='bbox 1963 643 2310 725; x_wconf 85' lang='lat' dir='ltr'><strong>hostiarum;</strong></span> <span class='ocrx_word' id='word_1_461' title='bbox 2345 663 2600 719; x_wconf 90' lang='lat' dir='ltr'><strong>cumque</strong></span> <span class='ocrx_word' id='word_1_462' title='bbox 2623 666 2655 703; x_wconf 90' lang='lat' dir='ltr'><strong>a</strong></span> <span class='ocrx_word' id='word_1_463' title='bbox 2674 650 2967 705; x_wconf 87' lang='lat' dir='ltr'><strong>cadaveris</strong></span> <span class='ocrx_word' id='word_1_464' title='bbox 2991 658 3258 706; x_wconf 88' lang='lat' dir='ltr'><strong>contactu</strong></span> <span class='ocrx_word' id='word_1_465' title='bbox 3287 655 3601 725; x_wconf 88' lang='lat' dir='ltr'><strong>prohibea-</strong></span> 
     </span>
    </p>
   </div>
   <div class='ocr_carea' id='block_1_68' title="bbox 1958 724 3598 798">
    <p class='ocr_par' dir='ltr' id='par_1_68' title="bbox 1958 724 3598 798">
     <span class='ocr_line' id='line_1_68' title="bbox 1958 724 3598 798; baseline 0.008 -21"><span class='ocrx_word' id='word_1_466' title='bbox 1958 727 2051 778; x_wconf 91' lang='lat' dir='ltr'><strong>tur</strong></span> <span class='ocrx_word' id='word_1_467' title='bbox 2108 724 2421 797; x_wconf 84' lang='lat' dir='ltr'><strong>inspector,</strong></span> <span class='ocrx_word' id='word_1_468' title='bbox 2476 728 2817 798; x_wconf 71' lang='lat' dir='ltr'><strong>plerumque</strong></span> <span class='ocrx_word' id='word_1_469' title='bbox 2872 729 2971 783; x_wconf 89' lang='lat' dir='ltr'><strong>illa</strong></span> <span class='ocrx_word' id='word_1_470' title='bbox 3015 733 3395 788; x_wconf 89' lang='lat' dir='ltr'><strong>cadaveribus</strong></span> <span class='ocrx_word' id='word_1_471' title='bbox 3449 736 3598 790; x_wconf 85' lang='lat' dir='ltr'><strong>cele—</strong></span> 
     </span>
    </p>
   </div>
   <div class='ocr_carea' id='block_1_69' title="bbox 1958 803 3598 879">
    <p class='ocr_par' dir='ltr' id='par_1_69' title="bbox 1958 803 3598 879">
     <span class='ocr_line' id='line_1_69' title="bbox 1958 803 3598 879; baseline 0.009 -22"><span class='ocrx_word' id='word_1_472' title='bbox 1958 803 2237 861; x_wconf 90' lang='lat' dir='ltr'><strong>brentur:</strong></span> <span class='ocrx_word' id='word_1_473' title='bbox 2298 808 2437 877; x_wconf 92' lang='lat' dir='ltr'><strong>quid</strong></span> <span class='ocrx_word' id='word_1_474' title='bbox 2482 810 2577 876; x_wconf 89' lang='lat' dir='ltr'><strong>sit,</strong></span> <span class='ocrx_word' id='word_1_475' title='bbox 2629 810 2781 879; x_wconf 91' lang='lat' dir='ltr'><strong>quod</strong></span> <span class='ocrx_word' id='word_1_476' title='bbox 2837 826 2950 864; x_wconf 94' lang='lat' dir='ltr'><strong>non</strong></span> <span class='ocrx_word' id='word_1_477' title='bbox 2983 811 3233 866; x_wconf 74' lang='lat' dir='ltr'><strong>dasmoni</strong></span> <span class='ocrx_word' id='word_1_478' title='bbox 3282 815 3365 869; x_wconf 91' lang='lat' dir='ltr'><strong>vel</strong></span> <span class='ocrx_word' id='word_1_479' title='bbox 3426 816 3598 870; x_wconf 87' lang='lat' dir='ltr'><strong>alicui</strong></span> 
     </span>
    </p>
   </div>
   <div class='ocr_carea' id='block_1_70' title="bbox 1957 886 3596 959">
    <p class='ocr_par' dir='ltr' id='par_1_70' title="bbox 1957 886 3596 959">
     <span class='ocr_line' id='line_1_70' title="bbox 1957 886 3596 959; baseline 0.009 -23"><span class='ocrx_word' id='word_1_480' title='bbox 1957 886 2156 938; x_wconf 61' lang='lat' dir='ltr'><strong>animae</strong></span> <span class='ocrx_word' id='word_1_481' title='bbox 2182 886 2457 955; x_wconf 86' lang='lat' dir='ltr'><strong>defuncti,</strong></span> <span class='ocrx_word' id='word_1_482' title='bbox 2492 890 2591 943; x_wconf 84' lang='lat' dir='ltr'><strong>sed</strong></span> <span class='ocrx_word' id='word_1_483' title='bbox 2625 890 2735 959; x_wconf 90' lang='lat' dir='ltr'><strong>ipsi</strong></span> <span class='ocrx_word' id='word_1_484' title='bbox 2779 890 2891 944; x_wconf 90' lang='lat' dir='ltr'><strong>soli</strong></span> <span class='ocrx_word' id='word_1_485' title='bbox 2919 896 2975 944; x_wconf 89' lang='lat' dir='ltr'><strong>et</strong></span> <span class='ocrx_word' id='word_1_486' title='bbox 3006 891 3156 945; x_wconf 70' lang='lat' dir='ltr'><strong>lunae</strong></span> <span class='ocrx_word' id='word_1_487' title='bbox 3190 898 3287 947; x_wconf 89' lang='lat' dir='ltr'><strong>aut</strong></span> <span class='ocrx_word' id='word_1_488' title='bbox 3334 899 3596 950; x_wconf 90' lang='lat' dir='ltr'><strong>cuicum-</strong></span> 
     </span>
    </p>
   </div>
   <div class='ocr_carea' id='block_1_71' title="bbox 1958 966 3601 1033">
    <p class='ocr_par' dir='ltr' id='par_1_71' title="bbox 1958 966 3601 1033">
     <span class='ocr_line' id='line_1_71' title="bbox 1958 966 3601 1033; baseline 0.008 -16"><span class='ocrx_word' id='word_1_489' title='bbox 1958 980 2066 1033; x_wconf 88' lang='lat' dir='ltr'><strong>que</strong></span> <span class='ocrx_word' id='word_1_490' title='bbox 2096 966 2440 1033; x_wconf 83' lang='lat' dir='ltr'><strong>ccelestium,</strong></span> <span class='ocrx_word' id='word_1_491' title='bbox 2475 970 2646 1024; x_wconf 88' lang='lat' dir='ltr'><strong>homo</strong></span> <span class='ocrx_word' id='word_1_492' title='bbox 2676 969 2813 1023; x_wconf 89' lang='lat' dir='ltr'><strong>vitio</strong></span> <span class='ocrx_word' id='word_1_493' title='bbox 2845 970 3087 1024; x_wconf 89' lang='lat' dir='ltr'><strong>cuilibet</strong></span> <span class='ocrx_word' id='word_1_494' title='bbox 3110 973 3393 1028; x_wconf 86' lang='lat' dir='ltr'><strong>obnoxius</strong></span> <span class='ocrx_word' id='word_1_495' title='bbox 3416 974 3601 1030; x_wconf 86' lang='lat' dir='ltr'><strong>inten-</strong></span> 
     </span>
    </p>
   </div>
   <div class='ocr_carea' id='block_1_72' title="bbox 1958 1045 3601 1125">
    <p class='ocr_par' dir='ltr' id='par_1_72' title="bbox 1958 1045 3601 1125">
     <span class='ocr_line' id='line_1_72' title="bbox 1958 1045 3601 1125; baseline 0.007 -27"><span class='ocrx_word' id='word_1_496' title='bbox 1958 1045 2044 1098; x_wconf 89' lang='lat' dir='ltr'><strong>dit</strong></span> <span class='ocrx_word' id='word_1_497' title='bbox 2066 1046 2281 1125; x_wconf 88' lang='lat' dir='ltr'><strong>minas,</strong></span> <span class='ocrx_word' id='word_1_498' title='bbox 2315 1063 2529 1119; x_wconf 86' lang='lat' dir='ltr'><strong>eosque</strong></span> <span class='ocrx_word' id='word_1_499' title='bbox 2573 1050 2795 1103; x_wconf 88' lang='lat' dir='ltr'><strong>territat</strong></span> <span class='ocrx_word' id='word_1_500' title='bbox 2827 1049 2991 1116; x_wconf 90' lang='lat' dir='ltr'><strong>falso,</strong></span> <span class='ocrx_word' id='word_1_501' title='bbox 3028 1056 3091 1105; x_wconf 91' lang='lat' dir='ltr'><strong>ut</strong></span> <span class='ocrx_word' id='word_1_502' title='bbox 3131 1051 3213 1106; x_wconf 92' lang='lat' dir='ltr'><strong>eis</strong></span> <span class='ocrx_word' id='word_1_503' title='bbox 3263 1058 3601 1125; x_wconf 82' lang='lat' dir='ltr'><strong>extorqueat</strong></span> 
     </span>
    </p>
   </div>
   <div class='ocr_carea' id='block_1_73' title="bbox 1956 1124 3596 1202">
    <p class='ocr_par' dir='ltr' id='par_1_73' title="bbox 1956 1124 3596 1202">
     <span class='ocr_line' id='line_1_73' title="bbox 1956 1124 3596 1202; baseline 0.007 -25"><span class='ocrx_word' id='word_1_504' title='bbox 1956 1124 2281 1182; x_wconf 88' lang='lat' dir='ltr'><strong>veritatem.</strong></span> <span class='ocrx_word' id='word_1_505' title='bbox 2316 1131 2456 1183; x_wconf 86' lang='lat' dir='ltr'><strong>Nam</strong></span> <span class='ocrx_word' id='word_1_506' title='bbox 2489 1135 2545 1185; x_wconf 89' lang='lat' dir='ltr'><strong>et</strong></span> <span class='ocrx_word' id='word_1_507' title='bbox 2567 1129 2774 1184; x_wconf 75' lang='lat' dir='ltr'><strong>coelum</strong></span> <span class='ocrx_word' id='word_1_508' title='bbox 2799 1146 2861 1185; x_wconf 89' lang='lat' dir='ltr'><strong>se</strong></span> <span class='ocrx_word' id='word_1_509' title='bbox 2891 1129 3161 1186; x_wconf 87' lang='lat' dir='ltr'><strong>collidere</strong></span> <span class='ocrx_word' id='word_1_510' title='bbox 3192 1124 3596 1202; x_wconf 83' lang='lat' dir='ltr'><strong>comminatur,</strong></span> 
     </span>
    </p>
   </div>
   <div class='ocr_carea' id='block_1_74' title="bbox 1956 1208 3597 1281">
    <p class='ocr_par' dir='ltr' id='par_1_74' title="bbox 1956 1208 3597 1281">
     <span class='ocr_line' id='line_1_74' title="bbox 1956 1208 3597 1281; baseline 0.005 -22"><span class='ocrx_word' id='word_1_511' title='bbox 1956 1209 2011 1259; x_wconf 90' lang='lat' dir='ltr'><strong>et</strong></span> <span class='ocrx_word' id='word_1_512' title='bbox 2059 1212 2264 1262; x_wconf 78' lang='lat' dir='ltr'><strong>caetera</strong></span> <span class='ocrx_word' id='word_1_513' title='bbox 2301 1208 2515 1263; x_wconf 90' lang='lat' dir='ltr'><strong>similia</strong></span> <span class='ocrx_word' id='word_1_514' title='bbox 2565 1209 2782 1265; x_wconf 88' lang='lat' dir='ltr'><strong>homini</strong></span> <span class='ocrx_word' id='word_1_515' title='bbox 2827 1210 3236 1281; x_wconf 87' lang='lat' dir='ltr'><strong>impossibilia,</strong></span> <span class='ocrx_word' id='word_1_516' title='bbox 3287 1223 3349 1267; x_wconf 86' lang='lat' dir='ltr'><strong>ut</strong></span> <span class='ocrx_word' id='word_1_517' title='bbox 3390 1212 3473 1267; x_wconf 90' lang='lat' dir='ltr'><strong>illi</strong></span> <span class='ocrx_word' id='word_1_518' title='bbox 3520 1215 3597 1275; x_wconf 86' lang='lat' dir='ltr'><strong>dii</strong></span> 
     </span>
    </p>
   </div>
   <div class='ocr_carea' id='block_1_75' title="bbox 1958 1288 3599 1361">
    <p class='ocr_par' dir='ltr' id='par_1_75' title="bbox 1958 1288 3599 1361">
     <span class='ocr_line' id='line_1_75' title="bbox 1958 1288 3599 1361; baseline 0.005 -23"><span class='ocrx_word' id='word_1_519' title='bbox 1958 1288 2238 1356; x_wconf 87' lang='lat' dir='ltr'><strong>tanquam</strong></span> <span class='ocrx_word' id='word_1_520' title='bbox 2298 1288 2764 1359; x_wconf 89' lang='lat' dir='ltr'><strong>insipientissimi</strong></span> <span class='ocrx_word' id='word_1_521' title='bbox 2814 1290 2977 1361; x_wconf 89' lang='lat' dir='ltr'><strong>pueri</strong></span> <span class='ocrx_word' id='word_1_522' title='bbox 3014 1290 3176 1345; x_wconf 86' lang='lat' dir='ltr'><strong>falsis</strong></span> <span class='ocrx_word' id='word_1_523' title='bbox 3229 1296 3285 1346; x_wconf 90' lang='lat' dir='ltr'><strong>et</strong></span> <span class='ocrx_word' id='word_1_524' title='bbox 3335 1293 3599 1348; x_wconf 85' lang='lat' dir='ltr'><strong>ridiculis</strong></span> 
     </span>
    </p>
   </div>
   <div class='ocr_carea' id='block_1_76' title="bbox 1955 1368 3594 1444">
    <p class='ocr_par' dir='ltr' id='par_1_76' title="bbox 1955 1368 3594 1444">
     <span class='ocr_line' id='line_1_76' title="bbox 1955 1368 3594 1444; baseline 0.006 -25"><span class='ocrx_word' id='word_1_525' title='bbox 1955 1368 2885 1441; x_wconf 88' lang='lat' dir='ltr'><strong>comminationibusterriti,quod</strong></span> <span class='ocrx_word' id='word_1_526' title='bbox 2904 1371 3225 1443; x_wconf 87' lang='lat' dir='ltr'><strong>imperatur</strong></span> <span class='ocrx_word' id='word_1_527' title='bbox 3237 1372 3594 1444; x_wconf 75' lang='lat' dir='ltr'><strong>efficiant(a).</strong></span> 
     </span>
    </p>
   </div>
   <div class='ocr_carea' id='block_1_77' title="bbox 1956 1446 3597 1525">
    <p class='ocr_par' dir='ltr' id='par_1_77' title="bbox 1956 1446 3597 1525">
     <span class='ocr_line' id='line_1_77' title="bbox 1956 1446 3597 1525; baseline 0.006 -26"><span class='ocrx_word' id='word_1_528' title='bbox 1956 1446 2103 1501; x_wconf 91' lang='lat' dir='ltr'><strong>Dicit</strong></span> <span class='ocrx_word' id='word_1_529' title='bbox 2129 1448 2303 1503; x_wconf 90' lang='lat' dir='ltr'><strong>etiam</strong></span> <span class='ocrx_word' id='word_1_530' title='bbox 2336 1450 2638 1522; x_wconf 89' lang='lat' dir='ltr'><strong>scripsisse</strong></span> <span class='ocrx_word' id='word_1_531' title='bbox 2664 1452 3087 1508; x_wconf 72' lang='lat' dir='ltr'><strong>Chaeremonem</strong></span> <span class='ocrx_word' id='word_1_532' title='bbox 3130 1454 3464 1525; x_wconf 87' lang='lat' dir='ltr'><strong>quemdam,</strong></span> <span class='ocrx_word' id='word_1_533' title='bbox 3506 1463 3597 1509; x_wconf 86' lang='lat' dir='ltr'><strong>ta-</strong></span> 
     </span>
    </p>
   </div>
   <div class='ocr_carea' id='block_1_78' title="bbox 1954 1526 3595 1605">
    <p class='ocr_par' dir='ltr' id='par_1_78' title="bbox 1954 1526 3595 1605">
     <span class='ocr_line' id='line_1_78' title="bbox 1954 1526 3595 1605; baseline 0.005 -25"><span class='ocrx_word' id='word_1_534' title='bbox 1954 1526 2094 1582; x_wconf 90' lang='lat' dir='ltr'><strong>lium</strong></span> <span class='ocrx_word' id='word_1_535' title='bbox 2135 1545 2441 1586; x_wconf 88' lang='lat' dir='ltr'><strong>sacrorum</strong></span> <span class='ocrx_word' id='word_1_536' title='bbox 2481 1531 2566 1586; x_wconf 92' lang='lat' dir='ltr'><strong>vel</strong></span> <span class='ocrx_word' id='word_1_537' title='bbox 2599 1534 2792 1602; x_wconf 92' lang='lat' dir='ltr'><strong>potius</strong></span> <span class='ocrx_word' id='word_1_538' title='bbox 2832 1534 3271 1605; x_wconf 88' lang='lat' dir='ltr'><strong>sacrilegiorum</strong></span> <span class='ocrx_word' id='word_1_539' title='bbox 3321 1536 3595 1605; x_wconf 89' lang='lat' dir='ltr'><strong>peritum,</strong></span> 
     </span>
    </p>
   </div>
   <div class='ocr_carea' id='block_1_79' title="bbox 1953 1612 3597 1684">
    <p class='ocr_par' dir='ltr' id='par_1_79' title="bbox 1953 1612 3597 1684">
     <span class='ocr_line' id='line_1_79' title="bbox 1953 1612 3597 1684; baseline 0.005 -22"><span class='ocrx_word' id='word_1_540' title='bbox 1953 1622 2019 1663; x_wconf 89' lang='lat' dir='ltr'><strong>ea</strong></span> <span class='ocrx_word' id='word_1_541' title='bbox 2040 1624 2167 1679; x_wconf 73' lang='lat' dir='ltr'><strong>quas</strong></span> <span class='ocrx_word' id='word_1_542' title='bbox 2190 1612 2342 1680; x_wconf 90' lang='lat' dir='ltr'><strong>apud</strong></span> <span class='ocrx_word' id='word_1_543' title='bbox 2363 1612 2660 1683; x_wconf 69' lang='lat' dir='ltr'><strong>Egyptios</strong></span> <span class='ocrx_word' id='word_1_544' title='bbox 2676 1618 2813 1668; x_wconf 90' lang='lat' dir='ltr'><strong>sunt</strong></span> <span class='ocrx_word' id='word_1_545' title='bbox 2832 1614 3117 1670; x_wconf 88' lang='lat' dir='ltr'><strong>celebrata</strong></span> <span class='ocrx_word' id='word_1_546' title='bbox 3142 1616 3493 1684; x_wconf 87' lang='lat' dir='ltr'><strong>rumoribus,</strong></span> <span class='ocrx_word' id='word_1_547' title='bbox 3510 1616 3597 1672; x_wconf 92' lang='lat' dir='ltr'><strong>vel</strong></span> 
     </span>
    </p>
   </div>
   <div class='ocr_carea' id='block_1_80' title="bbox 1952 1687 3594 1765">
    <p class='ocr_par' dir='ltr' id='par_1_80' title="bbox 1952 1687 3594 1765">
     <span class='ocr_line' id='line_1_80' title="bbox 1952 1687 3594 1765; baseline 0.006 -24"><span class='ocrx_word' id='word_1_548' title='bbox 1952 1687 2023 1742; x_wconf 87' lang='lat' dir='ltr'><strong>de</strong></span> <span class='ocrx_word' id='word_1_549' title='bbox 2053 1689 2224 1757; x_wconf 83' lang='lat' dir='ltr'><strong>Iside,</strong></span> <span class='ocrx_word' id='word_1_550' title='bbox 2257 1691 2346 1746; x_wconf 90' lang='lat' dir='ltr'><strong>vel</strong></span> <span class='ocrx_word' id='word_1_551' title='bbox 2370 1693 2438 1747; x_wconf 93' lang='lat' dir='ltr'><strong>de</strong></span> <span class='ocrx_word' id='word_1_552' title='bbox 2469 1693 2693 1748; x_wconf 88' lang='lat' dir='ltr'><strong>Osiride</strong></span> <span class='ocrx_word' id='word_1_553' title='bbox 2724 1695 2933 1749; x_wconf 89' lang='lat' dir='ltr'><strong>marito</strong></span> <span class='ocrx_word' id='word_1_554' title='bbox 2964 1697 3113 1765; x_wconf 84' lang='lat' dir='ltr'><strong>ejus,</strong></span> <span class='ocrx_word' id='word_1_555' title='bbox 3141 1698 3455 1751; x_wconf 85' lang='lat' dir='ltr'><strong>maximam</strong></span> <span class='ocrx_word' id='word_1_556' title='bbox 3478 1698 3594 1751; x_wconf 88' lang='lat' dir='ltr'><strong>vim</strong></span> 
     </span>
    </p>
   </div>
   <div class='ocr_carea' id='block_1_81' title="bbox 1954 1766 3593 1848">
    <p class='ocr_par' dir='ltr' id='par_1_81' title="bbox 1954 1766 3593 1848">
     <span class='ocr_line' id='line_1_81' title="bbox 1954 1766 3593 1848; baseline 0.005 -25"><span class='ocrx_word' id='word_1_557' title='bbox 1954 1766 2164 1848; x_wconf 84' lang='lat' dir='ltr'><strong>habere</strong></span> <span class='ocrx_word' id='word_1_558' title='bbox 2196 1774 2437 1843; x_wconf 85' lang='lat' dir='ltr'><strong>cogendi</strong></span> <span class='ocrx_word' id='word_1_559' title='bbox 2474 1775 2633 1842; x_wconf 89' lang='lat' dir='ltr'><strong>deos,</strong></span> <span class='ocrx_word' id='word_1_560' title='bbox 2668 1779 2730 1828; x_wconf 92' lang='lat' dir='ltr'><strong>ut</strong></span> <span class='ocrx_word' id='word_1_561' title='bbox 2761 1775 2973 1830; x_wconf 89' lang='lat' dir='ltr'><strong>faciant</strong></span> <span class='ocrx_word' id='word_1_562' title='bbox 3019 1777 3324 1847; x_wconf 86' lang='lat' dir='ltr'><strong>imperata,</strong></span> <span class='ocrx_word' id='word_1_563' title='bbox 3359 1778 3593 1848; x_wconf 87' lang='lat' dir='ltr'><strong>quando</strong></span> 
     </span>
    </p>
   </div>
   <div class='ocr_carea' id='block_1_82' title="bbox 1950 1847 3596 1925">
    <p class='ocr_par' dir='ltr' id='par_1_82' title="bbox 1950 1847 3596 1925">
     <span class='ocr_line' id='line_1_82' title="bbox 1950 1847 3596 1925; baseline 0.007 -25"><span class='ocrx_word' id='word_1_564' title='bbox 1950 1847 2049 1903; x_wconf 88' lang='lat' dir='ltr'><strong>ille</strong></span> <span class='ocrx_word' id='word_1_565' title='bbox 2082 1850 2175 1919; x_wconf 90' lang='lat' dir='ltr'><strong>qui</strong></span> <span class='ocrx_word' id='word_1_566' title='bbox 2198 1853 2556 1908; x_wconf 89' lang='lat' dir='ltr'><strong>carminibus</strong></span> <span class='ocrx_word' id='word_1_567' title='bbox 2584 1855 2759 1925; x_wconf 87' lang='lat' dir='ltr'><strong>cogit,</strong></span> <span class='ocrx_word' id='word_1_568' title='bbox 2794 1871 2861 1910; x_wconf 90' lang='lat' dir='ltr'><strong>ea</strong></span> <span class='ocrx_word' id='word_1_569' title='bbox 2892 1872 2950 1910; x_wconf 91' lang='lat' dir='ltr'><strong>se</strong></span> <span class='ocrx_word' id='word_1_570' title='bbox 2973 1861 3211 1925; x_wconf 88' lang='lat' dir='ltr'><strong>prodere</strong></span> <span class='ocrx_word' id='word_1_571' title='bbox 3233 1858 3319 1912; x_wconf 90' lang='lat' dir='ltr'><strong>vel</strong></span> <span class='ocrx_word' id='word_1_572' title='bbox 3342 1847 3596 1913; x_wconf 86' lang='lat' dir='ltr'><strong>evertere</strong></span> 
     </span>
    </p>
   </div>
   <div class='ocr_carea' id='block_1_83' title="bbox 1951 1932 3597 2001">
    <p class='ocr_par' dir='ltr' id='par_1_83' title="bbox 1951 1932 3597 2001">
     <span class='ocr_line' id='line_1_83' title="bbox 1951 1932 3597 2001; baseline 0.005 -18"><span class='ocrx_word' id='word_1_573' title='bbox 1951 1932 2363 2001; x_wconf 88' lang='lat' dir='ltr'><strong>comminatur,</strong></span> <span class='ocrx_word' id='word_1_574' title='bbox 2400 1933 2494 1988; x_wconf 92' lang='lat' dir='ltr'><strong>ubi</strong></span> <span class='ocrx_word' id='word_1_575' title='bbox 2526 1950 2584 1988; x_wconf 92' lang='lat' dir='ltr'><strong>se</strong></span> <span class='ocrx_word' id='word_1_576' title='bbox 2629 1936 2807 1990; x_wconf 90' lang='lat' dir='ltr'><strong>etiam</strong></span> <span class='ocrx_word' id='word_1_577' title='bbox 2858 1935 3105 1991; x_wconf 89' lang='lat' dir='ltr'><strong>Osiridis</strong></span> <span class='ocrx_word' id='word_1_578' title='bbox 3127 1938 3387 1993; x_wconf 85' lang='lat' dir='ltr'><strong>membra</strong></span> <span class='ocrx_word' id='word_1_579' title='bbox 3418 1936 3597 1992; x_wconf 89' lang='lat' dir='ltr'><strong>dissi-</strong></span> 
     </span>
    </p>
   </div>
   <div class='ocr_carea' id='block_1_84' title="bbox 1951 2012 3596 2088">
    <p class='ocr_par' dir='ltr' id='par_1_84' title="bbox 1951 2012 3596 2088">
     <span class='ocr_line' id='line_1_84' title="bbox 1951 2012 3596 2088; baseline 0.006 -25"><span class='ocrx_word' id='word_1_580' title='bbox 1951 2017 2220 2079; x_wconf 89' lang='lat' dir='ltr'><strong>paturum</strong></span> <span class='ocrx_word' id='word_1_581' title='bbox 2252 2012 2587 2067; x_wconf 89' lang='lat' dir='ltr'><strong>terribiliter</strong></span> <span class='ocrx_word' id='word_1_582' title='bbox 2618 2014 2777 2081; x_wconf 89' lang='lat' dir='ltr'><strong>dicit,</strong></span> <span class='ocrx_word' id='word_1_583' title='bbox 2833 2014 2879 2069; x_wconf 92' lang='lat' dir='ltr'><strong>si</strong></span> <span class='ocrx_word' id='word_1_584' title='bbox 2914 2018 3097 2071; x_wconf 87' lang='lat' dir='ltr'><strong>facere</strong></span> <span class='ocrx_word' id='word_1_585' title='bbox 3130 2017 3300 2085; x_wconf 88' lang='lat' dir='ltr'><strong>jussa</strong></span> <span class='ocrx_word' id='word_1_586' title='bbox 3332 2018 3596 2088; x_wconf 78' lang='lat' dir='ltr'><strong>neglexe—</strong></span> 
     </span>
    </p>
   </div>
   <div class='ocr_carea' id='block_1_85' title="bbox 1952 2088 3596 2162">
    <p class='ocr_par' dir='ltr' id='par_1_85' title="bbox 1952 2088 3596 2162">
     <span class='ocr_line' id='line_1_85' title="bbox 1952 2088 3596 2162; baseline 0.006 -21"><span class='ocrx_word' id='word_1_587' title='bbox 1952 2088 2088 2143; x_wconf 90' lang='lat' dir='ltr'><strong>rint.</strong></span> <span class='ocrx_word' id='word_1_588' title='bbox 2116 2090 2243 2144; x_wconf 70' lang='lat' dir='ltr'><strong>Hazc</strong></span> <span class='ocrx_word' id='word_1_589' title='bbox 2274 2096 2447 2162; x_wconf 89' lang='lat' dir='ltr'><strong>atque</strong></span> <span class='ocrx_word' id='word_1_590' title='bbox 2467 2092 2802 2162; x_wconf 86' lang='lat' dir='ltr'><strong>hujusmodi</strong></span> <span class='ocrx_word' id='word_1_591' title='bbox 2826 2110 2977 2149; x_wconf 88' lang='lat' dir='ltr'><strong>vana</strong></span> <span class='ocrx_word' id='word_1_592' title='bbox 2999 2102 3055 2149; x_wconf 90' lang='lat' dir='ltr'><strong>et</strong></span> <span class='ocrx_word' id='word_1_593' title='bbox 3075 2096 3278 2150; x_wconf 87' lang='lat' dir='ltr'><strong>insana</strong></span> <span class='ocrx_word' id='word_1_594' title='bbox 3300 2095 3596 2151; x_wconf 79' lang='lat' dir='ltr'><strong>hominem</strong></span> 
     </span>
    </p>
   </div>
   <div class='ocr_carea' id='block_1_86' title="bbox 1952 2167 3599 2244">
    <p class='ocr_par' dir='ltr' id='par_1_86' title="bbox 1952 2167 3599 2244">
     <span class='ocr_line' id='line_1_86' title="bbox 1952 2167 3599 2244; baseline 0.007 -24"><span class='ocrx_word' id='word_1_595' title='bbox 1952 2167 2064 2221; x_wconf 83' lang='lat' dir='ltr'><strong>diis</strong></span> <span class='ocrx_word' id='word_1_596' title='bbox 2098 2169 2333 2239; x_wconf 89' lang='lat' dir='ltr'><strong>minari,</strong></span> <span class='ocrx_word' id='word_1_597' title='bbox 2377 2188 2478 2226; x_wconf 90' lang='lat' dir='ltr'><strong>nec</strong></span> <span class='ocrx_word' id='word_1_598' title='bbox 2528 2172 2904 2243; x_wconf 84' lang='lat' dir='ltr'><strong>quibuslibet,</strong></span> <span class='ocrx_word' id='word_1_599' title='bbox 2939 2176 3037 2228; x_wconf 91' lang='lat' dir='ltr'><strong>sed</strong></span> <span class='ocrx_word' id='word_1_600' title='bbox 3069 2175 3213 2244; x_wconf 87' lang='lat' dir='ltr'><strong>ipsis</strong></span> <span class='ocrx_word' id='word_1_601' title='bbox 3261 2176 3599 2231; x_wconf 74' lang='lat' dir='ltr'><strong>cmlestibus</strong></span> 
     </span>
    </p>
   </div>
   <div class='ocr_carea' id='block_1_87' title="bbox 1950 2246 3597 2323">
    <p class='ocr_par' dir='ltr' id='par_1_87' title="bbox 1950 2246 3597 2323">
     <span class='ocr_line' id='line_1_87' title="bbox 1950 2246 3597 2323; baseline 0.007 -25"><span class='ocrx_word' id='word_1_602' title='bbox 1950 2250 2007 2300; x_wconf 91' lang='lat' dir='ltr'><strong>et</strong></span> <span class='ocrx_word' id='word_1_603' title='bbox 2048 2246 2270 2303; x_wconf 88' lang='lat' dir='ltr'><strong>siderea</strong></span> <span class='ocrx_word' id='word_1_604' title='bbox 2318 2249 2445 2305; x_wconf 90' lang='lat' dir='ltr'><strong>luce</strong></span> <span class='ocrx_word' id='word_1_605' title='bbox 2491 2252 2859 2321; x_wconf 86' lang='lat' dir='ltr'><strong>fulgentibus,</strong></span> <span class='ocrx_word' id='word_1_606' title='bbox 2906 2269 3008 2308; x_wconf 90' lang='lat' dir='ltr'><strong>nec</strong></span> <span class='ocrx_word' id='word_1_607' title='bbox 3057 2255 3183 2309; x_wconf 90' lang='lat' dir='ltr'><strong>sine</strong></span> <span class='ocrx_word' id='word_1_608' title='bbox 3217 2255 3450 2323; x_wconf 76' lang='lat' dir='ltr'><strong>effectu,</strong></span> <span class='ocrx_word' id='word_1_609' title='bbox 3499 2256 3597 2310; x_wconf 87' lang='lat' dir='ltr'><strong>sed</strong></span> 
     </span>
    </p>
   </div>
   <div class='ocr_carea' id='block_1_88' title="bbox 1950 2324 3592 2402">
    <p class='ocr_par' dir='ltr' id='par_1_88' title="bbox 1950 2324 3592 2402">
     <span class='ocr_line' id='line_1_88' title="bbox 1950 2324 3592 2402; baseline 0.005 -23"><span class='ocrx_word' id='word_1_610' title='bbox 1950 2324 2203 2380; x_wconf 89' lang='lat' dir='ltr'><strong>violenta</strong></span> <span class='ocrx_word' id='word_1_611' title='bbox 2244 2334 2528 2398; x_wconf 82' lang='lat' dir='ltr'><strong>potestate</strong></span> <span class='ocrx_word' id='word_1_612' title='bbox 2557 2338 2881 2401; x_wconf 87' lang='lat' dir='ltr'><strong>cogentem,</strong></span> <span class='ocrx_word' id='word_1_613' title='bbox 2923 2338 3098 2402; x_wconf 90' lang='lat' dir='ltr'><strong>atque</strong></span> <span class='ocrx_word' id='word_1_614' title='bbox 3131 2334 3221 2388; x_wconf 91' lang='lat' dir='ltr'><strong>bis</strong></span> <span class='ocrx_word' id='word_1_615' title='bbox 3271 2336 3592 2390; x_wconf 83' lang='lat' dir='ltr'><strong>terroribus</strong></span> 
     </span>
    </p>
   </div>
   <div class='ocr_carea' id='block_1_89' title="bbox 1952 2406 3594 2480">
    <p class='ocr_par' dir='ltr' id='par_1_89' title="bbox 1952 2406 3594 2480">
     <span class='ocr_line' id='line_1_89' title="bbox 1952 2406 3594 2480; baseline 0.006 -22"><span class='ocrx_word' id='word_1_616' title='bbox 1952 2406 2021 2459; x_wconf 89' lang='lat' dir='ltr'><strong>ad</strong></span> <span class='ocrx_word' id='word_1_617' title='bbox 2056 2406 2317 2461; x_wconf 89' lang='lat' dir='ltr'><strong>facienda</strong></span> <span class='ocrx_word' id='word_1_618' title='bbox 2339 2424 2462 2478; x_wconf 81' lang='lat' dir='ltr'><strong>quas</strong></span> <span class='ocrx_word' id='word_1_619' title='bbox 2492 2409 2736 2465; x_wconf 90' lang='lat' dir='ltr'><strong>voluerit</strong></span> <span class='ocrx_word' id='word_1_620' title='bbox 2766 2413 3198 2480; x_wconf 88' lang='lat' dir='ltr'><strong>perducentem,</strong></span> <span class='ocrx_word' id='word_1_621' title='bbox 3234 2417 3438 2468; x_wconf 87' lang='lat' dir='ltr'><strong>merito</strong></span> <span class='ocrx_word' id='word_1_622' title='bbox 3460 2415 3594 2470; x_wconf 90' lang='lat' dir='ltr'><strong>Por-</strong></span> 
     </span>
    </p>
   </div>
   <div class='ocr_carea' id='block_1_90' title="bbox 1953 2485 3591 2563">
    <p class='ocr_par' dir='ltr' id='par_1_90' title="bbox 1953 2485 3591 2563">
     <span class='ocr_line' id='line_1_90' title="bbox 1953 2485 3591 2563; baseline 0.007 -25"><span class='ocrx_word' id='word_1_623' title='bbox 1953 2485 2193 2556; x_wconf 83' lang='lat' dir='ltr'><strong>phyrius</strong></span> <span class='ocrx_word' id='word_1_624' title='bbox 2239 2488 2595 2543; x_wconf 90' lang='lat' dir='ltr'><strong>admiratur:</strong></span> <span class='ocrx_word' id='word_1_625' title='bbox 2627 2488 2745 2546; x_wconf 91' lang='lat' dir='ltr'><strong>imo</strong></span> <span class='ocrx_word' id='word_1_626' title='bbox 2784 2506 2917 2546; x_wconf 92' lang='lat' dir='ltr'><strong>vero</strong></span> <span class='ocrx_word' id='word_1_627' title='bbox 2959 2493 3069 2546; x_wconf 89' lang='lat' dir='ltr'><strong>sub</strong></span> <span class='ocrx_word' id='word_1_628' title='bbox 3100 2493 3290 2563; x_wconf 88' lang='lat' dir='ltr'><strong>specie</strong></span> <span class='ocrx_word' id='word_1_629' title='bbox 3322 2493 3591 2549; x_wconf 88' lang='lat' dir='ltr'><strong>mirantis</strong></span> 
     </span>
    </p>
   </div>
   <div class='ocr_carea' id='block_1_91' title="bbox 1950 2568 3591 2645">
    <p class='ocr_par' dir='ltr' id='par_1_91' title="bbox 1950 2568 3591 2645">
     <span class='ocr_line' id='line_1_91' title="bbox 1950 2568 3591 2645; baseline 0.004 -24"><span class='ocrx_word' id='word_1_630' title='bbox 1950 2573 2005 2645; x_wconf 82' lang='lat' dir='ltr'><strong>et</strong></span> <span class='ocrx_word' id='word_1_631' title='bbox 2047 2581 2252 2622; x_wconf 90' lang='lat' dir='ltr'><strong>causas</strong></span> <span class='ocrx_word' id='word_1_632' title='bbox 2303 2584 2496 2623; x_wconf 90' lang='lat' dir='ltr'><strong>rerum</strong></span> <span class='ocrx_word' id='word_1_633' title='bbox 2544 2568 2750 2625; x_wconf 89' lang='lat' dir='ltr'><strong>talium</strong></span> <span class='ocrx_word' id='word_1_634' title='bbox 2800 2571 3172 2642; x_wconf 87' lang='lat' dir='ltr'><strong>requirentis,</strong></span> <span class='ocrx_word' id='word_1_635' title='bbox 3205 2574 3304 2627; x_wconf 89' lang='lat' dir='ltr'><strong>dat</strong></span> <span class='ocrx_word' id='word_1_636' title='bbox 3346 2573 3591 2645; x_wconf 87' lang='lat' dir='ltr'><strong>intelligi</strong></span> 
     </span>
    </p>
   </div>
   <div class='ocr_carea' id='block_1_92' title="bbox 1949 2644 3590 2724">
    <p class='ocr_par' dir='ltr' id='par_1_92' title="bbox 1949 2644 3590 2724">
     <span class='ocr_line' id='line_1_92' title="bbox 1949 2644 3590 2724; baseline 0.006 -26"><span class='ocrx_word' id='word_1_637' title='bbox 1949 2644 2083 2700; x_wconf 87' lang='lat' dir='ltr'><strong>illos</strong></span> <span class='ocrx_word' id='word_1_638' title='bbox 2133 2647 2256 2702; x_wconf 71' lang='lat' dir='ltr'><strong>haec</strong></span> <span class='ocrx_word' id='word_1_639' title='bbox 2286 2664 2454 2719; x_wconf 85' lang='lat' dir='ltr'><strong>agere</strong></span> <span class='ocrx_word' id='word_1_640' title='bbox 2494 2651 2759 2720; x_wconf 88' lang='lat' dir='ltr'><strong>spiritus,</strong></span> <span class='ocrx_word' id='word_1_641' title='bbox 2794 2668 3045 2722; x_wconf 89' lang='lat' dir='ltr'><strong>quorum</strong></span> <span class='ocrx_word' id='word_1_642' title='bbox 3091 2668 3275 2723; x_wconf 90' lang='lat' dir='ltr'><strong>genus</strong></span> <span class='ocrx_word' id='word_1_643' title='bbox 3321 2644 3590 2724; x_wconf 85' lang='lat' dir='ltr'><strong>superius</strong></span> 
     </span>
    </p>
   </div>
   <div class='ocr_carea' id='block_1_93' title="bbox 1947 2725 3591 2803">
    <p class='ocr_par' dir='ltr' id='par_1_93' title="bbox 1947 2725 3591 2803">
     <span class='ocr_line' id='line_1_93' title="bbox 1947 2725 3591 2803; baseline 0.006 -26"><span class='ocrx_word' id='word_1_644' title='bbox 1947 2725 2058 2778; x_wconf 90' lang='lat' dir='ltr'><strong>sub</strong></span> <span class='ocrx_word' id='word_1_645' title='bbox 2092 2725 2335 2781; x_wconf 89' lang='lat' dir='ltr'><strong>aliorum</strong></span> <span class='ocrx_word' id='word_1_646' title='bbox 2367 2729 2699 2799; x_wconf 89' lang='lat' dir='ltr'><strong>opinatione</strong></span> <span class='ocrx_word' id='word_1_647' title='bbox 2728 2731 3058 2800; x_wconf 87' lang='lat' dir='ltr'><strong>descripsit,</strong></span> <span class='ocrx_word' id='word_1_648' title='bbox 3092 2748 3229 2798; x_wconf 90' lang='lat' dir='ltr'><strong>non,</strong></span> <span class='ocrx_word' id='word_1_649' title='bbox 3264 2737 3327 2787; x_wconf 92' lang='lat' dir='ltr'><strong>ut</strong></span> <span class='ocrx_word' id='word_1_650' title='bbox 3348 2733 3472 2803; x_wconf 91' lang='lat' dir='ltr'><strong>ipse</strong></span> <span class='ocrx_word' id='word_1_651' title='bbox 3493 2749 3591 2803; x_wconf 84' lang='lat' dir='ltr'><strong>po-</strong></span> 
     </span>
    </p>
   </div>
   <div class='ocr_carea' id='block_1_94' title="bbox 1944 2804 3587 2880">
    <p class='ocr_par' dir='ltr' id='par_1_94' title="bbox 1944 2804 3587 2880">
     <span class='ocr_line' id='line_1_94' title="bbox 1944 2804 3587 2880; baseline 0.006 -24"><span class='ocrx_word' id='word_1_652' title='bbox 1944 2804 2079 2873; x_wconf 90' lang='lat' dir='ltr'><strong>suit,</strong></span> <span class='ocrx_word' id='word_1_653' title='bbox 2113 2811 2340 2873; x_wconf 88' lang='lat' dir='ltr'><strong>natura,</strong></span> <span class='ocrx_word' id='word_1_654' title='bbox 2388 2808 2489 2861; x_wconf 89' lang='lat' dir='ltr'><strong>sed</strong></span> <span class='ocrx_word' id='word_1_655' title='bbox 2522 2808 2657 2862; x_wconf 86' lang='lat' dir='ltr'><strong>vitio</strong></span> <span class='ocrx_word' id='word_1_656' title='bbox 2690 2808 2944 2873; x_wconf 85' lang='lat' dir='ltr'><strong>fallaces,</strong></span> <span class='ocrx_word' id='word_1_657' title='bbox 2996 2810 3095 2880; x_wconf 90' lang='lat' dir='ltr'><strong>qui</strong></span> <span class='ocrx_word' id='word_1_658' title='bbox 3129 2810 3409 2865; x_wconf 88' lang='lat' dir='ltr'><strong>simulant</strong></span> <span class='ocrx_word' id='word_1_659' title='bbox 3449 2811 3587 2866; x_wconf 89' lang='lat' dir='ltr'><strong>deos</strong></span> 
     </span>
    </p>
   </div>
   <div class='ocr_carea' id='block_1_95' title="bbox 1944 2883 3589 2957">
    <p class='ocr_par' dir='ltr' id='par_1_95' title="bbox 1944 2883 3589 2957">
     <span class='ocr_line' id='line_1_95' title="bbox 1944 2883 3589 2957; baseline 0.006 -22"><span class='ocrx_word' id='word_1_660' title='bbox 1944 2886 2000 2936; x_wconf 90' lang='lat' dir='ltr'><strong>et</strong></span> <span class='ocrx_word' id='word_1_661' title='bbox 2030 2883 2260 2939; x_wconf 87' lang='lat' dir='ltr'><strong>animas</strong></span> <span class='ocrx_word' id='word_1_662' title='bbox 2308 2885 2731 2954; x_wconf 88' lang='lat' dir='ltr'><strong>defunctorum,</strong></span> <span class='ocrx_word' id='word_1_663' title='bbox 2782 2889 3075 2945; x_wconf 65' lang='lat' dir='ltr'><strong>daemones</strong></span> <span class='ocrx_word' id='word_1_664' title='bbox 3124 2895 3317 2945; x_wconf 88' lang='lat' dir='ltr'><strong>autem</strong></span> <span class='ocrx_word' id='word_1_665' title='bbox 3354 2906 3489 2957; x_wconf 90' lang='lat' dir='ltr'><strong>non,</strong></span> <span class='ocrx_word' id='word_1_666' title='bbox 3526 2894 3589 2946; x_wconf 90' lang='lat' dir='ltr'><strong>ut</strong></span> 
     </span>
    </p>
   </div>
   <div class='ocr_carea' id='block_1_96' title="bbox 1942 2961 3583 3041">
    <p class='ocr_par' dir='ltr' id='par_1_96' title="bbox 1942 2961 3583 3041">
     <span class='ocr_line' id='line_1_96' title="bbox 1942 2961 3583 3041; baseline 0.007 -26"><span class='ocrx_word' id='word_1_667' title='bbox 1942 2961 2019 3041; x_wconf 88' lang='lat' dir='ltr'><strong>ait</strong></span> <span class='ocrx_word' id='word_1_668' title='bbox 2049 2962 2194 3033; x_wconf 89' lang='lat' dir='ltr'><strong>ipse,</strong></span> <span class='ocrx_word' id='word_1_669' title='bbox 2244 2964 2540 3036; x_wconf 89' lang='lat' dir='ltr'><strong>simulant,</strong></span> <span class='ocrx_word' id='word_1_670' title='bbox 2575 2970 2668 3021; x_wconf 90' lang='lat' dir='ltr'><strong>sed</strong></span> <span class='ocrx_word' id='word_1_671' title='bbox 2703 2968 2870 3038; x_wconf 88' lang='lat' dir='ltr'><strong>plane</strong></span> <span class='ocrx_word' id='word_1_672' title='bbox 2920 2975 3077 3023; x_wconf 90' lang='lat' dir='ltr'><strong>sunt.</strong></span> <span class='ocrx_word' id='word_1_673' title='bbox 3126 2972 3194 3025; x_wconf 89' lang='lat' dir='ltr'><strong>Et</strong></span> <span class='ocrx_word' id='word_1_674' title='bbox 3225 2972 3379 3041; x_wconf 89' lang='lat' dir='ltr'><strong>quod</strong></span> <span class='ocrx_word' id='word_1_675' title='bbox 3421 2974 3472 3025; x_wconf 89' lang='lat' dir='ltr'><strong>ei</strong></span> <span class='ocrx_word' id='word_1_676' title='bbox 3503 2971 3583 3025; x_wconf 58' lang='lat' dir='ltr'><strong>vi.</strong></span> 
     </span>
    </p>
   </div>
   <div class='ocr_carea' id='block_1_97' title="bbox 1945 3040 3588 3117">
    <p class='ocr_par' dir='ltr' id='par_1_97' title="bbox 1945 3040 3588 3117">
     <span class='ocr_line' id='line_1_97' title="bbox 1945 3040 3588 3117; baseline 0.006 -23"><span class='ocrx_word' id='word_1_677' title='bbox 1945 3040 2115 3097; x_wconf 89' lang='lat' dir='ltr'><strong>detur</strong></span> <span class='ocrx_word' id='word_1_678' title='bbox 2146 3044 2339 3100; x_wconf 82' lang='lat' dir='ltr'><strong>herbis</strong></span> <span class='ocrx_word' id='word_1_679' title='bbox 2387 3050 2443 3100; x_wconf 88' lang='lat' dir='ltr'><strong>et</strong></span> <span class='ocrx_word' id='word_1_680' title='bbox 2474 3046 2763 3117; x_wconf 87' lang='lat' dir='ltr'><strong>lapidibus</strong></span> <span class='ocrx_word' id='word_1_681' title='bbox 2793 3053 2849 3103; x_wconf 90' lang='lat' dir='ltr'><strong>et</strong></span> <span class='ocrx_word' id='word_1_682' title='bbox 2889 3040 3293 3105; x_wconf 88' lang='lat' dir='ltr'><strong>animantibus</strong></span> <span class='ocrx_word' id='word_1_683' title='bbox 3325 3056 3381 3106; x_wconf 89' lang='lat' dir='ltr'><strong>et</strong></span> <span class='ocrx_word' id='word_1_684' title='bbox 3428 3051 3588 3106; x_wconf 89' lang='lat' dir='ltr'><strong>sonis</strong></span> 
     </span>
    </p>
   </div>
   <div class='ocr_carea' id='block_1_98' title="bbox 1943 3124 3591 3200">
    <p class='ocr_par' dir='ltr' id='par_1_98' title="bbox 1943 3124 3591 3200">
     <span class='ocr_line' id='line_1_98' title="bbox 1943 3124 3591 3200; baseline 0.006 -25"><span class='ocrx_word' id='word_1_685' title='bbox 1943 3126 2121 3177; x_wconf 87' lang='lat' dir='ltr'><strong>certis</strong></span> <span class='ocrx_word' id='word_1_686' title='bbox 2179 3124 2526 3194; x_wconf 87' lang='lat' dir='ltr'><strong>quibusdam</strong></span> <span class='ocrx_word' id='word_1_687' title='bbox 2588 3142 2653 3181; x_wconf 88' lang='lat' dir='ltr'><strong>ac</strong></span> <span class='ocrx_word' id='word_1_688' title='bbox 2700 3128 2963 3198; x_wconf 88' lang='lat' dir='ltr'><strong>vocibus,</strong></span> <span class='ocrx_word' id='word_1_689' title='bbox 3024 3134 3083 3184; x_wconf 88' lang='lat' dir='ltr'><strong>et</strong></span> <span class='ocrx_word' id='word_1_690' title='bbox 3140 3130 3591 3200; x_wconf 87' lang='lat' dir='ltr'><strong>figurationibus</strong></span> 
     </span>
    </p>
   </div>
   <div class='ocr_carea' id='block_1_99' title="bbox 1943 3206 3593 3277">
    <p class='ocr_par' dir='ltr' id='par_1_99' title="bbox 1943 3206 3593 3277">
     <span class='ocr_line' id='line_1_99' title="bbox 1943 3206 3593 3277; baseline 0.004 -22"><span class='ocrx_word' id='word_1_691' title='bbox 1943 3208 2115 3274; x_wconf 89' lang='lat' dir='ltr'><strong>atque</strong></span> <span class='ocrx_word' id='word_1_692' title='bbox 2165 3206 2477 3276; x_wconf 80' lang='lat' dir='ltr'><strong>ﬁgmentis,</strong></span> <span class='ocrx_word' id='word_1_693' title='bbox 2530 3206 2880 3277; x_wconf 89' lang='lat' dir='ltr'><strong>quibusdam</strong></span> <span class='ocrx_word' id='word_1_694' title='bbox 2939 3209 3113 3265; x_wconf 89' lang='lat' dir='ltr'><strong>etiam</strong></span> <span class='ocrx_word' id='word_1_695' title='bbox 3162 3211 3484 3265; x_wconf 90' lang='lat' dir='ltr'><strong>observatis</strong></span> <span class='ocrx_word' id='word_1_696' title='bbox 3534 3211 3593 3263; x_wconf 91' lang='lat' dir='ltr'><strong>in</strong></span> 
     </span>
    </p>
   </div>
   <div class='ocr_carea' id='block_1_100' title="bbox 1944 3286 3595 3355">
    <p class='ocr_par' dir='ltr' id='par_1_100' title="bbox 1944 3286 3595 3355">
     <span class='ocr_line' id='line_1_100' title="bbox 1944 3286 3595 3355; baseline 0.002 -13"><span class='ocrx_word' id='word_1_697' title='bbox 1944 3286 2071 3342; x_wconf 62' lang='lat' dir='ltr'><strong>caeli</strong></span> <span class='ocrx_word' id='word_1_698' title='bbox 2123 3288 2498 3342; x_wconf 91' lang='lat' dir='ltr'><strong>conversione</strong></span> <span class='ocrx_word' id='word_1_699' title='bbox 2549 3288 2804 3344; x_wconf 89' lang='lat' dir='ltr'><strong>motibus</strong></span> <span class='ocrx_word' id='word_1_700' title='bbox 2864 3289 3143 3355; x_wconf 87' lang='lat' dir='ltr'><strong>siderum,</strong></span> <span class='ocrx_word' id='word_1_701' title='bbox 3211 3292 3476 3345; x_wconf 88' lang='lat' dir='ltr'><strong>fabricari</strong></span> <span class='ocrx_word' id='word_1_702' title='bbox 3537 3292 3595 3345; x_wconf 90' lang='lat' dir='ltr'><strong>in</strong></span> 
     </span>
    </p>
   </div>
   <div class='ocr_carea' id='block_1_101' title="bbox 1945 3365 3598 3436">
    <p class='ocr_par' dir='ltr' id='par_1_101' title="bbox 1945 3365 3598 3436">
     <span class='ocr_line' id='line_1_101' title="bbox 1945 3365 3598 3436; baseline 0.002 -16"><span class='ocrx_word' id='word_1_703' title='bbox 1945 3371 2101 3420; x_wconf 88' lang='lat' dir='ltr'><strong>terra</strong></span> <span class='ocrx_word' id='word_1_704' title='bbox 2130 3366 2202 3419; x_wconf 89' lang='lat' dir='ltr'><strong>ab</strong></span> <span class='ocrx_word' id='word_1_705' title='bbox 2235 3365 2576 3421; x_wconf 89' lang='lat' dir='ltr'><strong>hominibus</strong></span> <span class='ocrx_word' id='word_1_706' title='bbox 2607 3373 2918 3436; x_wconf 89' lang='lat' dir='ltr'><strong>potestates</strong></span> <span class='ocrx_word' id='word_1_707' title='bbox 2950 3370 3187 3424; x_wconf 88' lang='lat' dir='ltr'><strong>idoneas</strong></span> <span class='ocrx_word' id='word_1_708' title='bbox 3218 3371 3394 3425; x_wconf 89' lang='lat' dir='ltr'><strong>variis</strong></span> <span class='ocrx_word' id='word_1_709' title='bbox 3425 3370 3598 3424; x_wconf 77' lang='lat' dir='ltr'><strong>effec-</strong></span> 
     </span>
    </p>
   </div>
   <div class='ocr_carea' id='block_1_102' title="bbox 1946 3444 3600 3519">
    <p class='ocr_par' dir='ltr' id='par_1_102' title="bbox 1946 3444 3600 3519">
     <span class='ocr_line' id='line_1_102' title="bbox 1946 3444 3600 3519; baseline 0.003 -22"><span class='ocrx_word' id='word_1_710' title='bbox 1946 3446 2100 3498; x_wconf 90' lang='lat' dir='ltr'><strong>tibus</strong></span> <span class='ocrx_word' id='word_1_711' title='bbox 2129 3444 2542 3513; x_wconf 82' lang='lat' dir='ltr'><strong>exsequendis;</strong></span> <span class='ocrx_word' id='word_1_712' title='bbox 2578 3452 2760 3499; x_wconf 90' lang='lat' dir='ltr'><strong>totum</strong></span> <span class='ocrx_word' id='word_1_713' title='bbox 2794 3446 2903 3501; x_wconf 88' lang='lat' dir='ltr'><strong>hoc</strong></span> <span class='ocrx_word' id='word_1_714' title='bbox 2935 3448 3003 3499; x_wconf 89' lang='lat' dir='ltr'><strong>ad</strong></span> <span class='ocrx_word' id='word_1_715' title='bbox 3038 3448 3274 3501; x_wconf 84' lang='lat' dir='ltr'><strong>eosdem</strong></span> <span class='ocrx_word' id='word_1_716' title='bbox 3310 3450 3463 3519; x_wconf 89' lang='lat' dir='ltr'><strong>ipsos</strong></span> <span class='ocrx_word' id='word_1_717' title='bbox 3485 3449 3600 3501; x_wconf 69' lang='lat' dir='ltr'><strong>dae-</strong></span> 
     </span>
    </p>
   </div>
   <div class='ocr_carea' id='block_1_103' title="bbox 1946 3524 3599 3591">
    <p class='ocr_par' dir='ltr' id='par_1_103' title="bbox 1946 3524 3599 3591">
     <span class='ocr_line' id='line_1_103' title="bbox 1946 3524 3599 3591; baseline 0.001 -13"><span class='ocrx_word' id='word_1_718' title='bbox 1946 3538 2150 3578; x_wconf 88' lang='lat' dir='ltr'><strong>mones</strong></span> <span class='ocrx_word' id='word_1_719' title='bbox 2173 3525 2417 3591; x_wconf 89' lang='lat' dir='ltr'><strong>pertinet</strong></span> <span class='ocrx_word' id='word_1_720' title='bbox 2440 3524 2832 3579; x_wconf 84' lang='lat' dir='ltr'><strong>ludiﬁcatores</strong></span> <span class='ocrx_word' id='word_1_721' title='bbox 2853 3526 3175 3578; x_wconf 88' lang='lat' dir='ltr'><strong>animarum</strong></span> <span class='ocrx_word' id='word_1_722' title='bbox 3199 3527 3436 3579; x_wconf 86' lang='lat' dir='ltr'><strong>sibimet</strong></span> <span class='ocrx_word' id='word_1_723' title='bbox 3464 3528 3599 3579; x_wconf 86' lang='lat' dir='ltr'><strong>sub-</strong></span> 
     </span>
    </p>
   </div>
   <div class='ocr_carea' id='block_1_104' title="bbox 1947 3602 3598 3672">
    <p class='ocr_par' dir='ltr' id='par_1_104' title="bbox 1947 3602 3598 3672">
     <span class='ocr_line' id='line_1_104' title="bbox 1947 3602 3598 3672; baseline 0 -15"><span class='ocrx_word' id='word_1_724' title='bbox 1947 3604 2228 3666; x_wconf 89' lang='lat' dir='ltr'><strong>ditarum,</strong></span> <span class='ocrx_word' id='word_1_725' title='bbox 2269 3614 2322 3656; x_wconf 93' lang='lat' dir='ltr'><strong>et</strong></span> <span class='ocrx_word' id='word_1_726' title='bbox 2363 3604 2727 3672; x_wconf 84' lang='lat' dir='ltr'><strong>voluptuaria</strong></span> <span class='ocrx_word' id='word_1_727' title='bbox 2758 3603 2869 3657; x_wconf 89' lang='lat' dir='ltr'><strong>sibi</strong></span> <span class='ocrx_word' id='word_1_728' title='bbox 2904 3602 3156 3656; x_wconf 86' lang='lat' dir='ltr'><strong>ludibria</strong></span> <span class='ocrx_word' id='word_1_729' title='bbox 3187 3606 3256 3657; x_wconf 93' lang='lat' dir='ltr'><strong>de</strong></span> <span class='ocrx_word' id='word_1_730' title='bbox 3296 3605 3598 3657; x_wconf 87' lang='lat' dir='ltr'><strong>hominum</strong></span> 
     </span>
    </p>
   </div>
   <div class='ocr_carea' id='block_1_105' title="bbox 1948 3682 3603 3752">
    <p class='ocr_par' dir='ltr' id='par_1_105' title="bbox 1948 3682 3603 3752">
     <span class='ocr_line' id='line_1_105' title="bbox 1948 3682 3603 3752; baseline -0.001 -14"><span class='ocrx_word' id='word_1_731' title='bbox 1948 3684 2244 3738; x_wconf 87' lang='lat' dir='ltr'><strong>erroribus</strong></span> <span class='ocrx_word' id='word_1_732' title='bbox 2275 3683 2636 3736; x_wconf 85' lang='lat' dir='ltr'><strong>exhibentes.</strong></span> <span class='ocrx_word' id='word_1_733' title='bbox 2672 3688 2787 3736; x_wconf 87' lang='lat' dir='ltr'><strong>Aut</strong></span> <span class='ocrx_word' id='word_1_734' title='bbox 2828 3698 2963 3752; x_wconf 89' lang='lat' dir='ltr'><strong>ergo</strong></span> <span class='ocrx_word' id='word_1_735' title='bbox 3005 3698 3203 3737; x_wconf 90' lang='lat' dir='ltr'><strong>revera</strong></span> <span class='ocrx_word' id='word_1_736' title='bbox 3234 3682 3515 3735; x_wconf 89' lang='lat' dir='ltr'><strong>dubitans</strong></span> <span class='ocrx_word' id='word_1_737' title='bbox 3546 3688 3603 3737; x_wconf 89' lang='lat' dir='ltr'><strong>et</strong></span> 
     </span>
    </p>
   </div>
   <div class='ocr_carea' id='block_1_106' title="bbox 1949 3761 3599 3834">
    <p class='ocr_par' dir='ltr' id='par_1_106' title="bbox 1949 3761 3599 3834">
     <span class='ocr_line' id='line_1_106' title="bbox 1949 3761 3599 3834; baseline -0.001 -17"><span class='ocrx_word' id='word_1_738' title='bbox 1949 3762 2256 3834; x_wconf 89' lang='lat' dir='ltr'><strong>inquirens</strong></span> <span class='ocrx_word' id='word_1_739' title='bbox 2289 3763 2397 3815; x_wconf 90' lang='lat' dir='ltr'><strong>ista</strong></span> <span class='ocrx_word' id='word_1_740' title='bbox 2432 3761 2803 3832; x_wconf 76' lang='lat' dir='ltr'><strong>Porphyrius,</strong></span> <span class='ocrx_word' id='word_1_741' title='bbox 2837 3779 2899 3816; x_wconf 89' lang='lat' dir='ltr'><strong>ea</strong></span> <span class='ocrx_word' id='word_1_742' title='bbox 2934 3768 3125 3817; x_wconf 89' lang='lat' dir='ltr'><strong>tamen</strong></span> <span class='ocrx_word' id='word_1_743' title='bbox 3161 3766 3599 3828; x_wconf 88' lang='lat' dir='ltr'><strong>commemorat,</strong></span> 
     </span>
    </p>
   </div>
   <div class='ocr_carea' id='block_1_107' title="bbox 1948 3843 3601 3914">
    <p class='ocr_par' dir='ltr' id='par_1_107' title="bbox 1948 3843 3601 3914">
     <span class='ocr_line' id='line_1_107' title="bbox 1948 3843 3601 3914; baseline 0.001 -17"><span class='ocrx_word' id='word_1_744' title='bbox 1948 3846 2162 3914; x_wconf 85' lang='lat' dir='ltr'><strong>quibus</strong></span> <span class='ocrx_word' id='word_1_745' title='bbox 2208 3843 2625 3897; x_wconf 81' lang='lat' dir='ltr'><strong>convincuntur</strong></span> <span class='ocrx_word' id='word_1_746' title='bbox 2663 3852 2716 3896; x_wconf 87' lang='lat' dir='ltr'><strong>et</strong></span> <span class='ocrx_word' id='word_1_747' title='bbox 2764 3843 3209 3911; x_wconf 85' lang='lat' dir='ltr'><strong>redarguantur,</strong></span> <span class='ocrx_word' id='word_1_748' title='bbox 3259 3859 3365 3897; x_wconf 90' lang='lat' dir='ltr'><strong>nec</strong></span> <span class='ocrx_word' id='word_1_749' title='bbox 3395 3845 3462 3895; x_wconf 90' lang='lat' dir='ltr'><strong>ad</strong></span> <span class='ocrx_word' id='word_1_750' title='bbox 3504 3859 3601 3899; x_wconf 89' lang='lat' dir='ltr'><strong>eas</strong></span> 
     </span>
    </p>
   </div>
   <div class='ocr_carea' id='block_1_108' title="bbox 1948 3922 3603 3995">
    <p class='ocr_par' dir='ltr' id='par_1_108' title="bbox 1948 3922 3603 3995">
     <span class='ocr_line' id='line_1_108' title="bbox 1948 3922 3603 3995; baseline 0 -17"><span class='ocrx_word' id='word_1_751' title='bbox 1948 3928 2264 3995; x_wconf 86' lang='lat' dir='ltr'><strong>potestates</strong></span> <span class='ocrx_word' id='word_1_752' title='bbox 2294 3939 2420 3993; x_wconf 53' lang='lat' dir='ltr'><strong>quas</strong></span> <span class='ocrx_word' id='word_1_753' title='bbox 2472 3922 2637 3978; x_wconf 88' lang='lat' dir='ltr'><strong>nobis</strong></span> <span class='ocrx_word' id='word_1_754' title='bbox 2666 3924 2734 3977; x_wconf 90' lang='lat' dir='ltr'><strong>ad</strong></span> <span class='ocrx_word' id='word_1_755' title='bbox 2787 3924 3013 3977; x_wconf 82' lang='lat' dir='ltr'><strong>beatam</strong></span> <span class='ocrx_word' id='word_1_756' title='bbox 3058 3922 3236 3976; x_wconf 88' lang='lat' dir='ltr'><strong>vitam</strong></span> <span class='ocrx_word' id='word_1_757' title='bbox 3287 3936 3603 3992; x_wconf 90' lang='lat' dir='ltr'><strong>capessen-</strong></span> 
     </span>
    </p>
   </div>
   <div class='ocr_carea' id='block_1_109' title="bbox 1948 4003 3603 4074">
    <p class='ocr_par' dir='ltr' id='par_1_109' title="bbox 1948 4003 3603 4074">
     <span class='ocr_line' id='line_1_109' title="bbox 1948 4003 3603 4074; baseline -0.001 -14"><span class='ocrx_word' id='word_1_758' title='bbox 1948 4007 2078 4060; x_wconf 89' lang='lat' dir='ltr'><strong>dam</strong></span> <span class='ocrx_word' id='word_1_759' title='bbox 2122 4006 2331 4071; x_wconf 88' lang='lat' dir='ltr'><strong>favent,</strong></span> <span class='ocrx_word' id='word_1_760' title='bbox 2368 4004 2466 4058; x_wconf 92' lang='lat' dir='ltr'><strong>sed</strong></span> <span class='ocrx_word' id='word_1_761' title='bbox 2501 4007 2572 4058; x_wconf 91' lang='lat' dir='ltr'><strong>ad</strong></span> <span class='ocrx_word' id='word_1_762' title='bbox 2620 4004 2955 4074; x_wconf 89' lang='lat' dir='ltr'><strong>deceptores</strong></span> <span class='ocrx_word' id='word_1_763' title='bbox 2992 4003 3283 4058; x_wconf 61' lang='lat' dir='ltr'><strong>daemones</strong></span> <span class='ocrx_word' id='word_1_764' title='bbox 3316 4005 3603 4073; x_wconf 88' lang='lat' dir='ltr'><strong>pertinere</strong></span> 
     </span>
    </p>
   </div>
   <div class='ocr_carea' id='block_1_110' title="bbox 1948 4082 3601 4155">
    <p class='ocr_par' dir='ltr' id='par_1_110' title="bbox 1948 4082 3601 4155">
     <span class='ocr_line' id='line_1_110' title="bbox 1948 4082 3601 4155; baseline -0.001 -14"><span class='ocrx_word' id='word_1_765' title='bbox 1948 4088 2382 4142; x_wconf 83' lang='lat' dir='ltr'><strong>monstrantur:</strong></span> <span class='ocrx_word' id='word_1_766' title='bbox 2418 4090 2536 4150; x_wconf 88' lang='lat' dir='ltr'><strong>aut,</strong></span> <span class='ocrx_word' id='word_1_767' title='bbox 2575 4088 2636 4138; x_wconf 94' lang='lat' dir='ltr'><strong>ut</strong></span> <span class='ocrx_word' id='word_1_768' title='bbox 2668 4084 2900 4139; x_wconf 87' lang='lat' dir='ltr'><strong>meliora</strong></span> <span class='ocrx_word' id='word_1_769' title='bbox 2931 4086 3000 4139; x_wconf 93' lang='lat' dir='ltr'><strong>de</strong></span> <span class='ocrx_word' id='word_1_770' title='bbox 3030 4082 3372 4154; x_wconf 86' lang='lat' dir='ltr'><strong>philosopho</strong></span> <span class='ocrx_word' id='word_1_771' title='bbox 3405 4084 3601 4155; x_wconf 84' lang='lat' dir='ltr'><strong>suspi-</strong></span> 
     </span>
    </p>
   </div>
   <div class='ocr_carea' id='block_1_111' title="bbox 1948 4163 3604 4236">
    <p class='ocr_par' dir='ltr' id='par_1_111' title="bbox 1948 4163 3604 4236">
     <span class='ocr_line' id='line_1_111' title="bbox 1948 4163 3604 4236; baseline -0.002 -14"><span class='ocrx_word' id='word_1_772' title='bbox 1948 4183 2170 4233; x_wconf 91' lang='lat' dir='ltr'><strong>cemur,</strong></span> <span class='ocrx_word' id='word_1_773' title='bbox 2218 4181 2284 4220; x_wconf 91' lang='lat' dir='ltr'><strong>eo</strong></span> <span class='ocrx_word' id='word_1_774' title='bbox 2324 4164 2495 4220; x_wconf 90' lang='lat' dir='ltr'><strong>modo</strong></span> <span class='ocrx_word' id='word_1_775' title='bbox 2541 4164 2721 4219; x_wconf 89' lang='lat' dir='ltr'><strong>voluit</strong></span> <span class='ocrx_word' id='word_1_776' title='bbox 2769 4163 3067 4219; x_wconf 90' lang='lat' dir='ltr'><strong>hominem</strong></span> <span class='ocrx_word' id='word_1_777' title='bbox 3098 4165 3431 4236; x_wconf 75' lang='lat' dir='ltr'><strong>Egyptium</strong></span> <span class='ocrx_word' id='word_1_778' title='bbox 3465 4163 3604 4218; x_wconf 88' lang='lat' dir='ltr'><strong>tali-</strong></span> 
     </span>
    </p>
   </div>
   <div class='ocr_carea' id='block_1_112' title="bbox 1948 4243 3602 4315">
    <p class='ocr_par' dir='ltr' id='par_1_112' title="bbox 1948 4243 3602 4315">
     <span class='ocr_line' id='line_1_112' title="bbox 1948 4243 3602 4315; baseline -0.001 -14"><span class='ocrx_word' id='word_1_779' title='bbox 1948 4246 2058 4301; x_wconf 90' lang='lat' dir='ltr'><strong>bus</strong></span> <span class='ocrx_word' id='word_1_780' title='bbox 2090 4245 2383 4301; x_wconf 86' lang='lat' dir='ltr'><strong>erroribus</strong></span> <span class='ocrx_word' id='word_1_781' title='bbox 2424 4244 2709 4311; x_wconf 89' lang='lat' dir='ltr'><strong>deditum,</strong></span> <span class='ocrx_word' id='word_1_782' title='bbox 2752 4250 2811 4298; x_wconf 91' lang='lat' dir='ltr'><strong>et</strong></span> <span class='ocrx_word' id='word_1_783' title='bbox 2856 4243 3052 4315; x_wconf 85' lang='lat' dir='ltr'><strong>aliqua</strong></span> <span class='ocrx_word' id='word_1_784' title='bbox 3091 4260 3301 4315; x_wconf 87' lang='lat' dir='ltr'><strong>magna</strong></span> <span class='ocrx_word' id='word_1_785' title='bbox 3339 4260 3402 4299; x_wconf 89' lang='lat' dir='ltr'><strong>se</strong></span> <span class='ocrx_word' id='word_1_786' title='bbox 3453 4244 3602 4300; x_wconf 88' lang='lat' dir='ltr'><strong>scire</strong></span> 
     </span>
    </p>
   </div>
   <div class='ocr_carea' id='block_1_113' title="bbox 1949 4326 3601 4397">
    <p class='ocr_par' dir='ltr' id='par_1_113' title="bbox 1949 4326 3601 4397">
     <span class='ocr_line' id='line_1_113' title="bbox 1949 4326 3601 4397; baseline 0 -16"><span class='ocrx_word' id='word_1_787' title='bbox 1949 4327 2307 4397; x_wconf 90' lang='lat' dir='ltr'><strong>cpinantem,</strong></span> <span class='ocrx_word' id='word_1_788' title='bbox 2341 4341 2457 4380; x_wconf 90' lang='lat' dir='ltr'><strong>non</strong></span> <span class='ocrx_word' id='word_1_789' title='bbox 2498 4326 2749 4395; x_wconf 89' lang='lat' dir='ltr'><strong>superba</strong></span> <span class='ocrx_word' id='word_1_790' title='bbox 2780 4326 2947 4394; x_wconf 88' lang='lat' dir='ltr'><strong>quasi</strong></span> <span class='ocrx_word' id='word_1_791' title='bbox 2976 4326 3316 4379; x_wconf 87' lang='lat' dir='ltr'><strong>auctoritate</strong></span> <span class='ocrx_word' id='word_1_792' title='bbox 3346 4326 3601 4382; x_wconf 88' lang='lat' dir='ltr'><strong>doctoris</strong></span> 
     </span>
    </p>
   </div>
   <div class='ocr_carea' id='block_1_114' title="bbox 1951 4404 3601 4476">
    <p class='ocr_par' dir='ltr' id='par_1_114' title="bbox 1951 4404 3601 4476">
     <span class='ocr_line' id='line_1_114' title="bbox 1951 4404 3601 4476; baseline -0.001 -14"><span class='ocrx_word' id='word_1_793' title='bbox 1951 4407 2261 4472; x_wconf 84' lang='lat' dir='ltr'><strong>offendere,</strong></span> <span class='ocrx_word' id='word_1_794' title='bbox 2301 4422 2403 4461; x_wconf 92' lang='lat' dir='ltr'><strong>nec</strong></span> <span class='ocrx_word' id='word_1_795' title='bbox 2437 4413 2631 4476; x_wconf 87' lang='lat' dir='ltr'><strong>aperte</strong></span> <span class='ocrx_word' id='word_1_796' title='bbox 2672 4406 3035 4460; x_wconf 90' lang='lat' dir='ltr'><strong>adversantis</strong></span> <span class='ocrx_word' id='word_1_797' title='bbox 3075 4404 3449 4462; x_wconf 87' lang='lat' dir='ltr'><strong>altercatione</strong></span> <span class='ocrx_word' id='word_1_798' title='bbox 3480 4415 3601 4461; x_wconf 86' lang='lat' dir='ltr'><strong>tur-</strong></span> 
     </span>
    </p>
   </div>
   <div class='ocr_carea' id='block_1_115' title="bbox 1951 4486 3599 4559">
    <p class='ocr_par' dir='ltr' id='par_1_115' title="bbox 1951 4486 3599 4559">
     <span class='ocr_line' id='line_1_115' title="bbox 1951 4486 3599 4559; baseline 0.001 -17"><span class='ocrx_word' id='word_1_799' title='bbox 1951 4488 2105 4554; x_wconf 85' lang='lat' dir='ltr'><strong>bare,</strong></span> <span class='ocrx_word' id='word_1_800' title='bbox 2140 4487 2239 4542; x_wconf 90' lang='lat' dir='ltr'><strong>sed</strong></span> <span class='ocrx_word' id='word_1_801' title='bbox 2273 4486 2444 4557; x_wconf 88' lang='lat' dir='ltr'><strong>quasi</strong></span> <span class='ocrx_word' id='word_1_802' title='bbox 2477 4488 2786 4556; x_wconf 68' lang='lat' dir='ltr'><strong>quaerentis</strong></span> <span class='ocrx_word' id='word_1_803' title='bbox 2816 4491 2872 4540; x_wconf 93' lang='lat' dir='ltr'><strong>et</strong></span> <span class='ocrx_word' id='word_1_804' title='bbox 2903 4487 3130 4543; x_wconf 92' lang='lat' dir='ltr'><strong>discere</strong></span> <span class='ocrx_word' id='word_1_805' title='bbox 3169 4487 3461 4559; x_wconf 87' lang='lat' dir='ltr'><strong>cupientis</strong></span> <span class='ocrx_word' id='word_1_806' title='bbox 3492 4486 3599 4543; x_wconf 88' lang='lat' dir='ltr'><strong>hu-</strong></span> 
     </span>
    </p>
   </div>
   <div class='ocr_carea' id='block_1_116' title="bbox 1951 4568 3599 4642">
    <p class='ocr_par' dir='ltr' id='par_1_116' title="bbox 1951 4568 3599 4642">
     <span class='ocr_line' id='line_1_116' title="bbox 1951 4568 3599 4642; baseline 0 -20"><span class='ocrx_word' id='word_1_807' title='bbox 1951 4568 2199 4624; x_wconf 88' lang='lat' dir='ltr'><strong>militate</strong></span> <span class='ocrx_word' id='word_1_808' title='bbox 2230 4569 2301 4623; x_wconf 89' lang='lat' dir='ltr'><strong>ad</strong></span> <span class='ocrx_word' id='word_1_809' title='bbox 2334 4585 2402 4623; x_wconf 89' lang='lat' dir='ltr'><strong>ea</strong></span> <span class='ocrx_word' id='word_1_810' title='bbox 2441 4569 2751 4640; x_wconf 87' lang='lat' dir='ltr'><strong>cogitanda</strong></span> <span class='ocrx_word' id='word_1_811' title='bbox 2783 4574 3137 4637; x_wconf 88' lang='lat' dir='ltr'><strong>convertere,</strong></span> <span class='ocrx_word' id='word_1_812' title='bbox 3170 4575 3226 4624; x_wconf 89' lang='lat' dir='ltr'><strong>et</strong></span> <span class='ocrx_word' id='word_1_813' title='bbox 3268 4585 3445 4642; x_wconf 90' lang='lat' dir='ltr'><strong>quam</strong></span> <span class='ocrx_word' id='word_1_814' title='bbox 3479 4568 3599 4623; x_wconf 91' lang='lat' dir='ltr'><strong>sint</strong></span> 
     </span>
    </p>
   </div>
   <div class='ocr_carea' id='block_1_117' title="bbox 1950 4647 3601 4705">
    <p class='ocr_par' dir='ltr' id='par_1_117' title="bbox 1950 4647 3601 4705">
     <span class='ocr_line' id='line_1_117' title="bbox 1950 4647 3601 4705; baseline -0.001 -3"><span class='ocrx_word' id='word_1_815' title='bbox 1950 4649 2375 4704; x_wconf 90' lang='lat' dir='ltr'><strong>contemnenda</strong></span> <span class='ocrx_word' id='word_1_816' title='bbox 2407 4648 2491 4703; x_wconf 91' lang='lat' dir='ltr'><strong>vel</strong></span> <span class='ocrx_word' id='word_1_817' title='bbox 2514 4649 2687 4704; x_wconf 89' lang='lat' dir='ltr'><strong>etiam</strong></span> <span class='ocrx_word' id='word_1_818' title='bbox 2725 4650 3034 4705; x_wconf 87' lang='lat' dir='ltr'><strong>devitanda</strong></span> <span class='ocrx_word' id='word_1_819' title='bbox 3058 4654 3400 4705; x_wconf 86' lang='lat' dir='ltr'><strong>monstrare.</strong></span> <span class='ocrx_word' id='word_1_820' title='bbox 3435 4647 3601 4702; x_wconf 86' lang='lat' dir='ltr'><strong>Deni-</strong></span> 
     </span>
    </p>
   </div>
   <div class='ocr_carea' id='block_1_118' title="bbox 1951 4728 3596 4800">
    <p class='ocr_par' dir='ltr' id='par_1_118' title="bbox 1951 4728 3596 4800">
     <span class='ocr_line' id='line_1_118' title="bbox 1951 4728 3596 4800; baseline -0.001 -18"><span class='ocrx_word' id='word_1_821' title='bbox 1951 4743 2063 4797; x_wconf 91' lang='lat' dir='ltr'><strong>que</strong></span> <span class='ocrx_word' id='word_1_822' title='bbox 2096 4744 2273 4799; x_wconf 83' lang='lat' dir='ltr'><strong>prope</strong></span> <span class='ocrx_word' id='word_1_823' title='bbox 2305 4730 2376 4783; x_wconf 90' lang='lat' dir='ltr'><strong>ad</strong></span> <span class='ocrx_word' id='word_1_824' title='bbox 2420 4730 2675 4800; x_wconf 68' lang='lat' dir='ltr'><strong>epistolae</strong></span> <span class='ocrx_word' id='word_1_825' title='bbox 2707 4730 2880 4784; x_wconf 86' lang='lat' dir='ltr'><strong>ﬁnem</strong></span> <span class='ocrx_word' id='word_1_826' title='bbox 2913 4733 3057 4799; x_wconf 89' lang='lat' dir='ltr'><strong>petit</strong></span> <span class='ocrx_word' id='word_1_827' title='bbox 3090 4746 3151 4785; x_wconf 91' lang='lat' dir='ltr'><strong>se</strong></span> <span class='ocrx_word' id='word_1_828' title='bbox 3182 4729 3253 4783; x_wconf 89' lang='lat' dir='ltr'><strong>ab</strong></span> <span class='ocrx_word' id='word_1_829' title='bbox 3284 4745 3349 4782; x_wconf 92' lang='lat' dir='ltr'><strong>eo</strong></span> <span class='ocrx_word' id='word_1_830' title='bbox 3383 4728 3596 4794; x_wconf 89' lang='lat' dir='ltr'><strong>doceri,</strong></span> 
     </span>
    </p>
   </div>
   <div class='ocr_carea' id='block_1_119' title="bbox 1950 4808 3594 4877">
    <p class='ocr_par' dir='ltr' id='par_1_119' title="bbox 1950 4808 3594 4877">
     <span class='ocr_line' id='line_1_119' title="bbox 1950 4808 3594 4877; baseline -0.001 -16"><span class='ocrx_word' id='word_1_831' title='bbox 1950 4824 2072 4877; x_wconf 74' lang='lat' dir='ltr'><strong>quas</strong></span> <span class='ocrx_word' id='word_1_832' title='bbox 2104 4809 2178 4863; x_wconf 88' lang='lat' dir='ltr'><strong>sit</strong></span> <span class='ocrx_word' id='word_1_833' title='bbox 2217 4810 2287 4863; x_wconf 88' lang='lat' dir='ltr'><strong>ad</strong></span> <span class='ocrx_word' id='word_1_834' title='bbox 2320 4810 2741 4864; x_wconf 88' lang='lat' dir='ltr'><strong>beatitudinem</strong></span> <span class='ocrx_word' id='word_1_835' title='bbox 2773 4811 2866 4861; x_wconf 90' lang='lat' dir='ltr'><strong>via</strong></span> <span class='ocrx_word' id='word_1_836' title='bbox 2897 4824 2961 4861; x_wconf 85' lang='lat' dir='ltr'><strong>ex</strong></span> <span class='ocrx_word' id='word_1_837' title='bbox 2994 4809 3253 4877; x_wconf 73' lang='lat' dir='ltr'><strong>)Egyptia</strong></span> <span class='ocrx_word' id='word_1_838' title='bbox 3289 4808 3594 4876; x_wconf 87' lang='lat' dir='ltr'><strong>sapientia.</strong></span> 
     </span>
    </p>
   </div>
   <div class='ocr_carea' id='block_1_120' title="bbox 1950 4885 3597 4959">
    <p class='ocr_par' dir='ltr' id='par_1_120' title="bbox 1950 4885 3597 4959">
     <span class='ocr_line' id='line_1_120' title="bbox 1950 4885 3597 4959; baseline -0.002 -16"><span class='ocrx_word' id='word_1_839' title='bbox 1950 4888 2233 4945; x_wconf 65' lang='lat' dir='ltr'><strong>Caeterum</strong></span> <span class='ocrx_word' id='word_1_840' title='bbox 2273 4889 2401 4945; x_wconf 89' lang='lat' dir='ltr'><strong>illos</strong></span> <span class='ocrx_word' id='word_1_841' title='bbox 2434 4892 2650 4959; x_wconf 90' lang='lat' dir='ltr'><strong>quibus</strong></span> <span class='ocrx_word' id='word_1_842' title='bbox 2680 4889 3042 4942; x_wconf 89' lang='lat' dir='ltr'><strong>conversatio</strong></span> <span class='ocrx_word' id='word_1_843' title='bbox 3074 4903 3208 4941; x_wconf 86' lang='lat' dir='ltr'><strong>cum</strong></span> <span class='ocrx_word' id='word_1_844' title='bbox 3242 4887 3353 4939; x_wconf 90' lang='lat' dir='ltr'><strong>diis</strong></span> <span class='ocrx_word' id='word_1_845' title='bbox 3383 4886 3455 4938; x_wconf 86' lang='lat' dir='ltr'><strong>ad</strong></span> <span class='ocrx_word' id='word_1_846' title='bbox 3489 4885 3597 4940; x_wconf 89' lang='lat' dir='ltr'><strong>hoc</strong></span> 
     </span>
    </p>
   </div>
   <div class='ocr_carea' id='block_1_121' title="bbox 1948 4966 3595 5037">
    <p class='ocr_par' dir='ltr' id='par_1_121' title="bbox 1948 4966 3595 5037">
     <span class='ocr_line' id='line_1_121' title="bbox 1948 4966 3595 5037; baseline -0.002 -13"><span class='ocrx_word' id='word_1_847' title='bbox 1948 4975 2123 5036; x_wconf 88' lang='lat' dir='ltr'><strong>esset,</strong></span> <span class='ocrx_word' id='word_1_848' title='bbox 2167 4976 2228 5026; x_wconf 87' lang='lat' dir='ltr'><strong>ut</strong></span> <span class='ocrx_word' id='word_1_849' title='bbox 2269 4970 2341 5024; x_wconf 94' lang='lat' dir='ltr'><strong>ob</strong></span> <span class='ocrx_word' id='word_1_850' title='bbox 2380 4969 2793 5024; x_wconf 86' lang='lat' dir='ltr'><strong>inveniendum</strong></span> <span class='ocrx_word' id='word_1_851' title='bbox 2842 4967 3151 5037; x_wconf 88' lang='lat' dir='ltr'><strong>fugitivum</strong></span> <span class='ocrx_word' id='word_1_852' title='bbox 3194 4966 3281 5021; x_wconf 91' lang='lat' dir='ltr'><strong>vel</strong></span> <span class='ocrx_word' id='word_1_853' title='bbox 3312 4967 3595 5035; x_wconf 61' lang='lat' dir='ltr'><strong>pradium</strong></span> 
     </span>
    </p>
   </div>
   <div class='ocr_carea' id='block_1_122' title="bbox 1950 5045 3592 5119">
    <p class='ocr_par' dir='ltr' id='par_1_122' title="bbox 1950 5045 3592 5119">
     <span class='ocr_line' id='line_1_122' title="bbox 1950 5045 3592 5119; baseline -0.003 -16"><span class='ocrx_word' id='word_1_854' title='bbox 1950 5050 2434 5119; x_wconf 89' lang='lat' dir='ltr'><strong>comparandum,</strong></span> <span class='ocrx_word' id='word_1_855' title='bbox 2457 5048 2543 5102; x_wconf 89' lang='lat' dir='ltr'><strong>vel</strong></span> <span class='ocrx_word' id='word_1_856' title='bbox 2578 5053 2810 5119; x_wconf 89' lang='lat' dir='ltr'><strong>propter</strong></span> <span class='ocrx_word' id='word_1_857' title='bbox 2836 5047 3071 5114; x_wconf 89' lang='lat' dir='ltr'><strong>nuptias</strong></span> <span class='ocrx_word' id='word_1_858' title='bbox 3092 5045 3179 5102; x_wconf 92' lang='lat' dir='ltr'><strong>vel</strong></span> <span class='ocrx_word' id='word_1_859' title='bbox 3211 5051 3592 5101; x_wconf 83' lang='lat' dir='ltr'><strong>mercaturam</strong></span> 
     </span>
    </p>
   </div>
   <div class='ocr_carea' id='block_1_123' title="bbox 1953 5126 3592 5199">
    <p class='ocr_par' dir='ltr' id='par_1_123' title="bbox 1953 5126 3592 5199">
     <span class='ocr_line' id='line_1_123' title="bbox 1953 5126 3592 5199; baseline -0.004 -15"><span class='ocrx_word' id='word_1_860' title='bbox 1953 5128 2036 5184; x_wconf 82' lang='lat' dir='ltr'><strong>vel</strong></span> <span class='ocrx_word' id='word_1_861' title='bbox 2060 5127 2195 5199; x_wconf 89' lang='lat' dir='ltr'><strong>quid</strong></span> <span class='ocrx_word' id='word_1_862' title='bbox 2223 5128 2581 5198; x_wconf 89' lang='lat' dir='ltr'><strong>hujusmodi,</strong></span> <span class='ocrx_word' id='word_1_863' title='bbox 2609 5136 2858 5182; x_wconf 88' lang='lat' dir='ltr'><strong>mentem</strong></span> <span class='ocrx_word' id='word_1_864' title='bbox 2892 5128 3149 5183; x_wconf 85' lang='lat' dir='ltr'><strong>divinam</strong></span> <span class='ocrx_word' id='word_1_865' title='bbox 3181 5126 3592 5197; x_wconf 87' lang='lat' dir='ltr'><strong>inquietarent,</strong></span> 
     </span>
    </p>
   </div>
   <div class='ocr_carea' id='block_1_124' title="bbox 2012 5408 3589 5483">
    <p class='ocr_par' dir='ltr' id='par_1_124' title="bbox 2012 5408 3589 5483">
     <span class='ocr_line' id='line_1_124' title="bbox 2012 5408 3589 5483; baseline -0.008 -15"><span class='ocrx_word' id='word_1_866' title='bbox 2012 5421 2088 5483; x_wconf 86' lang='grc' dir='ltr'><strong>(α)</strong></span> <span class='ocrx_word' id='word_1_867' title='bbox 2117 5417 2264 5468; x_wconf 79' lang='lat' dir='ltr'><strong>Conf.</strong></span> <span class='ocrx_word' id='word_1_868' title='bbox 2316 5417 2512 5483; x_wconf 76' lang='lat' dir='ltr'><strong>Euseb.</strong></span> <span class='ocrx_word' id='word_1_869' title='bbox 2544 5415 2790 5483; x_wconf 85' lang='lat' dir='ltr'><strong>Praepar.</strong></span> <span class='ocrx_word' id='word_1_870' title='bbox 2835 5410 3163 5483; x_wconf 83' lang='lat' dir='ltr'><strong>evang.</strong></span> <span class='ocrx_word' id='word_1_871' title='bbox 3218 5409 3266 5483; x_wconf 56' lang='grc' dir='ltr'><strong>ξε</strong></span> <span class='ocrx_word' id='word_1_872' title='bbox 3299 5422 3410 5474; x_wconf 88' lang='lat' dir='ltr'><strong>cap.</strong></span> <span class='ocrx_word' id='word_1_873' title='bbox 3459 5408 3589 5471; x_wconf 77' lang='lat'><strong>8-10,</strong></span> 
     </span>
    </p>
   </div>
   <div class='ocr_carea' id='block_1_125' title="bbox 1951 5475 3286 5542">
    <p class='ocr_par' dir='ltr' id='par_1_125' title="bbox 1951 5475 3286 5542">
     <span class='ocr_line' id='line_1_125' title="bbox 1951 5475 3286 5542; baseline -0.007 -11"><span class='ocrx_word' id='word_1_874' title='bbox 1951 5475 2423 5531; x_wconf 46' lang='lat' dir='ltr'><strong>Dé&#39;m&#39;onstrations</strong></span> <span class='ocrx_word' id='word_1_875' title='bbox 2457 5475 2863 5542; x_wconf 67' lang='lat' dir='ltr'><strong>dvange’ﬁ‘quea,</strong></span> <span class='ocrx_word' id='word_1_876' title='bbox 2887 5475 3013 5527; x_wconf 82' lang='lat' dir='ltr'><strong>tom.</strong></span> <span class='ocrx_word' id='word_1_877' title='bbox 3045 5476 3089 5525; x_wconf 84' lang='grc'><strong>1.</strong></span> <span class='ocrx_word' id='word_1_878' title='bbox 3218 5475 3286 5523; x_wconf 75' lang='grc' dir='ltr'><strong>Μ.</strong></span> 
     </span>
    </p>
   </div>
  </div>
