4158 6192
489 377 598 441 291

489 511 706 568 frustra
742 525 840 565 eos
889 503 1066 560 videri
1118 502 1258 558 dicit
1305 499 1556 557 coluisse
1605 496 1976 570 sapientiam.
2022 489 2128 548 Illa

489 595 665 647 etiam
715 589 843 660 ipsa
903 584 1141 640 numina
1187 598 1322 638 cum
1368 582 1580 652 quibus
1629 577 2129 639 conversarentur,

486 673 588 728 etsi
625 672 694 726 de
738 653 963 724 cateris
1015 665 1187 719 rebus
1241 679 1372 718 vera
1411 661 1810 734 praedicerent,
1859 653 2130 727 quoniam

487 756 687 807 tamen
718 750 786 804 de
828 746 1189 802 beatitudine
1222 743 1366 800 nihil
1398 733 1635 797 cautum
1679 756 1782 796 nec
1825 736 1962 793 satis
2007 733 2130 788 ido-

485 848 665 888 neum
699 831 1017 894 monerent,
1071 842 1174 881 nec
1203 825 1340 880 deos
1370 823 1501 878 illos
1531 839 1677 888 esse,
1711 836 1814 874 nec
1847 816 2127 886 benignos

487 914 802 977 daemones,
839 906 942 963 sed
969 911 1069 962 aut
1098 907 1264 962 illum
1296 904 1396 976 qui
1429 903 1642 959 dicitur
1671 901 1863 968 fallax,
1891 901 1993 952 aut
2024 895 2130 950 hu-

488 1007 727 1048 manum
759 1004 929 1044 omne
967 993 1382 1044 commentum.

485 1155 716 1215 CAPUT
755 1155 886 1211 XII.
921 1184 988 1194 —
1031 1153 1102 1208 De
1158 1148 1445 1205 miraculis
1501 1161 1624 1216 quae
1671 1159 1766 1214 per
1816 1144 2134 1196 sanctorum

615 1237 943 1308 Angetorum
976 1231 1354 1287 ministerium
1393 1228 1527 1283 Deus
1548 1241 1706 1282 verus
1731 1230 2019 1295 aperatur.

556 1363 768 1419 Verum
803 1360 941 1431 quia
970 1361 1132 1413 tanta
1162 1361 1216 1410 et
1266 1354 1404 1409 talia
1431 1355 1714 1424 geruntur
1756 1348 1850 1403 his
1881 1346 2130 1431 artibus,

486 1451 551 1501 ut
583 1427 915 1498 universum
943 1441 1179 1494 modum
1204 1435 1475 1490 humanas
1501 1431 1796 1487 facultatis
1816 1427 2128 1483 excedant:

483 1527 621 1598 quid
655 1527 851 1587 restat,
885 1520 1000 1576 nisi
1045 1523 1110 1573 ut
1142 1535 1209 1573 ea
1239 1533 1365 1587 quae
1410 1513 1652 1568 mirifice
1683 1517 1959 1598 tanquam
1987 1504 2131 1595 divi-

483 1585 645 1662 nitus
679 1585 905 1673 praedici
940 1599 1028 1654 vel
1063 1598 1182 1652 ﬁeri
1209 1585 1498 1661 videntur,
1523 1608 1628 1646 nec
1650 1597 1844 1644 tamen
1865 1589 1933 1642 ad
1957 1585 2134 1639 unius

483 1687 582 1743 Dei
612 1665 833 1740 cultum
868 1683 1218 1745 referuntur,
1242 1676 1334 1733 cui
1359 1673 1701 1745 simpliciter
1730 1671 2029 1731 inhaerere,
2055 1665 2135 1720 fa-

483 1767 746 1822 tentibus
771 1778 1002 1834 quoque
1025 1757 1339 1814 Platonicis
1360 1759 1415 1810 et
1450 1753 1736 1834 permulta
1757 1747 2130 1811 testantibus,

482 1848 672 1904 solum
724 1832 1056 1899 be‘atitlcum
1092 1841 1307 1894 bonum
1347 1841 1456 1896 est,
1491 1832 1877 1903 malignorum
1911 1832 2134 1882 daemo-

484 1943 624 1982 num
658 1923 915 1980 ludibria
943 1927 998 1976 et
1029 1919 1362 1975 seductoria
1384 1914 1825 1984 impedimenta,
1849 1925 1974 1980 qua:
1999 1922 2134 1961 vera

481 2008 694 2080 pietate
719 2004 972 2058 cavenda
996 2004 1153 2066 sunt,
1174 1996 1491 2080 prudenter
1510 1988 1944 2080 intelligantur?
1961 1985 2131 2080 [XlL]

482 2069 656 2143 i’orro
698 2089 896 2139 autem
947 2092 1330 2152 quaecumque
1375 2073 1679 2140 miracula,
1712 2071 1833 2125 sive
1870 2083 1965 2137 per
2015 2069 2132 2120 An-

484 2167 665 2240 gelos,
690 2164 808 2222 sive
839 2149 1208 2233 quocumque
1233 2156 1404 2212 modo
1437 2155 1517 2208 ita
1549 2151 1831 2207 divinitus
1866 2149 2036 2213 fiunt,
2069 2149 2136 2236 ut

486 2225 585 2303 Dei
617 2225 816 2309 unius,
848 2225 906 2297 in
949 2257 1064 2312 quo
1096 2225 1216 2293 solo
1260 2238 1427 2291 beata
1457 2234 1573 2288 vita
1603 2236 1711 2298 est,
1745 2230 1967 2285 cultum
2002 2225 2134 2280 reli-

493 2327 841 2400 gionemque
872 2309 1301 2382 commendent,
1324 2333 1392 2371 ea
1412 2331 1541 2370 vere
1573 2313 1644 2368 ab
1670 2313 1754 2367 eis
1777 2309 1862 2364 vel
1897 2325 1991 2376 per
2013 2323 2132 2374 eos,

494 2389 592 2479 qui
624 2423 728 2462 nos
749 2389 1088 2460 secundum
1122 2399 1416 2454 veritatem
1450 2395 1834 2466 pietatemque
1865 2389 2130 2458 diligunt,

493 2472 638 2554 fleri,
668 2489 792 2556 ipso
845 2489 954 2538 Deo
1003 2482 1059 2535 in
1112 2479 1226 2535 illis
1277 2480 1574 2548 operante,
1623 2473 1974 2528 credendum
2024 2472 2132 2524 est.

489 2547 873 2638 Neque-enim
915 2559 1187 2618 audiendi
1231 2563 1367 2612 sunt
1410 2556 1510 2626 qui
1561 2554 1741 2609 Deum
1783 2547 2136 2604 invisibilem

485 2629 740 2704 visibilia
785 2641 1066 2698 miracula
1100 2637 1324 2710 operari
1356 2641 1603 2702 negant;
1635 2649 1767 2689 cum
1805 2633 1927 2702 ipse
1956 2629 2134 2683 etiam

487 2728 806 2783 secundum
841 2725 999 2794 ipsos
1041 2707 1238 2775 fecerit
1268 2716 1575 2780 mundum,
1619 2730 1791 2785 quem
1825 2721 1976 2765 certe
1998 2707 2135 2762 visi-

489 2808 662 2864 bilem
696 2789 906 2875 negare
956 2819 1070 2856 non
1122 2806 1387 2871 possunt.
1420 2795 1711 2865 Quidquid
1752 2793 1924 2858 igitur
1956 2789 2134 2843 mira-

491 2888 605 2942 bile
637 2887 700 2939 fit
731 2885 790 2940 in
831 2884 938 2938 hoc
987 2882 1228 2948 mundo,
1276 2878 1530 2949 profecto
1581 2876 1776 2929 minus
1819 2876 1909 2925 est
1953 2885 2131 2940 quam

488 2972 644 3024 totus
675 2965 766 3020 hic
805 2964 1084 3026 mundus,
1122 2963 1176 3016 id
1210 2967 1295 3016 est
1325 2958 1532 3014 cmlum
1564 2960 1620 3010 et
1649 2959 1802 3009 terra
1841 2956 1898 3006 et
1938 2949 2136 3004 omnia

491 3066 617 3121 quae
645 3047 701 3101 in
735 3047 819 3101 eis
848 3049 1006 3109 sunt,
1039 3059 1164 3114 quas
1198 3045 1348 3096 certe
1379 3039 1532 3093 Deus
1556 3036 1706 3090 fecit.
1741 3034 1902 3086 Sicut
1939 3037 2133 3084 autem

445 3175 448 3200 ,
491 3114 618 3202 ipse
650 3128 744 3200 qui
779 3127 929 3195 fecit,
983 3128 1060 3179 ita
1093 3124 1299 3202 modus
1336 3136 1451 3202 quo
1487 3119 1618 3172 fecit
1661 3114 1920 3202 occultus
1951 3116 2040 3202 est
2079 3114 2136 3164 et

438 3213 447 3258 ί
494 3191 1106 3279 incomprehensibilis
1138 3201 1378 3258 homini.
1415 3198 1691 3264 Quamvis
1723 3196 1916 3261 itaque
1960 3191 2133 3245 mira-

492 3291 625 3347 cula
642 3273 958 3344 visibilium
984 3289 1320 3340 naturarum
1348 3276 1932 3333 videndiassiduitate
1953 3273 2133 3326 vilue-

490 3373 642 3437 rint;
677 3375 872 3425 tamen
905 3382 1038 3422 cum
1071 3381 1137 3418 ea
1161 3361 1454 3431 sapienter
1485 3359 1792 3418 intuemur,
1815 3352 2134 3407 inusitatis-

488 3453 651 3508 simis
681 3446 1111 3516 rarissimisque
1145 3443 1362 3510 majora
1391 3443 1552 3493 sunt.
1586 3437 1732 3490 Nam
1755 3441 1812 3489 et
1841 3432 1992 3488 omni
2027 3431 2134 3486 mi-

487 3531 686 3587 raculo
718 3529 869 3600 quod
903 3527 966 3580 ﬁt
993 3514 1088 3593 per
1119 3522 1434 3587 hominem,
1464 3518 1652 3587 majus
1679 3514 2027 3569 miraculum
2051 3520 2135 3568 est

486 3614 662 3668 homo
692 3595 792 3683 (τί),
844 3608 1206 3678 QuaprOpter
1237 3604 1387 3656 Deus
1421 3598 1518 3671 qui
1565 3597 1691 3652 fecit
1722 3595 1976 3683 visibilia
2015 3610 2132 3649 cce-

485 3695 604 3750 lum
637 3678 957 3754 etfterram,
993 3705 1108 3742 non
1149 3687 1501 3756 dedignatur
1532 3683 1716 3736 facere
1741 3679 1992 3735 visibilia
2025 3678 2132 3732 mi-

484 3777 684 3833 racula
713 3777 769 3830 in
818 3773 959 3830 coelo
991 3771 1079 3826 vel
1126 3769 1185 3824 in
1219 3774 1390 3832 terra,
1433 3765 1647 3838 quibus
1678 3764 1747 3817 ad
1783 3779 1844 3816 se
1875 3760 2135 3815 invisibi-

481 3857 593 3912 lem
643 3856 951 3912 colendum
1008 3851 1218 3908 excitet
1266 3849 1520 3904 animum
1571 3843 1762 3899 adhuc
1803 3838 2129 3895 visibilibus

483 3937 776 3993 deditam:
813 3935 911 3990 ubi
954 3950 1087 3988 vero
1136 3937 1194 3986 et
1221 3931 1455 4000 quando
1502 3925 1697 3989 faciat,
1750 3925 2131 3977 incommuta-

484 4019 595 4074 bile
631 4018 936 4071 consilium
973 4028 1147 4082 penes
1185 4011 1383 4079 ipsum
1415 4011 1525 4071 est,
1574 4008 1631 4059 in
1666 4003 1836 4072 cujus
1885 4001 2128 4069 disposi-

483 4098 788 4165 tionejam
823 4104 1084 4161 tempora
1134 4090 1288 4143 facta
1319 4092 1459 4140 sunt
1500 4096 1884 4152 quaecumque
1933 4083 2131 4134 futura

485 4160 838 4230 suum-Nam
889 4160 1230 4238 temporalia
1275 4181 1536 4230 movens,
1588 4160 1984 4231 temporaliter
2015 4174 2129 4213 non

485 4259 777 4319 movetur;
813 4267 917 4305 nec
967 4237 1134 4302 aliter
1183 4247 1342 4300 novit
1380 4243 1666 4306 facienda,
1718 4253 1891 4310 quam
1944 4237 2128 4307 facta;

485 4350 590 4389 nec
634 4334 800 4386 aliter
849 4331 1187 4384 invocantes
1233 4324 1489 4388 exaudit,
1534 4338 1710 4393 quam
1760 4320 2131 4374 invocaturos

482 4414 657 4468 videt.
691 4413 832 4467 Nam
864 4415 918 4464 et
958 4423 1086 4461 cum
1122 4409 1443 4461 exaudiunt
1480 4402 1678 4472 Angeli
1711 4401 1860 4470 ejus,
1908 4399 2033 4471 ipse
2070 4399 2129 4454 in

484 4496 568 4551 eis
599 4492 851 4556 exaudit,
877 4496 1151 4559 tanquam
1185 4488 1242 4543 in
1273 4502 1430 4551 vero,
1472 4499 1573 4538 nec
1607 4482 1941 4537 manufacto
1985 4487 2131 4535 tem-

485 4574 579 4646 plo
610 4590 737 4641 suo,
771 4574 923 4629 sicut
963 4569 1019 4624 in
1053 4568 1391 4624 hominibus
1424 4563 1644 4620 sanctis
1689 4563 1848 4630 suis;
1883 4562 2130 4633 ejusque

482 4642 878 4724 temporaliter
910 4651 1052 4704 ﬁunt
1105 4651 1273 4719 jussa
1306 4651 1346 4715 ¹,
1389 4655 1603 4701 aeterna
1650 4644 1776 4714 ejus
1806 4642 1930 4714 lege
1953 4658 2126 4697 cons-

491 4740 675 4808 pecta.

487 4896 720 4954 CAPUT
751 4893 906 4950 Xlll.
951 4921 1020 4931 -—
1055 4891 1126 4945 De
1155 4887 1429 4945 invisibili
1467 4890 1596 4952 Deo,
1637 4883 1733 4955 qui
1761 4897 1817 4936 se
1855 4879 2131 4934 visibilem

556 4993 696 5048 saepe
724 4972 1061 5047 prrestiterit,
1083 4987 1193 5026 non
1223 4969 1520 5026 secundum
1540 4965 1680 5038 quod
1709 4973 1807 5029 est,
1831 4960 1922 5017 sed
1940 4975 2134 5015 secun-

557 5058 684 5112 dum
707 5055 845 5128 quod
872 5055 1124 5125 poterant
1148 5054 1298 5122 ferre
1333 5053 1629 5106 cernentes.

556 5193 671 5247 Nec
699 5204 927 5246 movere
957 5187 1147 5255 debet,
1171 5186 1324 5257 quod
1359 5200 1491 5238 cum
1518 5183 1594 5237 sit
1614 5179 1946 5248 invisibilis,
1979 5193 2130 5248 saepe

485 5272 786 5330 visibiliter
836 5269 1108 5324 Patribus
1159 5264 1502 5335 apparuisse
1549 5265 1931 5316 memoratur.
1973 5259 2132 5312 Sicut

485 5357 638 5410 enim
671 5367 850 5408 sonus
882 5364 997 5420 quo
1025 5346 1265 5402 auditur
1291 5341 1576 5400 sententia
1606 5342 1662 5396 in
1696 5339 1926 5396 silentio
1953 5337 2131 5393 intel-

553 5596 567 5628 ι
605 5592 691 5642 Sic
715 5594 836 5643 Mss.
868 5593 935 5642 At
963 5590 1123 5641 editio
1165 5589 1309 5642 Lov.,
1350 5587 1506 5635 Sicut
1544 5584 1606 5633 in
1635 5583 1891 5634 omnibus
1920 5584 2126 5635 sanctis

679 5670 781 5703 uae
811 5653 1193 5715 temporaliter
1220 5653 1369 5714 ﬁunt
1395 5649 1572 5706 iussa.

487 5654 611 5715 ejus

552 5718 624 5781 (α)
648 5715 768 5766 Yid.
799 5730 952 5768 serm.
987 5716 1093 5779 126,
1123 5728 1176 5764 n.
1209 5715 1255 5761 4.

1544 367 1647 427 DE
1690 356 2060 427 CIVITATE
2096 353 2249 428 DEI,
2297 354 2364 415 S.
2409 355 2829 417 AUGUSTINI

3776 360 3898 423 292

2236 486 2484 580 ligentiae
2515 489 2978 580 counstitut‘at‘non
3001 487 3216 580 esthoc
3239 490 3391 560 quod
3417 491 3564 562 ipsa;
3580 492 3661 548 ita
3686 497 3744 548 et
3763 510 3896 565 spe-

2255 569 2370 624 cies
2392 587 2504 641 qua
2533 571 2691 626 visus
2720 576 2809 625 est
2839 569 2990 624 Deus
3021 571 3078 624 in
3123 575 3326 626 natura
3353 572 3632 627 invisibili
3673 577 3898 630 consti-

2252 652 2437 717 tutus,
2464 667 2577 706 non
2609 653 2732 706 erat
2753 649 2909 722 quod
2939 649 3058 720 ipse
3090 651 3194 721 (a).
3240 649 3648 708 Verumtamen
3683 654 3806 724 ipse
3838 656 3896 710 in

2256 731 2454 786 eadem
2488 732 2672 801 specie
2702 729 2983 800 corporali
3015 730 3334 798 videbatur,
3368 733 3524 787 sicut
3546 732 3641 788 illa
3665 744 3893 790 senten-

2257 811 2335 902 tia
2358 811 2503 902 ipsa
2523 813 2578 866 in
2609 828 2750 902 εξ)ηο
2787 814 2942 902 vocis
2972 812 3204 902 auditur
3224 828 3248 867 :
3274 828 3378 867 nec
3402 812 3485 867 illi
3521 816 3894 885 ignorabant,

2255 891 2603 946 invisibilem
2630 897 2804 946 Deum
2830 893 2884 946 in
2911 892 3099 961 specie
3124 893 3428 962 corporali,
3459 897 3608 964 quod
3632 895 3756 963 ipse
3782 913 3895 952 non

2251 979 2392 1040 erat,
2417 989 2478 1027 se
2509 973 2722 1027 videre.
2774 972 2918 1026 Nam
2960 976 3016 1027 et
3063 971 3410 1043 loquebatur
3439 990 3570 1029 cum
3621 974 3896 1047 loquente

2247 1053 2494 1123 Moyses,
2526 1059 2582 1108 et
2614 1054 2661 1108 ei
2695 1058 2888 1108 tamen
2921 1054 3164 1118 dicebat,
3189 1053 3251 1109 Si
3280 1053 3475 1110 inveni
3491 1057 3739 1124 gratiam
3767 1065 3895 1113 ante

2247 1140 2316 1198 te,
2349 1133 2565 1188 ostende
2597 1132 2740 1188 mihi
2777 1132 3143 1203 temetipsum,
3167 1135 3402 1189 scienter
3433 1144 3492 1189 ut
3513 1135 3725 1192 videam
3749 1141 3800 1192 te
3820 1137 3893 1210 (b)

2247 1215 2447 1286 (Exod.
2489 1230 2689 1282 χχχιιι,
2723 1213 2834 1281 13).
2868 1214 3007 1269 Cum
3040 1213 3220 1285 igitur
3249 1219 3539 1285 oporteret
3573 1217 3669 1273 Dei
3706 1217 3893 1289 legem

2246 1294 2306 1348 in
2337 1293 2539 1348 edictis
2573 1293 2921 1364 Angelorum
2955 1293 3284 1349 terribiliter
3314 1295 3461 1362 dari,
3499 1312 3610 1350 non
3646 1297 3750 1351 uni
3787 1297 3892 1354 ho-

2247 1374 2390 1429 mini
2435 1375 2703 1445 paucisve
2734 1372 3112 1444 sapientibus,
3163 1375 3262 1429 sed
3307 1376 3588 1430 universa;
3633 1377 3794 1448 genti
3840 1381 3895 1434 et

2247 1453 2462 1526 populo
2504 1454 2752 1525 ingenti,
2786 1469 2977 1509 coram
3012 1455 3213 1509 eodem
3252 1455 3464 1526 populo
3489 1473 3700 1528 magna
3747 1458 3896 1513 facta

2249 1547 2379 1589 sunt
2413 1534 2473 1589 in
2509 1538 2724 1600 monte,
2773 1533 2872 1588 ubi
2921 1535 3012 1588 lex
3045 1551 3146 1605 per
3177 1551 3358 1589 unum
3409 1535 3675 1602 dabatur,
3720 1553 3894 1592 cons-

2249 1614 2492 1684 piciente
2541 1613 2914 1670 multitudine
2946 1616 3259 1669 metuenda
3303 1632 3368 1670 ac
3415 1618 3718 1672 tremenda
3769 1634 3890 1688 qua

2247 1695 2486 1750 ﬁebant.
2521 1695 2642 1750 Non
2677 1696 2831 1749 enim
2871 1695 3123 1766 populus
3156 1695 3329 1751 Israel
3360 1697 3442 1751 sic
3481 1697 3663 1769 Moysi
3696 1698 3892 1753 credi-

2246 1777 2351 1842 dit,
2403 1776 2898 1847 quemadmodum
2955 1792 3060 1830 suo
3126 1777 3381 1848 Lycurgo
3449 1779 3892 1848 Lacedaemonii,

2247 1857 2398 1926 quod
2435 1871 2468 1910 a
2493 1859 2632 1910 Jove
2663 1871 2761 1910 seu
2797 1855 3064 1925 Apolline
3094 1855 3269 1927 leges,
3304 1874 3452 1928 quas
3483 1859 3767 1927 condidit,
3796 1873 3897 1915 ac-

2245 1937 2512 2008 cepisset.
2563 1935 2708 1991 Cum
2742 1936 2898 1992 enim
2939 1936 3030 1992 lex
3079 1938 3326 1993 dabatur
3367 1941 3600 2010 populo,
3634 1957 3750 2011 qua
3785 1941 3899 1997 coli

2247 2033 2397 2072 unus
2433 2017 2751 2087 jubebatur
2793 2017 2968 2084 Deus,
3003 2019 3062 2073 in
3105 2026 3416 2091 conspectu
3450 2022 3636 2092 ipsius
3669 2022 3894 2092 populi,

2244 2103 2534 2168 quantum
2589 2098 2853 2153 sufﬁcere
2905 2099 3103 2154 divina
3161 2102 3524 2171 providentia
3563 2103 3894 2172 judicabat,

2246 2177 2610 2233 mirabilibus
2643 2194 2830 2233 rerum
2851 2178 3034 2250 signis
3058 2195 3121 2234 ac
3157 2181 3416 2236 motibus
3445 2182 3786 2252 apparebat,
3818 2182 3895 2237 ad

2245 2260 2512 2314 eamdem
2544 2258 2729 2329 legem
2771 2260 3024 2315 dandam
3058 2263 3075 2296 ί
3119 2260 3372 2316 Creatori
3411 2262 3623 2317 servire
3662 2267 3895 2318 creatu-

2246 2357 2393 2396 ram.

2247 2497 2481 2554 CAPUT
2530 2497 2673 2554 XIV.
2727 2529 2792 2538 —
2833 2499 2907 2552 De
2962 2515 3072 2554 uno
3120 2501 3225 2555 Deo
3262 2501 3503 2568 colendo,
3563 2519 3671 2558 non
3719 2501 3898 2557 solum

2314 2584 2536 2650 prepter
2565 2581 2790 2644 a’terna,
2814 2577 2904 2634 sed
2933 2579 3100 2633 etiam
3119 2590 3341 2651 propter
3371 2583 3700 2650 temporalia
3729 2584 3892 2641 bene-

2315 2660 2472 2751 ﬁcia,
2495 2659 2625 2794 quieti
2656 2661 2916 2714 universa
2946 2662 3005 2714 in
3046 2661 3220 2731 ipsius
3242 2662 3604 2732 providentiae
3629 2671 3897 2735 potestate

2317 2749 2594 2794 consistun
2628 2782 2639 2794 .

2315 2875 2474 2930 Sicut
2508 2879 2705 2929 autem
2740 2875 2916 2931 unius
2947 2877 3227 2945 hominis,
3257 2877 3337 2933 ita
3358 2878 3595 2934 humani
3629 2886 3904 2950 generis,

2246 2957 2396 3026 quod
2433 2957 2501 3009 ad
2545 2956 2644 3010 Dei
2696 2955 2970 3026 populum
3007 2963 3272 3028 pertinet,
3317 2965 3464 3014 recta
3493 2961 3745 3017 eruditio
3788 2981 3904 3035 per

2245 3037 2531 3108 quosdam
2557 3037 2826 3092 articulos
2845 3043 3174 3110 temporum
3204 3045 3481 3112 tanquam
3507 3048 3744 3100 aetatum
3769 3062 3905 3114 pro-

2246 3120 2379 3174 fecit
2420 3119 2773 3186 accessibus,
2807 3125 2872 3174 ut
2915 3138 2947 3174 a
2975 3122 3394 3192 temporalibus
3426 3125 3496 3178 ad
3546 3130 3763 3181 interna
3792 3142 3903 3182 ca-

2246 3200 2457 3292 pienda
2487 3207 2540 3254 et
2572 3217 2603 3292 a
2649 3199 2982 3292 visibilibus
3015 3202 3085 3254 ad
3137 3201 3459 3257 invisibilia
3505 3212 3845 3276 surgeretur
3879 3225 3897 3275 ;

2244 3280 2325 3334 ita
2358 3296 2498 3334 sane
2529 3283 2593 3334 ut
2622 3280 2799 3333 etiam
2824 3280 2922 3335 illo
2944 3285 3203 3351 tempore
3234 3299 3348 3353 quo
3371 3283 3621 3339 visibilia
3651 3287 3901 3356 promit-

2244 3360 2511 3414 tebantur
2550 3359 2831 3414 divinitus
2884 3363 3139 3430 praemia,
3198 3378 3350 3417 unus
3383 3367 3580 3418 tamen
3613 3365 3896 3422 colendus

2243 3440 2756 3495 commendaretur
2801 3439 2977 3506 Deus,
3028 3457 3102 3495 ne
3145 3457 3306 3497 mens
3355 3441 3612 3498 humana
3652 3445 3738 3500 vel
3787 3463 3901 3516 pro

2243 3521 2386 3592 ipsis
2435 3521 2679 3577 terrenis
2715 3522 2843 3576 vitae
2881 3521 3232 3577 transitoria;
3274 3524 3571 3579 beneficiis
3612 3526 3892 3596 cuiquam

2243 3604 2354 3658 nisi
2398 3619 2529 3659 vero
2576 3603 2785 3658 animas
2824 3603 3078 3658 Creatori
3109 3620 3174 3658 ac
3222 3603 3470 3659 Domino
3521 3607 3896 3662 subderetur.

2242 3685 2444 3739 Omnia
2476 3685 2690 3756 quippe
2731 3700 2853 3754 qua:
2887 3688 3159 3753 praestare
3191 3683 3529 3740 hominibus
3570 3687 3652 3741 vel
3687 3687 3894 3758 Angeli

2239 3766 2326 3820 vel
2377 3765 2641 3819 homines
2675 3769 2941 3834 possunt,
2975 3765 3035 3818 in
3085 3764 3261 3818 unius
3303 3782 3431 3821 esse
3460 3767 3897 3838 Omnipotentis

2242 3850 2523 3935 potestate
2555 3831 2822 3935 quisquis
2855 3845 3156 3935 diffitetur,
3190 3845 3424 3902 insanit.
3458 3846 3538 3901 De
3581 3831 3896 3918 providen-

2240 3925 2316 3978 tia
2356 3933 2506 3981 certe
2554 3926 2813 3980 Plotinus
2864 3925 3194 3980 Platonicus
3244 3926 3524 3998 disputat,
3573 3943 3818 3999 eamque
3851 3945 3892 3985 ε

2240 4021 2470 4060 summo
2502 4005 2638 4070 Deo,
2664 4007 2834 4074 cujus
2861 4011 2948 4060 est
2968 4005 3356 4077 intelligibilis
3381 4014 3550 4078 atque
3576 4007 3895 4065 ineffabilia

2241 4085 2629 4154 pulchritudo,
2665 4102 2848 4156 usque
2881 4089 2950 4140 ad
3005 4087 3121 4141 haec
3161 4095 3390 4142 terrena
3421 4095 3478 4142 et
3509 4089 3626 4143 ima
3667 4089 3899 4159 pertin-

2239 4181 2390 4235 gere,
2449 4165 2826 4220 ﬂosculorum
2879 4175 3051 4237 etque
3114 4167 3388 4224 foliorum
3453 4167 3892 4240 pulchritudine

2241 4247 2613 4335 comprobat:
2648 4262 2801 4335 quia
2821 4247 3018 4335 omnia
3047 4248 3215 4335 quasi
3257 4250 3482 4316 adjecta
3524 4255 3581 4304 et
3626 4249 3885 4304 velocis—

2239 4325 2376 4380 sime
2427 4325 2722 4395 pereuntia
2770 4326 3218 4383 decentissimos
3279 4329 3596 4384 formarum
3640 4345 3888 4386 suarum

2238 4421 2511 4461 numeros
2560 4405 2770 4460 habere
2819 4423 2932 4462 non
2987 4425 3155 4479 posse
3202 4410 3534 4478 conlirmat,
3594 4409 3700 4464 nisi
3751 4409 3894 4466 inde

2240 4488 2579 4552 formentur,
2617 4485 2713 4540 ubi
2757 4486 2940 4543 forma
2971 4489 3353 4560 intelligibilis
3400 4496 3457 4547 et
3499 4491 3892 4546 incommuta-

2239 4566 2372 4622 bilis
2429 4565 2605 4621 simul
2663 4565 2886 4622 habens
2945 4569 3144 4624 omnia
3201 4577 3524 4640 perseverat
3589 4570 3893 4640 (Enneadis

2237 4649 2292 4714 3,
2330 4648 2423 4704 tib.
2468 4648 2524 4715 2,
2564 4662 2684 4718 cap.
2729 4647 2838 4718 13).
2883 4647 3001 4703 Hoc
3050 4649 3335 4706 Dominus
3373 4649 3545 4706 Jesus
3590 4650 3669 4706 ibi
3694 4657 3898 4706 osten-

2238 4730 2341 4795 dit,
2375 4728 2474 4783 ubi
2521 4728 2644 4784 ait:
2683 4727 3033 4785 Considerate
3070 4731 3200 4786 lilia
3243 4733 3369 4801 agri
3386 4731 3428 4798 ⁸,
3468 4746 3578 4786 non
3611 4730 3890 4799 laborant,

2235 4824 2410 4880 neque
2443 4812 2598 4882 ny.
2634 4809 2763 4864 Dico
2793 4818 2976 4865 autem
3019 4809 3190 4881 vobis,
3211 4813 3345 4882 quia
3383 4827 3482 4867 nec
3521 4810 3780 4867 Salomon
3826 4811 3896 4866 in

2238 4895 2391 4945 tanta
2429 4890 2610 4954 μισῶ
2647 4905 2754 4943 sua
2783 4890 2860 4943 sic
2915 4892 3150 4945 amictus
3180 4901 3260 4946 est
3278 4891 3424 4947 sicut
3454 4907 3628 4946 unum
3667 4907 3740 4946 ex
3783 4893 3890 4946 eis.

2239 4970 2389 5038 Quod
2407 4969 2456 5024 si
2477 4973 2671 5036 fenum
2687 4970 2831 5039 agri,
2854 4970 3175 5042 quodjhodie
3193 4975 3270 5026 est
3290 4978 3344 5026 et
3365 4988 3489 5027 cras
3512 4974 3570 5027 in
3601 4972 3894 5027 ctibanum

2236 5050 2497 5117 mittitur,
2538 5051 2673 5105 Deus
2701 5049 2780 5104 sic
2819 5053 3017 5112 vestit;
3049 5061 3250 5122 quanto
3280 5052 3457 5122 magis
3493 5069 3602 5120 vos,
3643 5052 3876 5108 modicae

2235 5129 2362 5200 ﬁdei
2382 5131 2596 5202 (Matth.
2621 5146 2698 5198 v1,
2718 5129 2946 5201 28-30)?
2965 5130 3194 5201 Optime
3213 5133 3389 5204 igitur
3409 5134 3604 5189 anima
3627 5132 3893 5188 humana

2236 5210 2425 5266 adhuc
2484 5213 2727 5266 terrenis
2778 5209 3086 5267 desideriis
3145 5211 3402 5280 inﬁrma,
3461 5229 3528 5269 ea
3574 5213 3706 5284 ipsa
3756 5228 3890 5284 qua

2297 5396 2328 5468 ξ.
2351 5393 2499 5468 Ιιογ.)
2530 5389 2774 5468 dandam
2804 5391 3099 5468 docentem:
3118 5394 3298 5449 Abest.
3321 5395 3617 5456 docentem,
3640 5395 3708 5444 ab
3729 5395 3895 5445 editis

2239 5456 2361 5506 aliis
2389 5457 2443 5504 et
2470 5467 2503 5503 a
2530 5456 3148 5518 nostris‘manuscriptis.

2303 5518 2584 5593 2.1tarMss.
2615 5515 2755 5593 Editi
2783 5530 2909 5593 vero
2931 5515 3271 5593 hic—addunt,
3298 5519 3564 5593 quomodo
3594 5528 3847 5569 crescunt
3874 5537 3899 5581 ,-

2238 5585 2292 5631 et
2322 5580 2464 5628 intra
2492 5593 2604 5641 pro,
2638 5581 2698 5626 in
2723 5589 2895 5639 tanta,
2931 5558 3561 5638 Ιιαῖξιῖιῖξλννοῖἇίιηυ
3595 5558 3636 5569 υ.
3657 5558 3847 5569 πη..-
3874 5558 3892 5581 ,

2295 5643 2371 5703 (a)
2408 5641 2553 5690 Cont.
2585 5644 2790 5702 quaest.
2824 5641 2912 5692 101
2943 5644 2999 5692 in
3027 5645 3191 5694 Exod.

2298 5704 2372 5767 (b)
2411 5703 2482 5754 De
2509 5703 2594 5752 his
2621 5706 2828 5766 quaest.
2864 5704 2947 5753 151
2982 5707 3039 5756 in
3079 5707 3264 5771 Exod.,
3305 5711 3358 5758 et
3385 5709 3541 5772 epist.
3581 5706 3686 5765 M7,
3718 5720 3774 5757 ιι.
3805 5705 3895 5758 20.
