4128 6184
261 369 359 428 ἓθὲ

259 500 635 572 temporaliter
694 505 926 574 exaptat
968 503 1122 560 bona
1170 503 1374 560 inﬁma
1422 509 1598 577 atque
1664 514 1889 564 terrena

259 581 368 636 vitis
399 583 527 639 huic
559 586 901 639 transitoria:
933 587 1287 651 necessaria,
1321 591 1378 641 et
1411 604 1522 658 prae
1565 588 1724 643 illius
1761 591 1887 643 vita:

259 663 611 734 sempiternis
658 664 955 720 beneﬁciis
1003 668 1444 732 contemnenda,
1514 684 1627 722 non
1691 674 1885 724 tamen

259 747 359 804 nisi
388 745 456 799 ab
487 761 603 800 uno
631 743 746 798 Deo
787 751 1117 815 exspectare
1147 746 1496 813 consuescit,
1532 753 1594 802 ut
1623 750 1692 803 ab
1725 749 1887 804 illius

256 825 400 884 cultu
431 825 605 880 etiam
641 826 698 879 in
750 823 995 879 istorum
1029 825 1313 881 desiderio
1367 844 1481 882 non
1516 830 1762 898 recedat,
1813 830 1883 884 ad

255 922 412 980 quem
449 907 782 974 contemptu
824 920 1022 960 eorum
1073 913 1128 962 et
1163 907 1236 962 ab
1285 908 1369 962 eis
1416 909 1718 964 aversione
1756 926 1885 980 per-

252 986 446 1044 veniat.

249 1174 461 1232 CAPUT
488 1174 608 1231 XV.
638 1205 708 1216 —-
737 1176 810 1231 De
837 1173 1153 1230 ministerio
1183 1183 1504 1231 sanctorum
1525 1176 1878 1247 Angelorum,

587 1272 690 1328 quo
721 1256 1100 1328 providentiae
1130 1256 1231 1312 Dei
1259 1256 1523 1312 serviunt.

301 1412 386 1467 Sic
431 1410 635 1482 itaque
679 1409 886 1465 divinis
931 1409 1308 1482 providentiae
1350 1409 1572 1482 placuit
1611 1410 1880 1466 ordinare

238 1499 553 1564 temporum
597 1507 862 1558 cursum,
899 1498 962 1546 ut
1003 1493 1503 1562 quemadmodum
1547 1492 1686 1561 dixi,
1727 1498 1784 1546 et
1819 1491 1875 1546 in

237 1575 457 1629 Actibus
496 1571 908 1643 Apostolorum
952 1571 1184 1642 legitur,
1229 1571 1321 1626 lex
1362 1571 1419 1626 in
1451 1573 1655 1628 edictis
1688 1574 1874 1642 Ange-

233 1655 406 1710 lorum
437 1656 680 1710 daretur
701 1655 771 1708 (16
796 1653 969 1708 unius
1003 1653 1118 1708 veri
1150 1653 1253 1708 Dei
1276 1653 1433 1709 cultu
1460 1653 1594 1725 (Act.
1629 1670 1728 1722 vu,
1759 1655 1873 1722 53),

201 1755 212 1804 \_
234 1737 285 1790 in
314 1737 534 1806 quibus
563 1740 621 1790 et
666 1751 912 1806 persona
954 1735 1142 1805 ipsius
1181 1735 1304 1802 Dei,
1340 1753 1452 1790 non
1495 1737 1729 1807 quidem
1775 1751 1875 1806 per

233 1833 390 1871 suam
440 1816 865 1884 substantiam,
926 1832 1052 1887 quas
1112 1831 1344 1886 semper
1393 1815 1871 1887 corruptibilibus

235 1895 407 1951 oculis
451 1895 763 1952 invisibilis
815 1901 1133 1967 permanet,
1173 1897 1274 1950 sed
1306 1896 1480 1952 certis
1511 1896 1740 1951 indiciis
1774 1909 1872 1966 per

230 1976 550 2044 subjectam
573 1975 829 2032 Creatori
861 1985 1188 2031 creaturam
1217 1975 1524 2032 visibiliter
1543 1981 1868 2046 appareret.

229 2064 276 2111 et
303 2057 636 2128 syllabatim
687 2073 788 2128 per
839 2059 1208 2112 transitorias
1249 2061 1576 2127 temporum
1610 2055 1869 2110 morulas

229 2135 496 2192 humanas
544 2137 757 2208 linguas
809 2137 1047 2192 vocibus
1107 2137 1458 2207 loqueretur,
1506 2136 1607 2205 qui
1659 2137 1712 2189 in
1759 2150 1870 2190 sua

226 2221 434 2271 natura
494 2234 606 2272 non
665 2216 1057 2287 corporaliter,
1117 2217 1217 2270 sed
1281 2216 1699 2286 spiritualiter;
1749 2228 1867 2268 non

223 2299 600 2366 sensibiliter,
643 2301 744 2354 sed
778 2296 1262 2368 intelligibiliter;
1299 2313 1413 2351 non
1449 2294 1865 2366 temporaliter,

218 2378 334 2446 sed,
383 2384 453 2433 ut
494 2379 577 2432 ita
615 2379 832 2443 dicam,
867 2376 1234 2444 aaternaliter,
1280 2391 1385 2430 nec
1430 2375 1638 2445 incipit
1687 2372 1863 2444 loqui,

216 2473 312 2514 nec
360 2458 591 2512 desinit
639 2458 754 2527 (a):
803 2457 957 2526 quod
1008 2457 1163 2527 apud
1215 2455 1379 2510 illum
1429 2455 1715 2510 sincerius
1765 2471 1866 2509 au-

216 2538 409 2605 diunt,
471 2553 586 2591 non
631 2537 888 2608 corporis
944 2552 1105 2602 aure,
1166 2536 1263 2590 sed
1324 2535 1558 2600 mentis,
1613 2533 1867 2588 ministri

214 2619 338 2687 eius
397 2621 462 2670 et
514 2616 726 2681 nuntii,
783 2616 880 2687 qui
929 2617 1059 2686 ejus
1112 2616 1350 2672 veritate
1397 2615 1866 2670 incommutabili

218 2699 591 2769 perfruuntur
638 2697 1048 2753 immortaliter
1101 2697 1289 2764 beati;
1340 2703 1396 2751 et
1444 2698 1596 2767 quod
1652 2697 1866 2753 facien-

218 2783 342 2833 dum
377 2777 572 2832 modis
612 2775 1006 2832 ineﬁ’abilibus
1055 2778 1314 2843 audient,
1347 2784 1400 2830 et
1433 2793 1618 2846 usque
1663 2777 1719 2832 in
1755 2779 1866 2832 ista

220 2856 466 2912 visibilia
527 2862 705 2926 atque
761 2857 1065 2912 sensibilis
1122 2857 1576 2926 perducendum,
1650 2860 1863 2912 incun-

223 2945 432 2992 ctanter
485 2941 663 3007 atque
721 2936 1096 2992 indifﬁculter
1143 2938 1421 2991 efﬁciunt.
1484 2941 1615 2992 Haec
1664 2942 1859 2992 autem

228 3016 304 3072 lex
335 3017 754 3072 distributione
779 3025 1102 3089 temporum
1137 3018 1273 3071 data
1302 3024 1390 3072 est
1410 3018 1502 3086 (ὁ),
1536 3034 1666 3088 quis
1699 3019 1859 3088 prius

229 3098 474 3162 haberet,
515 3105 575 3152 ut
605 3098 822 3154 dictum
874 3102 981 3166 est,
1025 3097 1312 3168 promissa
1358 3103 1604 3163 terrena,
1646 3099 1859 3169 quibus

231 3183 404 3233 tamen
448 3179 929 3248 signiﬁcarentur
967 3183 1199 3245 (eterna,
1241 3195 1368 3249 quae
1404 3177 1732 3236 visibilibus
1763 3196 1856 3235 sa-

229 3258 528 3314 cramentis
576 3258 933 3314 celebrarent
978 3257 1170 3322 multi,
1228 3257 1620 3329 intelligerent
1666 3260 1853 3330 pauci.

232 3336 394 3394 Unius
426 3343 629 3394 tamen
661 3337 760 3394 Dei
791 3338 980 3393 cultus
1014 3339 1385 3410 apertissima
1415 3338 1533 3394 illic
1566 3344 1623 3394 et
1652 3357 1856 3396 vocum

229 3424 272 3472 et
313 3437 504 3475 rerum
555 3420 816 3475 omnium
861 3419 1287 3474 contestatione
1336 3419 1693 3490 pracipitur,
1743 3437 1857 3476 non

231 3500 382 3555 unius
413 3501 486 3554 de
545 3500 736 3565 turba,
781 3499 878 3554 sed
911 3500 1010 3569 qui
1053 3498 1185 3552 fecit
1216 3497 1234 3531 ί
1275 3500 1487 3554 coelum
1527 3503 1585 3553 et
1623 3505 1858 3567 terram,

229 3584 272 3633 et
293 3597 499 3637 omnen
536 3581 896 3645 animam,et
923 3594 1150 3634 omnem
1186 3579 1458 3649 spiritum
1494 3579 1594 3650 qui
1626 3595 1739 3633 non
1772 3585 1862 3635 est

228 3663 353 3728 quod
386 3663 538 3734 ipse.
593 3660 697 3716 Ille
743 3660 900 3715 enim
953 3657 1105 3724 fecit,
1150 3657 1272 3713 hanc
1304 3659 1453 3712 facta
1484 3667 1650 3713 sunt:
1687 3663 1862 3730 atque

231 3750 277 3794 ut
313 3744 425 3798 sint
471 3749 537 3799 et
573 3743 720 3798 bene
769 3757 829 3796 se
869 3741 1142 3808 habeant,
1192 3740 1322 3808 ejus
1371 3739 1639 3811 indigent
1685 3756 1717 3795 a
1748 3757 1861 3811 quo

232 3818 356 3877 facta
383 3828 556 3879 sunt.

234 4008 432 4068 CAPUT
463 4011 628 4068 XVI.
665 4042 731 4052 —
782 4011 859 4064 An
909 4009 972 4064 de
1009 4007 1368 4078 promerenda
1419 4009 1572 4064 beata
1620 4009 1732 4063 vita
1777 4011 1861 4064 his

288 4095 487 4164 angelis
533 4096 610 4148 sit
649 4093 1003 4158 credendum,
1051 4090 1149 4162 qui
1177 4106 1234 4145 se
1271 4090 1379 4145 coli
1401 4091 1627 4161 exigunt
1659 4090 1862 4147 honore

287 4173 494 4238 divino;
531 4191 614 4229 an
652 4190 771 4228 vero
814 4171 949 4239 illis,
993 4173 1093 4243 qui
1139 4187 1247 4226 non
1279 4172 1408 4240 sibi,
1460 4171 1552 4228 sed
1597 4171 1700 4227 uni
1758 4172 1860 4228 Deo

289 4260 458 4311 sancta
489 4253 839 4328 praecipiunt
871 4251 1140 4321 religione
1168 4253 1386 4306 serviri.

289 4406 332 4464 1.
360 4408 592 4471 Quibus
623 4406 802 4479 igitur
840 4405 1073 4475 Angelis
1113 4404 1183 4458 de
1217 4405 1384 4458 beata
1421 4408 1478 4459 et
1506 4404 1861 4476 sempiterna

235 4485 324 4540 vita
349 4487 714 4545 credendum
745 4503 875 4542 esse
915 4485 1272 4541 censemus?
1316 4490 1501 4539 utrum
1555 4485 1638 4540 eis
1670 4486 1769 4556 qui
1799 4499 1862 4540 se

236 4565 500 4638 religionis
556 4567 770 4622 ritibus
818 4566 929 4621 coli
975 4566 1201 4631 volunt,
1251 4564 1358 4620 sibi
1403 4581 1564 4620 sacra
1593 4569 1651 4620 et
1681 4567 1859 4620 sacri-

241 4643 344 4702 ﬁcia
379 4648 724 4721 ﬂagitantes
755 4663 788 4701 a
827 4644 1174 4701 mortalibus
1216 4643 1508 4710 exhiberi;
1542 4661 1614 4699 an
1645 4645 1729 4700 eis
1759 4645 1860 4715 qui

240 4723 361 4784 hunc
404 4746 652 4786 omnem
703 4729 926 4784 cultum
978 4728 1081 4782 uni
1131 4727 1246 4782 Deo
1297 4727 1540 4782 creatori
1592 4727 1860 4782 omnium

243 4805 401 4865 deberi
444 4813 682 4880 dicunt,
713 4809 882 4881 eique
914 4808 1276 4863 reddendum
1307 4822 1439 4859 vera
1470 4806 1685 4876 pietate
1718 4823 1858 4875 pra:-

244 4885 450 4957 cipiunt,
497 4892 679 4960 cujus
723 4894 780 4945 et
811 4888 922 4962 ipsi
971 4885 1459 4955 contemplatione
1510 4885 1657 4939 beati
1699 4889 1859 4956 sunt,

246 4970 286 5019 et
309 4985 404 5024 nos
437 4973 675 5028 futuros
705 4985 836 5026 esse
876 4965 1266 5040 promittunt?
1298 4964 1400 5020 Illa
1433 4980 1684 5034 namque
1714 4965 1858 5021 visio

248 5041 322 5102 Dei
347 5054 520 5108 tanta:
571 5050 1027 5123 pulchritudinis
1073 5048 1221 5102 visio
1253 5050 1361 5111 est,
1393 5050 1450 5100 et
1482 5051 1638 5100 tanto
1668 5062 1862 5101 amore

247 5123 588 5200 dignissima,
633 5136 698 5186 ut
758 5132 886 5187 sine
939 5129 1049 5186 hac
1097 5126 1459 5200 quibuslibet
1505 5125 1634 5181 aliis
1692 5125 1861 5182 bonis

292 5396 435 5450 ‘Am.
466 5400 556 5451 Er.
587 5403 642 5452 et
669 5401 814 5456 ιον..
843 5399 936 5448 sed
969 5398 1094 5459 ejus
1123 5395 1226 5462 qui
1251 5395 1402 5458 fecit.
1435 5393 1612 5452 Abest,
1660 5393 1796 5457 ejus,
1827 5407 1860 5444 a

247 5463 590 5527 manuscript“
617 5468 671 5514 et
698 5477 730 5513 a
757 5462 912 5511 Vind.

250 5523 348 5630 ﬂigi
376 5519 500 5578 Huc.
514 5529 798 5578 recurrunt
837 5525 1054 5590 pulchre
1091 5523 1232 5574 dicta
1259 5521 1442 5572 Enarr.
1481 5521 1538 5569 16
1566 5519 1704 5570 Psal.
1738 5535 1856 5580 ηπ,

290 5644 352 5707 (δ)
374 5648 442 5700 De
468 5651 575 5703 hac
599 5654 712 5715 lege
739 5653 1082 5704 concinnavit
1109 5648 1438 5711 Augustinus
1467 5647 1665 5697 librum
1693 5659 1857 5710 quar-

249 5705 339 5758 ιη’
356 5717 544 5767 contra
573 5705 844 5768 Faustum.

1626 373 1857 435 LIBER
1899 375 2249 440 DECIMUS

3525 403 3642 463 294

2000 511 2304 580 praeditum
2338 516 2510 584 atque
2539 515 2954 586 abundantem,
2979 537 3092 577 non
3115 522 3339 582 dubitet
3369 528 3637 590 Plotinus

1997 590 2462 685 infelicissimum
2512 595 2702 651 dicere
2748 597 3042 685 (Enneadis
3076 605 3125 669 1,
3159 606 3256 658 tib.
3301 609 3355 674 6,
3396 625 3517 681 cap.
3551 613 3637 685 7).

2005 674 2143 727 Cum
2177 690 2311 759 ergo
2342 677 2410 759 ad
2443 675 2599 759 hunc
2648 693 2827 759 unum
2861 681 3099 749 quidam
3130 686 3358 755 Angeli,
3398 674 3637 759 quidam

1998 768 2128 807 vero
2160 756 2230 808 ad
2263 772 2324 809 se
2355 756 2512 824 ipsos
2545 758 2712 812 latria
2753 761 3023 816 colendos
3056 763 3237 832 signis
3270 756 3635 828 mirabilibus

1998 835 2275 922 excitent;
2322 837 2531 922 etnhoc
2583 839 2757 922 ita
2805 840 2887 893 illi
2939 841 3083 896 istos
3117 846 3226 899 coli
3269 851 3632 922 prohibeant,

1998 915 2320 1001 isti_autem
2357 915 2522 1001 illum
2559 919 2877 1001 prohibere
2923 938 3038 976 non
3083 915 3370 995 audeant;
3422 915 3635 1001 quibus

1997 995 2187 1078 potius
2219 998 2296 1052 sit
2325 998 2703 1067 credendum,
2748 1002 3140 1070 respondeant
3178 995 3479 1078 Platonici,
3514 1029 3636 1069 res-

1997 1077 2291 1158 pondeant
2370 1079 2729 1152 quicumque
2813 1081 3166 1154 philosophi,
3247 1077 3634 1158 respondeant

1996 1157 2250 1228 theurgi,
2284 1159 2367 1214 \el
2403 1160 2596 1230 potius
2629 1160 2884 1231 periurgi
2919 1164 2970 1220 ¹ε
3018 1163 3124 1218 hoc
3166 1167 3316 1221 enim
3341 1157 3490 1224 sunt
3519 1171 3629 1227 illa:

1993 1253 2197 1292 omnes
2253 1245 2408 1294 artes
2451 1240 2731 1296 vocabulo
2787 1242 3102 1312 digniores.
3160 1245 3456 1304 Postremo
3511 1267 3636 1307 res-

1995 1319 2286 1387 pondeant
2319 1320 2608 1387 homines,
2657 1322 2703 1376 si
2751 1321 2908 1377 ullus
2936 1323 2957 1356 ²
3003 1330 3218 1380 naturae
3251 1343 3368 1382 suis
3400 1345 3634 1398 sensus,

1990 1413 2104 1467 quo
2146 1399 2459 1454 rationales
2506 1401 2681 1455 creati
2732 1411 2888 1467 sunt,
2930 1419 2996 1457 ex
3045 1404 3240 1476 aliqua
3291 1413 3448 1476 parte
3496 1410 3635 1466 vivit

1989 1477 2047 1532 in
2079 1479 2195 1534 eis:
2248 1481 2655 1548 respondeant,
2698 1482 2957 1551 inquam,
2991 1483 3151 1539 eisne
3190 1487 3632 1546 sacriﬁcandum

1987 1559 2062 1612 sit
2093 1557 2202 1614 diis
2235 1563 2320 1614 vel
2353 1562 2576 1629 angelis
2620 1561 2718 1632 qui
2769 1562 2882 1616 sibi
2926 1565 3238 1620 sacrificari
3275 1567 3507 1636 jubent,
3549 1587 3622 1625 an

1985 1636 2068 1692 illi
2102 1640 2223 1708 uni,
2256 1641 2578 1710 cuijubent
2614 1640 2791 1712 hiqui
2815 1647 2871 1695 et
2901 1643 3014 1696 sibi
3037 1653 3089 1698 et
3123 1645 3248 1699 istis
3281 1647 3625 1715 prohibent?

1985 1717 2042 1772 Si
2099 1737 2201 1775 nec
2256 1720 2340 1774 illi
2391 1737 2491 1776 nec
2541 1721 2634 1775 isti
2687 1722 2806 1776 ulla
2869 1723 3150 1779 miracula
3200 1727 3473 1795 facerent,
3524 1730 3622 1785 sed

1983 1803 2211 1854 tantum
2255 1802 2654 1872 praeciperent,
2707 1802 2805 1856 alii
2855 1803 3086 1873 quidem
3142 1809 3202 1859 ut.
3242 1806 3350 1860 sibi
3400 1810 3622 1864 sacriﬁ-

1983 1886 2228 1950 caretur,
2262 1882 2360 1936 alii
2404 1899 2533 1937 vero
2576 1881 2632 1936 id
2680 1889 2958 1950 vetarent,
3008 1885 3107 1940 sed
3143 1887 3236 1940 uni
3273 1892 3500 1943 tantum
3522 1892 3624 1959 ju—

1983 1961 2184 2015 berent
2216 1961 2361 2029 Deo;
2412 1962 2550 2018 satis
2599 1963 2834 2018 deberet
2885 1964 3069 2034 pietas
3119 1966 3243 2037 ipsa
3294 1967 3625 2026 discernere

1981 2041 2119 2110 quid
2155 2041 2363 2097 horum
2397 2045 2468 2096 de
2504 2044 2658 2097 fastu
2701 2045 3014 2114 superbiae,
3056 2047 3190 2116 quid
3225 2047 3297 2101 de
3331 2064 3462 2104 vera
3492 2048 3628 2105 reli-

1979 2120 2149 2190 gione
2193 2124 2582 2178 descenderet.
2637 2122 2772 2177 Plus
2821 2126 2997 2179 etiam
3049 2127 3266 2181 dicam:
3312 2128 3360 2182 si
3398 2135 3623 2185 tantum

1980 2203 2038 2256 hi
2075 2202 2434 2258 mirabilibus
2457 2204 2622 2258 factis
2645 2203 2932 2260 humanas
2954 2212 3354 2275 permoverent
3377 2216 3622 2278 mentes,

1979 2282 2077 2354 qui
2135 2283 2415 2337 sacriﬁcia
2465 2283 2575 2337 sibi
2635 2290 2930 2354 expetunt,
2988 2285 3072 2339 illi
3121 2292 3315 2342 autem
3369 2289 3468 2358 qui
3518 2289 3624 2344 hoc

1979 2361 2310 2433 prohibent,
2357 2367 2414 2416 et
2458 2364 2556 2416 uni
2608 2367 2836 2416 tantum
2891 2363 3005 2418 Deo
3049 2365 3620 2436 sacriﬁcarijubent,

1979 2457 2348 2513 nequaquam
2403 2442 2512 2496 ista
2558 2441 2810 2497 visibilia
2866 2443 3142 2497 miracula
3193 2445 3376 2500 facere
3421 2445 3624 2517 digna-

1977 2532 2207 2581 rentur;
2257 2522 2510 2591 profecto
2551 2539 2661 2576 non
2709 2538 2884 2578 sensu
2938 2524 3215 2594 corporis,
3259 2527 3359 2580 sed
3394 2528 3619 2585 ratione

1978 2601 2192 2656 mentis
2222 2603 2609 2672 praeponenda
2641 2617 2842 2658 eorum
2891 2608 3044 2658 esset
3085 2606 3436 2662 auctoritas:
3485 2625 3617 2665 cum

1977 2698 2106 2736 vero
2186 2682 2330 2736 Deus
2382 2682 2435 2736 id
2487 2681 2670 2752 egerit
2727 2683 2794 2736 ad
2871 2686 3329 2740 commendanda
3386 2687 3618 2760 eloquia

1974 2761 2238 2815 veritatis
2288 2778 2424 2830 sum,
2485 2766 2542 2816 ut
2599 2778 2700 2832 per
2750 2763 2894 2817 istos
2942 2763 3304 2821 immortales
3358 2770 3614 2835 nuntios,

1975 2858 2088 2896 non
2139 2842 2231 2896 sui
2289 2841 2530 2907 fastum,
2589 2843 2690 2895 sed
2753 2845 3120 2912 majestatem
3193 2845 3351 2900 illius
3409 2849 3616 2918 praedi-

1971 2927 2192 2989 cantes,
2228 2921 2440 2975 faceret
2468 2921 2710 2990 majora,
2742 2923 3006 2990 certiora,
3040 2923 3284 2979 clariora
3313 2927 3614 2999 miracula,

1971 3017 2042 3054 ne
2093 3000 2342 3054 inﬁrmis
2388 3000 2502 3069 piis
2542 3000 2624 3053 illi
2673 3001 2771 3071 qui
2817 3001 3106 3057 sacriﬁcia
3151 3004 3263 3058 sibi
3313 3012 3611 3075 eXpetunt,

1968 3079 2171 3134 falsam
2214 3080 2551 3151 religionem
2601 3080 2828 3136 facilius
2875 3083 3310 3152 persuaderent,
3353 3102 3419 3141 eo
3453 3089 3607 3157 quod

1968 3160 2238 3215 sensibus
2285 3176 2487 3216 eorum
2535 3163 2802 3230 quaedam
2845 3163 3132 3233 stupenda
3183 3170 3609 3236 monstrarent;

1969 3255 2141 3310 quem
2175 3239 2407 3294 tandem
2434 3241 2511 3294 ita
2542 3241 2803 3310 desipere
2833 3241 3026 3310 libeat,
3055 3247 3118 3296 ut
3141 3259 3252 3297 non
3275 3260 3408 3299 vera
3433 3245 3612 3316 eligat

1969 3337 2094 3391 quas
2141 3325 2412 3389 sectetur,
2464 3320 2561 3375 ubi
2609 3327 2664 3374 et
2715 3321 3003 3392 ampliora
3046 3321 3267 3378 invenit
3315 3341 3446 3396 quae
3496 3325 3611 3381 mi-

1969 3399 2165 3454 retur?

2037 3500 2090 3550 2.
2129 3496 2232 3550 Illa
2263 3497 2470 3567 quippe
2504 3497 2785 3552 miracula
2831 3498 3061 3553 deorum
3101 3501 3435 3569 gentilium,
3483 3518 3607 3572 quae

1970 3576 2345 3630 commendat
2377 3576 2640 3641 historia,
2687 3593 2799 3630 non
2845 3593 2910 3630 ea
2953 3579 3078 3632 dico
3124 3595 3253 3647 qua:
3295 3577 3616 3636 intervallis

1970 3660 2302 3724 temporum
2351 3657 2592 3710 occultis
2638 3657 2820 3726 ipsius
2875 3657 3079 3711 mundi
3127 3657 3338 3727 causis,
3394 3675 3620 3715 verum-

1967 3741 2162 3791 tamen
2205 3735 2314 3789 sub
2364 3736 2560 3788 divina
2594 3735 2952 3804 providentia
3000 3736 3330 3792 constitutis
3380 3746 3432 3793 et
3463 3739 3618 3795 ordi-

1970 3815 2123 3871 natis
2156 3822 2484 3869 monstrosa
2523 3815 2894 3884 contingunt;
2941 3816 3141 3886 quales
3175 3825 3309 3870 sunt
3355 3817 3621 3875 inusitati

1967 3903 2168 3967 partus
2199 3895 2568 3958 animalium,
2600 3900 2655 3950 et
2684 3895 2826 3950 caelo
2861 3901 3126 3966 terraque
3161 3912 3350 3951 rerum
3384 3897 3621 3956 insolita

1970 3978 2163 4044 facies,
2221 3976 2339 4029 sive
2395 3980 2622 4029 tantum
2682 3980 2927 4045 terrens,
2979 3978 3100 4030 sive
3148 3977 3323 4031 etiam
3383 3993 3620 4047 nocens,

1966 4074 2095 4129 qua
2128 4057 2423 4127 procurari
2456 4065 2628 4127 atque
2659 4056 2914 4125 mitigari
2943 4058 3316 4112 daemoniacis
3345 4058 3367 4092 ³
3407 4057 3618 4114 ritibus

1970 4139 2346 4194 fallacissima
2394 4153 2594 4192 eorum
2658 4137 2872 4191 astutia
2932 4137 3344 4208 perhibentur:
3406 4139 3505 4194 sed
3556 4155 3624 4194 ea

1966 4219 2116 4286 dico,
2149 4235 2270 4288 quas
2305 4217 2356 4272 vi
2389 4234 2454 4272 ac
2488 4222 2773 4289 potestate
2811 4234 3012 4272 eorum
3048 4218 3170 4274 ﬁeri
3203 4218 3350 4274 satis
3382 4219 3618 4275 eviden-

1967 4304 2052 4354 ter
2081 4303 2347 4369 apparet,
2384 4302 2448 4352 ut
2480 4306 2565 4352 est
2596 4298 2745 4366 quod
2781 4298 3008 4368 efﬁgies
3035 4300 3278 4353 deorum
3317 4300 3620 4356 Penatium

1969 4395 2114 4450 quas
2145 4379 2214 4432 de
2255 4379 2425 4448 Troja
2465 4379 2673 4433 [Encas
2725 4379 2955 4449 fugiens
3003 4379 3250 4445 advexit,
3297 4380 3366 4434 de
3410 4381 3533 4434 loco
3565 4380 3625 4436 in

1967 4459 2162 4514 locum
2193 4459 2476 4529 migrasse
2523 4460 2856 4515 referuntur
2905 4460 3011 4528 (a);
3067 4459 3223 4531 quod
3267 4467 3456 4515 cotem
3489 4462 3630 4516 Tar-

1969 4538 2204 4610 quinius
2276 4539 2559 4595 novacula
2625 4539 2812 4595 secuit
2879 4539 2994 4609 (b);
3067 4542 3218 4611 quod
3281 4541 3627 4612 Epidaurius

1968 4633 2206 4688 serpens
2237 4618 2566 4689 IEseulapio
2599 4618 2893 4690 naviganti
2928 4618 3168 4674 Romam
3202 4635 3396 4675 comes
3430 4621 3628 4676 adhae-

1969 4697 2045 4752 sit
2073 4697 2181 4768 (c);
2223 4699 2379 4768 quod
2415 4699 2607 4753 navim
2641 4716 2758 4769 qua
2789 4697 3172 4754 simulacrum
3205 4699 3410 4754 matris
3443 4700 3620 4769 Phry-

1967 4778 2072 4848 gias
2098 4778 2434 4847 vehebatur,
2460 4779 2635 4834 tantis
2660 4779 2966 4833 hominum
2992 4779 3290 4847 boumque
3313 4778 3620 4832 conatibus

2031 5082 2046 5114 ι
2109 5073 2382 5138 ΝοῐιιιιιιιὶΔ
2414 5071 2634 5134 codices,
2691 5073 2969 5138 perturgi.
3022 5073 3264 5136 Quidam,
3310 5073 3620 5136 perteurgi'.

1963 5139 2085 5192 Alii,
2114 5135 2400 5197 periurgi.

2028 5202 2049 5235 ²
2072 5200 2289 5260 Aliquot
2317 5199 2460 5254 Mss,
2499 5197 2682 5247 illius.

2027 5267 2049 5299 3
2085 5263 2240 5311 Vind.
2272 5263 2387 5309 Am.
2421 5263 2474 5310 et
2507 5261 2649 5315 Mss..
2682 5261 3035 5314 daemonicis.

2030 5328 2099 5389 (α)
2138 5325 2327 5389 Supra,
2361 5325 2453 5389 lib.
2495 5323 2539 5383 1,
2565 5338 2676 5386 cap.
2709 5325 2756 5374 3.

2021 5387 2092 5450 (ὁ)
2122 5387 2396 5450 Tarquinii
2423 5387 2574 5448 jussu
2594 5389 2783 5450 secuit
2832 5389 3016 5440 Actius
3049 5389 3264 5447 Navius,
3295 5388 3375 5450 uti
3405 5389 3618 5450 testan-

1961 5449 2052 5502 tur
2080 5452 2273 5504 Cicero,
2306 5449 2405 5516 lib1
2424 5450 2459 5516 _l
2484 5450 2558 5516 Δ(16
2586 5449 2842 5516 Divinat.,
2878 5466 2991 5516 cap.
3040 5453 3115 5506 17,
3148 5456 3201 5501 et
3227 5452 3320 5500 lib.
3350 5449 3382 5499 2
3409 5451 3474 5500 (16
3497 5449 3617 5502 Nat.

1962 5512 2708 5580 deor..ﬁ_necn_o_n_Livius,_lib.
2746 5515 2791 5572 1,
2823 5512 3051 5580 capitis,
3083 5516 3298 5580 aliique.

2024 5583 2091 5637 (ο)
2120 5577 2234 5624 Vid.
2270 5575 2494 5627 Livium,
2517 5575 2753 5637 ‘epitome
2781 5575 2906 5626 libri
2937 5578 2989 5626 11
3027 5593 3038 5635 ;
3077 5575 3247 5633 Ovid.,
3299 5576 3392 5626 Iih.
3428 5575 3487 5624 15
3516 5578 3620 5628 Me-

1959 5635 2413 5765 ιαὰιὸέρὶὲηἳνθιιε.
2443 5635 2634 5687 622st
2673 5653 2866 5704 seqq.;
2918 5641 3088 5690 Valer.
3137 5640 3373 5702 Maxim.,
3427 5639 3520 5689 11b.
3569 5641 3614 5698 1,

1963 5717 2078 5765 cap.
2145 5737 2158 5760 .
2284 5739 2294 5750 .

1963 5717 2078 5770 cap.
2109 5717 2158 5760 δ,
2188 5717 2216 5765 9
2247 5717 2294 5750 κ.
