4158 6192
394 5725 404 5739 Ι

446 286 563 346 295

448 418 810 475 immobilem
844 416 1147 480 redditam,
1190 429 1311 469 una
1340 410 1688 466 muliercula
1725 426 1869 465 zona
1895 406 2095 478 alliga-

448 504 566 555 tam
618 501 658 565 ί,
709 499 778 553 ad
840 512 958 552 suae
1020 494 1310 566 pudicitia:
1364 491 1763 547 testimonium
1816 488 1994 543 movit
2042 492 2097 540 et

451 580 625 634 traxit
653 578 763 647 (a);
809 577 964 647 quod
999 576 1157 645 virgo
1202 571 1452 627 Vestalis
1499 571 1599 641 (b),
1643 572 1712 624 de
1758 569 1924 639 cujus
1970 582 2100 621 cor-

452 659 721 728 ruptione
753 656 995 727 quaestio
1045 653 1398 721 vertebatur,
1441 668 1591 721 aqua
1633 649 1875 720 impleto
1907 647 2097 702 cribro

451 740 520 795 de
539 737 753 807 Tiberi,
788 752 975 806 neque
1000 733 1338 806 perﬁuente,
1363 732 1601 787 abstulit
1623 728 2094 787 controversiam.

454 819 585 875 Haec
616 835 748 887 ergo
794 824 964 887 atque
1016 816 1127 869 alia
1174 814 1513 884 hujusmodi
1566 827 1933 882 nequaquam
1980 808 2099 863 illis

455 917 583 970 quae
614 901 669 953 in
704 897 915 968 populo
964 897 1067 952 Dei
1120 897 1270 950 facta
1318 894 1592 965 legimus,
1642 893 1857 947 virtute
1888 906 1954 945 ac
1986 905 2102 942 ma-

455 978 760 1049 gnitudine
791 976 1143 1031 conferenda
1186 979 1357 1030 sunt:
1392 981 1612 1045 quanto
1645 973 1841 1027 minus
1873 988 1939 1025 ea
1970 986 2100 1041 quae

454 1059 689 1113 illorum
721 1074 950 1128 quoque
982 1056 1351 1128 populorum,
1401 1055 1500 1125 qui
1548 1054 1689 1109 tales
1728 1054 1868 1107 deos
1903 1050 2100 1105 colue-

455 1143 613 1203 runt,
681 1136 909 1209 legibus
972 1138 1235 1207 judicata
1300 1144 1435 1190 sunt
1503 1132 1863 1203 prohibenda
1928 1134 2103 1200 atque

456 1219 784 1289 plcctanda,
818 1219 1045 1288 magica
1095 1216 1317 1272 scilicet
1344 1214 1433 1270 vel
1467 1212 1815 1285 theurgica?
1852 1225 2103 1289 quorum

457 1287 731 1371 pleraque
761 1287 950 1369 specie
973 1303 1143 1352 tenus
1168 1294 1503 1351 mortalium
1528 1309 1738 1349 sensus
1769 1287 2106 1361 imaginaria

456 1379 853 1434 ludiﬁcatione
885 1377 1205 1447 decipiunt,
1236 1374 1410 1446 quale
1438 1378 1526 1429 est
1555 1373 1759 1427 lunam
1793 1371 2103 1441 deponere,

458 1458 629 1515 donec
658 1460 988 1529 suppositas,
1024 1463 1087 1512 ut
1124 1456 1203 1511 ait
1246 1461 1536 1519 Lucanus,
1568 1452 1794 1523 propior
1827 1452 2107 1522 despumet

457 1540 517 1593 in
568 1540 764 1593 herbas
811 1538 1033 1607 (Phars.
1071 1538 1109 1589 ι.
1164 1538 1217 1603 6,
1270 1552 1405 1591 vers.
1457 1535 1615 1605 503);
1664 1531 1927 1603 quaedam
1972 1544 2107 1584 vero

460 1620 570 1673 etsi
604 1617 910 1674 nonnullis
942 1618 1168 1686 piorum
1206 1617 1372 1670 factis
1412 1615 1721 1669 videantur
1762 1627 1933 1682 opere
1963 1626 2106 1664 coas-

460 1698 641 1768 quari,
696 1699 828 1752 linis
894 1698 1021 1767 ipse
1082 1713 1197 1767 quo
1256 1697 1691 1763 discernuntur,
1750 1693 2109 1761 incompara-

461 1776 655 1832 biliter
712 1778 830 1830 haec
879 1781 1079 1830 nostra
1127 1774 1381 1829 ostendit
1428 1773 1725 1828 excellere.
1780 1770 1902 1825 Illis
1950 1768 2107 1823 enim

461 1857 631 1914 multi
673 1861 830 1911 tanto
863 1857 1058 1911 minus
1100 1854 1405 1910 sacriﬁciis
1446 1852 1669 1909 colendi
1702 1855 1862 1916 sunt,
1895 1852 2107 1919 quanto

462 1938 651 2009 magis
690 1937 809 1991 haec
840 1940 1145 2007 expetunt:
1180 1936 1270 1989 his
1304 1951 1435 1989 vero
1468 1950 1625 1988 unus
1654 1930 2103 1987 commendatur

463 2018 641 2087 Deus,
673 2018 767 2088 qui
812 2033 874 2071 se
921 2016 1098 2071 nullis
1149 2015 1363 2071 talibus
1415 2014 1699 2085 indigere,
1749 2017 1805 2067 et
1849 2011 2108 2079 Scriptu-

464 2115 660 2153 rarum
693 2114 933 2153 suarum
988 2097 1415 2162 testiﬁcatione,
1450 2100 1505 2150 et
1546 2094 1880 2150 eorumdem
1915 2094 2112 2161 postea

464 2180 883 2237 sacriﬁciorum
918 2178 1239 2234 remotione
1268 2178 1643 2232 demonstrat.
1675 2176 1731 2230 Si
1757 2189 1893 2243 ergo
1920 2168 2111 2241 angeli

464 2260 573 2317 sibi
604 2263 881 2331 expetunt
912 2258 1287 2322 sacriﬁcium,
1333 2256 1705 2327 praeponendi
1749 2253 1831 2309 eis
1862 2256 1998 2306 sunt
2027 2248 2113 2303 illi

465 2340 563 2412 qui
595 2357 710 2395 non
742 2338 875 2407 sibi,
926 2339 1027 2392 sed
1075 2339 1183 2393 Deo
1218 2338 1460 2392 creatori
1512 2336 1797 2398 omnium,
1848 2332 1941 2387 cui
1991 2345 2111 2385 ser-

462 2424 651 2477 viunt.
685 2420 829 2473 Hinc
861 2418 1013 2473 enim
1062 2417 1380 2472 ostendunt
1426 2432 1600 2487 quam
1650 2416 1875 2469 sincero
1918 2423 2112 2467 amore

468 2518 574 2557 nos
624 2499 897 2571 diligunt,
944 2499 1178 2569 quando
1231 2514 1331 2567 per
1391 2496 1740 2552 sacriﬁcium
1804 2508 1920 2547 non
1979 2489 2113 2555 sibi,

466 2584 568 2638 sed
602 2580 652 2636 ei
687 2597 790 2636 nos
834 2580 1081 2635 subdere
1130 2579 1351 2645 volunt,
1397 2580 1567 2647 cujus
1616 2582 1673 2631 et
1711 2575 1820 2645 ipsi
1865 2580 2119 2628 contem-

470 2662 719 2735 platione
767 2660 919 2715 beati
968 2667 1125 2726 sunt,
1172 2667 1224 2714 et
1273 2660 1344 2713 ad
1396 2673 1529 2712 eum
1580 2673 1687 2712 nos
1730 2654 2049 2735 pervenire,
2083 2667 2118 2706 a

468 2760 584 2815 quo
616 2741 724 2812 ipsi
759 2758 870 2795 non
907 2744 1286 2795 recesserunt.
1320 2738 1375 2792 Si
1407 2744 1603 2793 autem
1646 2736 1835 2807 angeli
1869 2734 1969 2805 qui
2002 2750 2114 2787 non

466 2814 591 2890 uni,
625 2822 724 2877 sed
771 2820 1041 2893 plurimis
1082 2819 1366 2875 sacriﬁcia
1398 2819 1520 2873 ﬁeri
1569 2817 1792 2884 volunt,
1826 2832 1943 2869 non
1983 2814 2113 2881 sibi,

468 2905 572 2959 sed
597 2902 679 2956 eis
711 2902 821 2955 diis
862 2900 1088 2965 volunt,
1131 2914 1380 2971 quorum
1424 2899 1663 2952 deorum
1710 2894 1893 2963 angeli
1941 2898 2115 2960 sunt;

472 2986 646 3040 etiam
690 2983 770 3037 sic
808 2981 892 3035 eis
928 2980 1296 3051 praeponendi
1342 2984 1482 3032 sunt
1531 2976 1615 3032 illi
1664 2975 1763 3046 qui
1812 2974 1987 3028 unius
2023 2973 2118 3027 Dei

472 3064 710 3120 deorum
742 3062 941 3131 Angeli
992 3065 1155 3125 sunt,
1187 3060 1277 3114 cui
1329 3057 1641 3112 sacriﬁcari
1676 3057 1759 3111 sic
1787 3054 2013 3122 jubent,
2057 3056 2121 3107 ut

470 3141 645 3199 alicui
677 3140 843 3196 alteri
873 3144 1102 3205 vetent;
1146 3154 1281 3192 cum
1315 3154 1515 3192 eorum
1551 3136 1747 3189 nullus
1782 3134 1915 3187 huic
1947 3136 2118 3197 vetet,

470 3223 563 3279 cui
596 3222 694 3276 uni
730 3222 822 3275 isti
850 3217 1166 3274 sacriﬁcari
1191 3218 1421 3287 jubent.
1455 3217 1628 3271 Porro
1652 3217 1723 3278 si,
1747 3216 1896 3285 quod
1934 3211 2121 3281 magis

472 3303 693 3358 indicat
736 3316 935 3356 eorum
969 3300 1218 3370 superba
1261 3297 1510 3365 fallacia,
1557 3312 1663 3350 nec
1696 3295 1854 3360 boni,
1888 3308 1993 3349 nec
2022 3294 2121 3347 ho-

474 3399 682 3439 norum
734 3381 977 3436 deorum
1029 3376 1218 3448 angeli
1268 3385 1424 3445 sunt,
1474 3378 1570 3432 sed
1622 3376 1913 3430 daemones
1965 3373 2119 3439 mali,

476 3467 577 3535 qui
609 3479 724 3517 non
758 3477 939 3516 unum
986 3461 1174 3515 solum
1220 3476 1283 3513 ac
1329 3473 1626 3513 summum
1676 3456 1882 3521 Deum,
1928 3454 2027 3509 sed
2061 3469 2123 3509 se

472 3544 632 3616 ipsos
664 3541 968 3598 sacriﬁciis
1011 3541 1123 3595 coli
1177 3539 1404 3606 volunt;
1456 3539 1607 3607 quod
1663 3538 1853 3606 majus
1884 3537 1904 3569 ²
1944 3550 2121 3606 quam

473 3626 650 3681 unius
701 3624 803 3678 Dei
851 3627 1053 3677 contra
1107 3636 1206 3676 eos
1254 3620 1587 3691 eligendum
1638 3627 1721 3673 est
1772 3616 2122 3687 praesidium.

474 3706 566 3761 cui
616 3706 868 3760 serviunt
920 3701 1121 3771 Angeli
1182 3701 1340 3770 boni,
1389 3699 1489 3770 qui
1538 3716 1652 3755 non
1699 3697 1835 3766 sibi,
1886 3696 1989 3750 sed
2038 3693 2124 3748 illi

466 3786 677 3857 jubent
709 3788 772 3838 ut
816 3782 1102 3838 sacriﬁcio
1149 3780 1493 3848 serviamus,
1544 3785 1712 3849 cujus
1743 3795 1848 3832 nos
1882 3776 1993 3846 ipsi
2029 3790 2123 3843 sa-

475 3866 761 3920 criﬁcium
795 3880 917 3919 esse
947 3864 1227 3919 debemus
1244 3862 1273 3915 ?

476 4022 709 4079 CAPUT
754 4020 922 4076 XVII.
975 4049 1044 4060 ——
1090 4021 1165 4073 De
1213 4034 1342 4072 arca
1376 4013 1702 4071 Testamenti
1728 4010 2126 4079 miraculisque

548 4106 852 4170 signorum,
898 4114 1024 4169 quae
1066 4099 1134 4151 ad
1179 4094 1667 4151 commendandam
1700 4092 1857 4161 Legis
1897 4106 1961 4144 ac
1996 4105 2127 4160 pro-

550 4180 835 4234 missionis
865 4178 1248 4232 auctoritatem
1278 4172 1547 4229 divinilus
1574 4178 1723 4241 facta
1744 4178 1893 4224 sunt.

554 4314 803 4370 Proinde
829 4315 920 4368 lex
954 4312 1073 4380 Dei,
1105 4329 1231 4383 quas
1273 4312 1330 4367 in
1364 4309 1568 4366 edictis
1600 4310 1735 4364 data
1764 4312 1851 4364 est
1887 4307 2130 4381 Angelo-

484 4411 638 4460 rum,
689 4396 746 4449 in
781 4410 896 4464 qua
943 4407 1093 4447 unus
1134 4392 1286 4447 Deus
1338 4392 1577 4446 deorum
1628 4388 1907 4461 religione
1938 4406 2129 4445 sacro-

485 4493 615 4531 rum
642 4477 851 4545 jussus
897 4478 987 4528 est
1025 4472 1153 4541 coli,
1205 4474 1302 4528 alii
1354 4487 1488 4526 vero
1538 4468 1780 4541 quilibet
1830 4470 2128 4542 prohibiti,

485 4557 545 4611 in
576 4562 723 4610 Arca
743 4559 867 4610 erat
887 4553 1100 4625 posita,
1125 4570 1253 4624 quae
1282 4556 1426 4609 Arca
1450 4551 1765 4607 testimonii
1797 4555 2131 4623 nuncupata

486 4642 593 4694 est.
626 4636 745 4699 Quo
780 4635 1020 4691 nomine
1049 4636 1191 4690 satis
1222 4635 1613 4707 signiﬁcatur,
1648 4649 1761 4689 non
1798 4633 1999 4701 Deum,
2032 4632 2131 4704 qui

485 4735 587 4790 pcr
625 4717 725 4772 illa
773 4716 965 4772 omnia
1011 4715 1325 4786 colebatur,
1379 4712 1756 4769 circumcludi
1804 4712 1989 4769 solere
2043 4711 2132 4767 vel

487 4797 771 4854 contineri
832 4796 981 4865 loco,
1042 4812 1174 4851 cum
1234 4810 1516 4867 responsa
1570 4794 1698 4864 ejus
1756 4800 1811 4848 et
1869 4793 2132 4862 quaedam

486 4878 761 4933 humanis
810 4877 1081 4932 sensibus
1131 4876 1412 4931 darentur
1455 4875 1619 4945 signa
1670 4890 1737 4929 ex
1790 4872 1947 4927 illius
1980 4875 2133 4927 Arcte

488 4959 635 5026 loco,
668 4958 768 5013 sed
804 4957 1118 5013 voluntatis
1148 4958 1275 5026 ejus
1301 4958 1437 5012 hinc
1472 4954 1797 5010 testimonia
1820 4952 2133 5025 perhiberi.

488 5040 651 5105 Quod
702 5039 877 5093 etiam
929 5038 1056 5109 ipsa
1103 5038 1194 5092 lex
1241 5047 1363 5093 erat
1419 5038 1476 5091 in
1531 5035 1750 5092 tabulis
1806 5034 2138 5105 conscripta

486 5118 758 5191 lapideis,
784 5126 842 5173 et
874 5119 931 5172 in
962 5122 1129 5186 Arca,
1155 5123 1217 5173 ut
1249 5118 1385 5185 dixi,
1416 5117 1637 5188 posita;
1669 5132 1845 5188 quam
1878 5120 2137 5185 tempore

558 5278 574 5311 1
608 5272 693 5323 Sic
722 5273 875 5322 Vind.
908 5272 1024 5321 Am.
1057 5272 1141 5319 Er.
1163 5274 1215 5321 et
1235 5271 1435 5321 codices
1462 5271 1585 5321 Mss.
1616 5271 1679 5318 At
1708 5270 1853 5325 Lov.,
1876 5268 2135 5331 alligata.

554 5337 577 5370 ²
610 5338 825 5399 Aliquot
854 5336 999 5394 Mss.,
1029 5335 1227 5399 magis.

554 5402 634 5461 (a)
664 5394 787 5448 Fuit
823 5398 1014 5447 mulier
1058 5397 1154 5461 illa
1200 5396 1419 5461 Claudia
1452 5396 1684 5455 Quintia,
1734 5408 1801 5443 ex
1846 5394 2056 5461 Cicer:
2075 5395 2139 5461 de

492 5456 712 5525 harusp.
746 5461 1027 5525 Responsis
1058 5475 1071 5519 ;
1103 5460 1276 5520 Ovid,
1306 5459 1444 5509 lib.4
1474 5461 1767 5513 Fastorum.
1798 5470 1937 5507 vers.
1967 5456 2060 5505 295
2089 5458 2141 5505 et

497 5537 643 5570 seua.
678 5539 690 5570 :
720 5525 833 5570 Liv.
865 5524 956 5570 lib.
988 5520 1068 5570 29.
1098 5536 1213 5570 can.
1248 5523 1321 5569 14.

497 5525 815 5709 :35"ﬁ%ic;
821 5524 1050 5637 iiiis?
1054 5524 1354 5640 $255.1".
1402 5584 1610 5636 Valerio
1660 5582 1909 5638 Maximo.
1953 5582 2048 5634 lib.
2089 5580 2138 5638 8.

600 5682 832 5708 O‘,UVO

400 5892 408 5909 ἔ
488 5904 493 5910 ι

1493 278 1591 339 DE
1636 271 2003 337 CIVITATE
2044 269 2198 343 DEI,
2250 268 2313 331 S.
2356 272 2782 338 AUGUSTINI

3733 276 3850 339 296

2206 408 2689 477 peregrinationis
2734 412 2793 466 in
2846 426 3059 474 eremo,
3093 426 3227 466 cum
3258 411 3660 467 Tabernaculo
3694 412 3851 482 quod

2208 486 2481 544 similiter
2510 491 2866 561 appellatum
2898 498 2987 547 est
3014 491 3477 547 Tabernaculum
3507 491 3853 559 testimonii,

2203 583 2330 622 cum
2365 571 2563 626 debita
2604 574 2933 629 sacerdotes
2974 574 3343 628 veneratione
3382 574 3731 644 portabant:
3776 572 3854 627 si-

2202 664 2501 721 gnumque
2535 658 2679 719 erat,
2718 654 2868 724 quod
2912 670 3017 725 per
3076 654 3226 708 diem
3284 656 3469 709 nubes
3508 655 3851 725 apparebat,

2204 744 2331 798 quas
2363 731 2515 786 sicut
2539 733 2693 803 ignis
2725 740 2892 789 nocte
2923 735 3179 804 fulgebat
3209 734 3408 797 (Exod.
3440 750 3565 799 xm,
3600 732 3694 802 21)
3728 750 3855 803 (μω

2204 811 2389 864 nubes
2417 828 2548 866 cum
2584 820 2934 882 moveretur,
2975 818 3162 868 castra
3193 815 3605 879 movebantur;
3657 819 3716 868 et
3757 813 3855 868 ubi

2206 894 2403 957 staret,
2436 904 2626 947 castra
2671 895 3036 963 ponebantur
3065 893 3167 962 (Id.
3208 910 3298 961 xc,
3339 894 3434 958 34,
3461 894 3572 965 35).
3611 892 3855 948 Reddita

2206 975 2339 1024 sunt
2394 976 2585 1027 autem
2638 974 2719 1027 illi
2764 973 2871 1044 legi
2932 974 3130 1045 magni
3181 975 3444 1029 miraculi
3494 974 3853 1041 testimonia,

2207 1056 2415 1120 printer
2445 1052 2557 1108 ista
2588 1070 2718 1124 quas
2742 1055 2879 1121 dixi,
2912 1064 2963 1109 et
2998 1064 3202 1123 praeter
3233 1071 3400 1110 voces
3433 1072 3561 1126 qua;
3594 1072 3662 1110 ex
3695 1054 3856 1109 illius

2208 1133 2358 1186 Arcas
2404 1132 2530 1188 loco
2580 1138 2921 1191 edebantur.
2967 1136 3113 1191 Nam
3166 1152 3300 1191 cum
3351 1141 3565 1190 terram
3602 1136 3853 1207 promis-

2209 1212 2393 1268 sionis
2453 1215 2810 1273 intrantibus
2868 1216 3071 1272 eadem
3126 1219 3275 1271 Arca
3321 1218 3599 1273 transiret
3650 1217 3860 1272 Jorda-

2212 1309 2367 1360 nem,
2412 1294 2624 1350 ﬂuvius
2667 1313 2734 1350 ex
2776 1302 2939 1367 parte
2979 1298 3276 1368 superiore
3324 1298 3672 1362 subsistens,
3706 1303 3763 1353 et
3794 1313 3862 1353 ex

2211 1374 2479 1429 inferiore
2542 1374 2875 1438 decurrens,
2950 1383 3006 1433 et
3071 1377 3179 1447 ipsi
3240 1382 3294 1432 et
3366 1378 3580 1448 populo
3637 1378 3859 1433 siccum

2214 1455 2455 1524 praebuit
2485 1457 2827 1511 transeundi
2855 1457 3045 1513 locum
3072 1459 3250 1525 (Iosue
3276 1473 3361 1523 ιιι,
3394 1459 3482 1525 16,
3508 1458 3615 1528 17).
3641 1458 3864 1513 Deinde

2214 1535 2486 1600 civitatis,
2518 1552 2644 1606 quis
2696 1538 2879 1608 prima
2909 1537 3139 1593 hostilis
3190 1538 3462 1603 occurrit,
3515 1554 3675 1593 more
3707 1538 3862 1594 Gen-

2214 1618 2359 1671 tium
2411 1617 2549 1672 deos
2603 1616 2883 1687 plurimos
2930 1618 3151 1683 colens,
3202 1618 3416 1686 septies
3461 1618 3663 1673 eadem
3717 1620 3863 1673 Arca

2214 1697 2586 1765 circumacta,
2624 1698 2775 1752 muri
2809 1704 3042 1769 repente
3090 1698 3443 1762 ceciderunt,
3479 1699 3644 1753 nulla
3676 1716 3857 1753 manu

2215 1778 2556 1849 oppugnati,
2592 1778 2748 1834 nullo
2779 1783 2957 1835 ariete
3006 1778 3260 1849 percussi
3291 1780 3393 1848 (Id.
3439 1796 3517 1845 vn,
3562 1780 3675 1851 ‘20).
3727 1780 3869 1835 Post

2216 1858 2335 1912 haec
2362 1861 2533 1913 etiam
2569 1874 2701 1913 cum
2730 1859 2850 1929 jam
2903 1860 2959 1914 in
2992 1864 3147 1914 terra
3188 1859 3597 1930 promissionis
3644 1864 3870 1928 essent,

2216 1942 2272 1992 et
2297 1939 2495 1992 eadem
2527 1940 2672 1992 Area
2720 1944 2951 2008 propter
2997 1955 3196 1994 eorum
3252 1942 3486 2010 peccata
3535 1940 3739 1994 fuisset
3784 1939 3867 1994 ab

2216 2019 2485 2073 hostibus
2516 2028 2700 2088 capla,
2752 2018 2809 2072 hi
2870 2020 2969 2089 qui
3020 2035 3145 2073 eam
3197 2024 3488 2087 ceperant,
3531 2019 3589 2074 in
3642 2018 3867 2087 templo

2218 2099 2319 2154 Dei
2374 2102 2483 2168 sui,
2534 2114 2704 2169 quem
2757 2116 2871 2168 pra;
2918 2101 3144 2154 caeteris
3201 2099 3489 2167 colebant,
3542 2100 3869 2155 honoriﬁce

2216 2179 2599 2244 collocarunt,
2670 2180 3070 2251 abeuntesque
3135 2178 3486 2247 clauserunt,
3545 2185 3877 2250 apertoque

2219 2260 2521 2331 postridie,
2572 2259 2957 2315 simulacrum
3013 2259 3104 2314 cui
3152 2259 3573 2329 supplicabant,
3624 2259 3878 2314 invene-

2220 2345 2359 2395 runt
2387 2340 2707 2408 collapsum
2740 2339 3194 2410 deformiterque
3226 2339 3611 2394 confractum.
3644 2338 3877 2393 Deinde

2220 2420 2334 2491 ipsi
2384 2420 2664 2490 prodigiis
2721 2420 2856 2486 acti,
2917 2418 3347 2488 deformiusque
3399 2418 3611 2490 puniti,
3660 2420 3878 2473 Arcam

2223 2501 2400 2555 divini
2433 2500 2751 2555 testimonii
2797 2500 3029 2571 populo,
3076 2499 3227 2553 unde
3273 2504 3568 2569 ceperant,
3602 2498 3875 2553 reddide-

2224 2588 2380 2637 runt.
2416 2582 2547 2653 Ipsa
2591 2587 2780 2636 autem
2831 2581 3079 2636 redditio
3129 2579 3323 2650 qualis
3372 2579 3523 2634 fuit?
3571 2580 3878 2651 Imposue-

2224 2669 2362 2721 runt
2391 2682 2517 2720 eam
2548 2666 2826 2735 plaustro,
2851 2665 3017 2735 eique
3039 2664 3335 2733 iuvencas,
3361 2679 3392 2717 a
3415 2663 3631 2732 quibus
3664 2660 3883 2717 vitulos

2225 2750 2501 2817 augentes
2544 2746 2967 2812 abstraxerant,
3017 2743 3468 2813 subjunxerunt,
3517 2747 3572 2797 et
3611 2758 3707 2797 eas
3758 2758 3886 2812 quo

2224 2826 2440 2881 vellent
2495 2826 2579 2881 ire
2630 2828 2912 2893 siverunt,
2974 2824 3144 2879 etiam
3198 2823 3335 2878 hinc
3384 2822 3401 2855 ί
3448 2822 3560 2877 vim
3610 2824 3883 2878 divinam

2226 2905 2519 2976 explorare
2587 2906 2903 2976 cupientes.
2961 2906 3031 2958 At
3082 2902 3194 2957 illas
3252 2903 3377 2957 sine
3435 2902 3672 2957 homine
3729 2903 3892 2957 duce

2228 2992 2400 3056 atque
2432 2990 2671 3054 rectore,
2716 2987 2783 3040 ad
2827 2984 3095 3039 Hebraeos
3141 2983 3292 3038 viam
3338 2983 3713 3053 pertinaciter
3743 2996 3884 3053 gra—

2228 3066 2472 3134 dientes,
2505 3084 2606 3121 nec
2647 3071 2919 3122 revocatas
2954 3063 3273 3133 mugitibus
3306 3062 3689 3118 esurientium
3723 3061 3879 3116 ﬁlio-

2228 3164 2378 3213 rum,
2431 3164 2708 3219 magnum
2758 3150 3194 3201 sacramentum
3238 3144 3361 3198 suis
3408 3143 3733 3198 cultoribus
3781 3159 3887 3197 re-

2229 3233 2532 3297 portarunt
2589 3229 2632 3298 (Ι
2691 3229 2821 3297 Reg.
2882 3225 3070 3294 ιν-νι).
3136 3223 3265 3279 Haec
3314 3228 3491 3294 atque
3532 3221 3886 3293 hujusmodi

2232 3310 2345 3364 Deo
2395 3325 2571 3379 parva
2618 3316 2775 3374 sunt,
2823 3308 2923 3361 sed
2980 3322 3195 3375 magna
3244 3305 3531 3360 terrendis
3563 3303 3888 3359 salubriter

2230 3390 2679 3458 erudiendisque
2747 3384 3111 3441 mortalibus.
3184 3385 3240 3439 Si
3300 3384 3457 3439 enim
3523 3383 3889 3454 philosophi,

2232 3470 2633 3539 praecipueque
2691 3465 2993 3529 Platonici,
3054 3464 3271 3519 rectius
3329 3463 3553 3518 caeteris
3613 3463 3890 3533 sapuisse

2232 3551 2565 3618 laudantur,
2615 3549 2768 3603 sicut
2818 3547 2986 3617 paulo
3033 3550 3165 3600 ante
3219 3546 3698 3612 commemoravi,
3729 3546 3889 3614 quod

2234 3634 2483 3687 divinam
2526 3628 2947 3701 providentiam
2993 3628 3111 3679 haec
3143 3642 3376 3696 quoque
3408 3642 3603 3680 rerum
3652 3627 3894 3681 inﬁrma

2235 3718 2411 3783 atque
2441 3717 2669 3765 terrena
2715 3706 3116 3762 administrare
3156 3710 3505 3772 docuerunt,
3538 3721 3888 3761 numerosa-

2236 3809 2365 3846 rum
2418 3789 2751 3845 testimonio
2806 3785 3326 3859 pulchritudinem,
3373 3802 3499 3856 quae
3534 3802 3649 3840 non
3694 3784 3889 3841 solum

2236 3874 2293 3927 in
2334 3875 2673 3945 corporibus
2722 3870 3089 3934 animalium,
3131 3884 3332 3924 verum
3367 3868 3425 3922 in
3471 3867 3665 3922 herbis
3707 3867 3890 3922 etiam

2240 3957 2487 4025 ferioque
2536 3954 2895 4024 gignuntur:
2936 3953 3155 4022 quanto
3195 3948 3519 4003 evidentius
3558 3949 3676 4002 haec
3706 3954 3891 4001 attes-

2236 4039 2434 4091 tantur
2465 4032 2773 4101 divinitati,
2805 4047 2928 4101 quae
2957 4031 3027 4085 ad
3061 4030 3262 4084 horam
3300 4028 3721 4097 praedicationis
3752 4028 3888 4097 ejus

2239 4117 2409 4185 ﬁunt,
2460 4115 2558 4170 ubi
2602 4130 2669 4169 ea
2708 4112 2908 4183 religio
2957 4111 3393 4167 commendatur
3439 4126 3564 4180 qua:
3608 4108 3892 4164 omnibus

2242 4196 2592 4261 ccelestibus,
2635 4192 3032 4259 terrestribus,
3078 4190 3318 4246 infernis
3356 4189 3671 4245 sacriﬁcari
3710 4192 3894 4255 vetat,

2242 4276 2343 4331 uni
2376 4275 2489 4330 Deo
2521 4277 2748 4329 tantum
2790 4272 3030 4342 jubens,
3080 4270 3182 4341 qui
3227 4269 3386 4326 solus
3417 4268 3665 4341 diligens
3708 4273 3763 4323 et
3794 4267 3895 4321 di-

2242 4357 2425 4412 lectus
2471 4356 2669 4410 beatos
2714 4352 2870 4418 facit,
2916 4367 3233 4423 eorumque
3278 4350 3693 4406 sacriﬁciorum
3740 4354 3897 4404 tem-

2242 4454 2383 4509 pora
2444 4435 2730 4507 imperata
2790 4432 3144 4505 praeﬁniens,
3195 4446 3378 4502 eaque
3441 4446 3540 4503 per
3593 4429 3898 4485 meliorem

2241 4517 2599 4575 sacerdotem
2661 4515 2721 4569 in
2781 4514 2991 4569 melius
3039 4512 3321 4567 mutanda
3385 4510 3727 4583 praedicens,
3776 4524 3897 4565 non

2242 4600 2354 4655 ista
2385 4614 2447 4654 se
2488 4600 2780 4669 appetere,
2827 4596 2925 4650 sed
2975 4610 3075 4665 per
3108 4593 3225 4649 haec
3276 4591 3390 4647 alia
3439 4591 3662 4662 potiora
3706 4588 3901 4661 signi-

2243 4679 2415 4737 ﬁcare
2458 4668 2731 4744 testatur;
2780 4691 2893 4730 non
2938 4679 3001 4729 ut
3047 4678 3167 4742 ipse
3208 4671 3299 4727 his
3346 4671 3667 4727 honoribus
3708 4668 3902 4726 subli-

2245 4768 2453 4827 metur,
2488 4759 2587 4815 sed
2621 4763 2685 4812 ut
2715 4773 2820 4811 nos
2850 4755 2920 4809 ad
2964 4770 3094 4809 eum
3128 4752 3468 4818 colendum,
3509 4752 3679 4822 eique
3709 4752 3903 4807 cohe-

2246 4843 2493 4899 rendum
2552 4839 2686 4909 igne
2734 4835 2954 4892 amoris
3013 4834 3137 4904 ejus
3188 4832 3439 4899 accensi,
3497 4832 3653 4903 quod
3704 4830 3901 4899 nobis,

2245 4940 2363 4979 non
2390 4922 2530 4990 illis,
2563 4920 2783 4975 bonum
2816 4920 2924 4986 est,
2958 4915 3298 4971 excitemur.

2247 5075 2480 5132 CAPUT
2511 5071 2711 5129 XVIII.
2742 5102 2809 5113 -—
2843 5069 3045 5125 Contra
3082 5083 3167 5125 eos
3197 5066 3294 5139 qui
3320 5066 3387 5122 de
3420 5063 3733 5127 miraculis,
3766 5062 3906 5133 qui-

2321 5157 2415 5211 bus
2447 5156 2546 5209 Dei
2573 5153 2801 5225 populus
2840 5150 3089 5207 eruditus
3141 5156 3238 5218 est,
3272 5153 3475 5218 negant
3518 5142 3909 5204 ecclesiasticis

2323 5235 2498 5292 Libris
2528 5250 2639 5291 esse
2669 5233 3019 5290 credendum.

2322 5380 2402 5432 An
2434 5376 2588 5431 dicet
2635 5371 2844 5442 aliquis
2896 5371 3010 5427 ista
3056 5368 3205 5427 falsa
3252 5383 3379 5425 esse
3429 5365 3736 5434 miracula,
3796 5377 3913 5421 nec

2252 5457 2434 5514 fuisse
2465 5458 2632 5521 facta,
2666 5456 2766 5511 sed
2801 5451 3158 5509 mendaciter
3189 5447 3450 5522 scripta?
3479 5446 3759 5519 Quisquis
3792 5444 3914 5501 hoc

2317 5644 2331 5678 1
2362 5638 2515 5689 Vind.
2546 5640 2601 5691 et
2626 5635 2862 5701 plerique
2890 5634 3032 5691 Mss,
3064 5630 3166 5683 hic.
