4158 6192
277 297 394 357 297

268 429 427 496 dicit,
462 431 513 486 si
562 431 633 486 de
681 431 774 485 his
819 429 986 485 rebus
1034 430 1206 499 negat
1253 427 1494 484 omnino
1539 426 1673 482 ullis
1707 419 1917 479 litteris

271 526 403 567 esse
451 512 830 575 credendum,
893 515 1080 579 potest
1136 509 1310 564 etiam
1375 509 1566 564 dicere
1624 523 1727 562 nec
1789 506 1926 559 deos

275 593 431 648 ullos
463 610 669 650 curare
698 594 991 649 mortalia.
1024 592 1148 647 Non
1182 592 1336 647 enim
1371 608 1433 646 se
1459 591 1627 646 aliter
1657 585 1934 643 colendos

275 689 407 730 esse
443 679 885 746 persuaserunt,
938 673 1052 728 nisi
1093 671 1450 728 mirabilium
1496 686 1734 741 operum
1769 667 1935 722 effec-

276 755 466 825 tibus,
500 772 753 827 quorum
786 759 843 810 et
868 754 1116 810 historia
1147 754 1410 824 gentium
1445 753 1612 808 testis
1643 755 1752 817 est,
1787 763 1935 818 qua-

287 853 422 891 rum
457 837 540 892 dii
571 853 634 892 se
664 840 956 891 ostentare
1001 833 1297 890 mirabiles
1329 835 1522 904 potius
1554 847 1728 904 quam
1764 827 1938 883 utiles

285 917 598 972 ostendere
623 921 958 988 potuerunt.
987 916 1149 971 Unde
1180 915 1288 970 hoc
1319 931 1490 986 opere
1520 921 1735 976 nostro,
1769 909 1939 977 cujus

287 997 446 1053 hunc
471 999 598 1067 jam
634 997 922 1052 decimum
965 996 1177 1051 librum
1221 997 1504 1052 habemus
1544 997 1600 1051 in
1648 996 1939 1061 manibus,

287 1094 403 1132 non
459 1094 561 1133 eos
611 1078 978 1148 suscepimus
1023 1075 1422 1143 refellendeos,
1475 1075 1573 1148 qui
1622 1075 1708 1130 vel
1761 1076 1939 1131 ullam

287 1173 419 1215 esse
451 1158 570 1213 vim
606 1158 860 1212 divinam
897 1165 1124 1226 negant,
1164 1157 1250 1211 vel
1293 1156 1553 1211 humana
1584 1174 1696 1211 non
1741 1171 1945 1211 curare

289 1240 686 1306 contendunt;
748 1242 846 1294 sed
910 1255 1010 1295 eos
1071 1238 1170 1308 qui
1215 1243 1429 1294 nostro
1493 1239 1611 1293 Deo
1659 1236 1943 1293 conditori

287 1323 506 1374 sanctis
547 1323 604 1374 et
641 1317 1075 1388 gloriosissima;
1113 1316 1362 1372 civitatis
1393 1318 1532 1372 deos
1579 1333 1716 1372 suos
1749 1317 1948 1388 praefe-

288 1403 447 1465 runt,
509 1398 838 1454 nescientes
897 1414 1028 1454 eum
1089 1398 1277 1470 ipsum
1328 1413 1459 1452 esse
1513 1398 1685 1453 etiam
1742 1396 1946 1452 mundi

291 1479 476 1549 hujus
510 1478 758 1534 visibilis
803 1482 862 1533 et
905 1478 1207 1534 mutabilis
1256 1477 1610 1534 invisibilem
1645 1482 1701 1534 et
1731 1479 1950 1534 incom-

292 1559 646 1617 mutabilem
692 1560 1076 1627 conditorem,
1119 1564 1175 1614 et
1222 1560 1350 1614 vita:
1383 1559 1559 1614 beatae
1592 1575 1706 1614 non
1759 1558 1827 1614 de
1861 1558 1950 1612 his

294 1658 425 1714 qua
478 1641 763 1708 condidit,
816 1640 914 1696 sed
969 1640 1040 1694 de
1089 1655 1150 1694 se
1200 1639 1324 1708 ipso
1372 1640 1746 1694 verissimum
1778 1638 1950 1710 largi-

295 1727 506 1778 torem.
541 1721 683 1790 Ejus
713 1721 867 1776 enim
921 1719 1207 1792 propheta
1244 1721 1652 1776 veracissimus
1684 1720 1785 1783 ait,
1817 1718 1954 1772 Mihi

297 1812 481 1859 autem
511 1802 798 1858 adhaerere
831 1803 951 1868 Deo,
987 1802 1182 1857 bonum
1212 1809 1290 1856 est
1320 1801 1493 1872 (Psal.
1526 1817 1696 1868 Lxxii,
1727 1801 1840 1872 28).
1873 1800 1952 1855 De

302 1884 418 1938 fine
452 1898 712 1953 namque
760 1881 896 1936 boni
928 1882 1079 1937 inter
1128 1879 1506 1952 philosophos
1554 1883 1847 1951 quaeritur,
1881 1881 1950 1934 ad

304 1964 458 2032 quod
491 1961 935 2032 adipiscendum
979 1961 1176 2016 omnia
1223 1960 1415 2016 ofﬁcia
1464 1961 1762 2016 referenda
1793 1963 1949 2014 sunt.

304 2042 422 2098 Nec
492 2041 639 2096 dixit
707 2043 834 2110 iste,
896 2041 1034 2095 Mihi
1098 2050 1288 2095 autem
1358 2039 1577 2094 divitiis
1635 2040 1951 2105 abundare,

305 2123 526 2179 bonum
559 2129 681 2189 est;
731 2128 832 2176 aut
863 2120 1130 2192 insigniri
1182 2136 1440 2191 purpura
1485 2126 1540 2173 et
1571 2124 1826 2188 sceptro,
1867 2116 1954 2172 vel

309 2204 640 2259 diademate
695 2201 1006 2268 excellere;
1073 2207 1195 2266 aut,
1258 2202 1410 2271 quod
1463 2199 1724 2254 nonnulli
1776 2199 1953 2252 etiam

309 2276 790 2355 philosophorum
844 2283 1036 2336 dicere
1090 2296 1204 2335 non
1250 2279 1630 2341 erubuerunt,
1674 2277 1812 2331 Mihi
1855 2291 1954 2355 vo-

303 2354 502 2433 luptas
533 2362 793 2433 corporis
815 2362 1031 2416 bonum
1063 2363 1184 2425 est;
1218 2363 1337 2423 aut,
1371 2359 1521 2428 quod
1557 2355 1766 2411 melius
1796 2354 1956 2410 velut

307 2442 580 2498 meliores
611 2442 804 2495 dicere
851 2439 960 2494 visi
1011 2445 1170 2502 sunt,
1226 2436 1362 2492 Mihi
1392 2439 1576 2490 virtus
1615 2437 1794 2502 animi
1842 2433 1955 2489 mei

306 2521 526 2577 bonum
560 2525 684 2575 est:
732 2520 858 2586 sed,
910 2518 1060 2584 Mihi,
1109 2518 1323 2588 inquit,
1373 2516 1656 2572 adhaerere
1705 2516 1829 2583 Deo,
1860 2514 1959 2569 bo-

306 2619 446 2656 num
475 2605 575 2656 est.
621 2599 740 2654 Hoc
787 2613 917 2654 eum
966 2599 1260 2665 docuerat,
1293 2597 1385 2651 cui
1420 2597 1521 2650 uni
1555 2596 1954 2651 tantummodo

305 2680 764 2737 sacriﬁcandum
801 2677 986 2734 sancti
1022 2693 1253 2748 quoque
1299 2677 1499 2742 Angeli
1542 2677 1669 2745 ejus
1705 2675 1956 2730 miracu-

306 2760 499 2815 lorum
549 2760 721 2812 etiam
773 2758 1187 2812 contestatione
1219 2757 1643 2811 monuerunt‘.
1696 2754 1858 2809 Unde
1899 2758 1957 2810 et

309 2840 428 2909 ipse
460 2837 808 2894 sacriﬁcium
843 2837 973 2907 ejus
1010 2837 1192 2891 factus
1213 2843 1354 2902 erat,
1389 2835 1556 2905 cujus
1587 2836 1716 2905 igne
1746 2834 1956 2889 intelli-

307 2919 475 2992 gihili
532 2922 835 2988 correptus
899 2918 1152 2983 ardebat,
1203 2921 1258 2972 et
1310 2915 1368 2969 in
1427 2919 1555 2985 ejus
1604 2915 1950 2970 ineffabilem

305 3001 832 3072 incorporeumque
865 2996 1228 3068 complexum
1255 3005 1456 3052 sancto
1488 2997 1776 3051 desiderio
1810 2996 1951 3050 fere-

307 3081 500 3137 batur.
549 3080 722 3135 Porro
755 3086 946 3134 autem
981 3078 1029 3133 si
1076 3077 1392 3132 multorum
1427 3078 1666 3132 deorum
1699 3077 1953 3132 cultores

301 3159 785 3232 (qualescumque
833 3158 969 3215 deos
1011 3175 1148 3214 suos
1193 3174 1321 3213 esse
1352 3156 1730 3227 arbitrentur)
1766 3156 1837 3210 ab
1871 3155 1956 3210 eis

306 3244 466 3297 facta
496 3257 623 3295 esse
675 3239 977 3309 miracula,
1026 3237 1111 3293 vel
1163 3238 1420 3293 civilium
1455 3253 1646 3292 rerum
1680 3236 1955 3303 historiae,

299 3321 396 3378 vel
446 3321 609 3376 libris
658 3320 922 3391 magicis,
975 3319 1118 3387 sive,
1167 3319 1318 3390 quod
1373 3317 1676 3373 honestius
1727 3320 1954 3388 putant,

302 3401 633 3472 theurgicis
681 3401 963 3467 credunt;
1014 3399 1150 3469 quid
1197 3415 1386 3453 causae
1417 3403 1524 3463 est,
1559 3413 1667 3452 cur
1699 3396 1816 3451 illis
1847 3396 1961 3450 Lit-

301 3483 453 3538 teris
485 3480 672 3536 nolint
716 3479 968 3547 credere,
1018 3480 1132 3534 ista
1178 3478 1329 3533 facta
1373 3493 1521 3546 esse,
1556 3478 1770 3549 quibus
1804 3478 1961 3531 tanto

306 3561 496 3632 major
537 3561 783 3616 debetur
828 3561 992 3627 ﬁdes,
1036 3563 1257 3630 quanto
1292 3573 1462 3627 super
1492 3573 1694 3612 omnes
1725 3562 1809 3612 est
1840 3573 1966 3610 ma-

311 3658 491 3716 gnus,
535 3640 629 3697 cui
661 3641 758 3697 uni
790 3640 896 3697 soli
931 3639 1381 3696 sacriﬁcandum
1412 3654 1535 3693 esse
1574 3634 1969 3708 praecipiunt?

319 3801 560 3859 CAPUT
611 3801 753 3858 XIX.
795 3832 864 3843 -—-
909 3803 1038 3867 Quae
1089 3803 1230 3858 ratio
1283 3802 1356 3856 sit
1403 3801 1639 3857 visibilis
1683 3799 1967 3870 sacriﬁcii,

386 3883 525 3956 quod
554 3883 657 3939 uni
707 3898 828 3940 vero
856 3890 908 3938 ct
937 3882 1212 3938 invisibili
1258 3883 1362 3938 Deo
1401 3881 1590 3953 σηεννί
1633 3881 1788 3937 docet
1833 3897 1970 3936 vera

389 3963 616 4034 religio.

389 4100 498 4166 Qui
521 4103 715 4156 autem
749 4103 958 4170 putant
978 4097 1101 4153 haec
1131 4098 1384 4154 visibilia
1407 4099 1692 4154 sacriﬁcia
1713 4099 1824 4153 diis
1844 4097 1974 4154 aliis

317 4196 660 4253 congruere,
693 4179 778 4234 illi
818 4196 950 4234 vero
993 4189 1275 4250 tanquam
1318 4179 1594 4235 invisibili
1637 4179 1970 4249 invisibilia,

318 4267 379 4320 et
406 4263 633 4332 majora
671 4259 900 4330 majori,
933 4259 1272 4329 melicrique
1317 4259 1574 4324 meliora,
1609 4261 1803 4331 qualia
1833 4264 1974 4314 sunt

320 4359 482 4416 pura:
532 4341 748 4397 mentis
796 4345 854 4396 et
890 4340 1048 4396 bonae
1089 4340 1403 4396 voluntatis
1452 4338 1641 4395 oflicia
1671 4365 1684 4406 ;
1718 4341 1972 4411 profecto

321 4423 617 4492 nesciunt,
650 4421 770 4477 haec
815 4421 895 4476 ita
938 4437 1062 4476 esse
1105 4421 1273 4490 signa
1314 4420 1571 4488 illorum,
1605 4423 1758 4477 sicut
1800 4422 1976 4478 verba

323 4503 596 4560 sonantia
624 4502 790 4573 signa
819 4507 962 4558 sunt
990 4518 1204 4557 rerum.
1237 4503 1541 4570 Quocirca,
1565 4503 1714 4557 sicut
1743 4507 1976 4558 orantes

325 4590 500 4656 atque
521 4583 829 4639 laudantes
860 4581 934 4637 ad
951 4599 1084 4637 eum
1119 4582 1430 4653 dirigimus
1460 4581 1854 4652 significantes
1879 4599 1975 4637 vo-

324 4681 442 4731 ces,
477 4664 570 4720 cui
600 4679 692 4720 res
719 4663 879 4735 ipsas
920 4661 979 4717 in
1011 4664 1181 4718 corde
1210 4679 1352 4734 quas
1383 4663 1788 4735 signiﬁcamus
1829 4664 1977 4718 ofi'e—

327 4744 515 4801 rimus
549 4761 566 4799 :
595 4744 676 4800 ita
704 4743 1100 4800 sacriﬁcantes
1141 4759 1254 4798 non
1299 4743 1462 4799 alteri
1493 4743 1716 4799 visibile
1756 4743 1981 4800 sacriﬁ-

329 4826 482 4881 cium
525 4824 884 4881 oﬁerendum
919 4839 1051 4880 esse
1081 4824 1436 4888 noverimus,
1472 4839 1647 4894 quam
1686 4823 1771 4878 illi
1813 4824 1981 4892 cujus

327 4908 390 4963 in
429 4905 704 4962 cordibus
743 4903 959 4959 nostris
997 4902 1290 4959 invisibile
1323 4901 1675 4958 sacrificium
1720 4919 1826 4959 nos
1867 4901 1981 4974 ipsi

328 5001 460 5042 esse
499 4986 800 5041 debemus.
835 4985 998 5040 Tunc
1044 4983 1212 5040 nobis
1252 4983 1465 5052 favent,
1501 4983 1783 5054 nobisque
1835 4999 1980 5040 con-

328 5066 611 5138 gaudent,
639 5070 810 5136 atque
841 5064 913 5120 ad
944 5064 1052 5120 hoc
1083 5064 1277 5135 ipsum
1323 5081 1429 5120 nos
1461 5080 1559 5134 pro
1602 5065 1726 5120 suis
1757 5064 1982 5120 viribus

329 5147 612 5216 adjuvant
651 5145 855 5218 Angeli
897 5147 1116 5216 quique
1158 5147 1528 5215 Virtutesque
1569 5147 1897 5216 superiores
1929 5150 1986 5200 et

327 5226 467 5298 ipsa
492 5227 750 5282 bonitate
788 5242 851 5280 ac
884 5225 1090 5296 pietate
1133 5225 1515 5302 potentiore};
1537 5225 1592 5279 Si
1631 5230 1824 5281 autem
1870 5225 1986 5280 illis

329 5307 457 5362 hac
498 5306 767 5362 exhibere
806 5305 1183 5368 voluerimus,
1229 5323 1342 5361 non
1390 5306 1633 5362 libenter
1673 5305 1986 5377 accipiunt,

332 5392 390 5442 et
420 5401 560 5442 cum
601 5386 669 5441 ad
706 5385 970 5441 homines
1004 5387 1085 5440 ita
1130 5385 1466 5456 mittuntur,
1502 5390 1563 5440 ut
1595 5401 1793 5441 eorum
1841 5403 1986 5457 prino

401 5567 416 5599 1
453 5563 542 5636 Sic
566 5562 688 5636 Mss.
720 5565 788 5612 At;
815 5565 962 5624 editi,
1013 5565 1219 5628 Angeii
1267 5566 1544 5627 legalium
1582 5568 1990 5631 sacriﬁciorum

332 5634 734 5675 contestatione
763 5638 1124 5678 monuerunt.

661 5720 926 5783 ΡΑτιιοι.
972 5721 1121 5781 XLI.

1647 288 1882 354 LIBER
1927 281 2291 347 DECIMUS.

3571 304 3691 364 298

2047 420 2245 512 seu-tia
2267 426 2583 512 sentiatur,
2605 429 2973 512 apertissime
2999 435 3216 488 vetant.
3249 433 3406 490 Sunt
3434 435 3698 505 exempla

2051 503 2108 554 in
2147 503 2372 561 Litteris
2404 511 2641 566 sanctis.
2670 511 3023 567 Putaverunt
3053 514 3286 584 quidam
3320 503 3695 573 deferendum

2049 584 2286 665 Angelis
2328 588 2626 657 honorem,
2670 591 2756 647 vel
2798 593 3110 660 adorando,
3153 596 3240 651 vel
3291 597 3693 665 sacrificando,

2051 664 2149 748 qui
2171 666 2416 748 debetur
2439 671 2571 731 Deo,
2596 679 2649 725 et
2681 688 2880 728 eorum
2907 679 3046 728 sunt
3078 675 3472 733 admonitione
3506 664 3700 748 prohi-F

2051 744 2174 812 bili,
2197 745 2467 819 jussique
2499 749 2606 806 hoc
2635 752 2682 805 ei
2717 753 2958 819 deferre,
2995 754 3085 808 cui
3113 756 3208 808 uni
3244 757 3329 812 fas
3359 773 3486 814 esse
3506 744 3698 814 inove-

2053 831 2187 880 runt
2221 827 2415 892 (ludio.
2449 847 2573 897 xm,
2599 833 2701 898 16;
2735 834 2897 902 Apoc.
2931 850 3068 900 xxn,
3091 834 3144 904 8,
3177 837 3278 906 9.).
3314 838 3524 892 Imitati
3559 843 3699 894 sunt

2053 907 2300 973 Angelos
2347 915 2579 966 sanctos
2627 913 2797 967 etiam
2849 914 3029 969 sancti
3085 915 3352 972 homines
3398 917 3518 973 Dei.
3552 919 3696 974 Nam

2055 987 2274 1069 Paulus
2305 994 2360 1044 et
2391 991 2685 1048 Barnabas
2716 995 2774 1049 in
2810 995 3092 1066 Lycaonia
3127 996 3275 1053 facto
3308 999 3560 1069 quodam
3594 999 3702 1053 mi-

2057 1068 2254 1150 raculo
2309 1073 2578 1127 sanitatis
2626 1076 2807 1145 putati
2859 1080 2998 1130 sunt
3045 1076 3145 1144 dii,
3187 1068 3388 1148 eisque
3433 1079 3703 1150 Lycaonii

2058 1148 2364 1207 immolare
2409 1152 2674 1210 victimas
2721 1155 3028 1212 voluerunt
3059 1178 3073 1225 ;
3124 1159 3281 1230 quod
3313 1177 3346 1215 a
3383 1175 3444 1216 se
3482 1148 3709 1215 humili

2058 1231 2270 1299 pietate
2312 1241 2690 1302 removentes,
2714 1236 2799 1291 eis
2840 1239 2896 1292 in
2939 1254 3106 1308 quem
3145 1241 3448 1295 crederent
3489 1256 3710 1295 annun-

2057 1310 2352 1366 tiaverunt
2383 1313 2563 1369 Deum
2596 1316 2744 1385 (Act.
2780 1319 2912 1387 xw).
2949 1319 3060 1375 Nec
3091 1319 3162 1374 ob
3193 1320 3347 1375 aliud
3382 1319 3613 1376 fallaces
3648 1319 3711 1374 il-

2060 1390 2098 1445 li
2131 1393 2379 1463 superbe
2408 1395 2520 1450 sibi
2562 1396 2668 1450 hoc
2699 1397 2956 1468 exigunt,
2991 1399 3103 1454 nisi
3127 1400 3264 1471 quia
3305 1417 3435 1454 vero
3467 1401 3582 1456 Deo
3610 1402 3710 1456 de-

2061 1473 2182 1528 beri
2222 1474 2434 1528 sciunt.
2467 1473 2589 1530 Non
2633 1478 2786 1531 enim
2820 1494 3030 1546 revera,
3065 1485 3129 1533 ut
3159 1481 3239 1534 ait
3269 1480 3627 1552 Porphyrius
3655 1486 3713 1537 et

2060 1554 2324 1610 nonnulli
2362 1562 2586 1626 putant,
2621 1558 2984 1614 cadaverinis
3016 1560 3338 1628 nidoribus,
3368 1563 3463 1615 sed
3496 1562 3712 1617 divinis

2061 1634 2378 1691 honoribus
2411 1639 2685 1707 gaudent.
2710 1639 2944 1710 Cepiam
2973 1657 3101 1696 vero
3136 1642 3404 1695 nidorum
3442 1657 3709 1714 magnam

2061 1715 2278 1772 habent
2311 1719 2584 1788 undique,
2619 1724 2675 1773 et
2705 1720 2751 1774 si
2784 1721 3037 1790 amplius
3068 1720 3298 1788 vellent,
3328 1721 3436 1791 ipsi
3471 1723 3580 1778 sibi
3613 1739 3714 1794 po-

2061 1800 2252 1851 terant
2280 1797 2569 1854 exhibere.
2605 1799 2710 1864 Qui
2742 1815 2878 1869 ergo
2909 1799 3271 1856 divinitatem
3306 1801 3416 1855 sibi
3445 1810 3714 1871 arrogant

2063 1877 2328 1947 spiritus,
2363 1895 2478 1933 non
2510 1878 2826 1947 cujuslibet
2857 1881 3114 1950 corporis
3148 1882 3328 1946 fumo,
3364 1882 3463 1935 sed
3495 1881 3714 1953 suppli-

2065 1958 2248 2012 cantis
2280 1958 2476 2012 animo
2509 1959 2890 2026 delectantur,
2921 1961 3012 2014 cui
3043 1961 3282 2030 decepto
3325 1961 3712 2032 subjectoque

2064 2037 2460 2103 dominentur,
2495 2037 2945 2094 intercludentes
2995 2039 3103 2094 iter
3145 2041 3216 2094 ad
3257 2039 3437 2094 Deum
3491 2057 3712 2108 verum,

2066 2133 2138 2170 ne
2180 2119 2257 2171 sit
2305 2119 2478 2172 homo
2527 2119 2682 2172 illius
2743 2119 3112 2188 sacriﬁcium,
3162 2121 3303 2173 dum
3353 2121 3717 2175 sacriﬁcatur

2066 2196 2321 2266 cuipiam
2357 2202 2563 2267 praeter
2591 2197 2780 2253 illum.

2066 2352 2302 2408 CAPUT
2348 2353 2469 2408 XX.
2502 2384 2569 2394 —
2599 2357 2675 2410 De
2710 2371 2923 2410 summo
2965 2372 3194 2428 veroque
3234 2357 3530 2426 sacriﬁcio,
3577 2359 3715 2430 quod

2234 2437 2352 2504 ipse
2381 2437 2482 2490 Dei
2504 2438 2554 2490 et
2583 2435 2879 2491 hominum
2900 2436 3166 2493 Mediator
3192 2437 3412 2508 eﬂectus
3441 2444 3541 2494 est.

2138 2569 2301 2626 Unde
2342 2585 2514 2625 verus
2555 2568 2649 2625 ille
2699 2569 3002 2637 Mediator,
3035 2571 3093 2625 in
3135 2577 3421 2642 quantum
3465 2573 3712 2630 formam

2065 2649 2214 2706 servi
2255 2649 2546 2720 accipiens
2593 2651 2873 2705 mediator
2903 2651 3139 2706 effectus
3181 2662 3261 2707 est
3303 2653 3403 2707 Dei
3424 2657 3480 2709 et
3520 2653 3709 2708 homi-

2065 2748 2204 2786 num
2255 2731 2426 2788 homo
2457 2730 2726 2787 Christus
2771 2731 2960 2798 Jesus,
2993 2749 3124 2788 cum
3165 2732 3221 2786 in
3265 2734 3450 2789 forma
3488 2734 3587 2789 Dei
3622 2750 3710 2789 sa-

2062 2810 2344 2866 criﬁcium
2378 2828 2509 2867 cum
2543 2811 2710 2866 Patre
2740 2819 2954 2878 sumat,
2977 2828 3114 2867 cum
3141 2829 3253 2884 quo
3286 2819 3342 2868 et
3373 2830 3522 2868 unus
3555 2813 3710 2869 Deus

2061 2897 2166 2958 est,
2200 2896 2395 2947 tamen
2439 2893 2499 2947 in
2531 2892 2718 2947 forma
2756 2894 2908 2947 servi
2949 2892 3300 2949 sacrificium
3345 2895 3553 2950 maluit
3585 2909 3710 2950 esse

2061 2990 2232 3044 quam
2257 2988 2512 3038 sumere,
2538 2988 2608 3026 ne
2637 2970 2726 3026 vel
2751 2971 2859 3026 hac
2890 2972 3192 3028 occasione
3232 2974 3544 3046 quisquam
3570 2973 3714 3030 exis.

2059 3055 2297 3109 timaret
2333 3051 2574 3108 cuilibet
2614 3052 3060 3108 sacriﬁcandum
3104 3068 3234 3110 esse
3274 3060 3573 3110 creaturae.
3607 3057 3714 3109 Per

2061 3132 2171 3188 hoc
2209 3141 2260 3187 et
2303 3133 2574 3188 sacerdos
2613 3140 2714 3197 est,
2747 3132 2872 3203 ipse
2911 3131 3179 3201 offerens,
3214 3133 3336 3204 ipse
3377 3140 3434 3190 et
3474 3134 3714 3190 oblatio.

2062 3213 2242 3282 Cujus
2286 3212 2363 3268 rei
2416 3217 2842 3268 sacramentum
2897 3213 3302 3284 quotidianum
3355 3231 3485 3270 esse
3535 3214 3719 3270 voluit

2063 3292 2332 3350 Ecclesiae
2364 3293 2715 3348 sacrificium
2753 3307 2767 3346 :
2802 3309 2929 3363 qum
2961 3310 3093 3348 curn
3126 3293 3314 3364 ipsius
3348 3295 3559 3367 capitis
3589 3311 3718 3350 cor-

2067 3390 2174 3444 pus
2203 3373 2296 3440 si't,
2331 3390 2392 3428 se
2423 3375 2612 3444 ipsam
2645 3390 2744 3444 per
2783 3372 2978 3441 ipsum
3014 3375 3186 3430 discit
3222 3375 3424 3429 offerre
3456 3375 3494 3430 ί.
3530 3376 3715 3445 Hujus

2065 3453 2184 3509 veri
2216 3454 2483 3509 sacrificii
2525 3453 2871 3524 multiplicia
2907 3455 3180 3526 variaque
3210 3457 3381 3526 signa
3417 3466 3579 3511 erant
3617 3473 3714 3511 sa-

2070 3532 2286 3590 crificia
2317 3535 2507 3604 prisca
2538 3543 2893 3602 sanctorum,
2919 3550 3048 3588 cum
3083 3535 3192 3592 hoc
3224 3551 3401 3590 unum
3437 3553 3538 3606 per
3567 3535 3715 3590 mul-

2071 3620 2129 3670 ta
2161 3614 2525 3683 ﬁguraretur,
2559 3619 2839 3683 tanquam
2881 3614 3068 3668 verbis
3101 3615 3301 3670 multis
3345 3631 3435 3670 res
3468 3631 3584 3669 una
3621 3615 3712 3669 di-

2072 3698 2314 3758 ceretur,
2356 3698 2420 3748 ut
2460 3693 2584 3748 sine
2629 3693 2860 3747 fastidio
2907 3693 3156 3748 multum
3209 3695 3717 3750 commendaretur

2071 3777 2168 3848 (a).
2206 3774 2348 3829 Huic
2377 3788 2610 3829 summo
2641 3788 2890 3843 veroque
2931 3773 3216 3830 sacriﬁcio
3249 3781 3460 3830 cuncta
3488 3774 3716 3830 sacriﬁ-

2073 3856 2162 3912 cia
2182 3855 2327 3911 falsa
2355 3857 2676 3910 cesserunt.

2074 4019 2306 4077 CAPUT
2345 4020 2486 4076 XXI.
2519 4051 2590 4060 -—
2619 4021 2698 4074 De
2727 4018 2885 4074 modo
2911 4020 3192 4087 potestatis
3215 4016 3552 4074 daemonibus
3581 4017 3722 4072 data

2143 4103 2222 4158 ad
2264 4101 2661 4171 glorificandos
2704 4103 2921 4155 sancto:
2966 4115 3064 4168 per
3105 4102 3460 4156 tolerantiam
3510 4100 3724 4171 passio-

2147 4201 2277 4238 num
2306 4183 2328 4216 ²
2351 4225 2365 4252 ,
2393 4182 2488 4254 qui
2521 4184 2696 4238 aerios
2729 4184 2960 4253 spiritus
2989 4199 3098 4237 non
3125 4181 3391 4255 placando
3430 4183 3600 4254 ipsos,
3634 4181 3726 4238 sed

2148 4267 2207 4319 in
2241 4265 2346 4320 Deo
2374 4263 2745 4335 permanando
2778 4262 3046 4319 vicerunt.

2149 4401 2460 4458 Mcderatis
2480 4406 2673 4457 autem
2700 4401 3119 4474 praefinitisque
3142 4401 3526 4474 temporibus,
3549 4402 3724 4458 etiam

2082 4488 2332 4555 potestas
2373 4484 2660 4555 permissa
2699 4483 3083 4551 daemonibus,
3119 4488 3180 4538 ut
3217 4483 3552 4538 hominibus
3584 4498 3730 4554 quos

2081 4565 2378 4636 possident
2413 4563 2696 4631 excitatis,
2721 4564 3058 4620 inimicitias
3090 4566 3369 4620 adversus
3396 4563 3495 4619 Dei
3527 4564 3729 4619 civita-

2081 4650 2194 4700 tem
2229 4645 2526 4716 tyrannica
2557 4648 2880 4710 exerceant,
2913 4644 3141 4714 sibique
3172 4643 3454 4699 sacriﬁcia
3487 4659 3600 4696 non
3635 4660 3728 4716 so-

2081 4725 2202 4782 lum
2233 4726 2302 4780 ab
2341 4725 2715 4781 offerentibus
2757 4728 3013 4789 sumant,
3045 4728 3102 4778 et
3131 4740 3162 4776 a
3192 4722 3520 4777 volentibus
3561 4737 3728 4789 expe-

2084 4809 2229 4874 tant,
2260 4821 2458 4861 verum
2489 4805 2663 4859 etiam
2691 4804 2762 4858 ab
2792 4801 2992 4858 invitis
3024 4799 3421 4870 persequendo
3453 4797 3734 4853 violenter

2085 4891 2476 4956 extorqueant,
2527 4899 2641 4937 non
2689 4881 2882 4936 solum
2946 4878 3273 4950 perniciosa
3316 4894 3429 4933 non
3475 4885 3580 4946 est,
3630 4877 3732 4933 sed

2152 5133 2167 5165 ¹
2200 5128 2350 5177 Vind.
2385 5128 2520 5183 Δια,
2559 5126 2740 5186 Cujus
2769 5125 2852 5175 rei
2880 5134 3294 5176 sacramentum
3325 5124 3738 5188 quotidianum.

2087 5193 2193 5249 Er.,
2226 5207 2336 5241 esse
2383 5191 2560 5239 voluit
2611 5189 2884 5239 Ecclesiae
2931 5191 3278 5253 sacriﬁcium
3309 5187 3349 5249 ξ
3375 5203 3501 5253 cum
3555 5187 3739 5253 ipsius

2090 5255 2333 5317 corporis
2364 5255 2476 5327 ipse
2504 5255 2576 5302 sit
2606 5263 2788 5327 caput,
2811 5262 2860 5302 et
2913 5249 3092 5313 ipsius
3111 5253 3338 5325 .capitis
3361 5251 3486 5324 ipsa
3516 5249 3587 5297 sit
3621 5263 3744 5327 cor-

2083 5314 2213 5380 pus,
2248 5327 2358 5366 tam
2381 5314 2515 5380 ipsa
2537 5332 2641 5377 per
2667 5314 2877 5380 ipsum,
2901 5330 3070 5380 quam
3101 5315 3214 5376 ipse
3227 5329 3330 5377 per
3350 5314 3528 5374 ipsam
3551 5319 3742 5360 suetus

2091 5378 2306 5443 bﬂ’erri.
2339 5379 2534 5438 Hujus
2570 5380 2688 5427 veri
2717 5378 3132 5443 ,ςαρνίίίοίίχθῐοο

2158 5443 2179 5476 2
2208 5443 2366 5501 Editi,
2422 5436 2640 5489 sanctos
2690 5441 2790 5504 qui
2833 5436 3188 5502 pertulerunt
3222 5439 3353 5499 jam
3402 5436 3741 5499 passionem.

2093 5505 2455 5555 Emendantur
2482 5516 2514 5552 a
2541 5504 2934 5566 manuscriptis.

2159 5571 2246 5678 (3g
2265 5568 2410 5616 Conf.
2465 5566 2557 5615 lib.
2624 5567 2644 5615 1
2693 5563 2877 5616 contra
2937 5568 3153 5615 Advers.
3212 5565 3326 5624 Leg.
3379 5566 3432 5612 et
3478 5563 3743 5624 Prophet,

2099 5645 2151 5680 n.
2184 5645 2262 5678 ὄδ.
3546 5675 3550 5681 .

3217 5719 3366 5799 (Βία.
3385 5718 3424 5798 .)
