4128 6184
449 342 571 402 399

441 475 619 531 etiam
653 471 814 528 utilis
839 468 1128 526 invenitur
1153 465 1417 522 Ecclesiae
1443 466 1545 538 (a),
1569 477 1630 522 ut
1655 472 1972 541 martyrum
1996 482 2099 523 nu-

441 572 636 611 merus
668 553 981 622 impleatur
1024 549 1206 619 (Apoc.
1253 563 1324 616 Vl,
1379 547 1511 617 ll):
1549 565 1696 620 quos
1739 549 1944 604 civitas
1993 547 2094 604 Dei

439 643 601 692 tanto
623 635 898 690 clariores
934 637 990 687 et
1031 631 1426 685 honoratiores
1465 629 1613 685 cives
1653 631 1848 697 habet,
1881 634 2097 701 quanto

440 718 648 772 fortius
679 715 954 768 adversus
990 710 1302 780 impietatis
1338 721 1634 780 peccatum
1660 715 1675 747 ί
1700 711 1875 766 etiam
1910 727 2096 782 usque

437 800 508 854 ad
542 796 877 868 sanguinem
912 797 1152 848 certant.
1190 791 1303 846 Hos
1333 795 1518 848 multo
1550 793 1898 863 elegantius,
1930 793 1975 846 si
2007 807 2094 846 ec-

434 879 764 935 clesiastica
796 874 1065 945 loquendi
1102 873 1468 928 consuetudo
1509 881 1817 942 pateretur,
1863 878 2094 928 nostros

433 960 648 1014 Heroas
679 971 1032 1010 vocaremus.
1061 957 1173 1007 Hoc
1203 955 1356 1008 enim
1392 970 1603 1008 nomen
1627 970 1660 1008 a
1689 953 1922 1009 Junone
1951 953 2096 1006 dici-

441 1046 536 1092 tur
577 1044 849 1103 tractum,
882 1036 1033 1105 quod
1068 1050 1249 1106 graece
1277 1033 1429 1088 Juno
1460 1034 1606 1105 Ἥρα
1638 1034 2002 1104 appellatur;
2035 1037 2094 1087 et

434 1118 566 1173 ideo
612 1117 806 1172 nescio
851 1117 980 1188 quis
1025 1116 1182 1170 illius
1229 1115 1354 1185 ejus
1396 1115 1720 1170 secundum
1760 1115 2090 1169 Graecorum

439 1199 689 1262 fabulas,
715 1198 896 1253 Heros
926 1198 1102 1254 fuerit
1134 1202 1504 1268 nuncupatus
1528 1214 1541 1252 :
1567 1196 1676 1252 hoc
1707 1194 1973 1251 videlicet
2002 1209 2091 1249 ve-

436 1278 544 1334 luti
578 1278 890 1351 mysticum
921 1277 1287 1346 significante
1318 1275 1537 1342 fabula,
1561 1276 1714 1347 quod
1748 1291 1847 1331 aer
1869 1273 2088 1330 Junoni

431 1359 764 1430 deputetur,
801 1357 900 1413 ubi
930 1357 1133 1413 volunt
1173 1372 1307 1412 cum
1339 1357 1705 1412 daemonibus
1746 1354 1954 1411 heroas
1984 1354 2089 1409 ha-

435 1439 646 1507 bitare,
679 1455 790 1509 quo
831 1439 1066 1494 nomine
1113 1437 1406 1508 appellant
1434 1438 1684 1508 alicujus
1726 1435 1919 1491 meriti
1962 1434 2086 1490 ani-

432 1539 556 1578 mas
594 1523 1024 1576 defunctorum.
1058 1520 1169 1575 Sed
1211 1537 1243 1574 a
1285 1518 1571 1575 contrario
1621 1523 1901 1590 martyres
1953 1534 2084 1574 nos-

430 1604 502 1658 tri
551 1604 752 1657 heroes
796 1606 1295 1671 nuncuparentur,
1329 1600 1400 1667 si,
1436 1605 1498 1654 ut
1537 1600 1680 1666 dixi,
1715 1616 1856 1654 usus
1897 1597 2085 1654 eccle-

429 1684 652 1740 siastici
702 1684 988 1737 sermonis
1035 1681 1412 1748 admitteret;
1446 1696 1562 1736 non
1612 1681 1760 1749 quod
1804 1679 1888 1734 eis
1929 1683 2084 1734 esset

431 1781 563 1820 cum
599 1764 961 1818 daemonibus
989 1763 1048 1817 iu
1081 1779 1209 1818 aere
1241 1763 1516 1827 societas,
1541 1761 1642 1817 sed
1673 1761 1829 1832 quod
1860 1761 2084 1815 eosdem

431 1846 746 1913 daemones,
791 1844 849 1898 id
895 1847 1003 1907 est,
1049 1843 1236 1897 aerias
1282 1843 1576 1897 vincerent
1620 1847 1937 1912 potestates
1973 1865 1987 1907 ;
2029 1849 2083 1896 et

430 1927 490 1982 in
529 1927 612 1980 eis
656 1926 866 1995 ipsam,
898 1923 1184 1996 quidquid
1230 1928 1472 1992 putatur
1514 1922 1867 1992 significare,
1895 1921 2084 1977 Juno-

431 2022 588 2071 nem,
654 2021 780 2077 quas
849 2019 964 2058 non
1038 2017 1450 2073 usquequaque
1517 2001 1990 2057 inccnvenienter
2050 2017 2084 2055 a

435 2087 620 2158 poetis
662 2084 961 2142 inducitur
1001 2084 1238 2140 inimica
1279 2083 1615 2149 virtutibus,
1647 2089 1704 2139 et
1741 2083 1950 2140 coelum
1984 2098 2081 2154 pe-

435 2168 697 2224 tentibus
727 2166 862 2222 viris
911 2166 1160 2222 fortibus
1197 2165 1418 2220 invida.
1453 2165 1559 2221 Sed
1601 2182 1806 2221 rursus
1855 2164 1907 2220 ei
1947 2180 2083 2221 suc-

435 2249 657 2305 cumbit
685 2247 996 2302 infeliciter
1035 2247 1305 2318 ceditque
1341 2245 1637 2317 Virgilius,
1674 2251 1735 2302 ut
1775 2261 1900 2302 cum
1927 2246 2080 2318 apud

435 2347 569 2386 eum
600 2329 702 2385 illa
728 2328 902 2396 dicat,

1196 2409 1388 2459 Vincor
1415 2409 1484 2457 ab
1510 2408 1672 2458 IEnea
1694 2407 1707 2456 ι

1064 2470 1293 2533 (ιΕηείά.
1331 2471 1423 2519 lib.
1453 2471 1502 2529 7,
1525 2487 1665 2520 vere.
1699 2471 1838 2534 310.)

433 2561 628 2635 ipsum
660 2561 876 2617 jEnean
909 2560 1222 2617 admoneat
1247 2560 1495 2616 Helenus
1529 2561 1697 2633 quasi
1721 2557 1964 2616 consilio
1997 2573 2083 2614 re-

431 2645 662 2714 ligioso,
695 2648 751 2698 et
780 2644 958 2706 dicat,

491 2733 687 2794 Junoni
716 2745 845 2780 cane
875 2733 1001 2780 vota
1028 2731 1218 2791 libens,
1248 2732 1623 2794 dominamque
1656 2732 1925 2794 potentem

493 2793 828 2856 Supplicibus
855 2807 1047 2856 supera
1075 2795 1246 2844 donis.

895 2855 1139 2916 ()Eneid.
1179 2857 1272 2906 lib.
1303 2857 1352 2919 3,
1387 2872 1524 2908 vers.
1554 2855 1664 2911 438,
1695 2855 1827 2916 439).

431 2939 510 2992 Ex
540 2953 657 3008 qua
695 2936 967 3008 opinione
1006 2939 1387 3011 Porphyrius,
1421 2939 1687 3009 quamvis
1726 2953 1842 2991 non
1871 2951 1940 2990 ex
1969 2951 2080 2991 sua

431 3019 746 3086 sententia,
778 3019 879 3074 sed
921 3034 989 3073 ex
1028 3019 1303 3086 aliorum,
1335 3020 1550 3074 bonum
1595 3017 1736 3073 dicit
1775 3017 1946 3070 deum
1987 3015 2077 3070 vel

428 3101 663 3170 genium
699 3115 808 3154 non
849 3100 1044 3154 venire
1075 3101 1133 3155 in
1176 3099 1490 3164 hominem,
1525 3099 1638 3153 nisi
1679 3095 1870 3151 malus
1904 3095 2078 3151 fuerit

429 3188 563 3235 ante
594 3179 856 3251 placatus
888 3179 964 3253 (b)
999 3197 1012 3234 :
1047 3187 1322 3247 tanquam
1367 3177 1600 3232 fortiora
1639 3177 1754 3231 sint
1791 3176 1945 3246 apud
1977 3191 2077 3232 eos

429 3259 671 3315 numina
703 3259 858 3315 mala
889 3276 1063 3331 quam
1098 3259 1245 3313 bona
1270 3275 1282 3325 ;
1307 3256 1772 3327 quandoquidem
1806 3255 1960 3310 mala
1991 3255 2078 3310 im-

427 3342 670 3414 pediunt
709 3342 998 3412 adjutoria
1035 3341 1345 3406 bonorum,
1380 3338 1494 3393 nisi
1536 3339 1623 3394 eis
1674 3336 1899 3406 placata
1937 3336 2078 3392 dent

423 3423 640 3491 locum,
666 3423 951 3495 malisque
985 3420 1315 3477 nolentibus
1339 3421 1490 3474 bona
1514 3419 1783 3489 prodesse
1815 3435 1927 3474 non
1956 3434 2079 3489 pos-

423 3509 562 3559 sunt
593 3519 606 3571 ;
645 3521 850 3560 nocere
879 3508 1076 3558 autem
1111 3501 1264 3556 mala
1297 3505 1562 3572 possunt,
1598 3517 1714 3556 non
1747 3500 1853 3554 sibi
1887 3499 2080 3555 valen-

422 3586 584 3642 tibus
624 3585 893 3641 resistere
923 3582 1112 3639 bonis.
1145 3583 1266 3637 Non
1300 3586 1390 3637 est
1430 3583 1544 3638 ista
1573 3598 1718 3637 verae
1760 3582 2076 3636 veraciter-

422 3682 534 3737 que
573 3671 788 3721 sanctae
831 3664 1130 3736 religionis
1169 3663 1263 3718 via
1297 3679 1309 3718 :
1345 3679 1459 3719 non
1501 3663 1584 3718 sic
1623 3663 1933 3727 Iunonem,
1967 3662 2076 3717 hoc

418 3751 508 3801 est
545 3746 730 3802 aerias
762 3751 1076 3817 potestates
1117 3745 1343 3818 piorum
1384 3744 1695 3800 virtutibus
1727 3743 2072 3806 invidentes,

418 3828 599 3882 nostri
622 3833 906 3900 martyres
938 3828 1199 3884 vincunt.
1235 3827 1359 3881 Non
1393 3826 1656 3889 omnino,
1681 3824 1730 3879 si
1754 3824 1865 3880 dici
1902 3824 2075 3878 usita-

416 3911 474 3962 te
507 3913 720 3978 posset,
752 3908 953 3965 heroes
989 3909 1172 3964 nostri
1204 3906 1572 3978 supplicibus
1605 3905 1798 3968 donis,
1832 3903 1931 3958 sed
1963 3903 2073 3958 vir-

416 3991 643 4044 tutibus
669 3987 877 4043 divinis
897 3993 1106 4043 Heram
1133 3992 1433 4056 superant.
1457 3985 1834 4041 Commodius
1854 3983 2071 4053 quippe

414 4069 605 4138 Scipio
650 4068 960 4123 Africanus
1005 4072 1096 4122 est
1144 4067 1610 4135 cognominatus,
1659 4064 1810 4134 quod
1861 4064 2071 4118 virtute

413 4147 665 4201 Africam
698 4147 916 4214 vicerit,
941 4161 1117 4216 quam
1153 4145 1201 4199 si
1235 4145 1433 4199 hostes
1465 4144 1632 4200 donis
1665 4142 1973 4212 placasset,
2008 4147 2070 4196 ut

413 4234 737 4296 parcerent.

409 4321 642 4379 CAPUT
671 4322 851 4377 XXII.
878 4353 940 4363 —
978 4322 1123 4378 Unde
1152 4323 1220 4376 sit
1239 4321 1444 4376 sancti:
1470 4319 1757 4374 adversum
1790 4319 2066 4376 daemones

640 4407 898 4473 potestas,
938 4407 989 4456 et
1019 4401 1162 4455 unde
1190 4402 1376 4458 cordis
1407 4415 1527 4455 vera
1562 4403 1835 4472 purgatio.

480 4498 629 4556 Vera
661 4500 873 4570 pietate
905 4499 1170 4556 homines
1205 4500 1304 4555 Dei
1332 4499 1542 4555 aeriam
1579 4504 1920 4570 potestatem
1951 4498 2063 4556 ini-

408 4581 622 4639 micam
655 4581 1118 4651 contrariamque
1152 4583 1351 4653 pietati
1383 4581 1763 4636 exorcizando
1794 4581 2059 4652 ejiciunt,

406 4679 522 4719 non
566 4663 844 4733 placando
888 4681 902 4730 ;
945 4679 1266 4734 omnesque
1307 4663 1655 4718 tentationes
1694 4663 2060 4719 adversilatis

404 4745 530 4815 ejus
554 4743 839 4799 2vincunt
869 4743 1110 4808 orando,
1144 4761 1258 4799 non
1291 4743 1503 4816 ipsam,
1537 4745 1636 4800 sed
1669 4760 1840 4799 suum
1875 4742 2056 4799 Deum

469 4876 484 4908 1
517 4871 674 4932 Editi,
703 4871 969 4920 adversus
1009 4869 1346 4932 impietatem
1377 4872 1723 4932 potestatum.
1754 4870 1890 4928 Alia,
1923 4883 2057 4931 quae

400 4937 639 4985 omnium
654 4939 734 4985 est
765 4935 1245 4996 manuscriptorum
1261 4935 1433 4986 lectio.
1455 4935 1667 4983 videtur
1681 4934 2022 4996 pracferenda
2039 4948 2055 4980 :

401 5012 526 5048 nam
558 4998 828 5060 perapicue
878 4999 1072 5046 alludit
1117 4999 1445 5058 Augustinus
1493 4998 1560 5045 ad
1601 4998 1735 5045 illud
1778 4997 1930 5045 Hebr.
1962 5009 2053 5060 xtl,

398 5063 460 5110 4:
495 5059 755 5110 Nondum
790 5062 939 5107 enim
961 5075 1137 5121 usque
1165 5061 1236 5107 ad
1264 5061 1603 5122 sanguinem
1635 5060 1923 5108 restitistis
1951 5059 2052 5106 ad-

400 5139 595 5171 versus
617 5131 901 5186 peccatum
922 5137 1187 5186 ii'epugna
1198 5138 1228 5168 γι
1239 5130 1334 5170 tes.

448 5186 484 5257 οἳ
515 5186 600 5235 Sic
629 5184 749 5233 Mss.
781 5186 848 5233 At
876 5185 1022 5238 editi,
1040 5199 1228 5231 omnes
1247 5184 1572 5232 tentationes
1595 5185 2052 5247 adversitatesque

399 5263 545 5307 ejus.

460 5314 529 5374 (a)
561 5307 1250 5374 Coquaeus_Tertttllianum
1282 5308 1372 5374 hic
1393 5308 1521 5358 citat
1541 5310 1799 5374 dicentem
1832 5311 1883 5357 in
1914 5311 2050 5374 Apoc

396 5369 773 5434 logeticofcap.
809 5369 870 5418 50
904 5386 914 5421 ;
951 5387 971 5414 ε
1013 5371 1192 5420 Plures
1239 5373 1518 5426 efficimur,
1564 5373 1770 5433 quoties
1801 5369 2050 5421 metimur

399 5453 420 5481 ι
455 5450 488 5484 a
515 5438 706 5495 vobis;
739 5447 920 5483 semen
947 5436 1027 5481 est
1083 5435 1299 5494 sanguis
1346 5435 1784 5483 Christianorum.
1819 5453 1844 5479 »
1897 5436 1959 5484 Et
1991 5435 2048 5484 in

393 5497 487 5544 lib.
519 5498 904 5562 adscapulam,
945 5509 1058 5558 cap.
1091 5496 1158 5543 5:
1199 5513 1235 5562 Δτε
1266 5495 1473 5562 Sectam
1519 5497 1656 5562 hanc
1703 5501 1831 5547 tunc
1877 5498 2046 5559 magis

402 5575 430 5604 α
461 5559 732 5610 aedificari
769 5562 921 5615 scias,
954 5572 1074 5608 cum
1104 5559 1237 5608 Cthi
1265 5559 1494 5608 videtur.
1533 5580 1556 5604 »
1587 5561 1653 5608 Μ.

453 5623 531 5729 (De)
544 5622 703 5729 gini.
734 5623 1012 5686 Porphyr.,
1045 5622 1137 5670 lib.
1172 5621 1204 5670 2
1242 5623 1305 5670 de
1344 5621 1680 5673 Abstinentia
1708 5623 2040 5687 animalium,

393 5695 506 5745 cap.
544 5695 625 5730 δν.

1509 337 1612 397 DE
1656 335 2017 397 CIVITA'I‘E
2062 333 2217 406 DEI,
2265 335 2330 397 S.
2378 338 2810 402 AUGUSTINI

2207 469 2484 526 adversus
2511 471 2722 544 ipsam.
2747 471 2874 528 Non
2904 469 3060 526 enim
3083 469 3335 543 aliquem
3365 469 3562 536 vincit,
3588 473 3695 527 aut
3721 471 3860 527 sub-

2199 551 2391 622 jugat,
2434 551 2543 608 nisi
2588 553 2862 609 societate
2903 553 3144 624 peccati.
3179 555 3241 609 In
3281 553 3412 624 ejus
3446 568 3581 621 ergo
3621 552 3863 609 nomine

2206 632 2478 696 vincitur,
2503 633 2603 703 qui
2638 634 2934 689 hominem
2958 633 3293 704 assumpsit,
3319 633 3552 704 egitque
3581 634 3709 690 sine
3733 649 3866 704 pec-

2206 723 2350 780 cato,
2381 719 2442 766 ut
2473 713 2530 768 in
2561 713 2683 784 ipso
2713 715 3017 769 sacerdote
3040 729 3106 769 ac
3134 713 3418 769 sacrtticio
3450 713 3615 768 ﬁeret
3645 707 3860 770 remis-

2205 790 2291 846 sio
2326 799 2714 862 peccatorum,
2747 794 2805 849 id
2837 802 2929 850 est
2962 810 3063 865 per
3103 793 3480 850 Mediatorem
3513 794 3614 848 Dei
3654 800 3712 849 et
3746 795 3857 850 ho-

2206 872 2432 928 minum
2466 874 2759 930 hominem
2785 875 3080 930 Christum
3108 875 3337 939 Jesum,
3363 890 3462 945 per
3501 890 3678 945 quem
3706 874 3865 930 facta

2205 959 2571 1022 peccatorum
2635 955 2978 1025 purgatione
3036 955 3485 1011 reconciliamur
3541 954 3676 1010 Deo.
3727 954 3862 1012 Non

2202 1032 2353 1088 enim
2388 1035 2498 1095 nisi
2535 1039 2786 1106 peccatis
2822 1035 3088 1092 homines
3121 1044 3464 1107 separantur
3490 1051 3524 1090 a
3553 1035 3688 1101 Deo,
3713 1051 3865 1106 quo-

2203 1128 2334 1169 rum
2378 1115 2432 1168 in
2466 1115 2573 1170 hac
2613 1115 2726 1171 vita
2761 1133 2875 1172 non
2909 1117 2974 1171 Iit
3004 1122 3203 1172 nostra
3242 1116 3479 1184 virtute,
3513 1116 3612 1170 sed
3655 1115 3862 1172 divina

2201 1194 2577 1252 miseratione
2601 1199 2909 1269 purgatio;
2943 1213 3045 1269 per
3070 1196 3496 1266 indulgentiam
3530 1195 3709 1262 illius,
3738 1212 3858 1252 non

2201 1289 2303 1344 per
2334 1283 2584 1331 nostram
2618 1277 2952 1348 potentiam.
2985 1276 3130 1341 Quia
3159 1280 3219 1332 et
3246 1276 3376 1347 ipsa
3406 1276 3866 1347 quantulacum-

2200 1371 2314 1426 que
2343 1355 2548 1424 virtus,
2580 1373 2711 1429 qua
2738 1357 2956 1413 dicitur
2985 1361 3206 1424 nostra,
3243 1356 3401 1413 illius
3432 1361 3521 1414 est
3551 1356 3722 1413 nobis
3751 1358 3862 1414 bo-

2198 1433 2378 1491 nitate
2408 1452 2708 1494 concessa.
2743 1437 2992 1494 Multum
3028 1446 3222 1495 autem
3265 1437 3433 1494 nobis
3464 1437 3522 1493 in
3557 1438 3661 1493 hac
3687 1452 3870 1494 carne

2196 1519 2610 1587 trlbuerentus,
2646 1521 2760 1576 nisi
2803 1536 2987 1591 usque
3019 1522 3086 1575 ad
3119 1522 3249 1592 ejus
3289 1519 3709 1591 depositionem
3744 1521 3862 1576 sub

2194 1600 2362 1654 venia
2391 1601 2738 1656 viveremus.
2768 1601 3074 1671 Propterea
3094 1617 3230 1673 ergo
3265 1600 3435 1657 nobis
3459 1616 3559 1671 per
3587 1600 3870 1656 Mediato-

2197 1694 2317 1734 rem
2364 1681 2625 1752 praestita
2663 1688 2750 1737 est
2790 1683 3000 1753 gratia,
3055 1687 3124 1737 ut
3166 1681 3368 1753 polluti
3413 1697 3587 1736 carne
3635 1683 3862 1752 peccati

2193 1761 2384 1816 carnis
2429 1764 2647 1832 peccati
2689 1762 3075 1818 similitudine
3117 1763 3556 1818 mandaremur.
3593 1761 3709 1817 Hac
3751 1761 3859 1818 Dei

2189 1841 2394 1910 gratia,
2455 1859 2565 1910 qua
2622 1843 2681 1897 in
2744 1859 2850 1899 nos
2900 1843 3154 1898 ostendit
3195 1859 3461 1912 magnam
3524 1841 3857 1898 misericor-

2191 1918 2346 1976 diam
2399 1939 2589 1991 euam,
2622 1928 2680 1978 et
2718 1922 2777 1978 in
2824 1924 2930 1978 hac
2970 1923 3085 1979 vita
3123 1940 3223 1995 per
3264 1924 3439 1978 tidem
3482 1923 3761 1994 regimur,
3794 1927 3858 1979 et

2192 2007 2329 2071 post
2351 2001 2502 2058 hanc
2524 2006 2704 2059 vitam
2738 2020 2837 2076 per
2855 2003 3043 2075 ipsam
3069 2005 3320 2075 speciem
3344 2002 3859 2060 incommutabilis

2190 2084 2459 2139 veritatis
2517 2084 2587 2140 ad
2643 2084 3056 2155 perfectionem
3105 2082 3512 2156 plenissimam
3562 2084 3854 2155 perduce-

2191 2180 2348 2220 mur.

2190 2313 2422 2372 CAPUT
2460 2315 2660 2372 XXIII.
2693 2345 2761 2358 --
2791 2316 2865 2371 De
2891 2315 3212 2389 principiis,
3243 2315 3306 2372 in
3336 2317 3538 2390 quibus
3574 2317 3858 2374 Platonici

2437 2397 2826 2468 purgationem
2857 2398 3062 2454 animae
3097 2413 3212 2455 esse
3237 2395 3593 2470 proﬁtentur.

2261 2529 2411 2586 Dicit
2439 2530 2616 2586 etiam
2649 2531 2996 2604 Porphyrius
3028 2533 3243 2589 divinis
3275 2535 3529 2590 oraculis
3556 2534 3733 2591 fuisse
3759 2551 3853 2592 re-

2191 2625 2494 2680 sponsum,
2521 2629 2634 2667 non
2668 2629 2774 2667 nos
2797 2612 3027 2684 purgari
3058 2613 3211 2669 lunae
3235 2615 3426 2671 teletis
3456 2622 3631 2688 atque
3656 2617 3802 2672 solis
3828 2632 3843 2673 :

2195 2697 2256 2746 ut
2289 2693 2424 2747 hinc
2463 2693 2871 2748 ostenderetur
2902 2693 3198 2750 nullorum
3238 2696 3480 2752 deorum
3515 2697 3704 2752 teletis
3738 2699 3850 2752 ho-

2187 2773 2403 2828 minem
2438 2790 2608 2844 posse
2651 2773 2907 2846 purgari.
2940 2777 3112 2845 Cujus
3153 2777 3309 2832 enim
3349 2777 3534 2832 teletai
3567 2785 3852 2849 purgant,

2186 2854 2233 2908 si
2269 2853 2422 2908 lunte
2457 2852 2714 2924 solisque
2748 2872 2861 2910 non
2904 2861 3175 2927 purgant,
3208 2872 3348 2926 quos
3390 2858 3538 2912 inter
3577 2860 3854 2916 cmlestes

2183 2933 2322 2988 deos
2355 2933 2672 3006 praecipuos
2704 2935 2920 2991 habent
2945 2936 2973 2991 ‘l
3005 2936 3258 3008 Denique
3291 2937 3490 2992 eodem
3533 2937 3671 2991 dicit
3703 2954 3850 2994 ora-

2183 3015 2314 3070 culo
2344 3031 2706 3084 expressum,
2732 3017 3019 3089 principia
3065 3033 3228 3086 posse
3261 3033 3550 3089 purgare;
3583 3033 3657 3072 ne
3691 3018 3848 3076 forte

2182 3110 2316 3150 cum
2349 3095 2570 3150 dictum
2593 3104 2747 3151 esset
2775 3114 2886 3152 non
2909 3115 3156 3169 purgare
3186 3097 3388 3153 teletae
3410 3097 3548 3153 solis
3576 3103 3634 3153 et
3659 3096 3840 3167 lunae,

2182 3174 2431 3246 alicuius
2463 3175 2701 3232 alterius
2731 3177 2820 3233 dei
2849 3179 2919 3233 de
2949 3178 3118 3234 turba
3147 3177 3338 3234 valere
3368 3180 3439 3234 ad
3471 3180 3852 3251 purgandum

2183 3255 2366 3311 teletae
2421 3259 2811 3314 crederentur.
2844 3261 2975 3326 Quae
3017 3264 3212 3315 autem
3261 3259 3411 3315 dicat
3439 3275 3565 3316 esse
3619 3260 3844 3332 princi-

2183 3336 2278 3409 pia
2299 3344 2576 3409 tanquam
2608 3341 2967 3407 Platonicus,
2993 3341 3283 3398 novimus.
3311 3343 3456 3397 Uicit
3475 3341 3624 3398 enim
3655 3341 3843 3398 Deum

2183 3419 2414 3474 Patrem
2447 3425 2502 3474 et
2545 3419 2729 3475 Deum
2765 3420 2999 3489 Filium,
3034 3438 3207 3494 quem
3241 3438 3424 3494 grtece
3453 3421 3701 3495 appellat
3731 3439 3838 3493 pa-

2182 3502 2412 3555 ternum
2447 3499 2829 3566 intellectum,
2861 3503 2948 3557 vel
2997 3508 3294 3574 paternam
3325 3510 3580 3559 mentem
3614 3503 3689 3575 (a)
3717 3519 3731 3557 :
3765 3503 3843 3560 de

2183 3581 2402 3652 Spiritu
2457 3587 2649 3638 autem
2701 3589 2942 3654 sancto,
2985 3590 3081 3639 aut
3121 3583 3302 3652 nihil,
3345 3591 3446 3640 aut
3496 3601 3610 3640 non
3646 3589 3850 3655 aperte

2182 3661 2400 3733 aliquid
2445 3661 2630 3718 dicit:
2675 3663 2944 3735 quamvis
2989 3681 3164 3734 quem
3209 3665 3390 3720 alium
3439 3665 3590 3720 dicat
3623 3665 3840 3721 horum

2182 3743 2464 3810 medium,
2498 3759 2611 3797 non
2638 3742 2921 3815 intelligo.
2956 3744 3012 3798 Si
3046 3745 3199 3798 enim
3234 3744 3489 3810 tertiam,
3521 3745 3675 3801 sicut
3705 3743 3840 3800 Plo-

2179 3822 2359 3890 tinus,
2385 3824 2482 3878 ubi
2529 3825 2599 3877 de
2635 3825 2820 3878 tribus
2866 3824 3288 3896 principalibus
3324 3825 3666 3881 substantiis
3711 3824 3842 3880 dis—

2181 3908 2345 3973 putat
2395 3903 2695 3974 (Enneadt's
2750 3904 2786 3958 5
2828 3906 2924 3960 lib.
2960 3905 3035 3976 1),
3065 3905 3273 3960 animae
3337 3911 3608 3961 naturam
3658 3905 3839 3962 etiam

2177 3982 2283 4038 iste
2312 3983 2486 4039 vellet
2530 3983 2798 4055 intelligi,
2835 4001 2951 4040 non
2984 3986 3183 4056 utique
3212 3985 3429 4041 diceret
3469 3986 3678 4042 horum
3712 4002 3837 4042 me-

2176 4063 2362 4130 dium,
2416 4063 2470 4118 id
2507 4069 2594 4119 est
2656 4064 2843 4120 Patris
2890 4070 2948 4121 et
3007 4065 3136 4120 Filii
3201 4065 3484 4122 medium.
3535 4066 3838 4137 Postponit

2175 4143 2389 4213 quippe
2424 4143 2688 4199 Plotinus
2730 4145 2936 4200 animis
2979 4152 3252 4202 naturam
3292 4150 3528 4216 paterno
3562 4145 3836 4204 intellec-

2173 4224 2256 4284 tui
2295 4223 2486 4291 (lbid.,
2525 4240 2644 4291 cap.
2687 4225 2742 4293 6,
2785 4230 2838 4282 et
2874 4226 3033 4298 alibi)
3069 4243 3082 4283 :
3117 4228 3228 4283 iste
3270 4230 3468 4282 autem
3511 4243 3643 4282 cum
3688 4227 3843 4285 dicit

2175 4303 2457 4371 medium,
2484 4319 2597 4358 non
2629 4306 2940 4378 postponit,
2966 4308 3064 4362 sed
3087 4309 3430 4379 interponit.
3457 4307 3524 4363 Et
3546 4307 3836 4365 nimirum

2173 4383 2278 4438 hoc
2311 4384 2456 4438 dixit
2486 4389 2549 4438 ut
2582 4385 2791 4456 potuit,
2823 4388 2939 4442 sive
2972 4393 3038 4443 ut
3079 4387 3282 4454 voluit,
3316 4389 3471 4458 quod
3510 4404 3612 4444 nos
3643 4388 3836 4460 Spiri-

2168 4468 2291 4520 tum
2325 4469 2614 4533 sanctum,
2647 4484 2752 4524 nec
2786 4467 2966 4523 Patris
2996 4474 3247 4539 tantum,
3280 4484 3384 4524 nec
3406 4467 3534 4523 Filii
3567 4473 3828 4538 tantum,

2167 4547 2268 4601 sed
2308 4549 2614 4620 utriusque
2645 4548 2925 4620 Spiritum
2959 4549 3234 4606 dicimus.
3268 4549 3488 4604 Liberis
3517 4550 3674 4605 enim
3707 4566 3836 4606 ver-

2168 4626 2257 4682 bis
2288 4625 2609 4698 loquuntur
2651 4629 3000 4700 philosOphi,
3035 4646 3140 4685 nec
3185 4629 3246 4685 in
3283 4629 3461 4685 rebus
3492 4629 3564 4684 ad
3608 4629 3833 4685 intelli-

2163 4711 2414 4778 gendum
2457 4708 2822 4764 diflicillimis
2860 4710 3242 4767 oli'ensionem
3277 4709 3681 4781 religioearum
3714 4727 3832 4766 au-

2164 4790 2311 4844 rium
2356 4791 2789 4860 pertimescunt.
2823 4791 3000 4848 Nobis
3041 4799 3239 4849 autem
3277 4793 3346 4848 ad
3397 4801 3609 4849 certam
3651 4809 3830 4865 regu-

2163 4868 2278 4925 lam
2311 4871 2466 4942 loqui
2487 4873 2572 4928 fas
2601 4878 2711 4937 est,
2734 4889 2805 4928 ne
2835 4872 3137 4930 verborum
3162 4874 3399 4930 licentia
3429 4873 3600 4930 etiam
3634 4875 3706 4928 de
3737 4890 3829 4929 re-

2162 4951 2270 5006 bus
2303 4968 2430 5022 quae
2474 4952 2563 5009 his
2602 4953 3030 5022 significantur,
3060 4955 3303 5026 impiam
3344 4953 3545 5026 gignat
3585 4954 3827 5025 opinio-

2161 5047 2319 5087 nem.

2156 5186 2382 5244 CAPUT
2431 5188 2622 5248 XXIV.
2668 5222 2736 5234 —-
2777 5197 2860 5248 De
2906 5209 3015 5251 imo
3061 5211 3295 5267 veroque
3339 5195 3636 5268 principio,
3676 5196 3830 5270 quod

2258 5271 2433 5326 solum
2460 5273 2477 5306 ¹
2510 5281 2770 5329 naturam
2812 5273 3112 5332 humanam
3141 5282 3340 5348 purgat
3369 5286 3421 5333 et
3461 5283 3715 5334 reuocat.

2225 5411 2339 5468 Nos
2370 5412 2568 5485 itaque
2607 5414 2687 5471 ita
2718 5433 2830 5474 non
2871 5417 3122 5476 dicimus
3153 5422 3271 5480 duo
3311 5420 3398 5479 vel
3437 5421 3552 5479 tria
3593 5421 3828 5494 princi-

2214 5631 2229 5696 ξ
2261 5627 2644 5696 Edjti,_solam.
2675 5626 2862 5683 Verius
2890 5631 3033 5696 Mss,
3062 5635 3274 5687 solum.

2214 5692 2288 5754 (a)
2315 5692 2461 5742 Cant.
2486 5693 2647 5750 intra.
2677 5707 2791 5758 cap.
2821 5696 2903 5748 28.
