4158 6192
299 320 412 382 301

295 455 410 526 pia,
442 469 578 509 cum
608 451 680 508 de
709 453 828 509 Deo
856 449 1173 522 loquimur,
1193 448 1346 502 sicut
1374 461 1480 501 noc
1502 445 1656 526 ducs
1686 443 1823 498 deos
1853 443 1938 499 vel

298 525 417 590 tres
449 534 616 589 nobis
646 532 866 588 licitum
901 536 991 586 est
1021 530 1245 585 dicere:
1280 525 1547 598 quamvis
1579 527 1648 580 de
1678 540 1941 594 unoquo-

293 631 406 686 que
438 615 762 686 loquentes,
782 611 871 667 vel
892 611 963 667 de
991 613 1180 672 Patre,
1203 607 1291 663 vel
1324 607 1393 663 de
1416 605 1577 671 Filio,
1602 605 1686 660 vel
1719 606 1788 660 de
1819 605 1944 675 Spi-

294 698 409 750 ritu
453 701 678 762 sancto,
710 694 876 748 etiam
919 691 1222 762 singulum
1263 703 1554 759 quemque
1597 691 1771 741 Deum
1815 702 1943 742 esse

291 777 584 832 fateamur
617 792 630 842 ;
665 790 769 830 nec
809 773 1075 828 dicamus
1119 778 1311 826 tamen
1346 769 1502 842 quod
1544 766 1794 822 haeretici
1837 767 1941 822 Sa-

288 855 522 912 belliani
553 855 649 927 (a),
684 855 954 910 eumdem
978 867 1102 908 esse
1134 851 1378 916 Patrem,
1412 849 1512 920 qui
1533 853 1622 904 est
1649 853 1708 902 et
1737 846 1938 914 Filius,

287 942 346 992 et
375 937 648 990 eumdem
695 933 973 1004 Spiritum
1019 935 1310 994 sanctum,
1353 929 1557 1000 quiest
1586 931 1644 982 et
1683 931 1846 981 Pater
1883 930 1940 982 et

293 1014 522 1082 Filius;
557 1015 655 1071 sed
702 1015 934 1070 Patrem
983 1028 1112 1068 esse
1163 1008 1290 1064 Filii
1342 1008 1590 1071 Patrem,
1624 1011 1680 1061 et
1723 1006 1934 1062 Filium

291 1095 476 1152 Patris
515 1095 748 1169 lj‘ilium,
779 1097 837 1149 et
867 1085 1052 1148 Patris
1087 1096 1144 1146 et
1173 1089 1302 1144 Filii
1341 1089 1624 1169 Spiritum
1665 1096 1933 1169 sanctum

288 1193 396 1233 nec
427 1166 656 1232 Patrem
688 1191 816 1232 esse
847 1191 952 1230 nec
983 1171 1212 1229 Filium.
1239 1173 1451 1224 Verum
1485 1168 1682 1240 itaque
1713 1166 1932 1223 dictum

287 1266 397 1326 est,
429 1275 545 1314 non
580 1257 815 1329 purgari
848 1255 1149 1310 hominem
1179 1251 1292 1308 nisi
1325 1249 1632 1322 principio,
1665 1248 1934 1320 quamvis

287 1327 595 1412 pluraliter
633 1327 753 1394 sint
795 1337 946 1407 apud
993 1349 1089 1390 eos
1133 1332 1287 1388 dicta
1331 1329 1634 1402 principia.
1669 1327 1960 1412 LXXIV.)

287 1411 402 1477 Sed
449 1419 722 1476 subditus
765 1415 1115 1488 Porphyrius
1159 1412 1374 1469 invidis
1418 1411 1814 1484 potestatibus,
1862 1411 1932 1466 de

285 1502 502 1572 quibus
525 1504 584 1556 et
613 1498 1012 1563 erubescebat,
1037 1500 1094 1551 et
1125 1510 1224 1551 eas
1253 1491 1432 1549 libere
1459 1492 1803 1572 redarguere
1827 1491 1934 1546 fore

286 1582 570 1648 midabat,
595 1579 778 1636 noluit
808 1577 1131 1650 intelligere
1153 1574 1460 1630 Dominum
1484 1571 1779 1628 Christum
1803 1587 1932 1628 esse

275 1662 668 1734 .principium,
717 1659 891 1729 cujus
938 1657 1338 1713 incarnatione
1395 1669 1734 1725 purgamur.
1788 1655 1928 1707 Eum

204 1781 206 1783 ›
278 1744 500 1816 quippe
522 1743 582 1798 in
612 1744 741 1812 ipsa
771 1755 943 1796 carne
973 1737 1345 1807 contempsit,
1370 1750 1546 1816 quam
1582 1743 1814 1804 prapter
1843 1749 1930 1787 sa-

277 1815 564 1880 crificium
607 1829 816 1878 nostris
850 1819 1213 1892 purgationis
1254 1815 1569 1886 assumpsit
1603 1830 1616 1869 :
1653 1829 1926 1886 magnum

275 1905 501 1962 scilicet
539 1907 972 1961 sacramentum
1006 1917 1072 1955 ea
1111 1898 1383 1970 superbia
1412 1913 1527 1952 non
1569 1895 1926 1964 intelligens,

196 2041 203 2046 _
278 2004 462 2060 quam
503 2003 612 2042 sua
650 1985 749 2040 ille
783 1983 1114 2039 humilitate
1154 1979 1365 2047 dejecit
1397 1977 1927 2060 verus-benignus-

274 2056 390 2140 que
422 2068 722 2130 Mediator,
758 2067 816 2121 in
855 2081 921 2120 ea
950 2080 1008 2119 se
1040 2063 1349 2117 ostendens
1390 2056 1737 2140 mortalitate
1770 2072 1925 2111 mor-

273 2138 517 2219 talibus,
542 2163 720 2219 quam
763 2143 1006 2216 maligni
1039 2142 1390 2212 fallacesque
1431 2138 1780 2219 mediatores
1811 2152 1927 2219 non

273 2215 546 2285 habendo
559 2215 630 2285 se
660 2215 966 2299 snperbius
989 2222 1340 2287 extulerunt,
1365 2218 1714 2299 miserisque
1745 2215 1931 2270 homi-

271 2310 453 2365 nibus
467 2296 820 2380 adjutorium
837 2303 1229 2375 deceptorium
1248 2299 1400 2355 velut
1414 2296 1930 2380 immortalestnor-

268 2396 491 2452 talibus
521 2379 1120 2467 promiseruntBonus
1144 2379 1930 2467 itaqueverusquelidediator

265 2459 538 2532 ostendit
562 2477 862 2546 peccatum
902 2484 1031 2539 esse
1063 2465 1306 2530 malum,
1341 2479 1456 2546 non
1509 2460 1704 2516 carnis
1753 2459 1928 2514 subs-

276 2557 532 2612 tantiam
559 2539 648 2609 vel
680 2557 948 2608 naturam
976 2566 991 2616 ;
1016 2563 1142 2618 quae
1172 2561 1300 2601 cum
1333 2542 1531 2598 anima
1588 2539 1842 2596 hominis
1872 2543 1929 2594 et

259 2635 500 2707 suscipi
524 2634 650 2689 sine
683 2636 913 2699 peccato
937 2627 1203 2700 potuit,et
1224 2623 1503 2707 haberi,et
1536 2625 1719 2676 morte
1734 2619 1923 2707 ‘depo-

261 2718 355 2782 ni,
394 2701 541 2770 et'in
577 2712 788 2769 melius
829 2707 1253 2766 resurrectione
1294 2703 1506 2760 mutari
1540 2719 1553 2757 :
1589 2717 1693 2756 nec
1731 2701 1920 2771 ipsam

262 2800 547 2862 mortem,
582 2792 850 2864 quamvis
881 2795 1032 2845 esset
1064 2804 1231 2859 poena
1260 2783 1499 2864 peccati,
1529 2797 1700 2853 quam
1735 2789 1924 2836 tamen

265 2893 375 2946 pro
411 2861 579 2930 nobis
599 2861 729 2928 sine
751 2877 981 2942 peccato
1003 2869 1126 2938 ipse
1161 2863 1452 2946 persolvit,
1479 2861 1774 2946 peccando
1797 2873 1926 2946 esse

263 2939 567 3012 vitandam
601 2973 616 3021 ;
647 2939 994 3024 sed—potius,
1030 2949 1079 3003 si
1111 2945 1361 3002 facultas
1393 2944 1586 3024 daturi,
1619 2958 1720 3012 pro
1757 2939 1925 3024 justi-

271 3037 358 3092 tia
391 3022 812 3106 perferendam.
839 3031 966 3086 Ideo
989 3028 1145 3084 enim
1169 3027 1389 3082 solvere
1417 3023 1606 3093 potuit
1625 3022 1924 3077 moriendo

279 3120 536 3190 peccata,
571 3113 711 3187 quia
739 3117 796 3169 et
825 3115 1090 3168 mortuus
1129 3112 1239 3173 est,
1270 3112 1328 3162 et
1367 3121 1482 3161 non
1517 3120 1618 3190 pro
1650 3120 1757 3159 suo
1789 3118 1924 3190 pec-

274 3184 400 3255 cato
422 3197 463 3251 ¹.
488 3184 653 3252 Ilune
685 3194 781 3250 ille
813 3191 1141 3248 Platonicus
1176 3205 1290 3244 non
1313 3185 1581 3257 cognovit
1610 3200 1739 3240 esse
1771 3184 1927 3253 prin-

271 3280 494 3351 cipium
519 3297 534 3347 ;
559 3293 692 3334 nam
715 3277 1088 3347 cognosceret
1110 3268 1529 3342 purgatorium.
1553 3265 1747 3336 Neque
1768 3265 1925 3320 enim

272 3345 412 3418 caro
444 3345 810 3432 principium
828 3363 931 3421 est,
965 3357 1066 3408 aut
1093 3352 1290 3406 anima
1318 3348 1578 3404 humana
1611 3365 1625 3412 ;
1658 3346 1756 3401 sed
1790 3345 1927 3400 Ver-

271 3443 413 3498 bum
441 3429 542 3512 per
562 3429 716 3511 quod
747 3438 893 3492 facta
913 3437 1054 3490 sunt
1070 3429 1414 3487 omnim-Non
1438 3444 1572 3497 ergo
1595 3443 1725 3481 caro
1750 3441 1848 3494 per
1867 3441 1929 3480 se

270 3510 462 3593 ipsum
495 3510 756 3585 mundat,
778 3517 877 3572 sed
911 3531 1012 3587 per
1039 3512 1294 3568 Verbum
1325 3527 1357 3563 a
1378 3523 1492 3579 quo
1523 3510 1794 3575 suscepta
1816 3511 1925 3573 est,

273 3626 410 3666 cum
446 3610 677 3666 Verbum
722 3620 853 3662 caro
892 3605 1100 3675 factum
1137 3605 1235 3663 est,
1260 3603 1310 3652 et
1348 3594 1615 3651 habitavit
1662 3594 1726 3648 in
1768 3593 1925 3648 nobis

273 3695 461 3760 (Joan.
495 3703 536 3755 1,
570 3689 675 3759 14).
708 3689 849 3742 Nam
881 3687 950 3739 de
983 3696 1155 3737 carne
1186 3696 1295 3760 sua
1327 3675 1737 3760 manducando
1767 3689 1928 3760 -ῐξηετ

275 3753 390 3827 tice
420 3753 690 3843 loquens,
723 3783 852 3823 cum
893 3764 950 3819 hi
983 3762 1081 3831 qui
1124 3779 1238 3816 non
1279 3757 1687 3813 intellexerunt
1723 3753 1929 3843 offensi

276 3834 632 3913 recederent,
664 3834 938 3912 dicentes,
974 3845 1150 3898 Durus
1179 3843 1258 3896 est
1297 3840 1384 3894 hic
1420 3851 1618 3902 sermo,
1649 3834 1769 3905 quis
1806 3849 1929 3913 eum

275 3941 444 4006 potest
471 3912 711 3987 audire?
743 3923 1045 3998 respondit
1074 3919 1442 3977 manentibus
1473 3917 1714 4006 caeteris,
1738 3912 1928 4006 Spiri—

279 3994 366 4070 tus
395 4022 474 4069 est
512 4011 610 4084 qui
655 3994 915 4074 viviﬁcat,
946 4019 1074 4060 caro
1118 4007 1313 4084 autem,
1349 4015 1459 4054 non
1501 3996 1718 4068 prodest
1765 3994 1929 4065 quid-

280 4113 450 4166 quam
505 4079 605 4167 ('ld.
656 4109 730 4160 vr,
763 4091 852 4156 6i,
901 4088 1010 4157 64).
1066 4083 1445 4167 Principium
1475 4094 1612 4150 ergo
1658 4079 1930 4167 suscepta

281 4157 475 4232 anima
510 4157 572 4229 et
610 4157 778 4229 carne
811 4175 863 4224 et
893 4167 1147 4222 animam
1197 4161 1552 4218 credentium
1601 4157 1846 4212 mundat
1874 4158 1930 4209 et

280 4271 538 4314 carnem.
573 4253 710 4309 Ideo
741 4247 1135 4323 quaerentibus
1178 4242 1398 4300 Judzeis
1429 4240 1562 4323 quis
1608 4245 1931 4323 es_set,_res-

281 4337 487 4410 pondit
507 4351 572 4392 se
591 4350 719 4391 esse
751 4315 1102 4410 principium
1127 4325 1237 4410 (Id._
1253 4322 1506 4410 Νιρεῖ).
1523 4318 1694 4410 ⁸011οά
1728 4315 1930 4410 utique

281 4396 566 4482 carnales,
596 4396 840 4480 inﬁrmi,
889 4396 1144 4482 peccatis
1189 4401 1443 4470 obnoxii,
1485 4404 1540 4457 et
1585 4396 1928 4472 ignorantiae

281 4497 536 4556 tenebris
566 4491 825 4552 ohvoluti
857 4503 1225 4562 nequaquam
1262 4483 1556 4556 percipere
1595 4493 1926 4562 possemus,

283 4580 394 4636 nisi
429 4579 502 4635 ab
543 4594 610 4634 eo
650 4557 1276 4638 mandarentur—atque
1305 4577 1669 4625 sanaremur,
1698 4574 1800 4631 per
1822 4557 1929 4638 hoc

282 4661 431 4731 quod
462 4673 698 4714 eramus
740 4658 798 4710 et
826 4669 942 4708 non
983 4635 1237 4706 eramus.
1268 4647 1509 4700 Eramus
1537 4641 1697 4731 enim
1718 4635 1929 4731 .homi-

281 4719 406 4809 nes,
456 4741 554 4796 sed
595 4736 741 4809 justi
791 4750 908 4790 non
957 4745 1190 4787 eramus
1228 4728 1352 4797 (b):
1395 4725 1452 4780 in
1513 4722 1672 4809 illius
1702 4719 1928 4809 "autem

277 4803 677 4880 incarnatione
724 4821 930 4871 natura
962 4811 1214 4868 humana
1263 4809 1406 4869 erat,
1450 4803 1548 4858 sed
1597 4803 1776 4870 justa,
1806 4813 1926 4880 non

282 4903 566 4974 peccatrix
613 4902 756 4956 erat.
789 4895 918 4953 Haec
961 4897 1047 4951 est
1080 4887 1367 4957 mediatio,
1404 4901 1518 4956 qua
1559 4896 1770 4938 manus
1803 4879 1926 4949 lap-

341 5202 354 5238 ¹
385 5203 445 5250 In
475 5201 613 5248 Mss.
667 5203 713 5244 et
745 5207 857 5242 non
897 5203 998 5252 pro
1027 5192 1247 5248 peccato
1277 5197 1295 5242 ;
1323 5179 1417 5231 ubi
1451 5174 1804 5240 supplendum
1837 5181 1924 5221 re—

281 5261 636 5328 linquebatur.
668 5271 786 5328 «ηιρ-
820 5319 834 5328 ,
946 5317 962 5328 ,
1190 5310 1447 5328 ,μμ-η,
1499 5305 1627 5328 ιω,
1655 5300 1798 5328 ςηιο,
1818 5294 1883 5328 αις

338 5295 388 5380 iii
819 5319 920 5388 hac
946 5312 1155 5388 haeresi
1185 5310 1482 5388 disseregs,‘
1499 5305 1630 5388 haec
1655 5295 1924 5388 interhalig

278 5367 733 5453 pthisi-3313656
750 5367 799 5428 'I
819 5379 1117 5453 Existimas
1124 5379 1152 5453 t7
1164 5384 1352 5453 omnes
1368 5367 1923 5453 EabeLll-iugpﬂpriﬂinm

280 5426 807 5504 Tiﬁh‘ioie’ifiﬁiés'e
823 5426 1013 5504 diuitis
1060 5435 1311 5504 haeresis:
1365 5426 1923 5504 Epiphaniusu‘tamen

279 5489 303 5561 ξ
326 5489 1174 5568 "57"136i6rtf'1ioeuum,
1188 5563 1200 5568 _
1224 5489 1444 5546 Sabellii
1470 5489 1921 5568 praeceptot'fg.

279 5555 444 5629 ξῖίίῖέ
453 5555 627 5628 “suo;
665 5555 842 5627 hanc,
855 5555 929 5619 ἰιι
972 5567 1106 5616 alias
1151 5563 1431 5627 plerasque
1477 5555 1737 5609 haereses,
1778 5559 1925 5598 exco-

277 5659 300 5686 ι
329 5644 536 5693 aitasse.
569 5659 595 5685 »
625 5638 695 5686 Μ.

378 5645 536 5693 tusae.
569 5659 595 5685 »
626 5644 695 5686 M.

329 5644 404 5769 ᾖ)
427 5703 576 5756 chi.
609 5700 764 5764 epist.
798 5694 908 5758 140,
937 5707 994 5744 n.
1026 5689 1104 5741 10.

1705 309 1938 372 LIBER
1981 311 2353 376 DECIMUS.

3581 335 3701 398 30!

2050 444 2130 502 sis
2151 447 2604 523 jacentibusque
2635 456 2898 528 porrecta
2925 460 3015 514 est
3041 473 3056 515 :
3088 457 3197 516 hoc
3227 465 3317 520 est
3348 481 3548 526 semen
3579 469 3702 528 dis-

2048 535 2306 617 positum
2362 554 2462 606 per
2508 541 2776 608 Angelos,
2839 543 2896 599 in
2954 563 3203 617 quorum
3251 552 3456 610 edictis
3504 561 3562 612 et
3609 558 3700 616 lex

2048 615 2772 712 dabatur.(Qatat:.itt.,.19),
2795 639 2906 694 qua
2935 615 2992 680 et
3015 645 3165 684 unus
3195 630 3345 688 Deus
3376 635 3482 690 coli
3529 615 3699 706 jube;

2049 695 2237 765 batur,
2270 705 2328 754 et
2358 700 2452 756 hic
2502 701 2786 760 Mediator
2826 713 3102 765 venturus
3132 695 3588 782 promittebatur.

2047 917 2281 1014 CAPUT:
2310 923 2578 1014 XX_V._.—
2611 927 3047 1014 Omnessanctos
3065 940 3117 990 et
3133 935 3235 992 sub
3260 937 3412 1009 Legi:
3433 945 3699 1014 tempore,

2117 1004 2292 1095 eisab
2317 1007 2601 1095 prioribus
2632 1009 2870 1095 saeculis,
2896 1013 2954 1067 in
2974 1004 3384 1075 sacramentoet
3402 1020 3515 1090 ﬁde
3538 1004 3702 1079 bhri:

2118 1084 2185 1137 sti
2205 1084 2535 1155 justi/iratos
2558 1090 2759 1159 fuisse.

2116 1276 2302 1372 Hujus
2332 1285 2679 1372 sacramenti
2713 1285 2826 1343 fide
2855 1289 3032 1346 etiam
3057 1291 3208 1362 justi
3246 1294 3470 1366 antiqui
3522 1314 3693 1355 muns

2041 1357 2166 1451 dari
2211 1359 2302 1431 pie
2323 1361 2580 1451 ‘virendo
2621 1371 2964 1451 potuerunt,
2997 1357 3121 1428 non
3155 1373 3346 1431 solum
3381 1357 3695 1451 antequam

2043 1437 2132 1530 lea
2163 1441 2377 1530 populo
2411 1438 2650 1530 Hebreo
2676 1449 2912 1530 daretur
2941 1437 3154 1525 (neque
3183 1456 3340 1510 enim
3373 1457 3458 1514 eis
3486 1437 3698 1530 praedi-

2041 1524 2201 1616 pater
2224 1523 2375 1616 psus
2399 1523 2487 1616 vel
2511 1528 2714 1599 Angeli
2743 1523 3108 1616 defuerunt),
3132 1536 3236 1616 sed
3261 1536 3447 1606 ipsius
3468 1523 3700 1610 quoque

2041 1598 2185 1694 legis
2219 1605 2600 1694 temporibus,
2633 1613 2901 1694 quamvis
2934 1613 2991 1668 in
3027 1598 3234 1686 ﬁguris
3280 1598 3696 1690 rerum.spi.ri-

2039 1683 2289 1738 tualium
2355 1685 2566 1743 habere
2637 1691 2933 1747 videretur
2987 1695 3002 1728 ¹
3065 1683 3362 1766 promissa
3418 1683 3697 1766 carnalia,

2038 1771 2267 1832 propter
2317 1768 2471 1837 quod
2518 1775 2681 1826 vetus
2723 1774 2945 1829 dicitur
2975 1776 3425 1833 Testamentum.
3463 1779 3605 1835 Nam
3638 1787 3696 1837 et

2037 1843 2335 1938 Prophetas
2370 1852 2721 1938 tunc-erant,
2753 1871 2854 1938 per
2889 1872 3056 1925 quos,
3089 1857 3238 1912 sicut
3289 1875 3389 1938 per
3418 1858 3692 1930 Angelos,

2037 1925 2238 1979 eadem
2272 1930 2580 1996 promissio
2613 1934 2926 2000 prtedicata
2957 1939 3043 1989 est
3069 1952 3082 1990 :
3106 1945 3159 1990 et
3191 1952 3260 1990 ex
3290 1925 3541 1993 villorum
3581 1925 3692 1996 nu;

2036 2019 2196 2095 mero
2226 2011 2373 2095 erat,
2404 2009 2571 2095 cujus
2600 2016 2716 2066 tam
2753 2029 3026 2095 magnam
3055 2015 3424 2087 divinamque
3454 2027 3689 2076 senten~

2034 2085 2176 2139 tiam
2237 2085 2308 2140 de
2358 2088 2492 2142 boni
2549 2089 2789 2146 humani
2823 2095 2936 2149 fine
2965 2095 3133 2162 paulo
3163 2101 3295 2149 ante
3329 2085 3686 2154 commemo-

2036 2164 2180 2248 ravi,
2209 2165 2353 2248 Mihi,
2377 2173 2563 2224 autem
2612 2171 2900 2228 adhaerere
2953 2174 3076 2238 Deo,
3113 2174 3310 2230 bonum
3341 2186 3442 2231 est.
3479 2177 3538 2230 In
3572 2194 3687 2248 quo

2037 2243 2203 2313 plane
2234 2246 2458 2314 psalmo
2488 2249 2736 2306 duorum
2769 2253 3300 2321 Testamentorum,
3325 2272 3455 2326 quin
3485 2243 3689 2314 dicun-

2034 2332 2129 2380 tur
2157 2332 2318 2384 vetus
2347 2337 2401 2383 et
2428 2346 2666 2400 novum,
2699 2334 2842 2388 satis
2891 2337 2980 2389 est
3027 2334 3320 2390 declarata
3359 2336 3681 2396 distinctio.

2036 2411 2279 2480 Propter
2307 2411 2571 2467 carnales
2618 2414 2773 2468 enim
2826 2419 3206 2488 terrenasque
3237 2418 3676 2489 promissiones,

2033 2505 2165 2545 cum
2182 2507 2277 2545 eas
2291 2491 2490 2562 impiis
2511 2494 2802 2550 abundare
2816 2498 3327 2568 perspiceret,dicit
3343 2501 3518 2570 pedes
3545 2518 3681 2559 suos

2039 2585 2182 2640 pene
2211 2573 2388 2626 fuisse
2419 2579 2762 2642 commotos,
2791 2584 2843 2631 et
2874 2577 3090 2633 etl‘usos
3122 2577 3180 2633 in
3217 2579 3441 2649 lapsum
3477 2597 3688 2654 prope-

2037 2654 2553 2744 modumgressus
2599 2663 3078 2744 su_os,.tanquam
3130 2660 3346 2716 frustra
3395 2662 3510 2718 Deo
3560 2666 3684 2735 ipse

2033 2739 2325 2800 servisset,
2358 2751 2492 2791 cum
2542 2753 2610 2792 ea
2656 2739 2943 2804 felicitate,
2976 2756 3149 2810 quam
3191 2741 3262 2797 de
3304 2741 3400 2798 illo
3444 2758 3679 2814 exspec-

2033 2814 2210 2882 tabat,
2243 2820 2668 2887 contemptores
2692 2820 2818 2889 ejus
2846 2819 3050 2876 florere
3079 2822 3472 2893 perspiceret;
3505 2839 3683 2895 seque

2032 2898 2091 2952 in
2115 2896 2195 2952 rei
2218 2897 2394 2968 hujus
2423 2898 2801 2969 inquisitione
2820 2899 3139 2970 laborasse,
3161 2901 3453 2958 volentem
3477 2919 3582 2959 cur
3602 2906 3684 2961 ita

2032 2982 2185 3034 esset
2213 2979 2666 3050 apprehendere,
2697 2981 2879 3037 donec
2918 2981 3164 3038 intraret
3194 2981 3252 3036 in
3285 2984 3682 3042 sanctuarium

2031 3061 2153 3127 Dei,
2180 3064 2238 3114 et
2269 3059 2617 3133 intelligeret
2646 3062 2704 3117 in
2739 3062 3059 3118 novissima
3089 3079 3314 3132 eorum,
3348 3065 3451 3136 qui
3483 3065 3678 3121 felices

2034 3142 2380 3199 videbantur
2428 3143 2668 3199 erranti.
2700 3144 2864 3200 Tunc
2894 3161 2994 3200 eos
3025 3144 3312 3200 intellexit
3340 3145 3398 3200 in
3428 3160 3494 3202 eo
3525 3146 3680 3218 quod

2034 3242 2097 3281 se
2148 3224 2500 3293 extulerunt,
2535 3225 2690 3280 sicut
2723 3226 2887 3291 dicit,
2923 3226 3104 3282 fuisse
3135 3226 3408 3298 dejectos,
3443 3231 3500 3282 et
3529 3229 3684 3284 defe-

2037 3309 2186 3364 cisse
2218 3325 2283 3364 ac
2316 3310 2533 3379 perisse
2564 3311 2801 3380 propter
2827 3307 3166 3375 iniquitates
3189 3325 3359 3374 suas;
3383 3313 3690 3380 totumque

2036 3387 2182 3442 illud
2232 3389 2466 3443 culmen
2513 3387 2848 3456 temporalis
2895 3388 3190 3443 felicitatis
3222 3388 3301 3442 ita
3340 3389 3423 3442 eis
3471 3391 3687 3444 fastum

2044 3477 2318 3538 tanquam
2353 3469 2646 3523 somnium
2679 3467 3030 3536 evigilantis.
3055 3468 3154 3539 qui
3181 3484 3240 3522 se
3262 3473 3498 3538 repente
3527 3469 3690 3523 inve-

2042 3549 2128 3604 nit
2159 3549 2282 3602 suis
2315 3565 2440 3619 quae
2474 3548 2806 3602 somniabat
2836 3547 3136 3601 fallacibus
3183 3548 3414 3618 gaudiis
3453 3548 3692 3602 destitu-

2044 3639 2186 3685 tum.
2223 3629 2286 3683 Et
2335 3631 2608 3696 quoniam
2643 3627 2699 3680 in
2733 3626 2839 3681 hac
2890 3632 3042 3681 terra
3072 3626 3159 3681 vel
3195 3626 3431 3681 civitate
3463 3632 3693 3683 terrena

2041 3709 2237 3780 magni
2283 3711 2392 3764 sibi
2443 3708 2814 3770 videbantur,
2850 3704 3098 3772 Domine,
3130 3706 3342 3775 inquit,
3378 3708 3436 3760 in
3467 3705 3696 3761 civitate

2041 3800 2136 3846 tua
2169 3791 2467 3858 imaginem
2495 3803 2683 3843 eorum
2713 3785 2781 3840 ad
2811 3785 3055 3840 nihilum
3085 3785 3319 3855 redigas.
3351 3786 3514 3850 Quod
3559 3784 3695 3841 huic

2041 3877 2238 3927 tamen
2294 3869 2433 3923 utile
2481 3869 2672 3934 fuerit,
2705 3866 2883 3921 etiam
2923 3866 3053 3936 ipsa
3094 3875 3320 3921 terrena
3354 3865 3582 3920 nonnisi
3619 3866 3692 3920 ab

2043 3968 2159 4007 uno
2216 3967 2349 4006 vero
2408 3948 2520 4004 Deo
2574 3963 2851 4018 quaerere,
2895 3945 2955 4000 in
3008 3947 3175 4016 cuius
3227 3951 3509 4016 potestate
3558 3952 3692 3999 sunt

2042 4032 2260 4097 omnia,
2319 4030 2460 4085 satis
2509 4029 2786 4093 ostendit,
2817 4027 2914 4082 ubi
2949 4026 3048 4093 ait,
3103 4026 3264 4081 Velut
3305 4041 3476 4096 pecus
3520 4028 3696 4096 lactus

2040 4130 2160 4170 sum
2191 4112 2338 4183 apud
2366 4117 2436 4174 te,
2468 4114 2519 4164 et
2547 4125 2643 4178 ego
2673 4124 2882 4179 semper
2922 4111 3123 4164 tecum.
3162 4107 3312 4162 Velut
3340 4122 3500 4178 pecus
3526 4105 3690 4174 dixit,

2043 4197 2242 4268 utique
2290 4209 2405 4249 non
2459 4191 2814 4263 intelligens.
2851 4190 2930 4245 Ea
2959 4189 3174 4260 quippe
3205 4204 3238 4243 a
3266 4193 3323 4243 te
3364 4186 3696 4243 desiderare

2043 4277 2239 4345 debui,
2291 4291 2417 4347 qua
2469 4272 2613 4328 mihi
2667 4287 2799 4328 cum
2858 4270 3054 4342 impiis
3107 4285 3221 4325 non
3274 4273 3522 4340 possunt
3569 4283 3696 4326 esse

2043 4355 2415 4423 communia;
2449 4369 2565 4410 non
2597 4368 2664 4408 ea
2696 4351 2908 4424 quibus
2939 4367 3037 4408 eos
3070 4367 3203 4407 cum
3237 4350 3536 4406 abundare
3563 4365 3696 4404 cer-

2043 4455 2262 4508 nerem,
2295 4436 2493 4509 putavi
2539 4451 2628 4491 me
2675 4435 2977 4492 incassum
3023 4432 3125 4488 tibi
3157 4431 3430 4499 servisse,
3462 4432 3694 4503 quando

2045 4518 2234 4576 et~illi
2281 4516 2403 4572 haec
2443 4515 2746 4584 haberent,
2789 4513 2890 4586 qui
2935 4512 3042 4568 tibi
3080 4512 3294 4569 servire
3343 4513 3691 4568 noluissent.

2041 4604 2248 4656 Tamen
2273 4613 2370 4670 ego
2390 4611 2602 4667 semper
2633 4599 2828 4662 tecum,
2853 4593 2954 4666 qui
2977 4595 3150 4650 etiam
3177 4594 3233 4648 in
3257 4593 3461 4649 talium
3493 4607 3690 4647 rerum

2041 4680 2326 4737 desiderio
2385 4678 2523 4734 deos
2589 4675 2730 4734 alios
2797 4692 2915 4732 non
2971 4673 3233 4745 quaesivi.
3291 4675 3370 4729 Ac
3429 4689 3527 4742 per
3584 4672 3694 4727 hoc

2043 4763 2346 4834 sequitur:
2399 4760 2641 4815 Tenuisti
2686 4773 2915 4812 manum
2963 4756 3206 4834 dextera:
3260 4767 3401 4808 meae
3444 4751 3488 4816 ²,
3527 4759 3581 4805 et
3629 4750 3691 4805 in

2041 4831 2330 4899 voluntate
2362 4846 2457 4895 tua
2486 4837 2760 4894 deduxisti
2787 4851 2895 4901 me,
2917 4838 2968 4888 et
2991 4849 3111 4887 cum
3130 4832 3313 4901 gloria
3343 4831 3693 4898 assumpsisti

2042 4941 2167 4980 me:
2197 4930 2473 4992 tanquam
2506 4918 2578 4973 ad
2609 4917 2902 4971 sinistram
2952 4920 3166 4967 cuncta
3203 4911 3305 4964 illa
3340 4909 3688 4979 pertineant,

2044 5022 2172 5077 quae
2227 4989 2524 5056 abundare
2580 4995 3010 5077 apudgimpies
3055 5007 3190 5077 cum_
3235 4989 3499 5077 vidisset,
3541 5004 3688 5077 pene

2042 5068 2334 5154 collapsus
2366 5084 2475 5135 est.
2509 5077 2651 5145 Quid
2680 5075 2826 5132 enim
2867 5073 3010 5128 mihi
3039 5081 3137 5154 est,
3176 5070 3389 5142 inquit,
3424 5068 3486 5123 in
3515 5069 3643 5124 cato
3665 5070 3692 5122 ἵ

2039 5171 2090 5223 et
2131 5181 2164 5220 a
2196 5150 2256 5219 “te
2298 5160 2429 5234 quid
2479 5157 2630 5216 votui
2669 5173 2840 5230 super
2890 5153 3144 5212 terram?
3193 5150 3583 5225 Reprehendit
3628 5164 3690 5205 se

2104 5471 2117 5503 ί
2151 5463 2235 5514 Er.
2267 5466 2320 5514 et
2366 5463 2513 5517 Lov.,
2545 5456 2890 5508 viderentur.
2939 5450 3043 5503 Alii
3081 5449 3223 5508 libri,
3256 5447 3562 5507 videretur,
3593 5447 3691 5500 scis

2036 5531 2314 5650 negligi,
2363 5588 2646 5639 dexteram
2693 5596 2924 5641 meam;
2969 5575 3408 5628 dissentientibus
3463 5574 3686 5628 caeteris

2034 5657 2204 5707 libris.
