  <div class='ocr_page' id='page_1' title='image "/cluster/home/n/w/nwhite01/storage/ocr_20150623/41/hvd.32044096580634/157.png"; bbox 0 0 4158 6192; ppageno 0'>
   <div class='ocr_carea' id='block_1_1' title="bbox 437 312 554 386">
    <p class='ocr_par' dir='ltr' id='par_1_1' title="bbox 437 312 554 386">
     <span class='ocr_line' id='line_1_1' title="bbox 437 312 554 386; baseline -0.017 0"><span class='ocrx_word' id='word_1_1' title='bbox 437 312 554 386; x_wconf 74' lang='lat'><strong>303</strong></span> 
     </span>
    </p>
   </div>
   <div class='ocr_carea' id='block_1_2' title="bbox 433 454 2082 533">
    <p class='ocr_par' dir='ltr' id='par_1_2' title="bbox 433 454 2082 533">
     <span class='ocr_line' id='line_1_2' title="bbox 433 454 2082 533; baseline -0.004 -17"><span class='ocrx_word' id='word_1_2' title='bbox 433 462 647 533; x_wconf 88' lang='lat' dir='ltr'><strong>ipsum,</strong></span> <span class='ocrx_word' id='word_1_3' title='bbox 673 461 948 530; x_wconf 87' lang='lat' dir='ltr'><strong>justeque</strong></span> <span class='ocrx_word' id='word_1_4' title='bbox 975 455 1087 513; x_wconf 83' lang='lat' dir='ltr'><strong>sibi</strong></span> <span class='ocrx_word' id='word_1_5' title='bbox 1117 455 1452 528; x_wconf 82' lang='lat' dir='ltr'><strong>displicuit:</strong></span> <span class='ocrx_word' id='word_1_6' title='bbox 1485 454 1621 525; x_wconf 85' lang='lat' dir='ltr'><strong>quia</strong></span> <span class='ocrx_word' id='word_1_7' title='bbox 1647 472 1776 510; x_wconf 90' lang='lat' dir='ltr'><strong>cum</strong></span> <span class='ocrx_word' id='word_1_8' title='bbox 1811 459 1929 510; x_wconf 90' lang='lat' dir='ltr'><strong>tam</strong></span> <span class='ocrx_word' id='word_1_9' title='bbox 1963 472 2082 510; x_wconf 88' lang='lat' dir='ltr'><strong>ma-</strong></span> 
     </span>
    </p>
   </div>
   <div class='ocr_carea' id='block_1_3' title="bbox 434 533 2080 612">
    <p class='ocr_par' dir='ltr' id='par_1_3' title="bbox 434 533 2080 612">
     <span class='ocr_line' id='line_1_3' title="bbox 434 533 2080 612; baseline -0.005 -15"><span class='ocrx_word' id='word_1_10' title='bbox 434 554 617 612; x_wconf 84' lang='lat' dir='ltr'><strong>gnum</strong></span> <span class='ocrx_word' id='word_1_11' title='bbox 654 542 870 594; x_wconf 89' lang='lat' dir='ltr'><strong>bonum</strong></span> <span class='ocrx_word' id='word_1_12' title='bbox 896 536 1134 592; x_wconf 79' lang='lat' dir='ltr'><strong>haberet</strong></span> <span class='ocrx_word' id='word_1_13' title='bbox 1155 537 1211 590; x_wconf 92' lang='lat' dir='ltr'><strong>in</strong></span> <span class='ocrx_word' id='word_1_14' title='bbox 1236 535 1378 590; x_wconf 75' lang='lat' dir='ltr'><strong>cmlo</strong></span> <span class='ocrx_word' id='word_1_15' title='bbox 1400 536 1574 607; x_wconf 84' lang='lat' dir='ltr'><strong>(quod</strong></span> <span class='ocrx_word' id='word_1_16' title='bbox 1601 541 1730 605; x_wconf 87' lang='lat' dir='ltr'><strong>post</strong></span> <span class='ocrx_word' id='word_1_17' title='bbox 1751 533 2080 604; x_wconf 84' lang='lat' dir='ltr'><strong>intellexit),</strong></span> 
     </span>
    </p>
   </div>
   <div class='ocr_carea' id='block_1_4' title="bbox 435 615 2084 688">
    <p class='ocr_par' dir='ltr' id='par_1_4' title="bbox 435 615 2084 688">
     <span class='ocr_line' id='line_1_4' title="bbox 435 615 2084 688; baseline -0.004 -11"><span class='ocrx_word' id='word_1_18' title='bbox 435 638 556 677; x_wconf 90' lang='lat' dir='ltr'><strong>rem</strong></span> <span class='ocrx_word' id='word_1_19' title='bbox 583 620 1001 686; x_wconf 90' lang='lat' dir='ltr'><strong>transitoriam,</strong></span> <span class='ocrx_word' id='word_1_20' title='bbox 1026 616 1314 688; x_wconf 82' lang='lat' dir='ltr'><strong>fragilem,</strong></span> <span class='ocrx_word' id='word_1_21' title='bbox 1335 623 1392 672; x_wconf 91' lang='lat' dir='ltr'><strong>et</strong></span> <span class='ocrx_word' id='word_1_22' title='bbox 1413 617 1844 686; x_wconf 84' lang='lat' dir='ltr'><strong>quodammodo</strong></span> <span class='ocrx_word' id='word_1_23' title='bbox 1867 615 2084 670; x_wconf 88' lang='lat' dir='ltr'><strong>luteam</strong></span> 
     </span>
    </p>
   </div>
   <div class='ocr_carea' id='block_1_5' title="bbox 436 694 2083 765">
    <p class='ocr_par' dir='ltr' id='par_1_5' title="bbox 436 694 2083 765">
     <span class='ocr_line' id='line_1_5' title="bbox 436 694 2083 765; baseline -0.004 -11"><span class='ocrx_word' id='word_1_24' title='bbox 436 699 767 754; x_wconf 75' lang='lat' dir='ltr'><strong>felicitatem</strong></span> <span class='ocrx_word' id='word_1_25' title='bbox 813 714 846 752; x_wconf 91' lang='lat' dir='ltr'><strong>a</strong></span> <span class='ocrx_word' id='word_1_26' title='bbox 899 713 1003 753; x_wconf 91' lang='lat' dir='ltr'><strong>suo</strong></span> <span class='ocrx_word' id='word_1_27' title='bbox 1058 699 1167 751; x_wconf 86' lang='lat' dir='ltr'><strong>Deo</strong></span> <span class='ocrx_word' id='word_1_28' title='bbox 1217 696 1479 765; x_wconf 81' lang='lat' dir='ltr'><strong>quaesivit</strong></span> <span class='ocrx_word' id='word_1_29' title='bbox 1527 697 1585 749; x_wconf 92' lang='lat' dir='ltr'><strong>in</strong></span> <span class='ocrx_word' id='word_1_30' title='bbox 1635 699 1808 749; x_wconf 90' lang='lat' dir='ltr'><strong>terra.</strong></span> <span class='ocrx_word' id='word_1_31' title='bbox 1860 694 2083 763; x_wconf 86' lang='lat' dir='ltr'><strong>De/ecit,</strong></span> 
     </span>
    </p>
   </div>
   <div class='ocr_carea' id='block_1_6' title="bbox 437 776 2082 851">
    <p class='ocr_par' dir='ltr' id='par_1_6' title="bbox 437 776 2082 851">
     <span class='ocr_line' id='line_1_6' title="bbox 437 776 2082 851; baseline -0.004 -15"><span class='ocrx_word' id='word_1_32' title='bbox 437 779 647 851; x_wconf 86' lang='lat' dir='ltr'><strong>inquit,</strong></span> <span class='ocrx_word' id='word_1_33' title='bbox 678 795 770 835; x_wconf 89' lang='lat' dir='ltr'><strong>cor</strong></span> <span class='ocrx_word' id='word_1_34' title='bbox 798 795 980 833; x_wconf 87' lang='lat' dir='ltr'><strong>meum</strong></span> <span class='ocrx_word' id='word_1_35' title='bbox 1009 787 1060 832; x_wconf 90' lang='lat' dir='ltr'><strong>et</strong></span> <span class='ocrx_word' id='word_1_36' title='bbox 1086 792 1212 831; x_wconf 90' lang='lat' dir='ltr'><strong>caro</strong></span> <span class='ocrx_word' id='word_1_37' title='bbox 1243 793 1384 841; x_wconf 84' lang='lat' dir='ltr'><strong>mea,</strong></span> <span class='ocrx_word' id='word_1_38' title='bbox 1421 777 1557 831; x_wconf 84' lang='lat' dir='ltr'><strong>Deus</strong></span> <span class='ocrx_word' id='word_1_39' title='bbox 1587 776 1764 830; x_wconf 79' lang='lat' dir='ltr'><strong>cordis</strong></span> <span class='ocrx_word' id='word_1_40' title='bbox 1795 777 1942 830; x_wconf 88' lang='lat' dir='ltr'><strong>mei:</strong></span> <span class='ocrx_word' id='word_1_41' title='bbox 1984 776 2082 830; x_wconf 91' lang='lat' dir='ltr'><strong>de-</strong></span> 
     </span>
    </p>
   </div>
   <div class='ocr_carea' id='block_1_7' title="bbox 437 855 2084 930">
    <p class='ocr_par' dir='ltr' id='par_1_7' title="bbox 437 855 2084 930">
     <span class='ocr_line' id='line_1_7' title="bbox 437 855 2084 930; baseline -0.005 -13"><span class='ocrx_word' id='word_1_42' title='bbox 437 861 588 917; x_wconf 79' lang='lat' dir='ltr'><strong>fectu</strong></span> <span class='ocrx_word' id='word_1_43' title='bbox 622 861 825 930; x_wconf 89' lang='lat' dir='ltr'><strong>utique</strong></span> <span class='ocrx_word' id='word_1_44' title='bbox 850 860 998 914; x_wconf 88' lang='lat' dir='ltr'><strong>bono</strong></span> <span class='ocrx_word' id='word_1_45' title='bbox 1022 857 1490 913; x_wconf 83' lang='lat' dir='ltr'><strong>abinferioribus</strong></span> <span class='ocrx_word' id='word_1_46' title='bbox 1523 859 1590 911; x_wconf 89' lang='lat' dir='ltr'><strong>ad</strong></span> <span class='ocrx_word' id='word_1_47' title='bbox 1625 873 1895 926; x_wconf 86' lang='lat' dir='ltr'><strong>superna.</strong></span> <span class='ocrx_word' id='word_1_48' title='bbox 1921 855 2084 910; x_wconf 88' lang='lat' dir='ltr'><strong>Unde</strong></span> 
     </span>
    </p>
   </div>
   <div class='ocr_carea' id='block_1_8' title="bbox 435 934 2086 1008">
    <p class='ocr_par' dir='ltr' id='par_1_8' title="bbox 435 934 2086 1008">
     <span class='ocr_line' id='line_1_8' title="bbox 435 934 2086 1008; baseline -0.005 -13"><span class='ocrx_word' id='word_1_49' title='bbox 435 939 497 995; x_wconf 87' lang='lat' dir='ltr'><strong>in</strong></span> <span class='ocrx_word' id='word_1_50' title='bbox 548 939 661 995; x_wconf 90' lang='lat' dir='ltr'><strong>alio</strong></span> <span class='ocrx_word' id='word_1_51' title='bbox 708 940 930 1008; x_wconf 88' lang='lat' dir='ltr'><strong>psalmo</strong></span> <span class='ocrx_word' id='word_1_52' title='bbox 981 938 1235 992; x_wconf 90' lang='lat' dir='ltr'><strong>dicitur:</strong></span> <span class='ocrx_word' id='word_1_53' title='bbox 1269 935 1555 991; x_wconf 80' lang='lat' dir='ltr'><strong>Desiderat</strong></span> <span class='ocrx_word' id='word_1_54' title='bbox 1583 943 1635 990; x_wconf 85' lang='lat' dir='ltr'><strong>et</strong></span> <span class='ocrx_word' id='word_1_55' title='bbox 1665 935 1842 1003; x_wconf 82' lang='lat' dir='ltr'><strong>deﬁcit</strong></span> <span class='ocrx_word' id='word_1_56' title='bbox 1888 934 2086 988; x_wconf 89' lang='lat' dir='ltr'><strong>anima</strong></span> 
     </span>
    </p>
   </div>
   <div class='ocr_carea' id='block_1_9' title="bbox 435 1013 2083 1087">
    <p class='ocr_par' dir='ltr' id='par_1_9' title="bbox 435 1013 2083 1087">
     <span class='ocr_line' id='line_1_9' title="bbox 435 1013 2083 1087; baseline -0.004 -12"><span class='ocrx_word' id='word_1_57' title='bbox 435 1037 560 1075; x_wconf 87' lang='lat' dir='ltr'><strong>mea</strong></span> <span class='ocrx_word' id='word_1_58' title='bbox 589 1019 646 1074; x_wconf 83' lang='lat' dir='ltr'><strong>in</strong></span> <span class='ocrx_word' id='word_1_59' title='bbox 673 1017 821 1073; x_wconf 89' lang='lat' dir='ltr'><strong>atria</strong></span> <span class='ocrx_word' id='word_1_60' title='bbox 855 1017 1078 1072; x_wconf 80' lang='lat' dir='ltr'><strong>Domini</strong></span> <span class='ocrx_word' id='word_1_61' title='bbox 1108 1018 1278 1087; x_wconf 85' lang='lat' dir='ltr'><strong>(Psat.</strong></span> <span class='ocrx_word' id='word_1_62' title='bbox 1306 1033 1535 1083; x_wconf 80' lang='lat' dir='ltr'><strong>Lxxxm,</strong></span> <span class='ocrx_word' id='word_1_63' title='bbox 1559 1017 1633 1086; x_wconf 91' lang='lat'><strong>3).</strong></span> <span class='ocrx_word' id='word_1_64' title='bbox 1671 1018 1806 1070; x_wconf 89' lang='lat' dir='ltr'><strong>Item</strong></span> <span class='ocrx_word' id='word_1_65' title='bbox 1839 1014 1899 1068; x_wconf 91' lang='lat' dir='ltr'><strong>in</strong></span> <span class='ocrx_word' id='word_1_66' title='bbox 1932 1013 2083 1068; x_wconf 87' lang='lat' dir='ltr'><strong>alio:</strong></span> 
     </span>
    </p>
   </div>
   <div class='ocr_carea' id='block_1_10' title="bbox 438 1095 2085 1170">
    <p class='ocr_par' dir='ltr' id='par_1_10' title="bbox 438 1095 2085 1170">
     <span class='ocr_line' id='line_1_10' title="bbox 438 1095 2085 1170; baseline -0.005 -13"><span class='ocrx_word' id='word_1_67' title='bbox 438 1102 643 1170; x_wconf 72' lang='lat' dir='ltr'><strong>Deiecit</strong></span> <span class='ocrx_word' id='word_1_68' title='bbox 672 1101 731 1154; x_wconf 89' lang='lat' dir='ltr'><strong>in</strong></span> <span class='ocrx_word' id='word_1_69' title='bbox 772 1099 1012 1154; x_wconf 85' lang='lat' dir='ltr'><strong>salutare</strong></span> <span class='ocrx_word' id='word_1_70' title='bbox 1058 1103 1215 1152; x_wconf 87' lang='lat' dir='ltr'><strong>tuum</strong></span> <span class='ocrx_word' id='word_1_71' title='bbox 1263 1099 1462 1150; x_wconf 86' lang='lat' dir='ltr'><strong>anima</strong></span> <span class='ocrx_word' id='word_1_72' title='bbox 1504 1112 1631 1150; x_wconf 90' lang='lat' dir='ltr'><strong>mea</strong></span> <span class='ocrx_word' id='word_1_73' title='bbox 1682 1095 1858 1164; x_wconf 84' lang='lat' dir='ltr'><strong>(Psat.</strong></span> <span class='ocrx_word' id='word_1_74' title='bbox 1892 1110 2085 1159; x_wconf 83' lang='lat' dir='ltr'><strong>cxvm,</strong></span> 
     </span>
    </p>
   </div>
   <div class='ocr_carea' id='block_1_11' title="bbox 437 1175 2088 1252">
    <p class='ocr_par' dir='ltr' id='par_1_11' title="bbox 437 1175 2088 1252">
     <span class='ocr_line' id='line_1_11' title="bbox 437 1175 2088 1252; baseline -0.005 -15"><span class='ocrx_word' id='word_1_75' title='bbox 437 1181 551 1252; x_wconf 80' lang='lat'><strong>81).</strong></span> <span class='ocrx_word' id='word_1_76' title='bbox 575 1182 791 1236; x_wconf 90' lang='lat' dir='ltr'><strong>Tamen</strong></span> <span class='ocrx_word' id='word_1_77' title='bbox 823 1196 954 1234; x_wconf 89' lang='lat' dir='ltr'><strong>cum</strong></span> <span class='ocrx_word' id='word_1_78' title='bbox 980 1180 1050 1234; x_wconf 91' lang='lat' dir='ltr'><strong>de</strong></span> <span class='ocrx_word' id='word_1_79' title='bbox 1074 1183 1318 1248; x_wconf 90' lang='lat' dir='ltr'><strong>utroque</strong></span> <span class='ocrx_word' id='word_1_80' title='bbox 1350 1179 1608 1244; x_wconf 82' lang='lat' dir='ltr'><strong>dixisset,</strong></span> <span class='ocrx_word' id='word_1_81' title='bbox 1633 1177 1688 1230; x_wconf 90' lang='lat' dir='ltr'><strong>id</strong></span> <span class='ocrx_word' id='word_1_82' title='bbox 1712 1177 1892 1230; x_wconf 88' lang='lat' dir='ltr'><strong>estde</strong></span> <span class='ocrx_word' id='word_1_83' title='bbox 1915 1175 2088 1230; x_wconf 88' lang='lat' dir='ltr'><strong>corde</strong></span> 
     </span>
    </p>
   </div>
   <div class='ocr_carea' id='block_1_12' title="bbox 439 1256 2090 1328">
    <p class='ocr_par' dir='ltr' id='par_1_12' title="bbox 439 1256 2090 1328">
     <span class='ocr_line' id='line_1_12' title="bbox 439 1256 2090 1328; baseline -0.005 -10"><span class='ocrx_word' id='word_1_84' title='bbox 439 1270 494 1318; x_wconf 88' lang='lat' dir='ltr'><strong>et</strong></span> <span class='ocrx_word' id='word_1_85' title='bbox 533 1277 704 1319; x_wconf 87' lang='lat' dir='ltr'><strong>carne</strong></span> <span class='ocrx_word' id='word_1_86' title='bbox 750 1262 1075 1327; x_wconf 83' lang='lat' dir='ltr'><strong>deﬁciente,</strong></span> <span class='ocrx_word' id='word_1_87' title='bbox 1118 1275 1232 1314; x_wconf 90' lang='lat' dir='ltr'><strong>non</strong></span> <span class='ocrx_word' id='word_1_88' title='bbox 1283 1259 1556 1328; x_wconf 87' lang='lat' dir='ltr'><strong>subjecit,</strong></span> <span class='ocrx_word' id='word_1_89' title='bbox 1591 1257 1743 1312; x_wconf 88' lang='lat' dir='ltr'><strong>Deus</strong></span> <span class='ocrx_word' id='word_1_90' title='bbox 1793 1256 1986 1311; x_wconf 80' lang='lat' dir='ltr'><strong>cordis</strong></span> <span class='ocrx_word' id='word_1_91' title='bbox 2035 1262 2090 1309; x_wconf 90' lang='lat' dir='ltr'><strong>et</strong></span> 
     </span>
    </p>
   </div>
   <div class='ocr_carea' id='block_1_13' title="bbox 438 1337 2089 1406">
    <p class='ocr_par' dir='ltr' id='par_1_13' title="bbox 438 1337 2089 1406">
     <span class='ocr_line' id='line_1_13' title="bbox 438 1337 2089 1406; baseline -0.005 -7"><span class='ocrx_word' id='word_1_92' title='bbox 438 1343 636 1399; x_wconf 89' lang='lat' dir='ltr'><strong>carnis</strong></span> <span class='ocrx_word' id='word_1_93' title='bbox 665 1357 838 1406; x_wconf 73' lang='lat' dir='ltr'><strong>mets;</strong></span> <span class='ocrx_word' id='word_1_94' title='bbox 873 1341 999 1401; x_wconf 87' lang='lat' dir='ltr'><strong>sed.</strong></span> <span class='ocrx_word' id='word_1_95' title='bbox 1033 1342 1170 1394; x_wconf 89' lang='lat' dir='ltr'><strong>Deus</strong></span> <span class='ocrx_word' id='word_1_96' title='bbox 1201 1339 1385 1393; x_wconf 85' lang='lat' dir='ltr'><strong>cordis</strong></span> <span class='ocrx_word' id='word_1_97' title='bbox 1415 1340 1546 1392; x_wconf 87' lang='lat' dir='ltr'><strong>mei.</strong></span> <span class='ocrx_word' id='word_1_98' title='bbox 1582 1337 1688 1391; x_wconf 89' lang='lat' dir='ltr'><strong>Per</strong></span> <span class='ocrx_word' id='word_1_99' title='bbox 1737 1353 1836 1391; x_wconf 92' lang='lat' dir='ltr'><strong>cor</strong></span> <span class='ocrx_word' id='word_1_100' title='bbox 1878 1337 2089 1406; x_wconf 84' lang='lat' dir='ltr'><strong>quippe</strong></span> 
     </span>
    </p>
   </div>
   <div class='ocr_carea' id='block_1_14' title="bbox 440 1417 2090 1487">
    <p class='ocr_par' dir='ltr' id='par_1_14' title="bbox 440 1417 2090 1487">
     <span class='ocr_line' id='line_1_14' title="bbox 440 1417 2090 1487; baseline -0.004 -8"><span class='ocrx_word' id='word_1_101' title='bbox 440 1440 574 1480; x_wconf 90' lang='lat' dir='ltr'><strong>caro</strong></span> <span class='ocrx_word' id='word_1_102' title='bbox 607 1423 946 1477; x_wconf 81' lang='lat' dir='ltr'><strong>mandatur.</strong></span> <span class='ocrx_word' id='word_1_103' title='bbox 973 1419 1134 1475; x_wconf 86' lang='lat' dir='ltr'><strong>Unde</strong></span> <span class='ocrx_word' id='word_1_104' title='bbox 1164 1419 1306 1474; x_wconf 89' lang='lat' dir='ltr'><strong>dicit</strong></span> <span class='ocrx_word' id='word_1_105' title='bbox 1336 1418 1652 1474; x_wconf 88' lang='lat' dir='ltr'><strong>Dominus:</strong></span> <span class='ocrx_word' id='word_1_106' title='bbox 1687 1417 1940 1472; x_wconf 81' lang='lat' dir='ltr'><strong>Mundate</strong></span> <span class='ocrx_word' id='word_1_107' title='bbox 1964 1430 2090 1487; x_wconf 58' lang='lat' dir='ltr'><strong>qua</strong></span> 
     </span>
    </p>
   </div>
   <div class='ocr_carea' id='block_1_15' title="bbox 438 1498 2087 1571">
    <p class='ocr_par' dir='ltr' id='par_1_15' title="bbox 438 1498 2087 1571">
     <span class='ocr_line' id='line_1_15' title="bbox 438 1498 2087 1571; baseline -0.007 -10"><span class='ocrx_word' id='word_1_108' title='bbox 438 1506 590 1560; x_wconf 85' lang='lat' dir='ltr'><strong>intus</strong></span> <span class='ocrx_word' id='word_1_109' title='bbox 610 1506 758 1567; x_wconf 83' lang='lat' dir='ltr'><strong>sunt,</strong></span> <span class='ocrx_word' id='word_1_110' title='bbox 771 1506 823 1556; x_wconf 90' lang='lat' dir='ltr'><strong>et</strong></span> <span class='ocrx_word' id='word_1_111' title='bbox 845 1516 970 1571; x_wconf 62' lang='grc' dir='ltr'><strong>σωκ</strong></span> <span class='ocrx_word' id='word_1_112' title='bbox 984 1501 1121 1571; x_wconf 80' lang='lat' dir='ltr'><strong>[oris</strong></span> <span class='ocrx_word' id='word_1_113' title='bbox 1137 1506 1265 1554; x_wconf 87' lang='lat' dir='ltr'><strong>sunt</strong></span> <span class='ocrx_word' id='word_1_114' title='bbox 1287 1498 1492 1553; x_wconf 87' lang='lat' dir='ltr'><strong>munda</strong></span> <span class='ocrx_word' id='word_1_115' title='bbox 1508 1504 1673 1554; x_wconf 85' lang='lat' dir='ltr'><strong>erunt</strong></span> <span class='ocrx_word' id='word_1_116' title='bbox 1694 1498 1908 1567; x_wconf 79' lang='lat' dir='ltr'><strong>(Matth.</strong></span> <span class='ocrx_word' id='word_1_117' title='bbox 1925 1513 2087 1567; x_wconf 79' lang='lat' dir='ltr'><strong>xxiii,</strong></span> 
     </span>
    </p>
   </div>
   <div class='ocr_carea' id='block_1_16' title="bbox 439 1579 2086 1658">
    <p class='ocr_par' dir='ltr' id='par_1_16' title="bbox 439 1579 2086 1658">
     <span class='ocr_line' id='line_1_16' title="bbox 439 1579 2086 1658; baseline -0.006 -16"><span class='ocrx_word' id='word_1_118' title='bbox 439 1587 552 1658; x_wconf 87' lang='lat'><strong>26).</strong></span> <span class='ocrx_word' id='word_1_119' title='bbox 586 1585 811 1640; x_wconf 77' lang='lat' dir='ltr'><strong>Partem</strong></span> <span class='ocrx_word' id='word_1_120' title='bbox 860 1583 1068 1637; x_wconf 87' lang='lat' dir='ltr'><strong>deinde</strong></span> <span class='ocrx_word' id='word_1_121' title='bbox 1111 1598 1276 1636; x_wconf 88' lang='lat' dir='ltr'><strong>suam</strong></span> <span class='ocrx_word' id='word_1_122' title='bbox 1311 1581 1448 1636; x_wconf 88' lang='lat' dir='ltr'><strong>dicit</strong></span> <span class='ocrx_word' id='word_1_123' title='bbox 1479 1579 1674 1650; x_wconf 90' lang='lat' dir='ltr'><strong>ipsum</strong></span> <span class='ocrx_word' id='word_1_124' title='bbox 1726 1584 1930 1642; x_wconf 90' lang='lat' dir='ltr'><strong>Deum,</strong></span> <span class='ocrx_word' id='word_1_125' title='bbox 1975 1594 2086 1632; x_wconf 91' lang='lat' dir='ltr'><strong>non</strong></span> 
     </span>
    </p>
   </div>
   <div class='ocr_carea' id='block_1_17' title="bbox 441 1659 2089 1737">
    <p class='ocr_par' dir='ltr' id='par_1_17' title="bbox 441 1659 2089 1737">
     <span class='ocr_line' id='line_1_17' title="bbox 441 1659 2089 1737; baseline -0.007 -14"><span class='ocrx_word' id='word_1_126' title='bbox 441 1667 662 1737; x_wconf 86' lang='lat' dir='ltr'><strong>aliquid</strong></span> <span class='ocrx_word' id='word_1_127' title='bbox 695 1666 766 1720; x_wconf 91' lang='lat' dir='ltr'><strong>ab</strong></span> <span class='ocrx_word' id='word_1_128' title='bbox 796 1679 882 1728; x_wconf 90' lang='lat' dir='ltr'><strong>eo,</strong></span> <span class='ocrx_word' id='word_1_129' title='bbox 918 1663 1015 1718; x_wconf 91' lang='lat' dir='ltr'><strong>sed</strong></span> <span class='ocrx_word' id='word_1_130' title='bbox 1050 1661 1244 1733; x_wconf 91' lang='lat' dir='ltr'><strong>ipsum</strong></span> <span class='ocrx_word' id='word_1_131' title='bbox 1275 1677 1288 1715; x_wconf 91' lang='lat'><strong>:</strong></span> <span class='ocrx_word' id='word_1_132' title='bbox 1322 1661 1485 1725; x_wconf 87' lang='lat' dir='ltr'><strong>Deus,</strong></span> <span class='ocrx_word' id='word_1_133' title='bbox 1517 1660 1728 1729; x_wconf 90' lang='lat' dir='ltr'><strong>inquit,</strong></span> <span class='ocrx_word' id='word_1_134' title='bbox 1753 1659 1927 1712; x_wconf 78' lang='lat' dir='ltr'><strong>cordis</strong></span> <span class='ocrx_word' id='word_1_135' title='bbox 1957 1659 2089 1720; x_wconf 89' lang='lat' dir='ltr'><strong>mei,</strong></span> 
     </span>
    </p>
   </div>
   <div class='ocr_carea' id='block_1_18' title="bbox 438 1738 2090 1818">
    <p class='ocr_par' dir='ltr' id='par_1_18' title="bbox 438 1738 2090 1818">
     <span class='ocr_line' id='line_1_18' title="bbox 438 1738 2090 1818; baseline -0.007 -15"><span class='ocrx_word' id='word_1_136' title='bbox 438 1753 492 1804; x_wconf 86' lang='lat' dir='ltr'><strong>et</strong></span> <span class='ocrx_word' id='word_1_137' title='bbox 517 1762 649 1818; x_wconf 86' lang='lat' dir='ltr'><strong>pars</strong></span> <span class='ocrx_word' id='word_1_138' title='bbox 677 1760 799 1800; x_wconf 87' lang='lat' dir='ltr'><strong>mea</strong></span> <span class='ocrx_word' id='word_1_139' title='bbox 827 1744 965 1798; x_wconf 87' lang='lat' dir='ltr'><strong>Deus</strong></span> <span class='ocrx_word' id='word_1_140' title='bbox 996 1744 1056 1797; x_wconf 88' lang='lat' dir='ltr'><strong>in</strong></span> <span class='ocrx_word' id='word_1_141' title='bbox 1083 1743 1290 1798; x_wconf 75' lang='lat' dir='ltr'><strong>saecula</strong></span> <span class='ocrx_word' id='word_1_142' title='bbox 1310 1761 1328 1795; x_wconf 84' lang='lat'><strong><em>:</em></strong></span> <span class='ocrx_word' id='word_1_143' title='bbox 1360 1741 1516 1812; x_wconf 88' lang='lat' dir='ltr'><strong>quod</strong></span> <span class='ocrx_word' id='word_1_144' title='bbox 1559 1741 1710 1794; x_wconf 88' lang='lat' dir='ltr'><strong>inter</strong></span> <span class='ocrx_word' id='word_1_145' title='bbox 1753 1738 1936 1793; x_wconf 88' lang='lat' dir='ltr'><strong>multa</strong></span> <span class='ocrx_word' id='word_1_146' title='bbox 1965 1755 2090 1818; x_wconf 64' lang='lat' dir='ltr'><strong>quas</strong></span> 
     </span>
    </p>
   </div>
   <div class='ocr_carea' id='block_1_19' title="bbox 439 1817 2092 1893">
    <p class='ocr_par' dir='ltr' id='par_1_19' title="bbox 439 1817 2092 1893">
     <span class='ocr_line' id='line_1_19' title="bbox 439 1817 2092 1893; baseline -0.007 -10"><span class='ocrx_word' id='word_1_147' title='bbox 439 1817 529 1884; x_wconf 13' lang='lat' dir='ltr'><strong>ab,</strong></span> <span class='ocrx_word' id='word_1_148' title='bbox 561 1825 902 1881; x_wconf 91' lang='lat' dir='ltr'><strong>hominibus</strong></span> <span class='ocrx_word' id='word_1_149' title='bbox 949 1822 1266 1893; x_wconf 89' lang='lat' dir='ltr'><strong>eliguntur,</strong></span> <span class='ocrx_word' id='word_1_150' title='bbox 1327 1821 1454 1892; x_wconf 88' lang='lat' dir='ltr'><strong>ipse</strong></span> <span class='ocrx_word' id='word_1_151' title='bbox 1508 1819 1590 1875; x_wconf 87' lang='lat' dir='ltr'><strong>illi</strong></span> <span class='ocrx_word' id='word_1_152' title='bbox 1638 1818 1920 1890; x_wconf 89' lang='lat' dir='ltr'><strong>placuerit</strong></span> <span class='ocrx_word' id='word_1_153' title='bbox 1985 1817 2092 1872; x_wconf 90' lang='lat' dir='ltr'><strong>eli-</strong></span> 
     </span>
    </p>
   </div>
   <div class='ocr_carea' id='block_1_20' title="bbox 441 1898 2092 1980">
    <p class='ocr_par' dir='ltr' id='par_1_20' title="bbox 441 1898 2092 1980">
     <span class='ocr_line' id='line_1_20' title="bbox 441 1898 2092 1980; baseline -0.007 -17"><span class='ocrx_word' id='word_1_154' title='bbox 441 1906 690 1980; x_wconf 88' lang='lat' dir='ltr'><strong>gendus.</strong></span> <span class='ocrx_word' id='word_1_155' title='bbox 724 1905 864 1973; x_wconf 85' lang='lat' dir='ltr'><strong>Quia</strong></span> <span class='ocrx_word' id='word_1_156' title='bbox 893 1919 1032 1966; x_wconf 84' lang='lat' dir='ltr'><strong>ecce,</strong></span> <span class='ocrx_word' id='word_1_157' title='bbox 1067 1901 1278 1971; x_wconf 89' lang='lat' dir='ltr'><strong>inquit,</strong></span> <span class='ocrx_word' id='word_1_158' title='bbox 1311 1903 1406 1970; x_wconf 84' lang='lat' dir='ltr'><strong>qui</strong></span> <span class='ocrx_word' id='word_1_159' title='bbox 1439 1901 1600 1970; x_wconf 86' lang='lat' dir='ltr'><strong>longe</strong></span> <span class='ocrx_word' id='word_1_160' title='bbox 1631 1915 1686 1954; x_wconf 86' lang='lat' dir='ltr'><strong>se</strong></span> <span class='ocrx_word' id='word_1_161' title='bbox 1713 1898 1934 1968; x_wconf 84' lang='lat' dir='ltr'><strong>faciunt</strong></span> <span class='ocrx_word' id='word_1_162' title='bbox 1956 1915 1989 1952; x_wconf 93' lang='lat' dir='ltr'><strong>a</strong></span> <span class='ocrx_word' id='word_1_163' title='bbox 2020 1907 2092 1966; x_wconf 83' lang='lat' dir='ltr'><strong>te,</strong></span> 
     </span>
    </p>
   </div>
   <div class='ocr_carea' id='block_1_21' title="bbox 438 1980 2092 2059">
    <p class='ocr_par' dir='ltr' id='par_1_21' title="bbox 438 1980 2092 2059">
     <span class='ocr_line' id='line_1_21' title="bbox 438 1980 2092 2059; baseline -0.006 -15"><span class='ocrx_word' id='word_1_164' title='bbox 438 1988 743 2059; x_wconf 82' lang='lat' dir='ltr'><strong>peribunt:</strong></span> <span class='ocrx_word' id='word_1_165' title='bbox 786 1983 1076 2056; x_wconf 82' lang='lat' dir='ltr'><strong>perdidisti</strong></span> <span class='ocrx_word' id='word_1_166' title='bbox 1119 1998 1334 2038; x_wconf 84' lang='lat' dir='ltr'><strong>omnem</strong></span> <span class='ocrx_word' id='word_1_167' title='bbox 1383 1983 1478 2051; x_wconf 85' lang='lat' dir='ltr'><strong>qui</strong></span> <span class='ocrx_word' id='word_1_168' title='bbox 1522 1983 1832 2050; x_wconf 76' lang='lat' dir='ltr'><strong>fornicatur</strong></span> <span class='ocrx_word' id='word_1_169' title='bbox 1863 1980 1960 2034; x_wconf 81' lang='lat' dir='ltr'><strong>abs</strong></span> <span class='ocrx_word' id='word_1_170' title='bbox 1999 1985 2092 2040; x_wconf 86' lang='lat' dir='ltr'><strong>te;</strong></span> 
     </span>
    </p>
   </div>
   <div class='ocr_carea' id='block_1_22' title="bbox 441 2059 2094 2138">
    <p class='ocr_par' dir='ltr' id='par_1_22' title="bbox 441 2059 2094 2138">
     <span class='ocr_line' id='line_1_22' title="bbox 441 2059 2094 2138; baseline -0.007 -12"><span class='ocrx_word' id='word_1_171' title='bbox 441 2070 554 2126; x_wconf 89' lang='lat' dir='ltr'><strong>hoc</strong></span> <span class='ocrx_word' id='word_1_172' title='bbox 582 2077 685 2134; x_wconf 83' lang='lat' dir='ltr'><strong>est,</strong></span> <span class='ocrx_word' id='word_1_173' title='bbox 718 2067 817 2138; x_wconf 89' lang='lat' dir='ltr'><strong>qui</strong></span> <span class='ocrx_word' id='word_1_174' title='bbox 869 2063 1180 2120; x_wconf 89' lang='lat' dir='ltr'><strong>multorum</strong></span> <span class='ocrx_word' id='word_1_175' title='bbox 1216 2065 1452 2118; x_wconf 90' lang='lat' dir='ltr'><strong>deorum</strong></span> <span class='ocrx_word' id='word_1_176' title='bbox 1489 2062 1609 2116; x_wconf 83' lang='lat' dir='ltr'><strong>vult</strong></span> <span class='ocrx_word' id='word_1_177' title='bbox 1638 2077 1762 2130; x_wconf 79' lang='lat' dir='ltr'><strong>esse</strong></span> <span class='ocrx_word' id='word_1_178' title='bbox 1796 2059 2094 2132; x_wconf 88' lang='lat' dir='ltr'><strong>prostibu-</strong></span> 
     </span>
    </p>
   </div>
   <div class='ocr_carea' id='block_1_23' title="bbox 441 2142 2093 2217">
    <p class='ocr_par' dir='ltr' id='par_1_23' title="bbox 441 2142 2093 2217">
     <span class='ocr_line' id='line_1_23' title="bbox 441 2142 2093 2217; baseline -0.007 -11"><span class='ocrx_word' id='word_1_179' title='bbox 441 2151 590 2206; x_wconf 89' lang='lat' dir='ltr'><strong>lum.</strong></span> <span class='ocrx_word' id='word_1_180' title='bbox 623 2147 786 2204; x_wconf 87' lang='lat' dir='ltr'><strong>Unde</strong></span> <span class='ocrx_word' id='word_1_181' title='bbox 832 2145 1099 2217; x_wconf 82' lang='lat' dir='ltr'><strong>sequitur</strong></span> <span class='ocrx_word' id='word_1_182' title='bbox 1143 2144 1313 2208; x_wconf 91' lang='lat' dir='ltr'><strong>illud,</strong></span> <span class='ocrx_word' id='word_1_183' title='bbox 1347 2147 1576 2212; x_wconf 87' lang='lat' dir='ltr'><strong>propter</strong></span> <span class='ocrx_word' id='word_1_184' title='bbox 1612 2142 1764 2214; x_wconf 87' lang='lat' dir='ltr'><strong>quod</strong></span> <span class='ocrx_word' id='word_1_185' title='bbox 1807 2147 1862 2197; x_wconf 91' lang='lat' dir='ltr'><strong>et</strong></span> <span class='ocrx_word' id='word_1_186' title='bbox 1892 2148 2093 2196; x_wconf 68' lang='lat' dir='ltr'><strong>caetera</strong></span> 
     </span>
    </p>
   </div>
   <div class='ocr_carea' id='block_1_24' title="bbox 443 2219 2092 2297">
    <p class='ocr_par' dir='ltr' id='par_1_24' title="bbox 443 2219 2092 2297">
     <span class='ocr_line' id='line_1_24' title="bbox 443 2219 2092 2297; baseline -0.007 -11"><span class='ocrx_word' id='word_1_187' title='bbox 443 2232 514 2286; x_wconf 87' lang='lat' dir='ltr'><strong>de</strong></span> <span class='ocrx_word' id='word_1_188' title='bbox 542 2229 746 2285; x_wconf 89' lang='lat' dir='ltr'><strong>eodem</strong></span> <span class='ocrx_word' id='word_1_189' title='bbox 806 2226 1028 2297; x_wconf 82' lang='lat' dir='ltr'><strong>psalmo</strong></span> <span class='ocrx_word' id='word_1_190' title='bbox 1073 2223 1322 2278; x_wconf 88' lang='lat' dir='ltr'><strong>dicenda</strong></span> <span class='ocrx_word' id='word_1_191' title='bbox 1365 2221 1484 2277; x_wconf 87' lang='lat' dir='ltr'><strong>visa</strong></span> <span class='ocrx_word' id='word_1_192' title='bbox 1529 2226 1702 2288; x_wconf 89' lang='lat' dir='ltr'><strong>sunt;</strong></span> <span class='ocrx_word' id='word_1_193' title='bbox 1735 2219 1867 2275; x_wconf 82' lang='lat' dir='ltr'><strong>Mihi</strong></span> <span class='ocrx_word' id='word_1_194' title='bbox 1913 2228 2092 2276; x_wconf 87' lang='lat' dir='ltr'><strong>autem</strong></span> 
     </span>
    </p>
   </div>
   <div class='ocr_carea' id='block_1_25' title="bbox 444 2301 2094 2373">
    <p class='ocr_par' dir='ltr' id='par_1_25' title="bbox 444 2301 2094 2373">
     <span class='ocr_line' id='line_1_25' title="bbox 444 2301 2094 2373; baseline -0.008 -5"><span class='ocrx_word' id='word_1_195' title='bbox 444 2309 735 2368; x_wconf 72' lang='lat' dir='ltr'><strong>adhaerere</strong></span> <span class='ocrx_word' id='word_1_196' title='bbox 782 2311 912 2370; x_wconf 89' lang='lat' dir='ltr'><strong>Deo,</strong></span> <span class='ocrx_word' id='word_1_197' title='bbox 947 2304 1144 2360; x_wconf 86' lang='lat' dir='ltr'><strong>bonum</strong></span> <span class='ocrx_word' id='word_1_198' title='bbox 1192 2306 1264 2358; x_wconf 85' lang='lat' dir='ltr'><strong>est</strong></span> <span class='ocrx_word' id='word_1_199' title='bbox 1285 2320 1301 2356; x_wconf 91' lang='lat'><em>:</em></span> <span class='ocrx_word' id='word_1_200' title='bbox 1336 2319 1448 2357; x_wconf 90' lang='lat' dir='ltr'><strong>non</strong></span> <span class='ocrx_word' id='word_1_201' title='bbox 1489 2301 1660 2373; x_wconf 87' lang='lat' dir='ltr'><strong>longe</strong></span> <span class='ocrx_word' id='word_1_202' title='bbox 1691 2301 1792 2367; x_wconf 91' lang='lat' dir='ltr'><strong>ire,</strong></span> <span class='ocrx_word' id='word_1_203' title='bbox 1827 2317 1942 2356; x_wconf 91' lang='lat' dir='ltr'><strong>non</strong></span> <span class='ocrx_word' id='word_1_204' title='bbox 1994 2315 2094 2370; x_wconf 93' lang='lat' dir='ltr'><strong>per</strong></span> 
     </span>
    </p>
   </div>
   <div class='ocr_carea' id='block_1_26' title="bbox 445 2384 2092 2464">
    <p class='ocr_par' dir='ltr' id='par_1_26' title="bbox 445 2384 2092 2464">
     <span class='ocr_line' id='line_1_26' title="bbox 445 2384 2092 2464; baseline -0.007 -19"><span class='ocrx_word' id='word_1_205' title='bbox 445 2389 699 2464; x_wconf 89' lang='lat' dir='ltr'><strong>plurima</strong></span> <span class='ocrx_word' id='word_1_206' title='bbox 748 2385 1039 2442; x_wconf 86' lang='lat' dir='ltr'><strong>fornicari.</strong></span> <span class='ocrx_word' id='word_1_207' title='bbox 1074 2384 1376 2439; x_wconf 75' lang='lat' dir='ltr'><strong>Adhzerere</strong></span> <span class='ocrx_word' id='word_1_208' title='bbox 1425 2391 1613 2436; x_wconf 89' lang='lat' dir='ltr'><strong>autem</strong></span> <span class='ocrx_word' id='word_1_209' title='bbox 1652 2387 1761 2436; x_wconf 86' lang='lat' dir='ltr'><strong>Deo</strong></span> <span class='ocrx_word' id='word_1_210' title='bbox 1793 2387 1932 2436; x_wconf 92' lang='lat' dir='ltr'><strong>tunc</strong></span> <span class='ocrx_word' id='word_1_211' title='bbox 1964 2395 2092 2452; x_wconf 88' lang='lat' dir='ltr'><strong>per-</strong></span> 
     </span>
    </p>
   </div>
   <div class='ocr_carea' id='block_1_27' title="bbox 445 2464 2092 2534">
    <p class='ocr_par' dir='ltr' id='par_1_27' title="bbox 445 2464 2092 2534">
     <span class='ocr_line' id='line_1_27' title="bbox 445 2464 2092 2534; baseline -0.008 -5"><span class='ocrx_word' id='word_1_212' title='bbox 445 2475 657 2529; x_wconf 76' lang='lat' dir='ltr'><strong>fectum</strong></span> <span class='ocrx_word' id='word_1_213' title='bbox 718 2468 846 2534; x_wconf 89' lang='lat' dir='ltr'><strong>erit,</strong></span> <span class='ocrx_word' id='word_1_214' title='bbox 905 2483 1040 2522; x_wconf 89' lang='lat' dir='ltr'><strong>cum</strong></span> <span class='ocrx_word' id='word_1_215' title='bbox 1101 2471 1288 2521; x_wconf 89' lang='lat' dir='ltr'><strong>totum</strong></span> <span class='ocrx_word' id='word_1_216' title='bbox 1351 2465 1499 2534; x_wconf 90' lang='lat' dir='ltr'><strong>quod</strong></span> <span class='ocrx_word' id='word_1_217' title='bbox 1562 2464 1927 2519; x_wconf 86' lang='lat' dir='ltr'><strong>liberandum</strong></span> <span class='ocrx_word' id='word_1_218' title='bbox 1985 2466 2092 2526; x_wconf 89' lang='lat' dir='ltr'><strong>est,</strong></span> 
     </span>
    </p>
   </div>
   <div class='ocr_carea' id='block_1_28' title="bbox 443 2543 2094 2615">
    <p class='ocr_par' dir='ltr' id='par_1_28' title="bbox 443 2543 2094 2615">
     <span class='ocr_line' id='line_1_28' title="bbox 443 2543 2094 2615; baseline -0.007 -7"><span class='ocrx_word' id='word_1_219' title='bbox 443 2553 617 2609; x_wconf 79' lang='lat' dir='ltr'><strong>fuerit</strong></span> <span class='ocrx_word' id='word_1_220' title='bbox 648 2550 983 2606; x_wconf 89' lang='lat' dir='ltr'><strong>liberatum.</strong></span> <span class='ocrx_word' id='word_1_221' title='bbox 1008 2545 1171 2601; x_wconf 89' lang='lat' dir='ltr'><strong>Nunc</strong></span> <span class='ocrx_word' id='word_1_222' title='bbox 1191 2561 1325 2600; x_wconf 90' lang='lat' dir='ltr'><strong>vero</strong></span> <span class='ocrx_word' id='word_1_223' title='bbox 1349 2544 1414 2599; x_wconf 83' lang='lat' dir='ltr'><strong>ﬁt</strong></span> <span class='ocrx_word' id='word_1_224' title='bbox 1437 2544 1584 2599; x_wconf 90' lang='lat' dir='ltr'><strong>illud</strong></span> <span class='ocrx_word' id='word_1_225' title='bbox 1606 2546 1760 2615; x_wconf 89' lang='lat' dir='ltr'><strong>quod</strong></span> <span class='ocrx_word' id='word_1_226' title='bbox 1794 2543 2055 2614; x_wconf 88' lang='lat' dir='ltr'><strong>sequitur</strong></span> <span class='ocrx_word' id='word_1_227' title='bbox 2079 2558 2094 2597; x_wconf 86' lang='lat'><strong><em>:</em></strong></span> 
     </span>
    </p>
   </div>
   <div class='ocr_carea' id='block_1_29' title="bbox 447 2624 2094 2697">
    <p class='ocr_par' dir='ltr' id='par_1_29' title="bbox 447 2624 2094 2697">
     <span class='ocr_line' id='line_1_29' title="bbox 447 2624 2094 2697; baseline -0.008 -7"><span class='ocrx_word' id='word_1_228' title='bbox 447 2639 659 2690; x_wconf 82' lang='lat' dir='ltr'><strong>Ponere</strong></span> <span class='ocrx_word' id='word_1_229' title='bbox 691 2631 752 2686; x_wconf 82' lang='lat' dir='ltr'><strong>in</strong></span> <span class='ocrx_word' id='word_1_230' title='bbox 781 2632 889 2684; x_wconf 91' lang='lat' dir='ltr'><strong>Deo</strong></span> <span class='ocrx_word' id='word_1_231' title='bbox 935 2642 1086 2697; x_wconf 86' lang='lat' dir='ltr'><strong>spem</strong></span> <span class='ocrx_word' id='word_1_232' title='bbox 1132 2643 1328 2681; x_wconf 88' lang='lat' dir='ltr'><strong>meam.</strong></span> <span class='ocrx_word' id='word_1_233' title='bbox 1363 2627 1490 2693; x_wconf 82' lang='lat' dir='ltr'><strong>Spes</strong></span> <span class='ocrx_word' id='word_1_234' title='bbox 1525 2626 1672 2680; x_wconf 87' lang='lat' dir='ltr'><strong>enim</strong></span> <span class='ocrx_word' id='word_1_235' title='bbox 1704 2640 1830 2696; x_wconf 73' lang='lat' dir='ltr'><strong>quae</strong></span> <span class='ocrx_word' id='word_1_236' title='bbox 1856 2624 2094 2691; x_wconf 83' lang='lat' dir='ltr'><strong>videtur,</strong></span> 
     </span>
    </p>
   </div>
   <div class='ocr_carea' id='block_1_30' title="bbox 445 2705 2099 2780">
    <p class='ocr_par' dir='ltr' id='par_1_30' title="bbox 445 2705 2099 2780">
     <span class='ocr_line' id='line_1_30' title="bbox 445 2705 2099 2780; baseline -0.007 -11"><span class='ocrx_word' id='word_1_237' title='bbox 445 2729 557 2768; x_wconf 80' lang='lat' dir='ltr'><strong>non</strong></span> <span class='ocrx_word' id='word_1_238' title='bbox 605 2721 683 2766; x_wconf 81' lang='lat' dir='ltr'><strong>est</strong></span> <span class='ocrx_word' id='word_1_239' title='bbox 729 2727 884 2780; x_wconf 78' lang='lat' dir='ltr'><strong>spes:</strong></span> <span class='ocrx_word' id='word_1_240' title='bbox 924 2708 1068 2778; x_wconf 85' lang='lat' dir='ltr'><strong>quod</strong></span> <span class='ocrx_word' id='word_1_241' title='bbox 1114 2709 1260 2762; x_wconf 82' lang='lat' dir='ltr'><strong>enim</strong></span> <span class='ocrx_word' id='word_1_242' title='bbox 1304 2706 1447 2762; x_wconf 78' lang='lat' dir='ltr'><strong>videt</strong></span> <span class='ocrx_word' id='word_1_243' title='bbox 1499 2709 1642 2778; x_wconf 85' lang='lat' dir='ltr'><strong>quis,</strong></span> <span class='ocrx_word' id='word_1_244' title='bbox 1691 2705 1824 2776; x_wconf 86' lang='lat' dir='ltr'><strong>quid</strong></span> <span class='ocrx_word' id='word_1_245' title='bbox 1871 2707 2099 2776; x_wconf 79' lang='lat' dir='ltr'><strong>sperat?</strong></span> 
     </span>
    </p>
   </div>
   <div class='ocr_carea' id='block_1_31' title="bbox 448 2787 2097 2862">
    <p class='ocr_par' dir='ltr' id='par_1_31' title="bbox 448 2787 2097 2862">
     <span class='ocr_line' id='line_1_31' title="bbox 448 2787 2097 2862; baseline -0.005 -16"><span class='ocrx_word' id='word_1_246' title='bbox 448 2794 529 2848; x_wconf 87' lang='lat' dir='ltr'><strong>ait</strong></span> <span class='ocrx_word' id='word_1_247' title='bbox 558 2789 887 2862; x_wconf 84' lang='lat' dir='ltr'><strong>Apostolus.</strong></span> <span class='ocrx_word' id='word_1_248' title='bbox 921 2788 981 2843; x_wconf 89' lang='lat' dir='ltr'><strong>Si</strong></span> <span class='ocrx_word' id='word_1_249' title='bbox 1010 2797 1190 2842; x_wconf 86' lang='lat' dir='ltr'><strong>autem</strong></span> <span class='ocrx_word' id='word_1_250' title='bbox 1221 2788 1360 2858; x_wconf 87' lang='lat' dir='ltr'><strong>quod</strong></span> <span class='ocrx_word' id='word_1_251' title='bbox 1391 2802 1498 2841; x_wconf 85' lang='lat' dir='ltr'><strong>non</strong></span> <span class='ocrx_word' id='word_1_252' title='bbox 1531 2787 1773 2840; x_wconf 76' lang='lat' dir='ltr'><strong>ridemus</strong></span> <span class='ocrx_word' id='word_1_253' title='bbox 1793 2800 2097 2854; x_wconf 82' lang='lat' dir='ltr'><strong>speramus,</strong></span> 
     </span>
    </p>
   </div>
   <div class='ocr_carea' id='block_1_32' title="bbox 447 2865 2097 2944">
    <p class='ocr_par' dir='ltr' id='par_1_32' title="bbox 447 2865 2097 2944">
     <span class='ocr_line' id='line_1_32' title="bbox 447 2865 2097 2944; baseline -0.005 -18"><span class='ocrx_word' id='word_1_254' title='bbox 447 2888 546 2944; x_wconf 79' lang='lat' dir='ltr'><strong>per</strong></span> <span class='ocrx_word' id='word_1_255' title='bbox 587 2870 918 2942; x_wconf 80' lang='lat' dir='ltr'><strong>patientiam</strong></span> <span class='ocrx_word' id='word_1_256' title='bbox 967 2873 1343 2937; x_wconf 79' lang='lat' dir='ltr'><strong>exspectamus</strong></span> <span class='ocrx_word' id='word_1_257' title='bbox 1383 2866 1560 2937; x_wconf 80' lang='lat' dir='ltr'><strong>(Item.</strong></span> <span class='ocrx_word' id='word_1_258' title='bbox 1596 2882 1715 2933; x_wconf 86' lang='lat' dir='ltr'><strong>vm,</strong></span> <span class='ocrx_word' id='word_1_259' title='bbox 1746 2865 1836 2929; x_wconf 82' lang='grc'><strong>24,</strong></span> <span class='ocrx_word' id='word_1_260' title='bbox 1868 2865 1981 2935; x_wconf 86' lang='grc'><strong>25).</strong></span> <span class='ocrx_word' id='word_1_261' title='bbox 2035 2865 2097 2944; x_wconf 82' lang='lat' dir='ltr'><strong>In</strong></span> 
     </span>
    </p>
   </div>
   <div class='ocr_carea' id='block_1_33' title="bbox 451 2943 2100 3020">
    <p class='ocr_par' dir='ltr' id='par_1_33' title="bbox 451 2943 2100 3020">
     <span class='ocr_line' id='line_1_33' title="bbox 451 2943 2100 3020; baseline -0.007 -12"><span class='ocrx_word' id='word_1_262' title='bbox 451 2953 560 3008; x_wconf 87' lang='lat' dir='ltr'><strong>hac</strong></span> <span class='ocrx_word' id='word_1_263' title='bbox 592 2958 783 3006; x_wconf 89' lang='lat' dir='ltr'><strong>autem</strong></span> <span class='ocrx_word' id='word_1_264' title='bbox 818 2965 918 3020; x_wconf 88' lang='lat' dir='ltr'><strong>spe</strong></span> <span class='ocrx_word' id='word_1_265' title='bbox 950 2964 1106 3003; x_wconf 90' lang='lat' dir='ltr'><strong>nunc</strong></span> <span class='ocrx_word' id='word_1_266' title='bbox 1135 2947 1436 3003; x_wconf 86' lang='lat' dir='ltr'><strong>constituti</strong></span> <span class='ocrx_word' id='word_1_267' title='bbox 1460 2963 1702 3016; x_wconf 80' lang='lat' dir='ltr'><strong>agamus</strong></span> <span class='ocrx_word' id='word_1_268' title='bbox 1724 2945 1874 3016; x_wconf 90' lang='lat' dir='ltr'><strong>quod</strong></span> <span class='ocrx_word' id='word_1_269' title='bbox 1900 2943 2100 3014; x_wconf 87' lang='lat' dir='ltr'><strong>sequi-</strong></span> 
     </span>
    </p>
   </div>
   <div class='ocr_carea' id='block_1_34' title="bbox 451 3023 2098 3101">
    <p class='ocr_par' dir='ltr' id='par_1_34' title="bbox 451 3023 2098 3101">
     <span class='ocr_line' id='line_1_34' title="bbox 451 3023 2098 3101; baseline -0.007 -12"><span class='ocrx_word' id='word_1_270' title='bbox 451 3038 568 3101; x_wconf 87' lang='lat' dir='ltr'><strong>tur,</strong></span> <span class='ocrx_word' id='word_1_271' title='bbox 593 3037 649 3088; x_wconf 90' lang='lat' dir='ltr'><strong>et</strong></span> <span class='ocrx_word' id='word_1_272' title='bbox 671 3030 862 3086; x_wconf 89' lang='lat' dir='ltr'><strong>simus</strong></span> <span class='ocrx_word' id='word_1_273' title='bbox 885 3045 991 3084; x_wconf 89' lang='lat' dir='ltr'><strong>nos</strong></span> <span class='ocrx_word' id='word_1_274' title='bbox 1025 3045 1258 3100; x_wconf 88' lang='lat' dir='ltr'><strong>quoque</strong></span> <span class='ocrx_word' id='word_1_275' title='bbox 1283 3045 1383 3098; x_wconf 92' lang='lat' dir='ltr'><strong>pro</strong></span> <span class='ocrx_word' id='word_1_276' title='bbox 1408 3028 1644 3082; x_wconf 90' lang='lat' dir='ltr'><strong>modulo</strong></span> <span class='ocrx_word' id='word_1_277' title='bbox 1677 3033 1873 3080; x_wconf 90' lang='lat' dir='ltr'><strong>nostro</strong></span> <span class='ocrx_word' id='word_1_278' title='bbox 1906 3023 2098 3095; x_wconf 86' lang='lat' dir='ltr'><strong>angeli</strong></span> 
     </span>
    </p>
   </div>
   <div class='ocr_carea' id='block_1_35' title="bbox 449 3105 2100 3183">
    <p class='ocr_par' dir='ltr' id='par_1_35' title="bbox 449 3105 2100 3183">
     <span class='ocr_line' id='line_1_35' title="bbox 449 3105 2100 3183; baseline -0.005 -14"><span class='ocrx_word' id='word_1_279' title='bbox 449 3113 573 3183; x_wconf 87' lang='lat' dir='ltr'><strong>Dei,</strong></span> <span class='ocrx_word' id='word_1_280' title='bbox 608 3112 664 3166; x_wconf 93' lang='lat' dir='ltr'><strong>id</strong></span> <span class='ocrx_word' id='word_1_281' title='bbox 696 3118 781 3166; x_wconf 90' lang='lat' dir='ltr'><strong>est</strong></span> <span class='ocrx_word' id='word_1_282' title='bbox 819 3110 1008 3165; x_wconf 87' lang='lat' dir='ltr'><strong>nuntii</strong></span> <span class='ocrx_word' id='word_1_283' title='bbox 1053 3110 1200 3179; x_wconf 86' lang='lat' dir='ltr'><strong>ejus,</strong></span> <span class='ocrx_word' id='word_1_284' title='bbox 1233 3107 1648 3162; x_wconf 83' lang='lat' dir='ltr'><strong>annuntiantes</strong></span> <span class='ocrx_word' id='word_1_285' title='bbox 1677 3106 1800 3172; x_wconf 84' lang='lat' dir='ltr'><strong>eius</strong></span> <span class='ocrx_word' id='word_1_286' title='bbox 1832 3105 2100 3160; x_wconf 84' lang='lat' dir='ltr'><strong>volunta-</strong></span> 
     </span>
    </p>
   </div>
   <div class='ocr_carea' id='block_1_36' title="bbox 449 3185 2097 3263">
    <p class='ocr_par' dir='ltr' id='par_1_36' title="bbox 449 3185 2097 3263">
     <span class='ocr_line' id='line_1_36' title="bbox 449 3185 2097 3263; baseline -0.004 -14"><span class='ocrx_word' id='word_1_287' title='bbox 449 3198 591 3262; x_wconf 86' lang='lat' dir='ltr'><strong>tem,</strong></span> <span class='ocrx_word' id='word_1_288' title='bbox 625 3199 681 3250; x_wconf 88' lang='lat' dir='ltr'><strong>et</strong></span> <span class='ocrx_word' id='word_1_289' title='bbox 712 3191 956 3263; x_wconf 83' lang='lat' dir='ltr'><strong>gloriam</strong></span> <span class='ocrx_word' id='word_1_290' title='bbox 991 3191 1355 3261; x_wconf 87' lang='lat' dir='ltr'><strong>gratiamque</strong></span> <span class='ocrx_word' id='word_1_291' title='bbox 1400 3189 1724 3243; x_wconf 78' lang='lat' dir='ltr'><strong>laudantes.</strong></span> <span class='ocrx_word' id='word_1_292' title='bbox 1762 3185 1920 3240; x_wconf 87' lang='lat' dir='ltr'><strong>Unde</strong></span> <span class='ocrx_word' id='word_1_293' title='bbox 1964 3203 2097 3242; x_wconf 90' lang='lat' dir='ltr'><strong>cum</strong></span> 
     </span>
    </p>
   </div>
   <div class='ocr_carea' id='block_1_37' title="bbox 449 3268 2097 3341">
    <p class='ocr_par' dir='ltr' id='par_1_37' title="bbox 449 3268 2097 3341">
     <span class='ocr_line' id='line_1_37' title="bbox 449 3268 2097 3341; baseline -0.005 -11"><span class='ocrx_word' id='word_1_294' title='bbox 449 3275 714 3341; x_wconf 82' lang='lat' dir='ltr'><strong>dixisset,</strong></span> <span class='ocrx_word' id='word_1_295' title='bbox 746 3273 955 3327; x_wconf 81' lang='lat' dir='ltr'><strong>Ponere</strong></span> <span class='ocrx_word' id='word_1_296' title='bbox 984 3273 1038 3326; x_wconf 87' lang='lat' dir='ltr'><strong>in</strong></span> <span class='ocrx_word' id='word_1_297' title='bbox 1075 3270 1176 3325; x_wconf 87' lang='lat' dir='ltr'><strong>Deo</strong></span> <span class='ocrx_word' id='word_1_298' title='bbox 1216 3285 1362 3339; x_wconf 85' lang='lat' dir='ltr'><strong>spem</strong></span> <span class='ocrx_word' id='word_1_299' title='bbox 1402 3283 1618 3322; x_wconf 89' lang='lat' dir='ltr'><strong>meam:</strong></span> <span class='ocrx_word' id='word_1_300' title='bbox 1653 3275 1711 3321; x_wconf 89' lang='lat' dir='ltr'><strong>ut</strong></span> <span class='ocrx_word' id='word_1_301' title='bbox 1747 3268 2097 3336; x_wconf 83' lang='lat' dir='ltr'><strong>annuntiem,</strong></span> 
     </span>
    </p>
   </div>
   <div class='ocr_carea' id='block_1_38' title="bbox 448 3346 2100 3427">
    <p class='ocr_par' dir='ltr' id='par_1_38' title="bbox 448 3346 2100 3427">
     <span class='ocr_line' id='line_1_38' title="bbox 448 3346 2100 3427; baseline -0.005 -17"><span class='ocrx_word' id='word_1_302' title='bbox 448 3356 659 3427; x_wconf 87' lang='lat' dir='ltr'><strong>inquit,</strong></span> <span class='ocrx_word' id='word_1_303' title='bbox 718 3369 901 3409; x_wconf 83' lang='lat' dir='ltr'><strong>omnes</strong></span> <span class='ocrx_word' id='word_1_304' title='bbox 972 3351 1160 3406; x_wconf 83' lang='lat' dir='ltr'><strong>laudes</strong></span> <span class='ocrx_word' id='word_1_305' title='bbox 1226 3357 1344 3404; x_wconf 87' lang='lat' dir='ltr'><strong>tuas</strong></span> <span class='ocrx_word' id='word_1_306' title='bbox 1403 3351 1458 3403; x_wconf 88' lang='lat' dir='ltr'><strong>in</strong></span> <span class='ocrx_word' id='word_1_307' title='bbox 1516 3349 1694 3420; x_wconf 86' lang='lat' dir='ltr'><strong>portis</strong></span> <span class='ocrx_word' id='word_1_308' title='bbox 1768 3346 1907 3417; x_wconf 66' lang='lat' dir='ltr'><strong>ﬁlia:</strong></span> <span class='ocrx_word' id='word_1_309' title='bbox 1967 3347 2100 3402; x_wconf 85' lang='lat' dir='ltr'><strong>Sion</strong></span> 
     </span>
    </p>
   </div>
   <div class='ocr_carea' id='block_1_39' title="bbox 451 3429 2095 3507">
    <p class='ocr_par' dir='ltr' id='par_1_39' title="bbox 451 3429 2095 3507">
     <span class='ocr_line' id='line_1_39' title="bbox 451 3429 2095 3507; baseline -0.005 -16"><span class='ocrx_word' id='word_1_310' title='bbox 451 3436 616 3507; x_wconf 83' lang='lat' dir='ltr'><strong>(Psat.</strong></span> <span class='ocrx_word' id='word_1_311' title='bbox 673 3434 866 3506; x_wconf 82' lang='lat' dir='ltr'><strong>Lxxu).</strong></span> <span class='ocrx_word' id='word_1_312' title='bbox 916 3433 1044 3488; x_wconf 76' lang='lat' dir='ltr'><strong>Haec</strong></span> <span class='ocrx_word' id='word_1_313' title='bbox 1091 3436 1180 3487; x_wconf 88' lang='lat' dir='ltr'><strong>est</strong></span> <span class='ocrx_word' id='word_1_314' title='bbox 1237 3429 1657 3502; x_wconf 84' lang='lat' dir='ltr'><strong>gloriosissima</strong></span> <span class='ocrx_word' id='word_1_315' title='bbox 1715 3429 1908 3484; x_wconf 85' lang='lat' dir='ltr'><strong>civitas</strong></span> <span class='ocrx_word' id='word_1_316' title='bbox 1957 3430 2095 3497; x_wconf 88' lang='lat' dir='ltr'><strong>Dei;</strong></span> 
     </span>
    </p>
   </div>
   <div class='ocr_carea' id='block_1_40' title="bbox 450 3509 2100 3581">
    <p class='ocr_par' dir='ltr' id='par_1_40' title="bbox 450 3509 2100 3581">
     <span class='ocr_line' id='line_1_40' title="bbox 450 3509 2100 3581; baseline -0.005 -9"><span class='ocrx_word' id='word_1_317' title='bbox 450 3517 574 3574; x_wconf 65' lang='lat' dir='ltr'><strong>haec</strong></span> <span class='ocrx_word' id='word_1_318' title='bbox 606 3533 785 3572; x_wconf 91' lang='lat' dir='ltr'><strong>unum</strong></span> <span class='ocrx_word' id='word_1_319' title='bbox 819 3520 998 3570; x_wconf 90' lang='lat' dir='ltr'><strong>Deum</strong></span> <span class='ocrx_word' id='word_1_320' title='bbox 1035 3513 1192 3568; x_wconf 89' lang='lat' dir='ltr'><strong>novit</strong></span> <span class='ocrx_word' id='word_1_321' title='bbox 1222 3517 1277 3568; x_wconf 89' lang='lat' dir='ltr'><strong>et</strong></span> <span class='ocrx_word' id='word_1_322' title='bbox 1298 3510 1436 3568; x_wconf 91' lang='lat' dir='ltr'><strong>colit</strong></span> <span class='ocrx_word' id='word_1_323' title='bbox 1457 3528 1471 3567; x_wconf 87' lang='lat'><strong>:</strong></span> <span class='ocrx_word' id='word_1_324' title='bbox 1495 3510 1646 3566; x_wconf 90' lang='lat' dir='ltr'><strong>hanc</strong></span> <span class='ocrx_word' id='word_1_325' title='bbox 1677 3510 1881 3581; x_wconf 88' lang='lat' dir='ltr'><strong>Angeli</strong></span> <span class='ocrx_word' id='word_1_326' title='bbox 1913 3509 2100 3566; x_wconf 84' lang='lat' dir='ltr'><strong>sancti</strong></span> 
     </span>
    </p>
   </div>
   <div class='ocr_carea' id='block_1_41' title="bbox 449 3591 2099 3664">
    <p class='ocr_par' dir='ltr' id='par_1_41' title="bbox 449 3591 2099 3664">
     <span class='ocr_line' id='line_1_41' title="bbox 449 3591 2099 3664; baseline -0.006 -10"><span class='ocrx_word' id='word_1_327' title='bbox 449 3597 964 3660; x_wconf 87' lang='lat' dir='ltr'><strong>annuntiaverunt,</strong></span> <span class='ocrx_word' id='word_1_328' title='bbox 997 3593 1092 3664; x_wconf 91' lang='lat' dir='ltr'><strong>qui</strong></span> <span class='ocrx_word' id='word_1_329' title='bbox 1147 3611 1252 3650; x_wconf 91' lang='lat' dir='ltr'><strong>nos</strong></span> <span class='ocrx_word' id='word_1_330' title='bbox 1289 3592 1358 3649; x_wconf 91' lang='lat' dir='ltr'><strong>ad</strong></span> <span class='ocrx_word' id='word_1_331' title='bbox 1391 3593 1519 3662; x_wconf 87' lang='lat' dir='ltr'><strong>ejus</strong></span> <span class='ocrx_word' id='word_1_332' title='bbox 1567 3592 1904 3647; x_wconf 88' lang='lat' dir='ltr'><strong>societatem</strong></span> <span class='ocrx_word' id='word_1_333' title='bbox 1954 3591 2099 3645; x_wconf 90' lang='lat' dir='ltr'><strong>invi-</strong></span> 
     </span>
    </p>
   </div>
   <div class='ocr_carea' id='block_1_42' title="bbox 451 3671 2098 3747">
    <p class='ocr_par' dir='ltr' id='par_1_42' title="bbox 451 3671 2098 3747">
     <span class='ocr_line' id='line_1_42' title="bbox 451 3671 2098 3747; baseline -0.006 -13"><span class='ocrx_word' id='word_1_334' title='bbox 451 3685 737 3747; x_wconf 89' lang='lat' dir='ltr'><strong>taverunt,</strong></span> <span class='ocrx_word' id='word_1_335' title='bbox 785 3676 1056 3745; x_wconf 81' lang='lat' dir='ltr'><strong>civesque</strong></span> <span class='ocrx_word' id='word_1_336' title='bbox 1115 3691 1252 3731; x_wconf 87' lang='lat' dir='ltr'><strong>suos</strong></span> <span class='ocrx_word' id='word_1_337' title='bbox 1310 3672 1369 3728; x_wconf 91' lang='lat' dir='ltr'><strong>in</strong></span> <span class='ocrx_word' id='word_1_338' title='bbox 1428 3671 1526 3726; x_wconf 88' lang='lat' dir='ltr'><strong>illa</strong></span> <span class='ocrx_word' id='word_1_339' title='bbox 1588 3688 1708 3728; x_wconf 90' lang='lat' dir='ltr'><strong>esse</strong></span> <span class='ocrx_word' id='word_1_340' title='bbox 1753 3671 2098 3736; x_wconf 90' lang='lat' dir='ltr'><strong>voluerunt;</strong></span> 
     </span>
    </p>
   </div>
   <div class='ocr_carea' id='block_1_43' title="bbox 450 3755 2100 3832">
    <p class='ocr_par' dir='ltr' id='par_1_43' title="bbox 450 3755 2100 3832">
     <span class='ocr_line' id='line_1_43' title="bbox 450 3755 2100 3832; baseline -0.005 -17"><span class='ocrx_word' id='word_1_341' title='bbox 450 3761 662 3832; x_wconf 87' lang='lat' dir='ltr'><strong>quibus</strong></span> <span class='ocrx_word' id='word_1_342' title='bbox 695 3774 810 3813; x_wconf 90' lang='lat' dir='ltr'><strong>non</strong></span> <span class='ocrx_word' id='word_1_343' title='bbox 847 3757 1029 3829; x_wconf 87' lang='lat' dir='ltr'><strong>placet</strong></span> <span class='ocrx_word' id='word_1_344' title='bbox 1055 3761 1119 3811; x_wconf 92' lang='lat' dir='ltr'><strong>ut</strong></span> <span class='ocrx_word' id='word_1_345' title='bbox 1143 3773 1242 3812; x_wconf 91' lang='lat' dir='ltr'><strong>eos</strong></span> <span class='ocrx_word' id='word_1_346' title='bbox 1264 3755 1526 3811; x_wconf 87' lang='lat' dir='ltr'><strong>colamus</strong></span> <span class='ocrx_word' id='word_1_347' title='bbox 1559 3762 1836 3824; x_wconf 88' lang='lat' dir='ltr'><strong>tanquam</strong></span> <span class='ocrx_word' id='word_1_348' title='bbox 1869 3757 2100 3808; x_wconf 88' lang='lat' dir='ltr'><strong>nostros</strong></span> 
     </span>
    </p>
   </div>
   <div class='ocr_carea' id='block_1_44' title="bbox 449 3832 2100 3909">
    <p class='ocr_par' dir='ltr' id='par_1_44' title="bbox 449 3832 2100 3909">
     <span class='ocr_line' id='line_1_44' title="bbox 449 3832 2100 3909; baseline -0.007 -13"><span class='ocrx_word' id='word_1_349' title='bbox 449 3842 611 3909; x_wconf 90' lang='lat' dir='ltr'><strong>deos,</strong></span> <span class='ocrx_word' id='word_1_350' title='bbox 645 3837 748 3895; x_wconf 89' lang='lat' dir='ltr'><strong>sed</strong></span> <span class='ocrx_word' id='word_1_351' title='bbox 794 3853 928 3893; x_wconf 90' lang='lat' dir='ltr'><strong>cum</strong></span> <span class='ocrx_word' id='word_1_352' title='bbox 979 3838 1062 3891; x_wconf 90' lang='lat' dir='ltr'><strong>eis</strong></span> <span class='ocrx_word' id='word_1_353' title='bbox 1107 3842 1164 3892; x_wconf 91' lang='lat' dir='ltr'><strong>et</strong></span> <span class='ocrx_word' id='word_1_354' title='bbox 1207 3835 1442 3892; x_wconf 87' lang='lat' dir='ltr'><strong>illorum</strong></span> <span class='ocrx_word' id='word_1_355' title='bbox 1475 3838 1532 3889; x_wconf 92' lang='lat' dir='ltr'><strong>et</strong></span> <span class='ocrx_word' id='word_1_356' title='bbox 1563 3840 1829 3888; x_wconf 89' lang='lat' dir='ltr'><strong>nostrum</strong></span> <span class='ocrx_word' id='word_1_357' title='bbox 1877 3832 2100 3900; x_wconf 90' lang='lat' dir='ltr'><strong>Deum;</strong></span> 
     </span>
    </p>
   </div>
   <div class='ocr_carea' id='block_1_45' title="bbox 449 3911 2097 3985">
    <p class='ocr_par' dir='ltr' id='par_1_45' title="bbox 449 3911 2097 3985">
     <span class='ocr_line' id='line_1_45' title="bbox 449 3911 2097 3985; baseline -0.008 -8"><span class='ocrx_word' id='word_1_358' title='bbox 449 3937 557 3977; x_wconf 83' lang='lat' dir='ltr'><strong>nec</strong></span> <span class='ocrx_word' id='word_1_359' title='bbox 608 3920 691 3974; x_wconf 88' lang='lat' dir='ltr'><strong>eis</strong></span> <span class='ocrx_word' id='word_1_360' title='bbox 741 3917 1165 3984; x_wconf 82' lang='lat' dir='ltr'><strong>sacriﬁcemus,</strong></span> <span class='ocrx_word' id='word_1_361' title='bbox 1221 3916 1319 3970; x_wconf 91' lang='lat' dir='ltr'><strong>sed</strong></span> <span class='ocrx_word' id='word_1_362' title='bbox 1372 3931 1505 3970; x_wconf 90' lang='lat' dir='ltr'><strong>cum</strong></span> <span class='ocrx_word' id='word_1_363' title='bbox 1557 3913 1703 3985; x_wconf 86' lang='lat' dir='ltr'><strong>ipsis</strong></span> <span class='ocrx_word' id='word_1_364' title='bbox 1753 3911 2097 3968; x_wconf 85' lang='lat' dir='ltr'><strong>sacriﬁcium</strong></span> 
     </span>
    </p>
   </div>
   <div class='ocr_carea' id='block_1_46' title="bbox 449 3992 2098 4065">
    <p class='ocr_par' dir='ltr' id='par_1_46' title="bbox 449 3992 2098 4065">
     <span class='ocr_line' id='line_1_46' title="bbox 449 3992 2098 4065; baseline -0.007 -9"><span class='ocrx_word' id='word_1_365' title='bbox 449 4001 564 4056; x_wconf 91' lang='lat' dir='ltr'><strong>Deo</strong></span> <span class='ocrx_word' id='word_1_366' title='bbox 613 3999 823 4054; x_wconf 91' lang='lat' dir='ltr'><strong>simus.</strong></span> <span class='ocrx_word' id='word_1_367' title='bbox 865 3994 1033 4052; x_wconf 87' lang='lat' dir='ltr'><strong>Nullo</strong></span> <span class='ocrx_word' id='word_1_368' title='bbox 1074 3995 1271 4065; x_wconf 87' lang='lat' dir='ltr'><strong>itaque</strong></span> <span class='ocrx_word' id='word_1_369' title='bbox 1326 3994 1650 4060; x_wconf 88' lang='lat' dir='ltr'><strong>dubitante,</strong></span> <span class='ocrx_word' id='word_1_370' title='bbox 1685 3993 1784 4063; x_wconf 92' lang='lat' dir='ltr'><strong>qui</strong></span> <span class='ocrx_word' id='word_1_371' title='bbox 1834 3992 1954 4046; x_wconf 61' lang='lat' dir='ltr'><strong>haec</strong></span> <span class='ocrx_word' id='word_1_372' title='bbox 2002 3992 2098 4046; x_wconf 90' lang='lat' dir='ltr'><strong>de-</strong></span> 
     </span>
    </p>
   </div>
   <div class='ocr_carea' id='block_1_47' title="bbox 449 4072 2102 4150">
    <p class='ocr_par' dir='ltr' id='par_1_47' title="bbox 449 4072 2102 4150">
     <span class='ocr_line' id='line_1_47' title="bbox 449 4072 2102 4150; baseline -0.005 -17"><span class='ocrx_word' id='word_1_373' title='bbox 449 4079 638 4150; x_wconf 89' lang='lat' dir='ltr'><strong>posita</strong></span> <span class='ocrx_word' id='word_1_374' title='bbox 710 4077 968 4144; x_wconf 88' lang='lat' dir='ltr'><strong>maligna</strong></span> <span class='ocrx_word' id='word_1_375' title='bbox 1025 4073 1415 4128; x_wconf 85' lang='lat' dir='ltr'><strong>obstinatione</strong></span> <span class='ocrx_word' id='word_1_376' title='bbox 1482 4072 1834 4136; x_wconf 88' lang='lat' dir='ltr'><strong>considerat,</strong></span> <span class='ocrx_word' id='word_1_377' title='bbox 1899 4086 2102 4125; x_wconf 89' lang='lat' dir='ltr'><strong>omnes</strong></span> 
     </span>
    </p>
   </div>
   <div class='ocr_carea' id='block_1_48' title="bbox 449 4150 2102 4222">
    <p class='ocr_par' dir='ltr' id='par_1_48' title="bbox 449 4150 2102 4222">
     <span class='ocr_line' id='line_1_48' title="bbox 449 4150 2102 4222; baseline -0.004 -10"><span class='ocrx_word' id='word_1_378' title='bbox 449 4155 810 4212; x_wconf 86' lang='lat' dir='ltr'><strong>immortales</strong></span> <span class='ocrx_word' id='word_1_379' title='bbox 843 4152 1016 4220; x_wconf 90' lang='lat' dir='ltr'><strong>beati,</strong></span> <span class='ocrx_word' id='word_1_380' title='bbox 1051 4153 1150 4222; x_wconf 90' lang='lat' dir='ltr'><strong>qui</strong></span> <span class='ocrx_word' id='word_1_381' title='bbox 1201 4151 1370 4207; x_wconf 90' lang='lat' dir='ltr'><strong>nobis</strong></span> <span class='ocrx_word' id='word_1_382' title='bbox 1419 4167 1534 4206; x_wconf 90' lang='lat' dir='ltr'><strong>non</strong></span> <span class='ocrx_word' id='word_1_383' title='bbox 1583 4150 1846 4204; x_wconf 88' lang='lat' dir='ltr'><strong>invident</strong></span> <span class='ocrx_word' id='word_1_384' title='bbox 1893 4151 2102 4219; x_wconf 88' lang='lat' dir='ltr'><strong>(neque</strong></span> 
     </span>
    </p>
   </div>
   <div class='ocr_carea' id='block_1_49' title="bbox 450 4229 2100 4300">
    <p class='ocr_par' dir='ltr' id='par_1_49' title="bbox 450 4229 2100 4300">
     <span class='ocr_line' id='line_1_49' title="bbox 450 4229 2100 4300; baseline -0.002 -10"><span class='ocrx_word' id='word_1_385' title='bbox 450 4235 631 4300; x_wconf 89' lang='lat' dir='ltr'><strong>enim,</strong></span> <span class='ocrx_word' id='word_1_386' title='bbox 665 4235 713 4288; x_wconf 84' lang='lat' dir='ltr'><strong>si</strong></span> <span class='ocrx_word' id='word_1_387' title='bbox 745 4232 1092 4298; x_wconf 86' lang='lat' dir='ltr'><strong>inviderent,</strong></span> <span class='ocrx_word' id='word_1_388' title='bbox 1130 4237 1324 4288; x_wconf 90' lang='lat' dir='ltr'><strong>essent</strong></span> <span class='ocrx_word' id='word_1_389' title='bbox 1371 4229 1564 4300; x_wconf 87' lang='lat' dir='ltr'><strong>beati),</strong></span> <span class='ocrx_word' id='word_1_390' title='bbox 1601 4231 1700 4286; x_wconf 90' lang='lat' dir='ltr'><strong>sed</strong></span> <span class='ocrx_word' id='word_1_391' title='bbox 1753 4230 1946 4300; x_wconf 90' lang='lat' dir='ltr'><strong>potius</strong></span> <span class='ocrx_word' id='word_1_392' title='bbox 1994 4246 2100 4286; x_wconf 89' lang='lat' dir='ltr'><strong>nos</strong></span> 
     </span>
    </p>
   </div>
   <div class='ocr_carea' id='block_1_50' title="bbox 450 4310 2101 4382">
    <p class='ocr_par' dir='ltr' id='par_1_50' title="bbox 450 4310 2101 4382">
     <span class='ocr_line' id='line_1_50' title="bbox 450 4310 2101 4382; baseline -0.004 -10"><span class='ocrx_word' id='word_1_393' title='bbox 450 4315 719 4382; x_wconf 86' lang='lat' dir='ltr'><strong>diligunt,</strong></span> <span class='ocrx_word' id='word_1_394' title='bbox 775 4322 837 4368; x_wconf 89' lang='lat' dir='ltr'><strong>ut</strong></span> <span class='ocrx_word' id='word_1_395' title='bbox 884 4320 937 4366; x_wconf 90' lang='lat' dir='ltr'><strong>et</strong></span> <span class='ocrx_word' id='word_1_396' title='bbox 988 4327 1092 4367; x_wconf 89' lang='lat' dir='ltr'><strong>nos</strong></span> <span class='ocrx_word' id='word_1_397' title='bbox 1141 4329 1270 4366; x_wconf 90' lang='lat' dir='ltr'><strong>cum</strong></span> <span class='ocrx_word' id='word_1_398' title='bbox 1322 4311 1465 4382; x_wconf 89' lang='lat' dir='ltr'><strong>ipsis</strong></span> <span class='ocrx_word' id='word_1_399' title='bbox 1511 4311 1661 4365; x_wconf 89' lang='lat' dir='ltr'><strong>beati</strong></span> <span class='ocrx_word' id='word_1_400' title='bbox 1709 4310 1938 4376; x_wconf 88' lang='lat' dir='ltr'><strong>simus;</strong></span> <span class='ocrx_word' id='word_1_401' title='bbox 1974 4310 2101 4379; x_wconf 88' lang='lat' dir='ltr'><strong>plus</strong></span> 
     </span>
    </p>
   </div>
   <div class='ocr_carea' id='block_1_51' title="bbox 451 4391 2098 4466">
    <p class='ocr_par' dir='ltr' id='par_1_51' title="bbox 451 4391 2098 4466">
     <span class='ocr_line' id='line_1_51' title="bbox 451 4391 2098 4466; baseline -0.002 -14"><span class='ocrx_word' id='word_1_402' title='bbox 451 4395 623 4466; x_wconf 83' lang='lat' dir='ltr'><strong>nobis</strong></span> <span class='ocrx_word' id='word_1_403' title='bbox 658 4395 869 4458; x_wconf 83' lang='lat' dir='ltr'><strong>favent,</strong></span> <span class='ocrx_word' id='word_1_404' title='bbox 908 4391 1040 4462; x_wconf 88' lang='lat' dir='ltr'><strong>plus</strong></span> <span class='ocrx_word' id='word_1_405' title='bbox 1071 4394 1370 4462; x_wconf 79' lang='lat' dir='ltr'><strong>adjuvant,</strong></span> <span class='ocrx_word' id='word_1_406' title='bbox 1405 4393 1638 4463; x_wconf 88' lang='lat' dir='ltr'><strong>quando</strong></span> <span class='ocrx_word' id='word_1_407' title='bbox 1693 4409 1872 4447; x_wconf 91' lang='lat' dir='ltr'><strong>unum</strong></span> <span class='ocrx_word' id='word_1_408' title='bbox 1919 4393 2098 4449; x_wconf 90' lang='lat' dir='ltr'><strong>Deum</strong></span> 
     </span>
    </p>
   </div>
   <div class='ocr_carea' id='block_1_52' title="bbox 450 4472 2098 4545">
    <p class='ocr_par' dir='ltr' id='par_1_52' title="bbox 450 4472 2098 4545">
     <span class='ocr_line' id='line_1_52' title="bbox 450 4472 2098 4545; baseline -0.002 -11"><span class='ocrx_word' id='word_1_409' title='bbox 450 4492 582 4534; x_wconf 84' lang='lat' dir='ltr'><strong>cum</strong></span> <span class='ocrx_word' id='word_1_410' title='bbox 634 4473 750 4530; x_wconf 88' lang='lat' dir='ltr'><strong>illis</strong></span> <span class='ocrx_word' id='word_1_411' title='bbox 800 4473 1063 4539; x_wconf 90' lang='lat' dir='ltr'><strong>colimus,</strong></span> <span class='ocrx_word' id='word_1_412' title='bbox 1098 4473 1323 4528; x_wconf 86' lang='lat' dir='ltr'><strong>Patrem</strong></span> <span class='ocrx_word' id='word_1_413' title='bbox 1359 4478 1414 4529; x_wconf 87' lang='lat' dir='ltr'><strong>et</strong></span> <span class='ocrx_word' id='word_1_414' title='bbox 1445 4472 1656 4527; x_wconf 78' lang='lat' dir='ltr'><strong>Filium</strong></span> <span class='ocrx_word' id='word_1_415' title='bbox 1707 4480 1764 4529; x_wconf 91' lang='lat' dir='ltr'><strong>et</strong></span> <span class='ocrx_word' id='word_1_416' title='bbox 1814 4475 2098 4545; x_wconf 88' lang='lat' dir='ltr'><strong>Spiritum</strong></span> 
     </span>
    </p>
   </div>
   <div class='ocr_carea' id='block_1_53' title="bbox 448 4554 2098 4627">
    <p class='ocr_par' dir='ltr' id='par_1_53' title="bbox 448 4554 2098 4627">
     <span class='ocr_line' id='line_1_53' title="bbox 448 4554 2098 4627; baseline -0.001 -13"><span class='ocrx_word' id='word_1_417' title='bbox 448 4561 742 4623; x_wconf 88' lang='lat' dir='ltr'><strong>sanctum,</strong></span> <span class='ocrx_word' id='word_1_418' title='bbox 775 4570 954 4627; x_wconf 88' lang='lat' dir='ltr'><strong>quam</strong></span> <span class='ocrx_word' id='word_1_419' title='bbox 1005 4554 1054 4608; x_wconf 90' lang='lat' dir='ltr'><strong>si</strong></span> <span class='ocrx_word' id='word_1_420' title='bbox 1105 4569 1202 4610; x_wconf 89' lang='lat' dir='ltr'><strong>eos</strong></span> <span class='ocrx_word' id='word_1_421' title='bbox 1252 4555 1409 4626; x_wconf 88' lang='lat' dir='ltr'><strong>ipsos</strong></span> <span class='ocrx_word' id='word_1_422' title='bbox 1459 4569 1563 4624; x_wconf 87' lang='lat' dir='ltr'><strong>per</strong></span> <span class='ocrx_word' id='word_1_423' title='bbox 1611 4555 1901 4611; x_wconf 83' lang='lat' dir='ltr'><strong>sacriﬁcia</strong></span> <span class='ocrx_word' id='word_1_424' title='bbox 1950 4555 2098 4612; x_wconf 82' lang='lat' dir='ltr'><strong>cole-</strong></span> 
     </span>
    </p>
   </div>
   <div class='ocr_carea' id='block_1_54' title="bbox 447 4653 670 4695">
    <p class='ocr_par' dir='ltr' id='par_1_54' title="bbox 447 4653 670 4695">
     <span class='ocr_line' id='line_1_54' title="bbox 447 4653 670 4695; baseline -0.018 0"><span class='ocrx_word' id='word_1_425' title='bbox 447 4653 670 4695; x_wconf 89' lang='lat' dir='ltr'><strong>remus.</strong></span> 
     </span>
    </p>
   </div>
   <div class='ocr_carea' id='block_1_55' title="bbox 449 4816 2102 4888">
    <p class='ocr_par' dir='ltr' id='par_1_55' title="bbox 449 4816 2102 4888">
     <span class='ocr_line' id='line_1_55' title="bbox 449 4816 2102 4888; baseline -0.003 -12"><span class='ocrx_word' id='word_1_426' title='bbox 449 4818 684 4876; x_wconf 85' lang='lat' dir='ltr'><strong>CAPUT</strong></span> <span class='ocrx_word' id='word_1_427' title='bbox 721 4819 907 4875; x_wconf 78' lang='lat' dir='ltr'><strong>XXVI.</strong></span> <span class='ocrx_word' id='word_1_428' title='bbox 951 4847 1016 4858; x_wconf 91' lang='lat'><strong>—</strong></span> <span class='ocrx_word' id='word_1_429' title='bbox 1064 4818 1136 4873; x_wconf 87' lang='lat' dir='ltr'><strong>De</strong></span> <span class='ocrx_word' id='word_1_430' title='bbox 1184 4816 1553 4873; x_wconf 83' lang='lat' dir='ltr'><strong>inconstantia</strong></span> <span class='ocrx_word' id='word_1_431' title='bbox 1607 4816 1909 4888; x_wconf 82' lang='lat' dir='ltr'><strong>Porphyrii</strong></span> <span class='ocrx_word' id='word_1_432' title='bbox 1961 4819 2102 4873; x_wconf 85' lang='lat' dir='ltr'><strong>inter</strong></span> 
     </span>
    </p>
   </div>
   <div class='ocr_carea' id='block_1_56' title="bbox 519 4898 2103 4969">
    <p class='ocr_par' dir='ltr' id='par_1_56' title="bbox 519 4898 2103 4969">
     <span class='ocr_line' id='line_1_56' title="bbox 519 4898 2103 4969; baseline -0.001 -13"><span class='ocrx_word' id='word_1_433' title='bbox 519 4903 912 4968; x_wconf 72' lang='lat' dir='ltr'><strong>confessionem</strong></span> <span class='ocrx_word' id='word_1_434' title='bbox 953 4898 1072 4954; x_wconf 82' lang='lat' dir='ltr'><strong>veri</strong></span> <span class='ocrx_word' id='word_1_435' title='bbox 1105 4900 1195 4954; x_wconf 87' lang='lat' dir='ltr'><strong>Dci</strong></span> <span class='ocrx_word' id='word_1_436' title='bbox 1237 4907 1290 4954; x_wconf 89' lang='lat' dir='ltr'><strong>et</strong></span> <span class='ocrx_word' id='word_1_437' title='bbox 1337 4900 1549 4953; x_wconf 84' lang='lat' dir='ltr'><strong>cultum</strong></span> <span class='ocrx_word' id='word_1_438' title='bbox 1595 4898 1910 4955; x_wconf 70' lang='lat' dir='ltr'><strong>daemonum</strong></span> <span class='ocrx_word' id='word_1_439' title='bbox 1955 4901 2103 4969; x_wconf 82' lang='lat' dir='ltr'><strong>ﬂuc—</strong></span> 
     </span>
    </p>
   </div>
   <div class='ocr_carea' id='block_1_57' title="bbox 522 4984 754 5039">
    <p class='ocr_par' dir='ltr' id='par_1_57' title="bbox 522 4984 754 5039">
     <span class='ocr_line' id='line_1_57' title="bbox 522 4984 754 5039; baseline 0.013 -3"><span class='ocrx_word' id='word_1_440' title='bbox 522 4984 754 5039; x_wconf 78' lang='lat' dir='ltr'><strong>mantis.</strong></span> 
     </span>
    </p>
   </div>
   <div class='ocr_carea' id='block_1_58' title="bbox 521 5150 2099 5223">
    <p class='ocr_par' dir='ltr' id='par_1_58' title="bbox 521 5150 2099 5223">
     <span class='ocr_line' id='line_1_58' title="bbox 521 5150 2099 5223; baseline -0.001 -13"><span class='ocrx_word' id='word_1_441' title='bbox 521 5153 721 5210; x_wconf 89' lang='lat' dir='ltr'><strong>Nescio</strong></span> <span class='ocrx_word' id='word_1_442' title='bbox 752 5150 1045 5223; x_wconf 77' lang='lat' dir='ltr'><strong>quomodo</strong></span> <span class='ocrx_word' id='word_1_443' title='bbox 1067 5153 1374 5221; x_wconf 89' lang='lat' dir='ltr'><strong>(quantum</strong></span> <span class='ocrx_word' id='word_1_444' title='bbox 1411 5151 1551 5206; x_wconf 91' lang='lat' dir='ltr'><strong>mihi</strong></span> <span class='ocrx_word' id='word_1_445' title='bbox 1582 5152 1828 5222; x_wconf 88' lang='lat' dir='ltr'><strong>videtur)</strong></span> <span class='ocrx_word' id='word_1_446' title='bbox 1851 5153 2059 5208; x_wconf 85' lang='lat' dir='ltr'><strong>amicis</strong></span> <span class='ocrx_word' id='word_1_447' title='bbox 2083 5156 2099 5189; x_wconf 84' lang='grc'>¹</span> 
     </span>
    </p>
   </div>
   <div class='ocr_carea' id='block_1_59' title="bbox 451 5231 2102 5303">
    <p class='ocr_par' dir='ltr' id='par_1_59' title="bbox 451 5231 2102 5303">
     <span class='ocr_line' id='line_1_59' title="bbox 451 5231 2102 5303; baseline -0.002 -11"><span class='ocrx_word' id='word_1_448' title='bbox 451 5236 574 5292; x_wconf 87' lang='lat' dir='ltr'><strong>suis</strong></span> <span class='ocrx_word' id='word_1_449' title='bbox 626 5234 884 5303; x_wconf 87' lang='lat' dir='ltr'><strong>lheurgis</strong></span> <span class='ocrx_word' id='word_1_450' title='bbox 934 5232 1314 5286; x_wconf 85' lang='lat' dir='ltr'><strong>erubescebat</strong></span> <span class='ocrx_word' id='word_1_451' title='bbox 1373 5231 1740 5302; x_wconf 76' lang='lat' dir='ltr'><strong>Porphyrius.</strong></span> <span class='ocrx_word' id='word_1_452' title='bbox 1793 5233 1937 5288; x_wconf 89' lang='lat' dir='ltr'><strong>Nam</strong></span> <span class='ocrx_word' id='word_1_453' title='bbox 1990 5233 2102 5288; x_wconf 89' lang='lat' dir='ltr'><strong>ista</strong></span> 
     </span>
    </p>
   </div>
   <div class='ocr_carea' id='block_1_60' title="bbox 451 5312 2098 5387">
    <p class='ocr_par' dir='ltr' id='par_1_60' title="bbox 451 5312 2098 5387">
     <span class='ocr_line' id='line_1_60' title="bbox 451 5312 2098 5387; baseline -0.001 -15"><span class='ocrx_word' id='word_1_454' title='bbox 451 5322 770 5387; x_wconf 90' lang='lat' dir='ltr'><strong>utcumque</strong></span> <span class='ocrx_word' id='word_1_455' title='bbox 799 5312 1082 5385; x_wconf 86' lang='lat' dir='ltr'><strong>sapiebat,</strong></span> <span class='ocrx_word' id='word_1_456' title='bbox 1117 5314 1218 5367; x_wconf 91' lang='lat' dir='ltr'><strong>sed</strong></span> <span class='ocrx_word' id='word_1_457' title='bbox 1250 5321 1455 5368; x_wconf 88' lang='lat' dir='ltr'><strong>contra</strong></span> <span class='ocrx_word' id='word_1_458' title='bbox 1503 5312 1816 5369; x_wconf 89' lang='lat' dir='ltr'><strong>multorum</strong></span> <span class='ocrx_word' id='word_1_459' title='bbox 1859 5317 2098 5370; x_wconf 89' lang='lat' dir='ltr'><strong>deorum</strong></span> 
     </span>
    </p>
   </div>
   <div class='ocr_carea' id='block_1_61' title="bbox 523 5676 1663 5742">
    <p class='ocr_par' dir='ltr' id='par_1_61' title="bbox 523 5676 1663 5742">
     <span class='ocr_line' id='line_1_61' title="bbox 523 5676 1663 5742; baseline -0.001 -16"><span class='ocrx_word' id='word_1_460' title='bbox 523 5679 539 5715; x_wconf 75' lang='grc' dir='ltr'>ί</span> <span class='ocrx_word' id='word_1_461' title='bbox 573 5677 728 5740; x_wconf 85' lang='lat' dir='ltr'><strong>Editi,</strong></span> <span class='ocrx_word' id='word_1_462' title='bbox 750 5693 855 5741; x_wconf 79' lang='lat' dir='ltr'><strong>pro</strong></span> <span class='ocrx_word' id='word_1_463' title='bbox 882 5678 1098 5729; x_wconf 81' lang='lat' dir='ltr'><strong>amicis.</strong></span> <span class='ocrx_word' id='word_1_464' title='bbox 1130 5679 1306 5742; x_wconf 84' lang='lat' dir='ltr'><strong>Abest,</strong></span> <span class='ocrx_word' id='word_1_465' title='bbox 1331 5692 1452 5742; x_wconf 80' lang='lat' dir='ltr'><strong>pro,</strong></span> <span class='ocrx_word' id='word_1_466' title='bbox 1484 5691 1517 5728; x_wconf 88' lang='lat' dir='ltr'><strong>a</strong></span> <span class='ocrx_word' id='word_1_467' title='bbox 1543 5676 1663 5727; x_wconf 82' lang='lat' dir='ltr'><strong>Mss.</strong></span> 
     </span>
    </p>
   </div>
   <div class='ocr_carea' id='block_1_62' title="bbox 1495 321 2783 400">
    <p class='ocr_par' dir='ltr' id='par_1_62' title="bbox 1495 321 2783 400">
     <span class='ocr_line' id='line_1_62' title="bbox 1495 321 2783 400; baseline 0.005 -19"><span class='ocrx_word' id='word_1_468' title='bbox 1495 324 1596 382; x_wconf 90' lang='lat' dir='ltr'><strong>DE</strong></span> <span class='ocrx_word' id='word_1_469' title='bbox 1639 321 2003 381; x_wconf 82' lang='lat' dir='ltr'><strong>CIVITATE</strong></span> <span class='ocrx_word' id='word_1_470' title='bbox 2045 322 2197 400; x_wconf 85' lang='lat' dir='ltr'><strong>DEI,</strong></span> <span class='ocrx_word' id='word_1_471' title='bbox 2245 324 2308 382; x_wconf 94' lang='lat' dir='ltr'><strong>S.</strong></span> <span class='ocrx_word' id='word_1_472' title='bbox 2356 323 2783 386; x_wconf 79' lang='lat' dir='ltr'><strong>AUGUSTINI</strong></span> 
     </span>
    </p>
   </div>
   <div class='ocr_carea' id='block_1_63' title="bbox 3725 321 3845 385">
    <p class='ocr_par' dir='ltr' id='par_1_63' title="bbox 3725 321 3845 385">
     <span class='ocr_line' id='line_1_63' title="bbox 3725 321 3845 385; baseline -0.017 0"><span class='ocrx_word' id='word_1_473' title='bbox 3725 321 3845 385; x_wconf 63' lang='lat'><strong>304</strong></span> 
     </span>
    </p>
   </div>
   <div class='ocr_carea' id='block_1_64' title="bbox 2193 458 3848 535">
    <p class='ocr_par' dir='ltr' id='par_1_64' title="bbox 2193 458 3848 535">
     <span class='ocr_line' id='line_1_64' title="bbox 2193 458 3848 535; baseline 0.004 -23"><span class='ocrx_word' id='word_1_474' title='bbox 2193 458 2416 514; x_wconf 91' lang='lat' dir='ltr'><strong>cultum</strong></span> <span class='ocrx_word' id='word_1_475' title='bbox 2433 476 2546 515; x_wconf 91' lang='lat' dir='ltr'><strong>non</strong></span> <span class='ocrx_word' id='word_1_476' title='bbox 2563 459 2744 517; x_wconf 89' lang='lat' dir='ltr'><strong>libere</strong></span> <span class='ocrx_word' id='word_1_477' title='bbox 2767 461 3116 517; x_wconf 83' lang='lat' dir='ltr'><strong>defendebat</strong></span> <span class='ocrx_word' id='word_1_478' title='bbox 3135 462 3146 496; x_wconf 86' lang='grc'>¹</span> <span class='ocrx_word' id='word_1_479' title='bbox 3166 463 3269 534; x_wconf 86' lang='grc' dir='ltr'><strong>(α).</strong></span> <span class='ocrx_word' id='word_1_480' title='bbox 3287 463 3354 517; x_wconf 86' lang='lat' dir='ltr'><strong>Et</strong></span> <span class='ocrx_word' id='word_1_481' title='bbox 3371 461 3611 534; x_wconf 85' lang='lat' dir='ltr'><strong>angelos</strong></span> <span class='ocrx_word' id='word_1_482' title='bbox 3632 463 3848 535; x_wconf 90' lang='lat' dir='ltr'><strong>quippe</strong></span> 
     </span>
    </p>
   </div>
   <div class='ocr_carea' id='block_1_65' title="bbox 2193 539 3852 610">
    <p class='ocr_par' dir='ltr' id='par_1_65' title="bbox 2193 539 3852 610">
     <span class='ocr_line' id='line_1_65' title="bbox 2193 539 3852 610; baseline 0.005 -20"><span class='ocrx_word' id='word_1_483' title='bbox 2193 539 2337 593; x_wconf 88' lang='lat' dir='ltr'><strong>alios</strong></span> <span class='ocrx_word' id='word_1_484' title='bbox 2385 556 2510 594; x_wconf 89' lang='lat' dir='ltr'><strong>esse</strong></span> <span class='ocrx_word' id='word_1_485' title='bbox 2557 540 2722 606; x_wconf 86' lang='lat' dir='ltr'><strong>dixit,</strong></span> <span class='ocrx_word' id='word_1_486' title='bbox 2777 542 2876 610; x_wconf 91' lang='lat' dir='ltr'><strong>qui</strong></span> <span class='ocrx_word' id='word_1_487' title='bbox 2938 542 3210 596; x_wconf 87' lang='lat' dir='ltr'><strong>deorsum</strong></span> <span class='ocrx_word' id='word_1_488' title='bbox 3273 542 3694 598; x_wconf 86' lang='lat' dir='ltr'><strong>descendentes</strong></span> <span class='ocrx_word' id='word_1_489' title='bbox 3753 542 3852 598; x_wconf 87' lang='lat' dir='ltr'><strong>bo-</strong></span> 
     </span>
    </p>
   </div>
   <div class='ocr_carea' id='block_1_66' title="bbox 2195 617 3848 692">
    <p class='ocr_par' dir='ltr' id='par_1_66' title="bbox 2195 617 3848 692">
     <span class='ocr_line' id='line_1_66' title="bbox 2195 617 3848 692; baseline 0.005 -22"><span class='ocrx_word' id='word_1_490' title='bbox 2195 617 2452 673; x_wconf 80' lang='lat' dir='ltr'><strong>minibus</strong></span> <span class='ocrx_word' id='word_1_491' title='bbox 2483 619 2798 684; x_wconf 73' lang='lat' dir='ltr'><strong>theurgicis</strong></span> <span class='ocrx_word' id='word_1_492' title='bbox 2821 619 3017 675; x_wconf 89' lang='lat' dir='ltr'><strong>divina</strong></span> <span class='ocrx_word' id='word_1_493' title='bbox 3040 623 3456 692; x_wconf 88' lang='lat' dir='ltr'><strong>pronuntient;</strong></span> <span class='ocrx_word' id='word_1_494' title='bbox 3479 622 3626 677; x_wconf 84' lang='lat' dir='ltr'><strong>alios</strong></span> <span class='ocrx_word' id='word_1_495' title='bbox 3649 629 3848 678; x_wconf 89' lang='lat' dir='ltr'><strong>autem</strong></span> 
     </span>
    </p>
   </div>
   <div class='ocr_carea' id='block_1_67' title="bbox 2193 697 3851 772">
    <p class='ocr_par' dir='ltr' id='par_1_67' title="bbox 2193 697 3851 772">
     <span class='ocr_line' id='line_1_67' title="bbox 2193 697 3851 772; baseline 0.005 -23"><span class='ocrx_word' id='word_1_496' title='bbox 2193 698 2290 766; x_wconf 90' lang='lat' dir='ltr'><strong>qui</strong></span> <span class='ocrx_word' id='word_1_497' title='bbox 2319 697 2374 751; x_wconf 93' lang='lat' dir='ltr'><strong>in</strong></span> <span class='ocrx_word' id='word_1_498' title='bbox 2398 698 2570 753; x_wconf 86' lang='lat' dir='ltr'><strong>terris</strong></span> <span class='ocrx_word' id='word_1_499' title='bbox 2602 715 2670 754; x_wconf 88' lang='lat' dir='ltr'><strong>ea</strong></span> <span class='ocrx_word' id='word_1_500' title='bbox 2693 716 2819 769; x_wconf 78' lang='lat' dir='ltr'><strong>quas</strong></span> <span class='ocrx_word' id='word_1_501' title='bbox 2843 699 3026 755; x_wconf 82' lang='lat' dir='ltr'><strong>Patris</strong></span> <span class='ocrx_word' id='word_1_502' title='bbox 3057 707 3217 764; x_wconf 91' lang='lat' dir='ltr'><strong>sunt,</strong></span> <span class='ocrx_word' id='word_1_503' title='bbox 3241 707 3296 755; x_wconf 91' lang='lat' dir='ltr'><strong>et</strong></span> <span class='ocrx_word' id='word_1_504' title='bbox 3319 701 3687 756; x_wconf 90' lang='lat' dir='ltr'><strong>altitudinem</strong></span> <span class='ocrx_word' id='word_1_505' title='bbox 3723 703 3851 772; x_wconf 88' lang='lat' dir='ltr'><strong>ejus</strong></span> 
     </span>
    </p>
   </div>
   <div class='ocr_carea' id='block_1_68' title="bbox 2199 779 3854 850">
    <p class='ocr_par' dir='ltr' id='par_1_68' title="bbox 2199 779 3854 850">
     <span class='ocr_line' id='line_1_68' title="bbox 2199 779 3854 850; baseline 0.005 -21"><span class='ocrx_word' id='word_1_506' title='bbox 2199 779 2773 850; x_wconf 68' lang='lat' dir='ltr'><strong>prol‘unditatemque</strong></span> <span class='ocrx_word' id='word_1_507' title='bbox 2806 782 3119 835; x_wconf 91' lang='lat' dir='ltr'><strong>declarent.</strong></span> <span class='ocrx_word' id='word_1_508' title='bbox 3152 784 3302 836; x_wconf 87' lang='lat' dir='ltr'><strong>Num</strong></span> <span class='ocrx_word' id='word_1_509' title='bbox 3334 782 3510 850; x_wconf 74' lang='lat' dir='ltr'><strong>igitur</strong></span> <span class='ocrx_word' id='word_1_510' title='bbox 3545 782 3647 837; x_wconf 84' lang='lat' dir='ltr'><strong>hos</strong></span> <span class='ocrx_word' id='word_1_511' title='bbox 3677 799 3854 850; x_wconf 76' lang='lat' dir='ltr'><strong>ange-</strong></span> 
     </span>
    </p>
   </div>
   <div class='ocr_carea' id='block_1_69' title="bbox 2192 853 3851 924">
    <p class='ocr_par' dir='ltr' id='par_1_69' title="bbox 2192 853 3851 924">
     <span class='ocr_line' id='line_1_69' title="bbox 2192 853 3851 924; baseline 0.006 -16"><span class='ocrx_word' id='word_1_512' title='bbox 2192 853 2302 921; x_wconf 90' lang='lat' dir='ltr'><strong>los,</strong></span> <span class='ocrx_word' id='word_1_513' title='bbox 2335 871 2577 924; x_wconf 90' lang='lat' dir='ltr'><strong>quorum</strong></span> <span class='ocrx_word' id='word_1_514' title='bbox 2619 859 3008 913; x_wconf 88' lang='lat' dir='ltr'><strong>ministerium</strong></span> <span class='ocrx_word' id='word_1_515' title='bbox 3041 865 3130 914; x_wconf 91' lang='lat' dir='ltr'><strong>est</strong></span> <span class='ocrx_word' id='word_1_516' title='bbox 3169 859 3462 915; x_wconf 87' lang='lat' dir='ltr'><strong>declarare</strong></span> <span class='ocrx_word' id='word_1_517' title='bbox 3493 859 3851 918; x_wconf 88' lang='lat' dir='ltr'><strong>voluntatem</strong></span> 
     </span>
    </p>
   </div>
   <div class='ocr_carea' id='block_1_70' title="bbox 2195 931 3853 1010">
    <p class='ocr_par' dir='ltr' id='par_1_70' title="bbox 2195 931 3853 1010">
     <span class='ocr_line' id='line_1_70' title="bbox 2195 931 3853 1010; baseline 0.005 -23"><span class='ocrx_word' id='word_1_518' title='bbox 2195 931 2402 1001; x_wconf 86' lang='lat' dir='ltr'><strong>Patris,</strong></span> <span class='ocrx_word' id='word_1_519' title='bbox 2429 937 2782 992; x_wconf 87' lang='lat' dir='ltr'><strong>credendum</strong></span> <span class='ocrx_word' id='word_1_520' title='bbox 2811 943 2899 992; x_wconf 89' lang='lat' dir='ltr'><strong>est</strong></span> <span class='ocrx_word' id='word_1_521' title='bbox 2926 937 3074 994; x_wconf 90' lang='lat' dir='ltr'><strong>velle</strong></span> <span class='ocrx_word' id='word_1_522' title='bbox 3100 955 3205 992; x_wconf 90' lang='lat' dir='ltr'><strong>nos</strong></span> <span class='ocrx_word' id='word_1_523' title='bbox 3239 939 3430 1006; x_wconf 90' lang='lat' dir='ltr'><strong>subdi,</strong></span> <span class='ocrx_word' id='word_1_524' title='bbox 3456 939 3565 994; x_wconf 87' lang='lat' dir='ltr'><strong>nisi</strong></span> <span class='ocrx_word' id='word_1_525' title='bbox 3598 939 3648 994; x_wconf 91' lang='lat' dir='ltr'><strong>ei</strong></span> <span class='ocrx_word' id='word_1_526' title='bbox 3680 942 3853 1010; x_wconf 87' lang='lat' dir='ltr'><strong>cujus</strong></span> 
     </span>
    </p>
   </div>
   <div class='ocr_carea' id='block_1_71' title="bbox 2195 1015 3852 1091">
    <p class='ocr_par' dir='ltr' id='par_1_71' title="bbox 2195 1015 3852 1091">
     <span class='ocr_line' id='line_1_71' title="bbox 2195 1015 3852 1091; baseline 0.005 -23"><span class='ocrx_word' id='word_1_527' title='bbox 2195 1015 2730 1072; x_wconf 86' lang='lat' dir='ltr'><strong>nobisaununtiant</strong></span> <span class='ocrx_word' id='word_1_528' title='bbox 2751 1019 3106 1074; x_wconf 89' lang='lat' dir='ltr'><strong>voluntatem</strong></span> <span class='ocrx_word' id='word_1_529' title='bbox 3122 1019 3325 1075; x_wconf 86' lang='lat' dir='ltr'><strong>?Unde</strong></span> <span class='ocrx_word' id='word_1_530' title='bbox 3343 1020 3561 1091; x_wconf 90' lang='lat' dir='ltr'><strong>optime</strong></span> <span class='ocrx_word' id='word_1_531' title='bbox 3577 1023 3852 1077; x_wconf 85' lang='lat' dir='ltr'><strong>admonet</strong></span> 
     </span>
    </p>
   </div>
   <div class='ocr_carea' id='block_1_72' title="bbox 2193 1096 3847 1172">
    <p class='ocr_par' dir='ltr' id='par_1_72' title="bbox 2193 1096 3847 1172">
     <span class='ocr_line' id='line_1_72' title="bbox 2193 1096 3847 1172; baseline 0.004 -22"><span class='ocrx_word' id='word_1_532' title='bbox 2193 1097 2366 1150; x_wconf 87' lang='lat' dir='ltr'><strong>etiam</strong></span> <span class='ocrx_word' id='word_1_533' title='bbox 2400 1096 2526 1166; x_wconf 83' lang='lat' dir='ltr'><strong>ipse</strong></span> <span class='ocrx_word' id='word_1_534' title='bbox 2558 1098 2912 1164; x_wconf 88' lang='lat' dir='ltr'><strong>Platonicus,</strong></span> <span class='ocrx_word' id='word_1_535' title='bbox 2946 1099 3260 1154; x_wconf 88' lang='lat' dir='ltr'><strong>imitandos</strong></span> <span class='ocrx_word' id='word_1_536' title='bbox 3291 1115 3388 1154; x_wconf 88' lang='lat' dir='ltr'><strong>eos</strong></span> <span class='ocrx_word' id='word_1_537' title='bbox 3429 1102 3624 1171; x_wconf 91' lang='lat' dir='ltr'><strong>potius</strong></span> <span class='ocrx_word' id='word_1_538' title='bbox 3669 1117 3847 1172; x_wconf 90' lang='lat' dir='ltr'><strong>quam</strong></span> 
     </span>
    </p>
   </div>
   <div class='ocr_carea' id='block_1_73' title="bbox 2194 1177 3854 1250">
    <p class='ocr_par' dir='ltr' id='par_1_73' title="bbox 2194 1177 3854 1250">
     <span class='ocr_line' id='line_1_73' title="bbox 2194 1177 3854 1250; baseline 0.004 -19"><span class='ocrx_word' id='word_1_539' title='bbox 2194 1177 2569 1232; x_wconf 89' lang='lat' dir='ltr'><strong>invocandos.</strong></span> <span class='ocrx_word' id='word_1_540' title='bbox 2631 1177 2755 1232; x_wconf 89' lang='lat' dir='ltr'><strong>Non</strong></span> <span class='ocrx_word' id='word_1_541' title='bbox 2837 1180 3038 1250; x_wconf 89' lang='lat' dir='ltr'><strong>itaque</strong></span> <span class='ocrx_word' id='word_1_542' title='bbox 3106 1179 3382 1235; x_wconf 89' lang='lat' dir='ltr'><strong>debemus</strong></span> <span class='ocrx_word' id='word_1_543' title='bbox 3440 1185 3720 1250; x_wconf 85' lang='lat' dir='ltr'><strong>metuere,</strong></span> <span class='ocrx_word' id='word_1_544' title='bbox 3779 1197 3854 1237; x_wconf 88' lang='lat' dir='ltr'><strong>ne</strong></span> 
     </span>
    </p>
   </div>
   <div class='ocr_carea' id='block_1_74' title="bbox 2197 1257 3854 1319">
    <p class='ocr_par' dir='ltr' id='par_1_74' title="bbox 2197 1257 3854 1319">
     <span class='ocr_line' id='line_1_74' title="bbox 2197 1257 3854 1319; baseline 0.005 -8"><span class='ocrx_word' id='word_1_545' title='bbox 2197 1257 2552 1313; x_wconf 89' lang='lat' dir='ltr'><strong>immortales</strong></span> <span class='ocrx_word' id='word_1_546' title='bbox 2599 1265 2655 1313; x_wconf 90' lang='lat' dir='ltr'><strong>et</strong></span> <span class='ocrx_word' id='word_1_547' title='bbox 2703 1260 2901 1316; x_wconf 89' lang='lat' dir='ltr'><strong>beatos</strong></span> <span class='ocrx_word' id='word_1_548' title='bbox 2955 1261 3053 1315; x_wconf 92' lang='lat' dir='ltr'><strong>uni</strong></span> <span class='ocrx_word' id='word_1_549' title='bbox 3107 1260 3224 1316; x_wconf 90' lang='lat' dir='ltr'><strong>Deo</strong></span> <span class='ocrx_word' id='word_1_550' title='bbox 3276 1261 3545 1316; x_wconf 90' lang='lat' dir='ltr'><strong>subditos</strong></span> <span class='ocrx_word' id='word_1_551' title='bbox 3603 1278 3719 1318; x_wconf 88' lang='lat' dir='ltr'><strong>non</strong></span> <span class='ocrx_word' id='word_1_552' title='bbox 3767 1265 3854 1319; x_wconf 90' lang='lat' dir='ltr'><strong>eis</strong></span> 
     </span>
    </p>
   </div>
   <div class='ocr_carea' id='block_1_75' title="bbox 2196 1339 3853 1406">
    <p class='ocr_par' dir='ltr' id='par_1_75' title="bbox 2196 1339 3853 1406">
     <span class='ocr_line' id='line_1_75' title="bbox 2196 1339 3853 1406; baseline 0.002 -14"><span class='ocrx_word' id='word_1_553' title='bbox 2196 1339 2578 1394; x_wconf 78' lang='lat' dir='ltr'><strong>sacrificando</strong></span> <span class='ocrx_word' id='word_1_554' title='bbox 2628 1341 3016 1396; x_wconf 72' lang='lat' dir='ltr'><strong>offendamus.</strong></span> <span class='ocrx_word' id='word_1_555' title='bbox 3051 1341 3212 1406; x_wconf 89' lang='lat' dir='ltr'><strong>Quod</strong></span> <span class='ocrx_word' id='word_1_556' title='bbox 3260 1342 3413 1396; x_wconf 88' lang='lat' dir='ltr'><strong>enim</strong></span> <span class='ocrx_word' id='word_1_557' title='bbox 3467 1342 3702 1397; x_wconf 88' lang='lat' dir='ltr'><strong>nonnisi</strong></span> <span class='ocrx_word' id='word_1_558' title='bbox 3749 1344 3853 1398; x_wconf 90' lang='lat' dir='ltr'><strong>uni</strong></span> 
     </span>
    </p>
   </div>
   <div class='ocr_carea' id='block_1_76' title="bbox 2195 1419 3857 1490">
    <p class='ocr_par' dir='ltr' id='par_1_76' title="bbox 2195 1419 3857 1490">
     <span class='ocr_line' id='line_1_76' title="bbox 2195 1419 3857 1490; baseline 0.004 -19"><span class='ocrx_word' id='word_1_559' title='bbox 2195 1434 2328 1472; x_wconf 92' lang='lat' dir='ltr'><strong>vero</strong></span> <span class='ocrx_word' id='word_1_560' title='bbox 2391 1419 2500 1472; x_wconf 87' lang='lat' dir='ltr'><strong>Deo</strong></span> <span class='ocrx_word' id='word_1_561' title='bbox 2559 1419 2756 1473; x_wconf 89' lang='lat' dir='ltr'><strong>deberi</strong></span> <span class='ocrx_word' id='word_1_562' title='bbox 2813 1421 3032 1487; x_wconf 87' lang='lat' dir='ltr'><strong>sciunt,</strong></span> <span class='ocrx_word' id='word_1_563' title='bbox 3077 1420 3169 1474; x_wconf 92' lang='lat' dir='ltr'><strong>cui</strong></span> <span class='ocrx_word' id='word_1_564' title='bbox 3221 1424 3278 1476; x_wconf 91' lang='lat' dir='ltr'><strong>et</strong></span> <span class='ocrx_word' id='word_1_565' title='bbox 3337 1421 3447 1490; x_wconf 90' lang='lat' dir='ltr'><strong>ipsi</strong></span> <span class='ocrx_word' id='word_1_566' title='bbox 3507 1421 3857 1478; x_wconf 63' lang='lat' dir='ltr'><strong>adhaerendo</strong></span> 
     </span>
    </p>
   </div>
   <div class='ocr_carea' id='block_1_77' title="bbox 2197 1498 3857 1574">
    <p class='ocr_par' dir='ltr' id='par_1_77' title="bbox 2197 1498 3857 1574">
     <span class='ocr_line' id='line_1_77' title="bbox 2197 1498 3857 1574; baseline 0.003 -22"><span class='ocrx_word' id='word_1_567' title='bbox 2197 1498 2348 1552; x_wconf 91' lang='lat' dir='ltr'><strong>beati</strong></span> <span class='ocrx_word' id='word_1_568' title='bbox 2381 1502 2541 1566; x_wconf 89' lang='lat' dir='ltr'><strong>sunt,</strong></span> <span class='ocrx_word' id='word_1_569' title='bbox 2576 1499 2774 1569; x_wconf 88' lang='lat' dir='ltr'><strong>procul</strong></span> <span class='ocrx_word' id='word_1_570' title='bbox 2825 1499 3000 1554; x_wconf 83' lang='lat' dir='ltr'><strong>dubio</strong></span> <span class='ocrx_word' id='word_1_571' title='bbox 3052 1516 3240 1570; x_wconf 89' lang='lat' dir='ltr'><strong>neque</strong></span> <span class='ocrx_word' id='word_1_572' title='bbox 3291 1515 3390 1569; x_wconf 87' lang='lat' dir='ltr'><strong>per</strong></span> <span class='ocrx_word' id='word_1_573' title='bbox 3438 1501 3621 1556; x_wconf 90' lang='lat' dir='ltr'><strong>ullam</strong></span> <span class='ocrx_word' id='word_1_574' title='bbox 3668 1502 3857 1574; x_wconf 89' lang='lat' dir='ltr'><strong>signi-</strong></span> 
     </span>
    </p>
   </div>
   <div class='ocr_carea' id='block_1_78' title="bbox 2200 1577 3859 1650">
    <p class='ocr_par' dir='ltr' id='par_1_78' title="bbox 2200 1577 3859 1650">
     <span class='ocr_line' id='line_1_78' title="bbox 2200 1577 3859 1650; baseline 0.004 -19"><span class='ocrx_word' id='word_1_575' title='bbox 2200 1577 2466 1632; x_wconf 79' lang='lat' dir='ltr'><strong>ficantem</strong></span> <span class='ocrx_word' id='word_1_576' title='bbox 2526 1579 2799 1647; x_wconf 80' lang='lat' dir='ltr'><strong>figuram,</strong></span> <span class='ocrx_word' id='word_1_577' title='bbox 2857 1595 3046 1649; x_wconf 89' lang='lat' dir='ltr'><strong>neque</strong></span> <span class='ocrx_word' id='word_1_578' title='bbox 3105 1596 3207 1650; x_wconf 90' lang='lat' dir='ltr'><strong>per</strong></span> <span class='ocrx_word' id='word_1_579' title='bbox 3266 1579 3457 1650; x_wconf 89' lang='lat' dir='ltr'><strong>ipsam</strong></span> <span class='ocrx_word' id='word_1_580' title='bbox 3531 1596 3651 1635; x_wconf 89' lang='lat' dir='ltr'><strong>rem</strong></span> <span class='ocrx_word' id='word_1_581' title='bbox 3731 1599 3859 1650; x_wconf 69' lang='lat' dir='ltr'><strong>quis</strong></span> 
     </span>
    </p>
   </div>
   <div class='ocr_carea' id='block_1_79' title="bbox 2199 1659 3858 1728">
    <p class='ocr_par' dir='ltr' id='par_1_79' title="bbox 2199 1659 3858 1728">
     <span class='ocr_line' id='line_1_79' title="bbox 2199 1659 3858 1728; baseline 0.005 -17"><span class='ocrx_word' id='word_1_582' title='bbox 2199 1659 2584 1713; x_wconf 84' lang='lat' dir='ltr'><strong>sacramentis</strong></span> <span class='ocrx_word' id='word_1_583' title='bbox 2661 1659 3045 1728; x_wconf 80' lang='lat' dir='ltr'><strong>signiﬁcatur,</strong></span> <span class='ocrx_word' id='word_1_584' title='bbox 3100 1659 3213 1714; x_wconf 91' lang='lat' dir='ltr'><strong>sibi</strong></span> <span class='ocrx_word' id='word_1_585' title='bbox 3283 1659 3542 1715; x_wconf 84' lang='lat' dir='ltr'><strong>exhiberi</strong></span> <span class='ocrx_word' id='word_1_586' title='bbox 3630 1660 3858 1720; x_wconf 85' lang='lat' dir='ltr'><strong>volunt.</strong></span> 
     </span>
    </p>
   </div>
   <div class='ocr_carea' id='block_1_80' title="bbox 2199 1737 3857 1813">
    <p class='ocr_par' dir='ltr' id='par_1_80' title="bbox 2199 1737 3857 1813">
     <span class='ocr_line' id='line_1_80' title="bbox 2199 1737 3857 1813; baseline 0.002 -20"><span class='ocrx_word' id='word_1_587' title='bbox 2199 1737 2535 1793; x_wconf 69' lang='lat' dir='ltr'><strong>Dmmonum</strong></span> <span class='ocrx_word' id='word_1_588' title='bbox 2570 1745 2660 1794; x_wconf 89' lang='lat' dir='ltr'><strong>est</strong></span> <span class='ocrx_word' id='word_1_589' title='bbox 2693 1739 2812 1794; x_wconf 67' lang='lat' dir='ltr'><strong>haec</strong></span> <span class='ocrx_word' id='word_1_590' title='bbox 2852 1741 3189 1810; x_wconf 80' lang='lat' dir='ltr'><strong>arrogantia</strong></span> <span class='ocrx_word' id='word_1_591' title='bbox 3244 1740 3626 1811; x_wconf 88' lang='lat' dir='ltr'><strong>superborum</strong></span> <span class='ocrx_word' id='word_1_592' title='bbox 3676 1747 3857 1813; x_wconf 88' lang='lat' dir='ltr'><strong>atque</strong></span> 
     </span>
    </p>
   </div>
   <div class='ocr_carea' id='block_1_81' title="bbox 2200 1819 3861 1892">
    <p class='ocr_par' dir='ltr' id='par_1_81' title="bbox 2200 1819 3861 1892">
     <span class='ocr_line' id='line_1_81' title="bbox 2200 1819 3861 1892; baseline 0.003 -20"><span class='ocrx_word' id='word_1_593' title='bbox 2200 1819 2567 1885; x_wconf 90' lang='lat' dir='ltr'><strong>miserorum,</strong></span> <span class='ocrx_word' id='word_1_594' title='bbox 2604 1837 2637 1875; x_wconf 92' lang='lat' dir='ltr'><strong>a</strong></span> <span class='ocrx_word' id='word_1_595' title='bbox 2667 1821 2884 1890; x_wconf 91' lang='lat' dir='ltr'><strong>quibus</strong></span> <span class='ocrx_word' id='word_1_596' title='bbox 2916 1819 3086 1890; x_wconf 87' lang='lat' dir='ltr'><strong>longe</strong></span> <span class='ocrx_word' id='word_1_597' title='bbox 3118 1821 3348 1874; x_wconf 88' lang='lat' dir='ltr'><strong>diversa</strong></span> <span class='ocrx_word' id='word_1_598' title='bbox 3377 1826 3468 1876; x_wconf 89' lang='lat' dir='ltr'><strong>est</strong></span> <span class='ocrx_word' id='word_1_599' title='bbox 3497 1823 3681 1892; x_wconf 86' lang='lat' dir='ltr'><strong>pietas</strong></span> <span class='ocrx_word' id='word_1_600' title='bbox 3708 1823 3861 1878; x_wconf 80' lang='lat' dir='ltr'><strong>sub-</strong></span> 
     </span>
    </p>
   </div>
   <div class='ocr_carea' id='block_1_82' title="bbox 2199 1897 3860 1970">
    <p class='ocr_par' dir='ltr' id='par_1_82' title="bbox 2199 1897 3860 1970">
     <span class='ocr_line' id='line_1_82' title="bbox 2199 1897 3860 1970; baseline 0.005 -19"><span class='ocrx_word' id='word_1_601' title='bbox 2199 1897 2453 1953; x_wconf 92' lang='lat' dir='ltr'><strong>ditorum</strong></span> <span class='ocrx_word' id='word_1_602' title='bbox 2506 1899 2642 1966; x_wconf 93' lang='lat' dir='ltr'><strong>Deo,</strong></span> <span class='ocrx_word' id='word_1_603' title='bbox 2692 1916 2797 1955; x_wconf 88' lang='lat' dir='ltr'><strong>nec</strong></span> <span class='ocrx_word' id='word_1_604' title='bbox 2855 1901 3092 1955; x_wconf 88' lang='lat' dir='ltr'><strong>aliunde</strong></span> <span class='ocrx_word' id='word_1_605' title='bbox 3140 1916 3312 1970; x_wconf 88' lang='lat' dir='ltr'><strong>quam</strong></span> <span class='ocrx_word' id='word_1_606' title='bbox 3372 1901 3458 1955; x_wconf 91' lang='lat' dir='ltr'><strong>illi</strong></span> <span class='ocrx_word' id='word_1_607' title='bbox 3515 1902 3860 1959; x_wconf 74' lang='lat' dir='ltr'><strong>cohaerendo</strong></span> 
     </span>
    </p>
   </div>
   <div class='ocr_carea' id='block_1_83' title="bbox 2201 1977 3856 2051">
    <p class='ocr_par' dir='ltr' id='par_1_83' title="bbox 2201 1977 3856 2051">
     <span class='ocr_line' id='line_1_83' title="bbox 2201 1977 3856 2051; baseline 0.004 -18"><span class='ocrx_word' id='word_1_608' title='bbox 2201 1977 2520 2034; x_wconf 90' lang='lat' dir='ltr'><strong>beatorum.</strong></span> <span class='ocrx_word' id='word_1_609' title='bbox 2573 1981 2656 2035; x_wconf 91' lang='lat' dir='ltr'><strong>Ad</strong></span> <span class='ocrx_word' id='word_1_610' title='bbox 2707 1983 2864 2051; x_wconf 90' lang='lat' dir='ltr'><strong>quod</strong></span> <span class='ocrx_word' id='word_1_611' title='bbox 2911 1981 3129 2036; x_wconf 84' lang='lat' dir='ltr'><strong>bonum</strong></span> <span class='ocrx_word' id='word_1_612' title='bbox 3183 1981 3624 2051; x_wconf 89' lang='lat' dir='ltr'><strong>percipiendum</strong></span> <span class='ocrx_word' id='word_1_613' title='bbox 3679 1984 3856 2039; x_wconf 88' lang='lat' dir='ltr'><strong>etiam</strong></span> 
     </span>
    </p>
   </div>
   <div class='ocr_carea' id='block_1_84' title="bbox 2199 2059 3858 2134">
    <p class='ocr_par' dir='ltr' id='par_1_84' title="bbox 2199 2059 3858 2134">
     <span class='ocr_line' id='line_1_84' title="bbox 2199 2059 3858 2134; baseline 0.004 -20"><span class='ocrx_word' id='word_1_614' title='bbox 2199 2059 2368 2114; x_wconf 90' lang='lat' dir='ltr'><strong>nobis</strong></span> <span class='ocrx_word' id='word_1_615' title='bbox 2400 2062 2627 2117; x_wconf 90' lang='lat' dir='ltr'><strong>sincera</strong></span> <span class='ocrx_word' id='word_1_616' title='bbox 2658 2061 3021 2132; x_wconf 80' lang='lat' dir='ltr'><strong>benignitate</strong></span> <span class='ocrx_word' id='word_1_617' title='bbox 3051 2066 3277 2132; x_wconf 90' lang='lat' dir='ltr'><strong>oportet</strong></span> <span class='ocrx_word' id='word_1_618' title='bbox 3301 2067 3364 2116; x_wconf 91' lang='lat' dir='ltr'><strong>ut</strong></span> <span class='ocrx_word' id='word_1_619' title='bbox 3389 2062 3640 2131; x_wconf 84' lang='lat' dir='ltr'><strong>faveant,</strong></span> <span class='ocrx_word' id='word_1_620' title='bbox 3664 2079 3858 2134; x_wconf 83' lang='lat' dir='ltr'><strong>neque</strong></span> 
     </span>
    </p>
   </div>
   <div class='ocr_carea' id='block_1_85' title="bbox 2198 2140 3852 2212">
    <p class='ocr_par' dir='ltr' id='par_1_85' title="bbox 2198 2140 3852 2212">
     <span class='ocr_line' id='line_1_85' title="bbox 2198 2140 3852 2212; baseline 0.003 -18"><span class='ocrx_word' id='word_1_621' title='bbox 2198 2140 2307 2194; x_wconf 87' lang='lat' dir='ltr'><strong>sibi</strong></span> <span class='ocrx_word' id='word_1_622' title='bbox 2333 2146 2598 2212; x_wconf 89' lang='lat' dir='ltr'><strong>arrogent</strong></span> <span class='ocrx_word' id='word_1_623' title='bbox 2627 2157 2743 2212; x_wconf 91' lang='lat' dir='ltr'><strong>quo</strong></span> <span class='ocrx_word' id='word_1_624' title='bbox 2775 2144 2856 2197; x_wconf 92' lang='lat' dir='ltr'><strong>eis</strong></span> <span class='ocrx_word' id='word_1_625' title='bbox 2884 2143 3301 2212; x_wconf 87' lang='lat' dir='ltr'><strong>subjiciamur;</strong></span> <span class='ocrx_word' id='word_1_626' title='bbox 3327 2143 3427 2198; x_wconf 85' lang='lat' dir='ltr'><strong>sed</strong></span> <span class='ocrx_word' id='word_1_627' title='bbox 3452 2159 3585 2198; x_wconf 90' lang='lat' dir='ltr'><strong>eum</strong></span> <span class='ocrx_word' id='word_1_628' title='bbox 3617 2160 3852 2199; x_wconf 85' lang='lat' dir='ltr'><strong>annun-</strong></span> 
     </span>
    </p>
   </div>
   <div class='ocr_carea' id='block_1_86' title="bbox 2199 2221 3858 2294">
    <p class='ocr_par' dir='ltr' id='par_1_86' title="bbox 2199 2221 3858 2294">
     <span class='ocr_line' id='line_1_86' title="bbox 2199 2221 3858 2294; baseline 0.003 -19"><span class='ocrx_word' id='word_1_629' title='bbox 2199 2221 2363 2287; x_wconf 86' lang='lat' dir='ltr'><strong>tient,</strong></span> <span class='ocrx_word' id='word_1_630' title='bbox 2398 2225 2508 2277; x_wconf 90' lang='lat' dir='ltr'><strong>sub</strong></span> <span class='ocrx_word' id='word_1_631' title='bbox 2548 2239 2660 2292; x_wconf 89' lang='lat' dir='ltr'><strong>quo</strong></span> <span class='ocrx_word' id='word_1_632' title='bbox 2711 2223 2792 2279; x_wconf 91' lang='lat' dir='ltr'><strong>eis</strong></span> <span class='ocrx_word' id='word_1_633' title='bbox 2842 2223 2900 2278; x_wconf 91' lang='lat' dir='ltr'><strong>in</strong></span> <span class='ocrx_word' id='word_1_634' title='bbox 2946 2241 3080 2294; x_wconf 90' lang='lat' dir='ltr'><strong>pace</strong></span> <span class='ocrx_word' id='word_1_635' title='bbox 3125 2225 3441 2279; x_wconf 89' lang='lat' dir='ltr'><strong>sociemur.</strong></span> <span class='ocrx_word' id='word_1_636' title='bbox 3477 2224 3622 2290; x_wconf 87' lang='lat' dir='ltr'><strong>Quid</strong></span> <span class='ocrx_word' id='word_1_637' title='bbox 3657 2225 3858 2280; x_wconf 90' lang='lat' dir='ltr'><strong>adhuc</strong></span> 
     </span>
    </p>
   </div>
   <div class='ocr_carea' id='block_1_87' title="bbox 2199 2303 3862 2375">
    <p class='ocr_par' dir='ltr' id='par_1_87' title="bbox 2199 2303 3862 2375">
     <span class='ocr_line' id='line_1_87' title="bbox 2199 2303 3862 2375; baseline 0.002 -19"><span class='ocrx_word' id='word_1_638' title='bbox 2199 2303 2474 2374; x_wconf 89' lang='lat' dir='ltr'><strong>trepidas,</strong></span> <span class='ocrx_word' id='word_1_639' title='bbox 2501 2320 2532 2357; x_wconf 93' lang='grc' dir='ltr'>ο</span> <span class='ocrx_word' id='word_1_640' title='bbox 2564 2303 2928 2375; x_wconf 86' lang='lat' dir='ltr'><strong>philosophe,</strong></span> <span class='ocrx_word' id='word_1_641' title='bbox 2953 2305 3232 2359; x_wconf 81' lang='lat' dir='ltr'><strong>adversus</strong></span> <span class='ocrx_word' id='word_1_642' title='bbox 3265 2310 3594 2374; x_wconf 89' lang='lat' dir='ltr'><strong>potestates</strong></span> <span class='ocrx_word' id='word_1_643' title='bbox 3621 2311 3676 2360; x_wconf 90' lang='lat' dir='ltr'><strong>et</strong></span> <span class='ocrx_word' id='word_1_644' title='bbox 3702 2305 3862 2361; x_wconf 88' lang='lat' dir='ltr'><strong>veris</strong></span> 
     </span>
    </p>
   </div>
   <div class='ocr_carea' id='block_1_88' title="bbox 2199 2383 3864 2442">
    <p class='ocr_par' dir='ltr' id='par_1_88' title="bbox 2199 2383 3864 2442">
     <span class='ocr_line' id='line_1_88' title="bbox 2199 2383 3864 2442; baseline 0.004 -6"><span class='ocrx_word' id='word_1_645' title='bbox 2199 2383 2510 2439; x_wconf 87' lang='lat' dir='ltr'><strong>virtutibus</strong></span> <span class='ocrx_word' id='word_1_646' title='bbox 2554 2389 2611 2440; x_wconf 90' lang='lat' dir='ltr'><strong>et</strong></span> <span class='ocrx_word' id='word_1_647' title='bbox 2651 2385 2767 2440; x_wconf 91' lang='lat' dir='ltr'><strong>veri</strong></span> <span class='ocrx_word' id='word_1_648' title='bbox 2814 2386 2912 2440; x_wconf 90' lang='lat' dir='ltr'><strong>Dei</strong></span> <span class='ocrx_word' id='word_1_649' title='bbox 2968 2385 3314 2439; x_wconf 89' lang='lat' dir='ltr'><strong>muneribus</strong></span> <span class='ocrx_word' id='word_1_650' title='bbox 3368 2385 3604 2440; x_wconf 81' lang='lat' dir='ltr'><strong>invides</strong></span> <span class='ocrx_word' id='word_1_651' title='bbox 3653 2385 3864 2442; x_wconf 87' lang='lat' dir='ltr'><strong>habere</strong></span> 
     </span>
    </p>
   </div>
   <div class='ocr_carea' id='block_1_89' title="bbox 2202 2461 3866 2536">
    <p class='ocr_par' dir='ltr' id='par_1_89' title="bbox 2202 2461 3866 2536">
     <span class='ocr_line' id='line_1_89' title="bbox 2202 2461 3866 2536; baseline 0.002 -20"><span class='ocrx_word' id='word_1_652' title='bbox 2202 2461 2448 2518; x_wconf 86' lang='lat' dir='ltr'><strong>liberam</strong></span> <span class='ocrx_word' id='word_1_653' title='bbox 2479 2479 2680 2519; x_wconf 77' lang='lat' dir='ltr'><strong>vocem</strong></span> <span class='ocrx_word' id='word_1_654' title='bbox 2705 2463 2733 2518; x_wconf 87' lang='lat'><strong>?</strong></span> <span class='ocrx_word' id='word_1_655' title='bbox 2754 2463 2884 2519; x_wconf 86' lang='lat' dir='ltr'><strong>Jam</strong></span> <span class='ocrx_word' id='word_1_656' title='bbox 2920 2464 3241 2518; x_wconf 81' lang='lat' dir='ltr'><strong>dislinxisti</strong></span> <span class='ocrx_word' id='word_1_657' title='bbox 3273 2465 3513 2535; x_wconf 86' lang='lat' dir='ltr'><strong>angelos</strong></span> <span class='ocrx_word' id='word_1_658' title='bbox 3546 2464 3643 2536; x_wconf 91' lang='lat' dir='ltr'><strong>qui</strong></span> <span class='ocrx_word' id='word_1_659' title='bbox 3674 2464 3866 2520; x_wconf 84' lang='lat' dir='ltr'><strong>Patris</strong></span> 
     </span>
    </p>
   </div>
   <div class='ocr_carea' id='block_1_90' title="bbox 2203 2544 3868 2616">
    <p class='ocr_par' dir='ltr' id='par_1_90' title="bbox 2203 2544 3868 2616">
     <span class='ocr_line' id='line_1_90' title="bbox 2203 2544 3868 2616; baseline 0.002 -18"><span class='ocrx_word' id='word_1_660' title='bbox 2203 2544 2556 2599; x_wconf 86' lang='lat' dir='ltr'><strong>annuntiant</strong></span> <span class='ocrx_word' id='word_1_661' title='bbox 2606 2545 2984 2613; x_wconf 86' lang='lat' dir='ltr'><strong>voluntatem,</strong></span> <span class='ocrx_word' id='word_1_662' title='bbox 3019 2545 3090 2598; x_wconf 90' lang='lat' dir='ltr'><strong>ab</strong></span> <span class='ocrx_word' id='word_1_663' title='bbox 3123 2544 3204 2600; x_wconf 88' lang='lat' dir='ltr'><strong>eis</strong></span> <span class='ocrx_word' id='word_1_664' title='bbox 3234 2544 3457 2616; x_wconf 85' lang='lat' dir='ltr'><strong>angelis</strong></span> <span class='ocrx_word' id='word_1_665' title='bbox 3503 2546 3602 2615; x_wconf 92' lang='lat' dir='ltr'><strong>qui</strong></span> <span class='ocrx_word' id='word_1_666' title='bbox 3635 2546 3705 2600; x_wconf 89' lang='lat' dir='ltr'><strong>ad</strong></span> <span class='ocrx_word' id='word_1_667' title='bbox 3741 2544 3868 2601; x_wconf 89' lang='lat' dir='ltr'><strong>the-</strong></span> 
     </span>
    </p>
   </div>
   <div class='ocr_carea' id='block_1_91' title="bbox 2204 2625 3860 2696">
    <p class='ocr_par' dir='ltr' id='par_1_91' title="bbox 2204 2625 3860 2696">
     <span class='ocr_line' id='line_1_91' title="bbox 2204 2625 3860 2696; baseline 0.001 -18"><span class='ocrx_word' id='word_1_668' title='bbox 2204 2639 2373 2696; x_wconf 90' lang='lat' dir='ltr'><strong>urgos</strong></span> <span class='ocrx_word' id='word_1_669' title='bbox 2407 2625 2673 2680; x_wconf 85' lang='lat' dir='ltr'><strong>homines</strong></span> <span class='ocrx_word' id='word_1_670' title='bbox 2707 2625 2749 2693; x_wconf 84' lang='grc'><strong>²,</strong></span> <span class='ocrx_word' id='word_1_671' title='bbox 2783 2626 2980 2680; x_wconf 87' lang='lat' dir='ltr'><strong>nescio</strong></span> <span class='ocrx_word' id='word_1_672' title='bbox 3010 2642 3128 2696; x_wconf 90' lang='lat' dir='ltr'><strong>qua</strong></span> <span class='ocrx_word' id='word_1_673' title='bbox 3173 2625 3408 2680; x_wconf 84' lang='lat' dir='ltr'><strong>deducti</strong></span> <span class='ocrx_word' id='word_1_674' title='bbox 3443 2632 3586 2694; x_wconf 91' lang='lat' dir='ltr'><strong>arte,</strong></span> <span class='ocrx_word' id='word_1_675' title='bbox 3621 2626 3860 2682; x_wconf 86' lang='lat' dir='ltr'><strong>descen-</strong></span> 
     </span>
    </p>
   </div>
   <div class='ocr_carea' id='block_1_92' title="bbox 2205 2705 3862 2776">
    <p class='ocr_par' dir='ltr' id='par_1_92' title="bbox 2205 2705 3862 2776">
     <span class='ocr_line' id='line_1_92' title="bbox 2205 2705 3862 2776; baseline 0.002 -19"><span class='ocrx_word' id='word_1_676' title='bbox 2205 2705 2367 2758; x_wconf 86' lang='lat' dir='ltr'><strong>dunt.</strong></span> <span class='ocrx_word' id='word_1_677' title='bbox 2390 2706 2534 2770; x_wconf 89' lang='lat' dir='ltr'><strong>Quid</strong></span> <span class='ocrx_word' id='word_1_678' title='bbox 2566 2705 2757 2761; x_wconf 89' lang='lat' dir='ltr'><strong>adhuc</strong></span> <span class='ocrx_word' id='word_1_679' title='bbox 2774 2721 2870 2760; x_wconf 87' lang='lat' dir='ltr'><strong>eos</strong></span> <span class='ocrx_word' id='word_1_680' title='bbox 2897 2705 3168 2772; x_wconf 86' lang='lat' dir='ltr'><strong>honorae,</strong></span> <span class='ocrx_word' id='word_1_681' title='bbox 3193 2710 3255 2759; x_wconf 93' lang='lat' dir='ltr'><strong>ut</strong></span> <span class='ocrx_word' id='word_1_682' title='bbox 3285 2706 3447 2760; x_wconf 90' lang='lat' dir='ltr'><strong>dicas</strong></span> <span class='ocrx_word' id='word_1_683' title='bbox 3477 2706 3862 2776; x_wconf 86' lang='lat' dir='ltr'><strong>pronuntiare</strong></span> 
     </span>
    </p>
   </div>
   <div class='ocr_carea' id='block_1_93' title="bbox 2203 2784 3864 2857">
    <p class='ocr_par' dir='ltr' id='par_1_93' title="bbox 2203 2784 3864 2857">
     <span class='ocr_line' id='line_1_93' title="bbox 2203 2784 3864 2857; baseline 0.001 -18"><span class='ocrx_word' id='word_1_684' title='bbox 2203 2784 2447 2839; x_wconf 79' lang='lat' dir='ltr'><strong>divina?</strong></span> <span class='ocrx_word' id='word_1_685' title='bbox 2475 2786 2607 2849; x_wconf 74' lang='lat' dir='ltr'><strong>Qua:</strong></span> <span class='ocrx_word' id='word_1_686' title='bbox 2653 2787 2884 2841; x_wconf 85' lang='lat' dir='ltr'><strong>tandem</strong></span> <span class='ocrx_word' id='word_1_687' title='bbox 2929 2787 3124 2841; x_wconf 90' lang='lat' dir='ltr'><strong>divina</strong></span> <span class='ocrx_word' id='word_1_688' title='bbox 3167 2787 3564 2857; x_wconf 84' lang='lat' dir='ltr'><strong>pronuntiant,</strong></span> <span class='ocrx_word' id='word_1_689' title='bbox 3595 2788 3697 2857; x_wconf 90' lang='lat' dir='ltr'><strong>qui</strong></span> <span class='ocrx_word' id='word_1_690' title='bbox 3744 2804 3864 2843; x_wconf 88' lang='lat' dir='ltr'><strong>non</strong></span> 
     </span>
    </p>
   </div>
   <div class='ocr_carea' id='block_1_94' title="bbox 2205 2866 3864 2937">
    <p class='ocr_par' dir='ltr' id='par_1_94' title="bbox 2205 2866 3864 2937">
     <span class='ocr_line' id='line_1_94' title="bbox 2205 2866 3864 2937; baseline 0.002 -17"><span class='ocrx_word' id='word_1_691' title='bbox 2205 2866 2559 2920; x_wconf 81' lang='lat' dir='ltr'><strong>voluntatem</strong></span> <span class='ocrx_word' id='word_1_692' title='bbox 2594 2867 2779 2922; x_wconf 87' lang='lat' dir='ltr'><strong>Patris</strong></span> <span class='ocrx_word' id='word_1_693' title='bbox 2810 2867 3372 2936; x_wconf 86' lang='lat' dir='ltr'><strong>nuntiant?Nempe</strong></span> <span class='ocrx_word' id='word_1_694' title='bbox 3403 2867 3484 2921; x_wconf 89' lang='lat' dir='ltr'><strong>illi</strong></span> <span class='ocrx_word' id='word_1_695' title='bbox 3517 2872 3680 2931; x_wconf 89' lang='lat' dir='ltr'><strong>sunt,</strong></span> <span class='ocrx_word' id='word_1_696' title='bbox 3705 2885 3864 2937; x_wconf 92' lang='lat' dir='ltr'><strong>quos</strong></span> 
     </span>
    </p>
   </div>
   <div class='ocr_carea' id='block_1_95' title="bbox 2205 2946 3868 3019">
    <p class='ocr_par' dir='ltr' id='par_1_95' title="bbox 2205 2946 3868 3019">
     <span class='ocr_line' id='line_1_95' title="bbox 2205 2946 3868 3019; baseline 0.001 -19"><span class='ocrx_word' id='word_1_697' title='bbox 2205 2946 2389 3000; x_wconf 91' lang='lat' dir='ltr'><strong>sacris</strong></span> <span class='ocrx_word' id='word_1_698' title='bbox 2423 2947 2692 3016; x_wconf 86' lang='lat' dir='ltr'><strong>precibus</strong></span> <span class='ocrx_word' id='word_1_699' title='bbox 2715 2948 2948 3003; x_wconf 88' lang='lat' dir='ltr'><strong>invidus</strong></span> <span class='ocrx_word' id='word_1_700' title='bbox 2972 2949 3249 3019; x_wconf 89' lang='lat' dir='ltr'><strong>alligavit,</strong></span> <span class='ocrx_word' id='word_1_701' title='bbox 3275 2963 3344 3002; x_wconf 89' lang='lat' dir='ltr'><strong>ne</strong></span> <span class='ocrx_word' id='word_1_702' title='bbox 3367 2952 3701 3017; x_wconf 67' lang='lat' dir='ltr'><strong>praestarent</strong></span> <span class='ocrx_word' id='word_1_703' title='bbox 3726 2947 3868 3002; x_wconf 87' lang='lat' dir='ltr'><strong>ani-</strong></span> 
     </span>
    </p>
   </div>
   <div class='ocr_carea' id='block_1_96' title="bbox 2205 3027 3866 3098">
    <p class='ocr_par' dir='ltr' id='par_1_96' title="bbox 2205 3027 3866 3098">
     <span class='ocr_line' id='line_1_96' title="bbox 2205 3027 3866 3098; baseline 0.001 -18"><span class='ocrx_word' id='word_1_704' title='bbox 2205 3041 2314 3080; x_wconf 70' lang='lat' dir='ltr'><strong>ma:</strong></span> <span class='ocrx_word' id='word_1_705' title='bbox 2341 3027 2778 3097; x_wconf 87' lang='lat' dir='ltr'><strong>purgationem;</strong></span> <span class='ocrx_word' id='word_1_706' title='bbox 2813 3045 2918 3084; x_wconf 91' lang='lat' dir='ltr'><strong>nec</strong></span> <span class='ocrx_word' id='word_1_707' title='bbox 2949 3046 2981 3083; x_wconf 91' lang='lat' dir='ltr'><strong>a</strong></span> <span class='ocrx_word' id='word_1_708' title='bbox 3015 3028 3183 3093; x_wconf 88' lang='lat' dir='ltr'><strong>bono,</strong></span> <span class='ocrx_word' id='word_1_709' title='bbox 3215 3035 3275 3082; x_wconf 90' lang='lat' dir='ltr'><strong>ul</strong></span> <span class='ocrx_word' id='word_1_710' title='bbox 3307 3027 3472 3094; x_wconf 87' lang='lat' dir='ltr'><strong>dicis,</strong></span> <span class='ocrx_word' id='word_1_711' title='bbox 3495 3043 3741 3098; x_wconf 76' lang='lat' dir='ltr'><strong>purgare</strong></span> <span class='ocrx_word' id='word_1_712' title='bbox 3762 3043 3866 3082; x_wconf 88' lang='lat' dir='ltr'><strong>cu-</strong></span> 
     </span>
    </p>
   </div>
   <div class='ocr_carea' id='block_1_97' title="bbox 2204 3105 3861 3178">
    <p class='ocr_par' dir='ltr' id='par_1_97' title="bbox 2204 3105 3861 3178">
     <span class='ocr_line' id='line_1_97' title="bbox 2204 3105 3861 3178; baseline 0.002 -19"><span class='ocrx_word' id='word_1_713' title='bbox 2204 3105 2438 3175; x_wconf 68' lang='lat' dir='ltr'><strong>piente3</strong></span> <span class='ocrx_word' id='word_1_714' title='bbox 2462 3107 2670 3162; x_wconf 85' lang='lat' dir='ltr'><strong>abillis</strong></span> <span class='ocrx_word' id='word_1_715' title='bbox 2702 3107 2952 3164; x_wconf 90' lang='lat' dir='ltr'><strong>vinculis</strong></span> <span class='ocrx_word' id='word_1_716' title='bbox 2986 3107 3128 3164; x_wconf 92' lang='lat' dir='ltr'><strong>solvi</strong></span> <span class='ocrx_word' id='word_1_717' title='bbox 3159 3113 3216 3163; x_wconf 90' lang='lat' dir='ltr'><strong>et.</strong></span> <span class='ocrx_word' id='word_1_718' title='bbox 3245 3124 3366 3162; x_wconf 71' lang='lat' dir='ltr'><strong>sua:</strong></span> <span class='ocrx_word' id='word_1_719' title='bbox 3398 3107 3670 3178; x_wconf 85' lang='lat' dir='ltr'><strong>potestati</strong></span> <span class='ocrx_word' id='word_1_720' title='bbox 3692 3106 3861 3162; x_wconf 88' lang='lat' dir='ltr'><strong>reddi</strong></span> 
     </span>
    </p>
   </div>
   <div class='ocr_carea' id='block_1_98' title="bbox 2205 3187 3862 3260">
    <p class='ocr_par' dir='ltr' id='par_1_98' title="bbox 2205 3187 3862 3260">
     <span class='ocr_line' id='line_1_98' title="bbox 2205 3187 3862 3260; baseline 0 -18"><span class='ocrx_word' id='word_1_721' title='bbox 2205 3192 2538 3258; x_wconf 86' lang='lat' dir='ltr'><strong>potuerunt.</strong></span> <span class='ocrx_word' id='word_1_722' title='bbox 2563 3189 2770 3245; x_wconf 86' lang='lat' dir='ltr'><strong>Adhuc</strong></span> <span class='ocrx_word' id='word_1_723' title='bbox 2800 3190 3034 3245; x_wconf 90' lang='lat' dir='ltr'><strong>dubitas</strong></span> <span class='ocrx_word' id='word_1_724' title='bbox 3058 3187 3178 3243; x_wconf 68' lang='lat' dir='ltr'><strong>haec</strong></span> <span class='ocrx_word' id='word_1_725' title='bbox 3211 3189 3470 3260; x_wconf 89' lang='lat' dir='ltr'><strong>maligna</strong></span> <span class='ocrx_word' id='word_1_726' title='bbox 3491 3204 3620 3244; x_wconf 88' lang='lat' dir='ltr'><strong>esse</strong></span> <span class='ocrx_word' id='word_1_727' title='bbox 3640 3189 3862 3243; x_wconf 65' lang='lat' dir='ltr'><strong>deamo-</strong></span> 
     </span>
    </p>
   </div>
   <div class='ocr_carea' id='block_1_99' title="bbox 2211 3267 3863 3340">
    <p class='ocr_par' dir='ltr' id='par_1_99' title="bbox 2211 3267 3863 3340">
     <span class='ocr_line' id='line_1_99' title="bbox 2211 3267 3863 3340; baseline 0.001 -20"><span class='ocrx_word' id='word_1_728' title='bbox 2211 3267 2343 3336; x_wconf 87' lang='lat' dir='ltr'><strong>nia;</strong></span> <span class='ocrx_word' id='word_1_729' title='bbox 2377 3268 2462 3323; x_wconf 89' lang='lat' dir='ltr'><strong>vel</strong></span> <span class='ocrx_word' id='word_1_730' title='bbox 2511 3274 2566 3324; x_wconf 91' lang='lat' dir='ltr'><strong>te</strong></span> <span class='ocrx_word' id='word_1_731' title='bbox 2611 3269 2786 3340; x_wconf 81' lang='lat' dir='ltr'><strong>ﬁngis</strong></span> <span class='ocrx_word' id='word_1_732' title='bbox 2834 3271 3077 3325; x_wconf 82' lang='lat' dir='ltr'><strong>fortasse</strong></span> <span class='ocrx_word' id='word_1_733' title='bbox 3128 3270 3372 3339; x_wconf 90' lang='lat' dir='ltr'><strong>nescire,</strong></span> <span class='ocrx_word' id='word_1_734' title='bbox 3416 3271 3554 3324; x_wconf 88' lang='lat' dir='ltr'><strong>dum</strong></span> <span class='ocrx_word' id='word_1_735' title='bbox 3605 3285 3719 3324; x_wconf 87' lang='lat' dir='ltr'><strong>non</strong></span> <span class='ocrx_word' id='word_1_736' title='bbox 3769 3269 3863 3323; x_wconf 91' lang='lat' dir='ltr'><strong>vis</strong></span> 
     </span>
    </p>
   </div>
   <div class='ocr_carea' id='block_1_100' title="bbox 2205 3348 3858 3422">
    <p class='ocr_par' dir='ltr' id='par_1_100' title="bbox 2205 3348 3858 3422">
     <span class='ocr_line' id='line_1_100' title="bbox 2205 3348 3858 3422; baseline 0 -18"><span class='ocrx_word' id='word_1_737' title='bbox 2205 3348 2484 3420; x_wconf 87' lang='lat' dir='ltr'><strong>theurgos</strong></span> <span class='ocrx_word' id='word_1_738' title='bbox 2533 3350 2844 3419; x_wconf 76' lang='lat' dir='ltr'><strong>offendere,</strong></span> <span class='ocrx_word' id='word_1_739' title='bbox 2870 3369 2899 3405; x_wconf 90' lang='lat' dir='ltr'><strong>a</strong></span> <span class='ocrx_word' id='word_1_740' title='bbox 2933 3350 3154 3422; x_wconf 91' lang='lat' dir='ltr'><strong>quibus</strong></span> <span class='ocrx_word' id='word_1_741' title='bbox 3185 3350 3524 3405; x_wconf 89' lang='lat' dir='ltr'><strong>curiositate</strong></span> <span class='ocrx_word' id='word_1_742' title='bbox 3554 3351 3858 3419; x_wconf 83' lang='lat' dir='ltr'><strong>deceptus,</strong></span> 
     </span>
    </p>
   </div>
   <div class='ocr_carea' id='block_1_101' title="bbox 2205 3429 3867 3502">
    <p class='ocr_par' dir='ltr' id='par_1_101' title="bbox 2205 3429 3867 3502">
     <span class='ocr_line' id='line_1_101' title="bbox 2205 3429 3867 3502; baseline -0.001 -19"><span class='ocrx_word' id='word_1_743' title='bbox 2205 3429 2316 3485; x_wconf 91' lang='lat' dir='ltr'><strong>ista</strong></span> <span class='ocrx_word' id='word_1_744' title='bbox 2348 3431 2675 3502; x_wconf 84' lang='lat' dir='ltr'><strong>perniciosa</strong></span> <span class='ocrx_word' id='word_1_745' title='bbox 2706 3438 2761 3486; x_wconf 90' lang='lat' dir='ltr'><strong>et</strong></span> <span class='ocrx_word' id='word_1_746' title='bbox 2791 3432 3002 3486; x_wconf 86' lang='lat' dir='ltr'><strong>insana</strong></span> <span class='ocrx_word' id='word_1_747' title='bbox 3034 3447 3136 3502; x_wconf 89' lang='lat' dir='ltr'><strong>pro</strong></span> <span class='ocrx_word' id='word_1_748' title='bbox 3161 3447 3371 3502; x_wconf 87' lang='lat' dir='ltr'><strong>magno</strong></span> <span class='ocrx_word' id='word_1_749' title='bbox 3407 3429 3682 3486; x_wconf 84' lang='lat' dir='ltr'><strong>beneﬁcio</strong></span> <span class='ocrx_word' id='word_1_750' title='bbox 3713 3429 3867 3484; x_wconf 87' lang='lat' dir='ltr'><strong>didi—</strong></span> 
     </span>
    </p>
   </div>
   <div class='ocr_carea' id='block_1_102' title="bbox 2199 3510 3864 3582">
    <p class='ocr_par' dir='ltr' id='par_1_102' title="bbox 2199 3510 3864 3582">
     <span class='ocr_line' id='line_1_102' title="bbox 2199 3510 3864 3582; baseline -0.002 -16"><span class='ocrx_word' id='word_1_751' title='bbox 2199 3511 2338 3566; x_wconf 84' lang='lat' dir='ltr'><strong>cisti</strong></span> <span class='ocrx_word' id='word_1_752' title='bbox 2385 3513 2458 3582; x_wconf 88' lang='lat' dir='ltr'><strong>(b)</strong></span> <span class='ocrx_word' id='word_1_753' title='bbox 2487 3511 2515 3566; x_wconf 78' lang='lat' dir='ltr'><strong>‘t</strong></span> <span class='ocrx_word' id='word_1_754' title='bbox 2563 3513 2755 3568; x_wconf 89' lang='lat' dir='ltr'><strong>Audes</strong></span> <span class='ocrx_word' id='word_1_755' title='bbox 2801 3513 2972 3568; x_wconf 89' lang='lat' dir='ltr'><strong>istam</strong></span> <span class='ocrx_word' id='word_1_756' title='bbox 3015 3510 3301 3576; x_wconf 91' lang='lat' dir='ltr'><strong>invidam,</strong></span> <span class='ocrx_word' id='word_1_757' title='bbox 3357 3527 3471 3566; x_wconf 89' lang='lat' dir='ltr'><strong>non</strong></span> <span class='ocrx_word' id='word_1_758' title='bbox 3521 3511 3864 3582; x_wconf 87' lang='lat' dir='ltr'><strong>potentiam,</strong></span> 
     </span>
    </p>
   </div>
   <div class='ocr_carea' id='block_1_103' title="bbox 2206 3591 3867 3664">
    <p class='ocr_par' dir='ltr' id='par_1_103' title="bbox 2206 3591 3867 3664">
     <span class='ocr_line' id='line_1_103' title="bbox 2206 3591 3867 3664; baseline -0.002 -15"><span class='ocrx_word' id='word_1_759' title='bbox 2206 3595 2303 3649; x_wconf 88' lang='lat' dir='ltr'><strong>sed</strong></span> <span class='ocrx_word' id='word_1_760' title='bbox 2339 3592 2751 3664; x_wconf 89' lang='lat' dir='ltr'><strong>pestilentiam,</strong></span> <span class='ocrx_word' id='word_1_761' title='bbox 2786 3599 2843 3647; x_wconf 91' lang='lat' dir='ltr'><strong>et</strong></span> <span class='ocrx_word' id='word_1_762' title='bbox 2874 3609 2987 3646; x_wconf 91' lang='lat' dir='ltr'><strong>non</strong></span> <span class='ocrx_word' id='word_1_763' title='bbox 3021 3591 3210 3647; x_wconf 91' lang='lat' dir='ltr'><strong>dicam</strong></span> <span class='ocrx_word' id='word_1_764' title='bbox 3259 3591 3586 3659; x_wconf 89' lang='lat' dir='ltr'><strong>dominam,</strong></span> <span class='ocrx_word' id='word_1_765' title='bbox 3618 3591 3716 3646; x_wconf 91' lang='lat' dir='ltr'><strong>sed</strong></span> <span class='ocrx_word' id='word_1_766' title='bbox 3750 3605 3867 3660; x_wconf 87' lang='lat' dir='ltr'><strong>quo</strong></span> 
     </span>
    </p>
   </div>
   <div class='ocr_carea' id='block_1_104' title="bbox 2207 3672 3869 3743">
    <p class='ocr_par' dir='ltr' id='par_1_104' title="bbox 2207 3672 3869 3743">
     <span class='ocr_line' id='line_1_104' title="bbox 2207 3672 3869 3743; baseline -0.002 -15"><span class='ocrx_word' id='word_1_767' title='bbox 2207 3678 2266 3728; x_wconf 92' lang='lat' dir='ltr'><strong>tu</strong></span> <span class='ocrx_word' id='word_1_768' title='bbox 2319 3674 2541 3739; x_wconf 79' lang='lat' dir='ltr'><strong>fateris,</strong></span> <span class='ocrx_word' id='word_1_769' title='bbox 2586 3673 2859 3728; x_wconf 89' lang='lat' dir='ltr'><strong>ancillam</strong></span> <span class='ocrx_word' id='word_1_770' title='bbox 2922 3673 3120 3743; x_wconf 90' lang='lat' dir='ltr'><strong>potius</strong></span> <span class='ocrx_word' id='word_1_771' title='bbox 3178 3672 3530 3738; x_wconf 89' lang='lat' dir='ltr'><strong>invidorum,</strong></span> <span class='ocrx_word' id='word_1_772' title='bbox 3577 3673 3689 3726; x_wconf 90' lang='lat' dir='ltr'><strong>isto</strong></span> <span class='ocrx_word' id='word_1_773' title='bbox 3733 3685 3869 3726; x_wconf 84' lang='lat' dir='ltr'><strong>aere</strong></span> 
     </span>
    </p>
   </div>
   <div class='ocr_carea' id='block_1_105' title="bbox 2207 3752 3868 3819">
    <p class='ocr_par' dir='ltr' id='par_1_105' title="bbox 2207 3752 3868 3819">
     <span class='ocr_line' id='line_1_105' title="bbox 2207 3752 3868 3819; baseline -0.001 -12"><span class='ocrx_word' id='word_1_774' title='bbox 2207 3759 2548 3809; x_wconf 89' lang='lat' dir='ltr'><strong>transcenso</strong></span> <span class='ocrx_word' id='word_1_775' title='bbox 2599 3753 2788 3808; x_wconf 86' lang='lat' dir='ltr'><strong>levare</strong></span> <span class='ocrx_word' id='word_1_776' title='bbox 2819 3753 2878 3806; x_wconf 90' lang='lat' dir='ltr'><strong>in</strong></span> <span class='ocrx_word' id='word_1_777' title='bbox 2910 3752 3151 3819; x_wconf 64' lang='lat' dir='ltr'><strong>caelum,</strong></span> <span class='ocrx_word' id='word_1_778' title='bbox 3185 3757 3242 3808; x_wconf 92' lang='lat' dir='ltr'><strong>et</strong></span> <span class='ocrx_word' id='word_1_779' title='bbox 3271 3752 3424 3807; x_wconf 87' lang='lat' dir='ltr'><strong>inter</strong></span> <span class='ocrx_word' id='word_1_780' title='bbox 3463 3752 3601 3807; x_wconf 88' lang='lat' dir='ltr'><strong>deos</strong></span> <span class='ocrx_word' id='word_1_781' title='bbox 3645 3756 3868 3807; x_wconf 84' lang='lat' dir='ltr'><strong>vestros</strong></span> 
     </span>
    </p>
   </div>
   <div class='ocr_carea' id='block_1_106' title="bbox 2208 3832 3869 3906">
    <p class='ocr_par' dir='ltr' id='par_1_106' title="bbox 2208 3832 3869 3906">
     <span class='ocr_line' id='line_1_106' title="bbox 2208 3832 3869 3906; baseline -0.001 -17"><span class='ocrx_word' id='word_1_782' title='bbox 2208 3835 2381 3889; x_wconf 91' lang='lat' dir='ltr'><strong>etiam</strong></span> <span class='ocrx_word' id='word_1_783' title='bbox 2414 3836 2670 3890; x_wconf 90' lang='lat' dir='ltr'><strong>sidereos</strong></span> <span class='ocrx_word' id='word_1_784' title='bbox 2699 3833 3004 3903; x_wconf 86' lang='lat' dir='ltr'><strong>collocare,</strong></span> <span class='ocrx_word' id='word_1_785' title='bbox 3029 3835 3118 3890; x_wconf 90' lang='lat' dir='ltr'><strong>vel</strong></span> <span class='ocrx_word' id='word_1_786' title='bbox 3140 3834 3265 3906; x_wconf 89' lang='lat' dir='ltr'><strong>ipsa</strong></span> <span class='ocrx_word' id='word_1_787' title='bbox 3297 3849 3528 3906; x_wconf 88' lang='lat' dir='ltr'><strong>quoque</strong></span> <span class='ocrx_word' id='word_1_788' title='bbox 3560 3834 3745 3889; x_wconf 85' lang='lat' dir='ltr'><strong>sidera</strong></span> <span class='ocrx_word' id='word_1_789' title='bbox 3775 3832 3869 3888; x_wconf 89' lang='lat' dir='ltr'><strong>his</strong></span> 
     </span>
    </p>
   </div>
   <div class='ocr_carea' id='block_1_107' title="bbox 2196 3916 2899 3987">
    <p class='ocr_par' dir='ltr' id='par_1_107' title="bbox 2196 3916 2899 3987">
     <span class='ocr_line' id='line_1_107' title="bbox 2196 3916 2899 3987; baseline -0.003 -17"><span class='ocrx_word' id='word_1_790' title='bbox 2196 3916 2536 3987; x_wconf 57' lang='lat' dir='ltr'><strong>&#39;Opprobriis</strong></span> <span class='ocrx_word' id='word_1_791' title='bbox 2567 3916 2853 3972; x_wconf 86' lang='lat' dir='ltr'><strong>infamare</strong></span> <span class='ocrx_word' id='word_1_792' title='bbox 2872 3916 2899 3968; x_wconf 69' lang='grc' dir='ltr'><strong><em>Ὺ</em></strong></span> 
     </span>
    </p>
   </div>
   <div class='ocr_carea' id='block_1_108' title="bbox 2209 4043 3870 4116">
    <p class='ocr_par' dir='ltr' id='par_1_108' title="bbox 2209 4043 3870 4116">
     <span class='ocr_line' id='line_1_108' title="bbox 2209 4043 3870 4116; baseline 0.001 -20"><span class='ocrx_word' id='word_1_793' title='bbox 2209 4043 2438 4100; x_wconf 86' lang='lat' dir='ltr'><strong>CAPUT</strong></span> <span class='ocrx_word' id='word_1_794' title='bbox 2465 4043 2685 4100; x_wconf 85' lang='lat' dir='ltr'><strong>XXVII.</strong></span> <span class='ocrx_word' id='word_1_795' title='bbox 2715 4075 2783 4085; x_wconf 87' lang='lat'><strong>--</strong></span> <span class='ocrx_word' id='word_1_796' title='bbox 2806 4045 2876 4100; x_wconf 88' lang='lat' dir='ltr'><strong>De</strong></span> <span class='ocrx_word' id='word_1_797' title='bbox 2898 4045 3177 4116; x_wconf 84' lang='lat' dir='ltr'><strong>impietate</strong></span> <span class='ocrx_word' id='word_1_798' title='bbox 3195 4043 3516 4114; x_wconf 77' lang='lat' dir='ltr'><strong>Porphyrii,</strong></span> <span class='ocrx_word' id='word_1_799' title='bbox 3548 4059 3656 4114; x_wconf 87' lang='lat' dir='ltr'><strong>qua</strong></span> <span class='ocrx_word' id='word_1_800' title='bbox 3686 4043 3870 4098; x_wconf 83' lang='lat' dir='ltr'><strong>etiam</strong></span> 
     </span>
    </p>
   </div>
   <div class='ocr_carea' id='block_1_109' title="bbox 2585 4122 3466 4196">
    <p class='ocr_par' dir='ltr' id='par_1_109' title="bbox 2585 4122 3466 4196">
     <span class='ocr_line' id='line_1_109' title="bbox 2585 4122 3466 4196; baseline -0.002 -16"><span class='ocrx_word' id='word_1_801' title='bbox 2585 4125 2805 4196; x_wconf 84' lang='lat' dir='ltr'><strong>Aputeii</strong></span> <span class='ocrx_word' id='word_1_802' title='bbox 2833 4122 3170 4182; x_wconf 85' lang='lat' dir='ltr'><strong>transcendit</strong></span> <span class='ocrx_word' id='word_1_803' title='bbox 3198 4140 3466 4180; x_wconf 89' lang='lat' dir='ltr'><strong>errorem.</strong></span> 
     </span>
    </p>
   </div>
   <div class='ocr_carea' id='block_1_110' title="bbox 2278 4251 3876 4317">
    <p class='ocr_par' dir='ltr' id='par_1_110' title="bbox 2278 4251 3876 4317">
     <span class='ocr_line' id='line_1_110' title="bbox 2278 4251 3876 4317; baseline -0.003 -10"><span class='ocrx_word' id='word_1_804' title='bbox 2278 4252 2498 4317; x_wconf 85' lang='lat' dir='ltr'><strong>Quanto</strong></span> <span class='ocrx_word' id='word_1_805' title='bbox 2547 4253 2867 4309; x_wconf 89' lang='lat' dir='ltr'><strong>humanius</strong></span> <span class='ocrx_word' id='word_1_806' title='bbox 2914 4259 2971 4309; x_wconf 90' lang='lat' dir='ltr'><strong>et</strong></span> <span class='ocrx_word' id='word_1_807' title='bbox 3019 4251 3382 4309; x_wconf 90' lang='lat' dir='ltr'><strong>tolerabilius</strong></span> <span class='ocrx_word' id='word_1_808' title='bbox 3440 4253 3876 4306; x_wconf 79' lang='lat' dir='ltr'><strong>consectaneus</strong></span> 
     </span>
    </p>
   </div>
   <div class='ocr_carea' id='block_1_111' title="bbox 2207 4330 3859 4404">
    <p class='ocr_par' dir='ltr' id='par_1_111' title="bbox 2207 4330 3859 4404">
     <span class='ocr_line' id='line_1_111' title="bbox 2207 4330 3859 4404; baseline 0 -18"><span class='ocrx_word' id='word_1_809' title='bbox 2207 4335 2345 4386; x_wconf 82' lang='lat' dir='ltr'><strong>tuus</strong></span> <span class='ocrx_word' id='word_1_810' title='bbox 2379 4330 2709 4388; x_wconf 89' lang='lat' dir='ltr'><strong>Platonicus</strong></span> <span class='ocrx_word' id='word_1_811' title='bbox 2742 4333 3020 4404; x_wconf 82' lang='lat' dir='ltr'><strong>Apuleius</strong></span> <span class='ocrx_word' id='word_1_812' title='bbox 3052 4333 3281 4401; x_wconf 88' lang='lat' dir='ltr'><strong>erravit,</strong></span> <span class='ocrx_word' id='word_1_813' title='bbox 3315 4333 3416 4404; x_wconf 89' lang='lat' dir='ltr'><strong>qui</strong></span> <span class='ocrx_word' id='word_1_814' title='bbox 3451 4331 3859 4387; x_wconf 86' lang='lat' dir='ltr'><strong>tantummodo</strong></span> 
     </span>
    </p>
   </div>
   <div class='ocr_carea' id='block_1_112' title="bbox 2207 4409 3864 4482">
    <p class='ocr_par' dir='ltr' id='par_1_112' title="bbox 2207 4409 3864 4482">
     <span class='ocr_line' id='line_1_112' title="bbox 2207 4409 3864 4482; baseline -0.001 -17"><span class='ocrx_word' id='word_1_815' title='bbox 2207 4412 2496 4468; x_wconf 65' lang='lat' dir='ltr'><strong>daemones</strong></span> <span class='ocrx_word' id='word_1_816' title='bbox 2527 4430 2556 4466; x_wconf 90' lang='lat' dir='ltr'><strong>a</strong></span> <span class='ocrx_word' id='word_1_817' title='bbox 2589 4415 2728 4469; x_wconf 91' lang='lat' dir='ltr'><strong>luna</strong></span> <span class='ocrx_word' id='word_1_818' title='bbox 2757 4418 2814 4468; x_wconf 91' lang='lat' dir='ltr'><strong>et</strong></span> <span class='ocrx_word' id='word_1_819' title='bbox 2841 4412 2994 4468; x_wconf 74' lang='lat' dir='ltr'><strong>intra</strong></span> <span class='ocrx_word' id='word_1_820' title='bbox 3041 4413 3339 4468; x_wconf 88' lang='lat' dir='ltr'><strong>ordinatos</strong></span> <span class='ocrx_word' id='word_1_821' title='bbox 3391 4410 3599 4482; x_wconf 87' lang='lat' dir='ltr'><strong>agitari</strong></span> <span class='ocrx_word' id='word_1_822' title='bbox 3631 4409 3864 4465; x_wconf 90' lang='lat' dir='ltr'><strong>morbis</strong></span> 
     </span>
    </p>
   </div>
   <div class='ocr_carea' id='block_1_113' title="bbox 2208 4491 3872 4565">
    <p class='ocr_par' dir='ltr' id='par_1_113' title="bbox 2208 4491 3872 4565">
     <span class='ocr_line' id='line_1_113' title="bbox 2208 4491 3872 4565; baseline -0.001 -19"><span class='ocrx_word' id='word_1_823' title='bbox 2208 4493 2553 4565; x_wconf 89' lang='lat' dir='ltr'><strong>passionum</strong></span> <span class='ocrx_word' id='word_1_824' title='bbox 2609 4494 2941 4565; x_wconf 90' lang='lat' dir='ltr'><strong>mentisque</strong></span> <span class='ocrx_word' id='word_1_825' title='bbox 2974 4493 3260 4560; x_wconf 90' lang='lat' dir='ltr'><strong>turbellis,</strong></span> <span class='ocrx_word' id='word_1_826' title='bbox 3297 4491 3592 4548; x_wconf 89' lang='lat' dir='ltr'><strong>honorans</strong></span> <span class='ocrx_word' id='word_1_827' title='bbox 3632 4491 3872 4561; x_wconf 83' lang='lat' dir='ltr'><strong>quidem</strong></span> 
     </span>
    </p>
   </div>
   <div class='ocr_carea' id='block_1_114' title="bbox 2208 4570 3878 4645">
    <p class='ocr_par' dir='ltr' id='par_1_114' title="bbox 2208 4570 3878 4645">
     <span class='ocr_line' id='line_1_114' title="bbox 2208 4570 3878 4645; baseline -0.003 -15"><span class='ocrx_word' id='word_1_828' title='bbox 2208 4589 2327 4640; x_wconf 85' lang='lat' dir='ltr'><strong>eos,</strong></span> <span class='ocrx_word' id='word_1_829' title='bbox 2363 4577 2459 4628; x_wconf 88' lang='lat' dir='ltr'><strong>sed</strong></span> <span class='ocrx_word' id='word_1_830' title='bbox 2505 4573 2705 4630; x_wconf 87' lang='lat' dir='ltr'><strong>volens</strong></span> <span class='ocrx_word' id='word_1_831' title='bbox 2751 4574 3071 4645; x_wconf 90' lang='lat' dir='ltr'><strong>nolensque</strong></span> <span class='ocrx_word' id='word_1_832' title='bbox 3119 4573 3426 4628; x_wconf 79' lang='lat' dir='ltr'><strong>confessus</strong></span> <span class='ocrx_word' id='word_1_833' title='bbox 3469 4578 3590 4637; x_wconf 87' lang='lat' dir='ltr'><strong>est;</strong></span> <span class='ocrx_word' id='word_1_834' title='bbox 3619 4570 3760 4626; x_wconf 91' lang='lat' dir='ltr'><strong>deos</strong></span> <span class='ocrx_word' id='word_1_835' title='bbox 3790 4575 3878 4626; x_wconf 87' lang='lat' dir='ltr'><strong>ta-</strong></span> 
     </span>
    </p>
   </div>
   <div class='ocr_carea' id='block_1_115' title="bbox 2274 4726 3874 4789">
    <p class='ocr_par' dir='ltr' id='par_1_115' title="bbox 2274 4726 3874 4789">
     <span class='ocr_line' id='line_1_115' title="bbox 2274 4726 3874 4789; baseline -0.001 -12"><span class='ocrx_word' id='word_1_836' title='bbox 2274 4731 2287 4763; x_wconf 86' lang='grc'>¹</span> <span class='ocrx_word' id='word_1_837' title='bbox 2321 4729 2476 4789; x_wconf 88' lang='lat' dir='ltr'><strong>Editi,</strong></span> <span class='ocrx_word' id='word_1_838' title='bbox 2507 4729 2600 4778; x_wconf 82' lang='lat' dir='ltr'><strong>sed</strong></span> <span class='ocrx_word' id='word_1_839' title='bbox 2623 4738 2816 4778; x_wconf 78' lang='lat' dir='ltr'><strong>contra</strong></span> <span class='ocrx_word' id='word_1_840' title='bbox 2838 4728 3151 4777; x_wconf 83' lang='lat' dir='ltr'><strong>multorum</strong></span> <span class='ocrx_word' id='word_1_841' title='bbox 3182 4729 3403 4776; x_wconf 82' lang='lat' dir='ltr'><strong>deorum</strong></span> <span class='ocrx_word' id='word_1_842' title='bbox 3434 4726 3653 4775; x_wconf 85' lang='lat' dir='ltr'><strong>cultum</strong></span> <span class='ocrx_word' id='word_1_843' title='bbox 3686 4726 3874 4775; x_wconf 84' lang='lat' dir='ltr'><strong>Deum</strong></span> 
     </span>
    </p>
   </div>
   <div class='ocr_carea' id='block_1_116' title="bbox 2209 4790 3876 4854">
    <p class='ocr_par' dir='ltr' id='par_1_116' title="bbox 2209 4790 3876 4854">
     <span class='ocr_line' id='line_1_116' title="bbox 2209 4790 3876 4854; baseline -0.001 -16"><span class='ocrx_word' id='word_1_844' title='bbox 2209 4805 2402 4840; x_wconf 81' lang='lat' dir='ltr'><strong>verum</strong></span> <span class='ocrx_word' id='word_1_845' title='bbox 2449 4807 2560 4840; x_wconf 82' lang='lat' dir='ltr'><strong>non</strong></span> <span class='ocrx_word' id='word_1_846' title='bbox 2620 4793 2788 4842; x_wconf 80' lang='lat' dir='ltr'><strong>libere</strong></span> <span class='ocrx_word' id='word_1_847' title='bbox 2827 4791 3164 4854; x_wconf 80' lang='lat' dir='ltr'><strong>defendebat.</strong></span> <span class='ocrx_word' id='word_1_848' title='bbox 3216 4790 3380 4848; x_wconf 88' lang='lat' dir='ltr'><strong>Istud,</strong></span> <span class='ocrx_word' id='word_1_849' title='bbox 3418 4790 3633 4854; x_wconf 11' lang='lat' dir='ltr'><strong>Deuﬁmg</strong></span> <span class='ocrx_word' id='word_1_850' title='bbox 3654 4803 3876 4854; x_wconf 71' lang='lat' dir='ltr'><strong>verum,</strong></span> 
     </span>
    </p>
   </div>
   <div class='ocr_carea' id='block_1_117' title="bbox 2208 4851 3876 4918">
    <p class='ocr_par' dir='ltr' id='par_1_117' title="bbox 2208 4851 3876 4918">
     <span class='ocr_line' id='line_1_117' title="bbox 2208 4851 3876 4918; baseline -0.002 -16"><span class='ocrx_word' id='word_1_851' title='bbox 2208 4855 2471 4914; x_wconf 79' lang='lat' dir='ltr'><strong>glossema</strong></span> <span class='ocrx_word' id='word_1_852' title='bbox 2503 4858 2599 4910; x_wconf 86' lang='lat' dir='ltr'><strong>est.</strong></span> <span class='ocrx_word' id='word_1_853' title='bbox 2631 4858 2774 4918; x_wconf 89' lang='lat' dir='ltr'><strong>quod</strong></span> <span class='ocrx_word' id='word_1_854' title='bbox 2803 4851 3154 4918; x_wconf 18' lang='lat' dir='ltr'><strong>nonihabent</strong></span> <span class='ocrx_word' id='word_1_855' title='bbox 3195 4853 3565 4914; x_wconf 86' lang='lat' dir='ltr'><strong>manuscripti.</strong></span> <span class='ocrx_word' id='word_1_856' title='bbox 3600 4851 3752 4918; x_wconf 71' lang='lat' dir='ltr'><strong>Ergo,</strong></span> <span class='ocrx_word' id='word_1_857' title='bbox 3781 4851 3876 4918; x_wconf 73' lang='lat' dir='ltr'><strong>de-</strong></span> 
     </span>
    </p>
   </div>
   <div class='ocr_carea' id='block_1_118' title="bbox 2207 4914 3877 5027">
    <p class='ocr_par' dir='ltr' id='par_1_118' title="bbox 2207 4914 3877 5027">
     <span class='ocr_line' id='line_1_118' title="bbox 2207 4914 3877 5027; baseline 0 -63"><span class='ocrx_word' id='word_1_858' title='bbox 2207 4918 2478 5027; x_wconf 52' lang='lat' dir='ltr'><strong>{)endqlbat,</strong></span> <span class='ocrx_word' id='word_1_859' title='bbox 2511 4914 2844 4968; x_wconf 76' lang='lat' dir='ltr'><strong>referendum</strong></span> <span class='ocrx_word' id='word_1_860' title='bbox 2876 4917 2942 4966; x_wconf 91' lang='lat' dir='ltr'><strong>ad</strong></span> <span class='ocrx_word' id='word_1_861' title='bbox 2972 4919 3080 4964; x_wconf 86' lang='lat' dir='ltr'><strong>ista</strong></span> <span class='ocrx_word' id='word_1_862' title='bbox 3116 4928 3254 4979; x_wconf 90' lang='lat' dir='ltr'><strong>quae</strong></span> <span class='ocrx_word' id='word_1_863' title='bbox 3284 4923 3589 4978; x_wconf 80' lang='lat' dir='ltr'><strong>utcumque</strong></span> <span class='ocrx_word' id='word_1_864' title='bbox 3620 4914 3877 4978; x_wconf 77' lang='lat' dir='ltr'><strong>sapiebat</strong></span> 
     </span>
     <span class='ocr_line' id='line_1_119' title="bbox 2249 4994 2552 5027; baseline 0 0"><span class='ocrx_word' id='word_1_865' title='bbox 2249 4994 2343 5027; x_wconf 82' lang='grc' dir='ltr'><strong>ΟῐἹ)</strong></span> <span class='ocrx_word' id='word_1_866' title='bbox 2387 4996 2552 5027; x_wconf 68' lang='grc' dir='ltr'><strong>νῃιιε.</strong></span> 
     </span>
    </p>
   </div>
   <div class='ocr_carea' id='block_1_119' title="bbox 2249 4994 2552 5031">
    <p class='ocr_par' dir='ltr' id='par_1_119' title="bbox 2249 4994 2552 5031">
     <span class='ocr_line' id='line_1_120' title="bbox 2249 4994 2552 5031; baseline 0.007 -2"><span class='ocrx_word' id='word_1_867' title='bbox 2249 4994 2552 5031; x_wconf 71' lang='lat' dir='ltr'><strong>ornnvnus.</strong></span> 
     </span>
    </p>
   </div>
   <div class='ocr_carea' id='block_1_120' title="bbox 2275 4997 3871 5104">
    <p class='ocr_par' dir='ltr' id='par_1_120' title="bbox 2275 4997 3871 5104">
     <span class='ocr_line' id='line_1_121' title="bbox 2275 4997 2552 5030; baseline -0.004 -7"><span class='ocrx_word' id='word_1_868' title='bbox 2275 5000 2279 5023; x_wconf 69' lang='grc' dir='ltr'>ι</span> <span class='ocrx_word' id='word_1_869' title='bbox 2407 4997 2420 5012; x_wconf 50' lang='grc' dir='ltr'>τ</span> <span class='ocrx_word' id='word_1_870' title='bbox 2543 5019 2552 5030; x_wconf 79' lang='grc'><em>,</em></span> 
     </span>
     <span class='ocr_line' id='line_1_122' title="bbox 2275 4997 3871 5104; baseline -0.001 -13"><span class='ocrx_word' id='word_1_871' title='bbox 2275 4997 2643 5104; x_wconf 45' lang='lat' dir='ltr'><strong>iam</strong></span> <span class='ocrx_word' id='word_1_872' title='bbox 2673 5041 2878 5092; x_wconf 68' lang='lat' dir='ltr'><strong>dixisti</strong></span> <span class='ocrx_word' id='word_1_873' title='bbox 2905 5041 3128 5101; x_wconf 83' lang='lat' dir='ltr'><strong>angelos</strong></span> <span class='ocrx_word' id='word_1_874' title='bbox 3152 5041 3252 5103; x_wconf 86' lang='lat' dir='ltr'><strong>qui</strong></span> <span class='ocrx_word' id='word_1_875' title='bbox 3283 5039 3478 5088; x_wconf 81' lang='lat' dir='ltr'><strong>Patris</strong></span> <span class='ocrx_word' id='word_1_876' title='bbox 3508 5039 3871 5104; x_wconf 72' lang='lat' dir='ltr'><strong>annuntiant</strong></span> 
     </span>
    </p>
   </div>
   <div class='ocr_carea' id='block_1_121' title="bbox 2212 5103 3876 5166">
    <p class='ocr_par' dir='ltr' id='par_1_121' title="bbox 2212 5103 3876 5166">
     <span class='ocr_line' id='line_1_123' title="bbox 2212 5103 3876 5166; baseline 0 -15"><span class='ocrx_word' id='word_1_877' title='bbox 2212 5103 2573 5163; x_wconf 80' lang='lat' dir='ltr'><strong>voluntatem,</strong></span> <span class='ocrx_word' id='word_1_878' title='bbox 2599 5107 2664 5155; x_wconf 84' lang='lat' dir='ltr'><strong>ab</strong></span> <span class='ocrx_word' id='word_1_879' title='bbox 2693 5107 2771 5153; x_wconf 79' lang='lat' dir='ltr'><strong>eis</strong></span> <span class='ocrx_word' id='word_1_880' title='bbox 2806 5105 3027 5166; x_wconf 83' lang='lat' dir='ltr'><strong>angelis</strong></span> <span class='ocrx_word' id='word_1_881' title='bbox 3048 5119 3159 5151; x_wconf 84' lang='lat' dir='ltr'><strong>esse</strong></span> <span class='ocrx_word' id='word_1_882' title='bbox 3179 5104 3443 5166; x_wconf 79' lang='lat' dir='ltr'><strong>diversos,</strong></span> <span class='ocrx_word' id='word_1_883' title='bbox 3476 5103 3575 5165; x_wconf 87' lang='lat' dir='ltr'><strong>qui</strong></span> <span class='ocrx_word' id='word_1_884' title='bbox 3591 5103 3662 5151; x_wconf 87' lang='lat' dir='ltr'><strong>ad</strong></span> <span class='ocrx_word' id='word_1_885' title='bbox 3683 5103 3876 5152; x_wconf 82' lang='lat' dir='ltr'><strong>theur-</strong></span> 
     </span>
    </p>
   </div>
   <div class='ocr_carea' id='block_1_122' title="bbox 2209 5167 3364 5231">
    <p class='ocr_par' dir='ltr' id='par_1_122' title="bbox 2209 5167 3364 5231">
     <span class='ocr_line' id='line_1_124' title="bbox 2209 5167 3364 5231; baseline -0.002 -15"><span class='ocrx_word' id='word_1_886' title='bbox 2209 5169 2359 5231; x_wconf 80' lang='lat' dir='ltr'><strong>gicos</strong></span> <span class='ocrx_word' id='word_1_887' title='bbox 2391 5169 2654 5218; x_wconf 86' lang='lat' dir='ltr'><strong>homines.</strong></span> <span class='ocrx_word' id='word_1_888' title='bbox 2687 5169 2780 5218; x_wconf 87' lang='lat' dir='ltr'><strong>Hic</strong></span> <span class='ocrx_word' id='word_1_889' title='bbox 2807 5183 2904 5217; x_wconf 86' lang='lat' dir='ltr'><strong>nos</strong></span> <span class='ocrx_word' id='word_1_890' title='bbox 2931 5169 3212 5216; x_wconf 85' lang='lat' dir='ltr'><strong>haeremus</strong></span> <span class='ocrx_word' id='word_1_891' title='bbox 3241 5167 3364 5214; x_wconf 81' lang='lat' dir='ltr'><strong>Mss.</strong></span> 
     </span>
    </p>
   </div>
   <div class='ocr_carea' id='block_1_123' title="bbox 2275 5228 3727 5294">
    <p class='ocr_par' dir='ltr' id='par_1_123' title="bbox 2275 5228 3727 5294">
     <span class='ocr_line' id='line_1_125' title="bbox 2275 5228 3727 5294; baseline -0.003 -14"><span class='ocrx_word' id='word_1_892' title='bbox 2275 5235 2294 5265; x_wconf 79' lang='grc'>³</span> <span class='ocrx_word' id='word_1_893' title='bbox 2331 5233 2485 5289; x_wconf 87' lang='lat' dir='ltr'><strong>Editi,</strong></span> <span class='ocrx_word' id='word_1_894' title='bbox 2523 5232 2816 5294; x_wconf 81' lang='lat' dir='ltr'><strong>cupientes.</strong></span> <span class='ocrx_word' id='word_1_895' title='bbox 2851 5231 3300 5294; x_wconf 63' lang='lat' dir='ltr'><strong>Emendanturpx</strong></span> <span class='ocrx_word' id='word_1_896' title='bbox 3331 5228 3727 5294; x_wconf 82' lang='lat' dir='ltr'><strong>manuscriptis.</strong></span> 
     </span>
    </p>
   </div>
   <div class='ocr_carea' id='block_1_124' title="bbox 2277 5291 3874 5357">
    <p class='ocr_par' dir='ltr' id='par_1_124' title="bbox 2277 5291 3874 5357">
     <span class='ocr_line' id='line_1_126' title="bbox 2277 5291 3874 5357; baseline -0.001 -15"><span class='ocrx_word' id='word_1_897' title='bbox 2277 5297 2345 5357; x_wconf 82' lang='grc' dir='ltr'><strong>(α)</strong></span> <span class='ocrx_word' id='word_1_898' title='bbox 2378 5291 2637 5344; x_wconf 71' lang='lat' dir='ltr'><strong>Mitiorein</strong></span> <span class='ocrx_word' id='word_1_899' title='bbox 2665 5296 2803 5342; x_wconf 90' lang='lat' dir='ltr'><strong>hanc</strong></span> <span class='ocrx_word' id='word_1_900' title='bbox 2828 5293 3190 5357; x_wconf 82' lang='lat' dir='ltr'><strong>Augustinide</strong></span> <span class='ocrx_word' id='word_1_901' title='bbox 3219 5291 3517 5357; x_wconf 78' lang='lat' dir='ltr'><strong>Porphyrio</strong></span> <span class='ocrx_word' id='word_1_902' title='bbox 3547 5291 3874 5357; x_wconf 80' lang='lat' dir='ltr'><strong>sententiam</strong></span> 
     </span>
    </p>
   </div>
   <div class='ocr_carea' id='block_1_125' title="bbox 2211 5354 3874 5418">
    <p class='ocr_par' dir='ltr' id='par_1_125' title="bbox 2211 5354 3874 5418">
     <span class='ocr_line' id='line_1_127' title="bbox 2211 5354 3874 5418; baseline -0.001 -12"><span class='ocrx_word' id='word_1_903' title='bbox 2211 5354 2336 5406; x_wconf 86' lang='lat' dir='ltr'><strong>esse</strong></span> <span class='ocrx_word' id='word_1_904' title='bbox 2354 5359 2721 5407; x_wconf 88' lang='lat' dir='ltr'><strong>demonstrant</strong></span> <span class='ocrx_word' id='word_1_905' title='bbox 2745 5357 2971 5418; x_wconf 89' lang='lat' dir='ltr'><strong>plurima</strong></span> <span class='ocrx_word' id='word_1_906' title='bbox 3000 5356 3252 5404; x_wconf 86' lang='lat' dir='ltr'><strong>historiae</strong></span> <span class='ocrx_word' id='word_1_907' title='bbox 3272 5354 3658 5418; x_wconf 67' lang='lat' dir='ltr'><strong>ecclesiasticae</strong></span> <span class='ocrx_word' id='word_1_908' title='bbox 3675 5355 3874 5416; x_wconf 78' lang='lat' dir='ltr'><strong>scripta</strong></span> 
     </span>
    </p>
   </div>
   <div class='ocr_carea' id='block_1_126' title="bbox 2211 5416 3870 5481">
    <p class='ocr_par' dir='ltr' id='par_1_126' title="bbox 2211 5416 3870 5481">
     <span class='ocr_line' id='line_1_128' title="bbox 2211 5416 3870 5481; baseline -0.001 -12"><span class='ocrx_word' id='word_1_909' title='bbox 2211 5423 2264 5469; x_wconf 90' lang='lat' dir='ltr'><strong>et</strong></span> <span class='ocrx_word' id='word_1_910' title='bbox 2291 5423 2652 5473; x_wconf 85' lang='lat' dir='ltr'><strong>monumenta,</strong></span> <span class='ocrx_word' id='word_1_911' title='bbox 2683 5416 2762 5469; x_wconf 70' lang='lat' dir='ltr'><strong>ei</strong></span> <span class='ocrx_word' id='word_1_912' title='bbox 2777 5420 2973 5481; x_wconf 89' lang='lat' dir='ltr'><strong>quibus</strong></span> <span class='ocrx_word' id='word_1_913' title='bbox 3012 5419 3280 5479; x_wconf 80' lang='lat' dir='ltr'><strong>colligitur</strong></span> <span class='ocrx_word' id='word_1_914' title='bbox 3326 5416 3685 5481; x_wconf 80' lang='lat' dir='ltr'><strong>Porphyrium</strong></span> <span class='ocrx_word' id='word_1_915' title='bbox 3719 5420 3870 5481; x_wconf 72' lang='lat' dir='ltr'><strong>ultro</strong></span> 
     </span>
    </p>
   </div>
   <div class='ocr_carea' id='block_1_127' title="bbox 2211 5478 3870 5543">
    <p class='ocr_par' dir='ltr' id='par_1_127' title="bbox 2211 5478 3870 5543">
     <span class='ocr_line' id='line_1_129' title="bbox 2211 5478 3870 5543; baseline -0.002 -13"><span class='ocrx_word' id='word_1_916' title='bbox 2211 5496 2308 5532; x_wconf 87' lang='lat' dir='ltr'><strong>nec</strong></span> <span class='ocrx_word' id='word_1_917' title='bbox 2335 5498 2492 5533; x_wconf 80' lang='lat' dir='ltr'><strong>verae</strong></span> <span class='ocrx_word' id='word_1_918' title='bbox 2521 5478 3123 5543; x_wconf 54' lang='lat' dir='ltr'><strong>religionis—dogmatum</strong></span> <span class='ocrx_word' id='word_1_919' title='bbox 3151 5478 3439 5543; x_wconf 15' lang='lat' dir='ltr'><strong>ullogmodp</strong></span> <span class='ocrx_word' id='word_1_920' title='bbox 3464 5479 3692 5543; x_wconf 63' lang='lat' dir='ltr'><strong>inscium</strong></span> <span class='ocrx_word' id='word_1_921' title='bbox 3709 5478 3870 5543; x_wconf 78' lang='lat' dir='ltr'><strong>Clu-i-</strong></span> 
     </span>
    </p>
   </div>
   <div class='ocr_carea' id='block_1_128' title="bbox 2193 5540 3873 5603">
    <p class='ocr_par' dir='ltr' id='par_1_128' title="bbox 2193 5540 3873 5603">
     <span class='ocr_line' id='line_1_130' title="bbox 2193 5540 3873 5603; baseline -0.001 -10"><span class='ocrx_word' id='word_1_922' title='bbox 2193 5547 2416 5595; x_wconf 44' lang='lat' dir='ltr'><strong>‘stianos</strong></span> <span class='ocrx_word' id='word_1_923' title='bbox 2441 5540 2785 5595; x_wconf 66' lang='lat' dir='ltr'><strong>lacessivisse.</strong></span> <span class='ocrx_word' id='word_1_924' title='bbox 2824 5540 2968 5594; x_wconf 70' lang='lat' dir='ltr'><strong>Cant.</strong></span> <span class='ocrx_word' id='word_1_925' title='bbox 3003 5543 3221 5597; x_wconf 90' lang='lat' dir='ltr'><strong>Socrat.,</strong></span> <span class='ocrx_word' id='word_1_926' title='bbox 3262 5542 3356 5590; x_wconf 90' lang='lat' dir='ltr'><strong>lib.</strong></span> <span class='ocrx_word' id='word_1_927' title='bbox 3388 5540 3438 5600; x_wconf 90' lang='lat'><strong>3,</strong></span> <span class='ocrx_word' id='word_1_928' title='bbox 3475 5553 3591 5603; x_wconf 88' lang='lat' dir='ltr'><strong>cap.</strong></span> <span class='ocrx_word' id='word_1_929' title='bbox 3626 5540 3719 5601; x_wconf 82' lang='lat'><strong>23;</strong></span> <span class='ocrx_word' id='word_1_930' title='bbox 3754 5542 3873 5593; x_wconf 76' lang='lat' dir='ltr'><strong>Sui-</strong></span> 
     </span>
    </p>
   </div>
   <div class='ocr_carea' id='block_1_129' title="bbox 2213 5609 2706 5671">
    <p class='ocr_par' dir='ltr' id='par_1_129' title="bbox 2213 5609 2706 5671">
     <span class='ocr_line' id='line_1_131' title="bbox 2213 5609 2706 5671; baseline 0 -15"><span class='ocrx_word' id='word_1_931' title='bbox 2213 5610 2354 5671; x_wconf 89' lang='lat' dir='ltr'><strong>dam,</strong></span> <span class='ocrx_word' id='word_1_932' title='bbox 2380 5612 2432 5658; x_wconf 89' lang='lat' dir='ltr'><strong>et</strong></span> <span class='ocrx_word' id='word_1_933' title='bbox 2459 5609 2593 5657; x_wconf 89' lang='lat' dir='ltr'><strong>alios</strong></span> <span class='ocrx_word' id='word_1_934' title='bbox 2641 5609 2706 5657; x_wconf 86' lang='lat' dir='ltr'><strong>M.</strong></span> 
     </span>
    </p>
   </div>
   <div class='ocr_carea' id='block_1_130' title="bbox 2276 5666 3796 5734">
    <p class='ocr_par' dir='ltr' id='par_1_130' title="bbox 2276 5666 3796 5734">
     <span class='ocr_line' id='line_1_132' title="bbox 2276 5666 3796 5734; baseline 0.002 -15"><span class='ocrx_word' id='word_1_935' title='bbox 2276 5666 2349 5734; x_wconf 56' lang='grc' dir='ltr'><strong>(ὁ)</strong></span> <span class='ocrx_word' id='word_1_936' title='bbox 2379 5671 2526 5721; x_wconf 76' lang='lat' dir='ltr'><strong>Cont.</strong></span> <span class='ocrx_word' id='word_1_937' title='bbox 2557 5671 2744 5724; x_wconf 85' lang='lat' dir='ltr'><strong>Euseb.</strong></span> <span class='ocrx_word' id='word_1_938' title='bbox 2776 5671 2870 5720; x_wconf 84' lang='lat' dir='ltr'><strong>lib.</strong></span> <span class='ocrx_word' id='word_1_939' title='bbox 2901 5671 3194 5734; x_wconf 66' lang='lat' dir='ltr'><strong>tPraepar.</strong></span> <span class='ocrx_word' id='word_1_940' title='bbox 3226 5680 3437 5732; x_wconf 75' lang='lat' dir='ltr'><strong>evan3.,</strong></span> <span class='ocrx_word' id='word_1_941' title='bbox 3458 5679 3608 5732; x_wconf 86' lang='lat' dir='ltr'><strong>capp.</strong></span> <span class='ocrx_word' id='word_1_942' title='bbox 3636 5666 3686 5731; x_wconf 83' lang='lat'><strong>9,</strong></span> <span class='ocrx_word' id='word_1_943' title='bbox 3718 5667 3796 5722; x_wconf 79' lang='grc'><strong>10.</strong></span> 
     </span>
    </p>
   </div>
  </div>
