4128 6184
325 330 442 392 305

327 478 448 518 men
483 462 606 519 cceli
641 465 961 535 superiores
997 465 1064 521 ad
1095 465 1329 522 aetheria
1360 466 1548 537 spatia
1596 466 1970 538 pertinentes,

323 541 434 598 sive
483 543 769 611 visibiles,
819 562 965 617 quos
1019 547 1366 616 conspicuos
1425 548 1617 603 lucere
1675 545 1970 610 cernebat,

321 621 500 678 solem
534 641 601 680 ac
631 624 831 681 lunam
855 630 912 680 et
932 630 1137 682 caetera
1166 627 1380 684 ibidem
1415 629 1661 695 lumina,
1690 628 1809 681 sive
1833 623 1974 678 invi-

321 703 520 760 sibiles
553 722 698 775 quos
731 706 990 776 putabat,
1015 707 1085 761 ab
1111 709 1268 762 omni
1303 707 1430 763 labe
1462 709 1706 763 istarum
1743 710 1970 778 pertur-

322 783 625 840 bationum
661 784 678 818 ί
721 791 935 855 quanta
991 787 1179 856 potuit
1229 788 1626 858 disputatione
1676 785 1920 842 secrevit
1949 783 1972 817 ²

316 863 408 932 (οε
449 864 547 919 deo
594 865 880 933 Socratis).
930 865 1012 922 Tu
1063 870 1256 923 autem
1309 867 1416 924 hoc
1475 868 1730 923 didicisti
1784 882 1898 920 non
1938 883 1969 919 a

314 942 574 1014 Platone,
609 947 706 1001 sed
743 963 776 1001 a
807 946 1091 1003 Chaldaeis
1126 949 1418 1017 magistris
1448 950 1488 1017 ⁸,
1525 954 1586 1005 ut
1616 950 1674 1004 in
1704 947 1968 1004 aetherias

316 1023 395 1078 vel
447 1041 753 1097 empyreas
803 1027 1010 1082 mundi
1059 1028 1452 1086 sublimitates
1501 1035 1558 1086 et
1596 1030 1968 1084 ﬁrmamenta

316 1104 568 1161 ccelestia
618 1103 922 1163 extolleres
976 1109 1112 1164 vitia
1170 1109 1449 1180 humana,
1495 1115 1554 1166 ut
1604 1114 1838 1182 possent
1886 1108 1964 1163 dii

309 1185 488 1240 vestri
539 1185 800 1258 theurgis
834 1189 1214 1257 pronuntiare
1245 1189 1476 1246 divina:
1505 1190 1717 1262 quibus
1748 1188 1964 1244 divinis

313 1274 360 1321 te
392 1272 588 1323 tamen
624 1285 725 1338 per
755 1268 1211 1324 intellectualem
1265 1269 1440 1325 vitam
1493 1271 1635 1326 facis
1674 1270 1960 1337 altiorem,

309 1350 372 1402 ut
411 1347 519 1401 tibi
577 1347 850 1404 videlicet
906 1354 1182 1420 tanquam
1245 1349 1591 1422 philosopho
1649 1350 1960 1421 theurgicse

303 1427 446 1482 artis
470 1428 845 1500 purgationes
868 1446 1242 1501 nequaquam
1267 1432 1602 1486 necessariae
1623 1431 1956 1500 videantur;

297 1509 391 1564 sed
447 1510 581 1565 aliis
611 1527 711 1566 eas
745 1519 936 1566 tamen
991 1512 1296 1581 importes,
1330 1520 1390 1566 ut
1421 1512 1570 1567 hanc
1600 1511 1777 1566 veluti
1813 1527 1959 1565 mer-

296 1590 500 1645 cedem
535 1591 744 1646 reddas
801 1591 1102 1661 magistris
1133 1592 1276 1656 tuis,
1309 1592 1463 1662 quod
1496 1609 1595 1648 eos
1627 1593 1725 1662 qui
1764 1589 1959 1661 philo-—

293 1670 535 1742 sophari
596 1688 712 1727 non
771 1676 1040 1742 possunt,
1093 1673 1163 1727 ad
1214 1671 1328 1727 ista
1382 1674 1633 1742 seducis,
1681 1689 1806 1744 quae
1848 1672 1958 1727 tibi

295 1755 584 1822 tanquam
635 1753 1005 1822 superiorum
1056 1752 1255 1823 capaci
1304 1769 1433 1808 esse
1481 1753 1717 1808 inutilia
1767 1753 1952 1806 conﬁ-

286 1830 468 1896 teris;
495 1835 560 1886 ut
592 1830 857 1888 videlicet
887 1832 1245 1903 quicumque
1276 1851 1309 1887 a
1339 1832 1719 1904 philosophia
1742 1833 1954 1887 virtute

286 1911 503 1966 remoti
555 1917 714 1980 sunt,
763 1929 888 1983 quas
934 1913 1118 1967 ardua
1170 1913 1348 1968 nimis
1400 1922 1574 1984 atque
1633 1929 1950 1982 paucorum

282 1999 391 2057 est,
451 1995 505 2046 te
555 1997 790 2048 auctore
839 1991 1120 2064 theurgos
1171 1992 1459 2060 homines,
1494 2011 1527 2048 a
1566 1993 1779 2065 quibus
1834 2008 1948 2047 non

281 2070 526 2140 quidem
580 2072 638 2126 in
681 2073 880 2128 anima
927 2072 1322 2139 intellectuali,
1375 2089 1577 2128 verum
1629 2074 1836 2128 saltem
1888 2072 1947 2126 in

278 2149 492 2206 anima
521 2151 810 2222 spirituali
849 2163 1189 2224 purgentur,
1222 2153 1557 2223 inquirant;
1581 2157 1638 2206 et
1669 2152 1942 2223 quoniam

271 2228 538 2285 istorum
583 2246 726 2298 quos
779 2230 1174 2301 philosophari
1207 2231 1383 2302 piget,
1413 2229 1949 2300 incomparabiliter

268 2306 479 2376 major
503 2311 589 2360 est
621 2307 960 2371 multitudo,
996 2308 1192 2377 plures
1224 2309 1292 2363 ad
1329 2317 1580 2363 secretos
1628 2315 1684 2363 et
1715 2307 1948 2363 illicitos

262 2384 607 2455 magistros
640 2390 794 2452 tuos,
820 2403 994 2454 quam
1028 2387 1098 2440 ad
1133 2387 1363 2441 scholas
1395 2386 1722 2442 Platonicas
1751 2388 1946 2442 venire

259 2466 597 2532 cogantur.
630 2463 747 2518 Hoc
778 2464 934 2518 enim
982 2464 1088 2519 tibi
1134 2465 1596 2520 i'mmundissimi
1629 2467 1940 2533 daemones,

253 2541 422 2597 deos
449 2542 714 2599 aetherios
735 2561 798 2600 se
820 2559 947 2600 esse
978 2544 1290 2617 ﬁngentes,
1316 2563 1567 2618 quorum
1603 2547 1945 2618 praedicator

249 2630 307 2677 el
375 2622 631 2693 angelus
689 2624 869 2679 lactus
926 2640 988 2679 es
1051 2627 1146 2696 (α),
1208 2627 1637 2697 promiserunt;
1681 2627 1834 2698 quod
1881 2629 1938 2682 in

253 2701 480 2756 anima.
510 2701 801 2772 spirituali
835 2703 1140 2776 theurgica
1168 2710 1290 2760 arte
1321 2707 1576 2777 purgati,
1609 2708 1682 2762 ad
1713 2709 1937 2763 Patrem

247 2780 520 2853 quidem
556 2783 962 2850 non-redeunt,
997 2785 1096 2838 sed
1131 2801 1310 2854 super
1338 2786 1524 2840 aerias
1554 2786 1752 2856 plagas
1785 2790 1938 2842 inter

255 2861 404 2917 deos
433 2862 706 2918 aetherios
738 2863 1108 2918 habitabant.
1143 2867 1262 2920 Non
1297 2865 1456 2920 audit
1488 2867 1594 2920 ista
1625 2866 1932 2924 hominum

255 2941 622 3011 multitudo,
682 2948 915 3014 propter
963 2960 1108 3014 quos
1155 2962 1187 2998 a
1235 2945 1566 2999 daemonum
1625 2947 1930 3002 dominatu

254 3019 612 3076 liberandos
661 3022 924 3077 Christus
976 3023 1228 3077 advenit.
1272 3024 1332 3078 In
1365 3023 1464 3079 illo
1506 3025 1660 3080 enim
1712 3025 1932 3082 habent

258 3101 902 3157 misericordissimam
955 3103 1354 3175 purgationem
1387 3111 1440 3158 et
1473 3105 1682 3160 mentis
1712 3112 1770 3160 et
1801 3107 1930 3177 spi—

209 3205 216 3236 l
255 3184 417 3239 ritus
449 3186 516 3237 et
550 3185 806 3254 corporis
829 3184 938 3238 sui.
964 3184 1268 3255 Propterea
1291 3184 1506 3257 quippe
1529 3191 1710 3241 totum
1742 3187 1928 3243 homi-

254 3279 387 3319 nem
417 3263 562 3319 sine
588 3270 819 3336 peccato
842 3264 938 3320 ille
964 3266 1241 3335 suscepit,
1269 3271 1332 3320 ut
1353 3271 1535 3322 totum
1561 3284 1677 3338 quo
1699 3272 1930 3324 constat

253 3344 464 3413 homo,
537 3361 572 3399 a
629 3350 999 3414 peccatorum
1068 3351 1230 3416 peste
1301 3353 1556 3403 sanaret.
1616 3349 1792 3412 Quem
1862 3354 1926 3404 tu

246 3441 504 3496 quoque
541 3423 766 3478 utinam
802 3426 1197 3496 cognovisses,
1222 3428 1391 3496 eique
1423 3436 1473 3480 te
1502 3429 1714 3498 potius,
1749 3444 1926 3496 quam

242 3507 327 3559 vel
384 3512 516 3560 tute
576 3506 794 3570 virtuti,
830 3523 952 3576 qua:
1002 3507 1284 3574 humana,
1329 3507 1550 3577 fragilis
1594 3513 1650 3560 et
1692 3507 1927 3562 inﬁrma

243 3589 350 3651 est,
375 3586 475 3641 vel
500 3585 1022 3658 perniciosissima:
1043 3586 1366 3641 curiositati
1389 3587 1716 3640 sanandum
1741 3587 1927 3641 tutius

243 3667 687 3721 commisisses.
714 3667 838 3723 Non
871 3667 1027 3722 enim
1053 3673 1108 3721 te
1139 3666 1484 3737 decepisset,
1510 3681 1681 3737 quem
1713 3671 1924 3734 vestra,

242 3750 303 3800 ut
325 3751 393 3802 tu
418 3747 572 3819 ipse
600 3747 828 3816 scribis,
851 3747 1087 3803 oracula
1119 3752 1385 3801 sanctum
1419 3745 1926 3816 immortalemque

235 3828 529 3884 confessa
573 3832 714 3882 sunt
736 3827 842 3898 (b).
869 3832 944 3882 De
964 3844 1077 3898 quo
1109 3828 1276 3882 etiam
1305 3830 1472 3897 poeta
1496 3825 1920 3895 nobilissimus,

237 3909 471 3976 poetice
525 3907 801 3979 quidem,
832 3909 973 3980 quia
1013 3909 1070 3963 in
1123 3907 1362 3961 alterius
1411 3907 1754 3961 adumbrata
1804 3924 1926 3978 per-

235 4003 403 4058 sona,
444 3988 751 4046 veraciter
791 3994 1012 4059 tamen,
1046 3989 1094 4044 si
1132 3989 1204 4044 ad
1236 3988 1432 4060 ipsum
1469 3988 1702 4050 referas,
1738 3988 1920 4054 dixit;

285 4147 354 4196 Te
386 4145 574 4202 duce,
606 4144 651 4193 si
680 4158 788 4209 qua
827 4145 1049 4209 manent
1075 4144 1287 4209 sceleris
1318 4143 1544 4205 vestigia
1577 4144 1764 4203 nostri,

287 4209 456 4260 Irrita
488 4207 770 4273 perpetua
798 4209 1008 4258 solvent
1031 4207 1313 4256 formidine
1344 4210 1528 4256 terras.

697 4287 935 4349 (Virgil.
968 4286 1158 4348 Eulog.
1190 4288 1236 4345 4,
1283 4302 1425 4335 vers.
1462 4285 1535 4341 13,
1568 4285 1667 4346 14.)

231 4434 300 4487 Ea
329 4435 582 4506 quippe
614 4431 783 4495 dixit,
816 4447 944 4501 quas
985 4431 1160 4486 etiam
1196 4432 1444 4490 multum
1490 4432 1919 4504 proficientium

232 4510 282 4569 in
313 4520 558 4571 virtute
578 4512 831 4583 justitiaa
863 4515 1127 4582 possunt,
1155 4517 1384 4583 propter
1405 4513 1578 4583 hujus
1603 4515 1730 4569 vitae
1757 4513 1917 4567 infir-

233 4597 536 4666 mitatem,
569 4593 688 4652 etsi
720 4610 833 4650 non
867 4594 1104 4661 scelera,
1129 4593 1419 4650 scelerum
1452 4599 1648 4651 tamen
1683 4611 1919 4650 manere

232 4680 510 4754 vestigia,
551 4693 689 4751 quea
741 4675 973 4733 nonnisi
1022 4677 1092 4731 ab
1141 4675 1242 4732 illo
1291 4677 1580 4733 Salvatore
1609 4682 1914 4745 sanantur,

232 4761 299 4816 de
337 4778 467 4832 quo
524 4761 656 4815 iste
687 4772 887 4812 versus
932 4773 1236 4827 expressus
1267 4761 1374 4813 est.
1407 4757 1550 4812 Nam
1583 4757 1693 4813 hoc
1723 4758 1918 4827 utique

233 4855 342 4896 non
376 4859 413 4897 a
448 4857 524 4897 se
562 4840 700 4911 ipso
730 4852 789 4892 se
820 4836 1035 4893 dixisse
1065 4836 1347 4908 Virgilius
1377 4837 1436 4891 in
1467 4837 1692 4909 Eclogze
1725 4839 1912 4909 ipsius

231 4930 434 4990 quarto
472 4923 682 4976 ferme
709 4933 880 4974 versu
908 4916 1148 4981 indicat,
1185 4917 1282 4972 ubi
1316 4916 1392 4971 ait
1421 4933 1433 4970 :

315 5064 538 5116 Ultima
571 5061 795 5112 Cumaei
825 5061 973 5110 venit
1001 5061 1110 5123 iam
1147 5059 1398 5110 carminis
1427 5061 1592 5112 aetas.

279 5289 298 5329 ι
347 5286 526 5338 κάλει.
587 5281 1086 5344 perturbationum
1135 5281 1369 5339 alienos,
1395 5282 1571 5340 Abest,
1624 5281 1854 5344 alienos,
1880 5297 1913 5333 θ,

225 5348 718 5418 ψαιστὶρὲίξο--
823 5409 846 5418 -
911 5407 947 5418 ..
1042 5407 1081 5418 ..

278 5412 299 5448 ³
319 5415 406 5462 Ita
437 5407 642 5462 nostri
669 5409 788 5458 Mss.
823 5409 884 5458 In
911 5407 989 5462 B.,
1022 5407 1300 5455 discrevit.
1334 5407 1399 5454 M.

282 5478 301 5511 ³
330 5475 486 5526 Editi
522 5473 765 5534 addunt,
798 5472 931 5519 tuis.

277 5604 356 5700 $2?
382 5597 1090 5700 Sf:’-..§E:°‘iihpﬁt°"$s
1110 5607 1320 5700 “2’38"
1351 5594 1444 5644 “b'
1475 5596 1524 5654 "
1554 5607 1666 5658 “1"
1696 5598 1744 5646 ⁴’

301 5656 348 5728 ej
382 5665 522 5714 για.
560 5661 736 5737 intra,
769 5659 861 5708 lib.
888 5656 1108 5719 19,‘cap.
1143 5656 1221 5708 23.

286 5711 294 5724 ‘i

1742 332 1974 417 [sese
2013 331 2392 398 DECIMUS.

3603 360 3720 421 306

2085 462 2246 520 Unde
2295 467 2403 524 hoc
2433 473 2721 532 aCumtea
2766 476 2983 547 Sybilla
3031 480 3252 537 dictum
3303 500 3432 541 esse
3479 487 3719 547 incunc-

2078 548 2272 636 tanter
2301 556 2555 620 apparet.
2591 554 2842 625 Theurgi
2875 574 3004 613 vero
3039 560 3140 627 illi,
3176 563 3256 617 vel
3293 568 3481 636 potius
3512 569 3719 627 daemo-

2079 641 2200 718 nes,
2225 629 2464 685 deorum
2490 637 2711 702 species
2738 637 3065 718 ﬁgurasque
3091 629 3391 715 fingentes,
3410 647 3719 718 inquinant

2077 713 2270 792 potius
2303 726 2476 781 quam
2531 725 2774 783 purgant
2816 717 3136 776 humanum
3169 713 3433 792 spiritum
3471 713 3716 787 falsitate

2074 790 2550 860 phantasmatum
2576 802 2633 851 et
2655 799 2980 868 deceptoria
3013 790 3288 857 venarum
3322 806 3718 869 ludiﬁcatione

2075 872 2404 960 formarum.
2436 874 2732 960 Quomodo
2773 881 2926 960 enim
2980 890 3224 952 purgent
3265 885 3514 942 hominis
3546 893 3716 960 spiri-

2073 954 2220 1042 tum,
2254 953 2351 1023 qui
2379 954 2758 1042 immundum
2804 959 3036 1042 habent
3067 964 3362 1042 proprium
3386 966 3412 1019 Ἰ
3441 953 3713 1042 Alioquin

2074 1030 2228 1120 pullo
2263 1033 2433 1120 modo
2467 1036 2829 1094 carminibus
2860 1039 3042 1094 invidi
3068 1030 3329 1098 hominis
3373 1030 3712 1120 ligarentur,

2068 1109 2380 1193 ipsumque
2412 1115 2583 1171 inane
2616 1119 2960 1174 beneficium
2987 1123 3136 1191 quod
3164 1109 3533 1193 praestaturi1
3557 1109 3714 1184 vide;

2067 1191 2302 1260 bantur,
2335 1200 2433 1249 aut
2465 1202 2621 1252 metu
2657 1207 3001 1269 premerent,
3038 1210 3138 1258 aut
3165 1191 3354 1261 vsimili
3394 1207 3717 1266 invidentia

2067 1273 2459 1362 denegarent._
2490 1279 2715 1335 Sufﬁcit
2767 1284 2920 1352 quod
2984 1285 3328 1355 purgatione
3388 1288 3712 1362 theurgica,

2068 1371 2253 1428 neque
2304 1358 2752 1418 intellectualem
2812 1365 3091 1434 animam,
3147 1368 3253 1422 hoc
3305 1375 3395 1426 est
3453 1358 3749 1442 menter!”

2065 1441 2350 1521 nostram,
2375 1441 2519 1495 dicis
2545 1459 2712 1512 posse
2739 1447 2994 1516 purgari,
3019 1455 3074 1500 et
3095 1447 3282 1518 ipsam
3317 1451 3709 1521 spiritualem,

2063 1517 2230 1602 idest
2254 1525 2456 1574 nostras
2485 1523 2688 1579 animae
2713 1531 2934 1594 partem
2958 1517 3147 1582 mente
3167 1517 3518 1601 inferiorem,
3535 1517 3708 1602 quam

2062 1599 2162 1652 tali
2195 1609 2314 1654 arte
2347 1603 2581 1672 purgari
2614 1621 2781 1673 posse
2814 1609 3046 1672 asseris,
3079 1609 3468 1666 immortalem
3505 1599 3709 1670 tamen

2060 1685 2456 1752 aeternamque
2506 1700 2619 1738 non
2667 1701 2837 1754 posse
2887 1685 2996 1743 hac
3039 1698 3157 1744 arte
3208 1690 3330 1745 fieri
3389 1692 3702 1750 conﬁteris.

2058 1760 2322 1817 Christus
2351 1769 2541 1819 autem
2578 1766 2752 1820 vitam
2779 1769 3066 1836 promittit
3100 1776 3413 1830 aaternam:
3449 1774 3603 1828 unde
3634 1775 3705 1830 ad

2057 1859 2186 1898 eum
2236 1847 2514 1915 mundus,
2553 1846 2710 1902 vobis
2751 1848 2986 1918 quidem
3038 1851 3561 1923 stomachantibue,
3597 1857 3705 1910 mi-

2057 1924 2321 1979 rantibus
2378 1931 2570 1981 tamen
2626 1930 3113 2001 stUpentibusque
3181 1933 3494 1990 concurrit.
3553 1934 3702 2001 Quid

2056 2004 2293 2074 prodest
2330 2006 2468 2076 quia
2517 2022 2730 2077 negare
2769 2025 2882 2062 non
2925 2010 3159 2079 potuisti
3204 2027 3393 2068 errare
3436 2014 3701 2068 homines

2054 2084 2354 2153 theurgica
2399 2086 2728 2156 disciplina,
2762 2094 2817 2142 et
2849 2105 3024 2159 quam
3058 2091 3345 2160 plurimos
3377 2092 3569 2148 fallere
3600 2111 3701 2165 per

2054 2180 2264 2219 caecam
2300 2165 2795 2237 insipientemque
2827 2171 3195 2235 sententiam,
3218 2176 3393 2241 atque
3423 2188 3550 2227 esse
3583 2190 3701 2229 cer-

2053 2244 2347 2300 tissimum
2379 2261 2648 2312 errorem,
2682 2250 2907 2318 agendo
2938 2254 2994 2303 et
3025 2249 3407 2320 supplicando
3440 2253 3510 2308 ad
3547 2253 3703 2323 prin-

2052 2326 2209 2396 cipes
2254 2326 2610 2396 angelosque
2659 2329 2999 2396 decurrere;
3039 2335 3095 2384 et
3139 2347 3394 2397 rursum,
3427 2334 3593 2402 quasi
3629 2351 3700 2392 ne

2052 2421 2280 2476 operam
2328 2405 2651 2475 perdidisse
2695 2407 2944 2462 videaris
2987 2409 3094 2462 ista
3133 2409 3410 2467 discendo
3439 2412 3480 2476 ²,
3518 2413 3701 2470 mittis

2053 2487 2320 2544 homines
2351 2487 2421 2540 ad
2455 2487 2754 2559 theurgos,
2790 2492 2852 2542 ut
2883 2505 2985 2560 per
3015 2505 3113 2544 eos
3145 2491 3336 2546 anima
3375 2492 3699 2564 spiritualis

2049 2571 2326 2639 purgetur
2355 2566 2612 2632 illorum,
2637 2568 2736 2639 qui
2760 2584 2873 2624 non
2897 2569 3223 2624 secundum
3248 2571 3700 2630 intellectualem

2047 2648 2304 2704 animam
2337 2648 2583 2702 vivunt?

2043 2807 2272 2863 CAPUT
2293 2807 2540 2864 XXVIII.
2571 2839 2635 2850 —
2659 2808 2865 2876 Quibus
2885 2810 3336 2879 persuasionibus
3351 2814 3700 2885 Porphyrius

2112 2888 2405 2944 obccrsalus
2436 2905 2540 2943 non
2567 2891 2816 2960 poluerit
2839 2906 3020 2946 veram
3055 2891 3404 2962 sapientiam,
3442 2893 3584 2963 quod
3620 2907 3702 2954 est

2110 2968 2376 3038 Christus,
2421 2985 2738 3038 agnoscere.

2128 3105 2304 3161 Mittis
2370 3105 2780 3176 ergohomines
2851 3106 2914 3163 in
2993 3109 3690 3168 erroremcertissimum.

2036 3184 2234 3257 Neque
2269 3185 2376 3242 hoc
2410 3192 2637 3241 tantum
2683 3186 2904 3242 malum
2956 3191 3012 3243 te
3043 3191 3242 3259 pudet,
3291 3207 3422 3246 cum
3461 3190 3700 3245 virtutis

2036 3269 2090 3319 et
2121 3266 2420 3334 sapientiae
2464 3266 2786 3336 profitearis
2828 3273 3140 3324 amatorem
3172 3268 3214 3324 ³.
3249 3271 3434 3334 Quam
3467 3270 3516 3326 si
3571 3286 3701 3326 vere

2035 3360 2100 3399 ac
2135 3346 2379 3401 fideliter
2407 3363 2686 3409 amasses.
2720 3346 3017 3402 Christum
3055 3349 3148 3402 Dei
3191 3350 3464 3405 virtutem
3501 3355 3558 3405 et
3591 3350 3693 3407 Dei

2037 3426 2381 3495 Sapientiam
2433 3427 2824 3496 cognovisses,
2868 3442 2973 3481 nec
3023 3429 3093 3481 ab
3126 3430 3253 3497 ejus
3312 3428 3698 3487 saluberrima

2037 3502 2361 3558 humilitate
2391 3509 2617 3560 tumore
2641 3503 2875 3558 inﬂatus
2898 3521 3053 3559 vanae
3086 3507 3338 3560 scientias
3370 3508 3698 3565 resiluisses

2031 3584 2134 3653 (a).
2167 3583 2466 3638 Conﬁteris
2489 3588 2684 3639 tamen
2707 3583 2880 3637 etiam
2904 3585 3260 3654 spiritualem
3287 3585 3542 3640 animam
3569 3588 3697 3642 sine

2035 3663 2347 3731 tbeurgicis
2389 3663 2608 3718 artibus
2658 3667 2713 3716 et
2759 3663 2886 3716 sine
2935 3664 3146 3732 teletis,
3205 3666 3422 3736 quibus
3480 3666 3696 3724 frustra

2033 3742 2327 3798 discendis
2348 3743 2680 3808 elaborasti,
2708 3759 2872 3812 posse
2904 3744 3283 3800 continentiae
3316 3745 3528 3801 virtute
3550 3763 3692 3818 pur-

2033 3825 2173 3896 gari.
2208 3824 2527 3893 Aliquando
2555 3825 2728 3878 etiam
2778 3825 2946 3891 dicis,
2979 3826 3129 3893 quod
3181 3825 3362 3880 teletae
3404 3843 3520 3881 non
3556 3835 3690 3897 post

2034 3903 2280 3961 mortem
2322 3905 2545 3959 elevant
2591 3906 2849 3960 animam
2884 3923 2897 3973 ;
2946 3909 3007 3959 ut
3030 3905 3155 3974 jam
3189 3922 3292 3960 nec
3325 3905 3516 3962 eidem
3557 3906 3696 3980 ipsi,

2034 4003 2207 4058 quam
2242 3985 2611 4057 spiritualem
2651 4000 2843 4053 vocas,
2891 3984 3114 4056 aliquid
3167 3990 3296 4056 post
3339 3987 3512 4055 hujus
3556 3990 3687 4044 vitae

2034 4068 2209 4123 finem
2242 4068 2518 4138 prodesse
2558 4067 2864 4122 videantur
2918 4085 2932 4123 :
2985 4073 3043 4123 et
3088 4071 3280 4123 tamen
3330 4084 3529 4124 versas
3562 4069 3682 4125 haec

2033 4148 2235 4203 multis
2267 4148 2453 4203 modis
2496 4151 2552 4202 et
2597 4147 2828 4216 repetis,
2879 4149 2953 4204 ad
3002 4147 3148 4203 nihil
3188 4148 3366 4214 aliud,
3399 4154 3678 4219 quantum

2031 4229 2322 4297 existimo,
2353 4229 2465 4284 nisi
2491 4233 2552 4283 ut
2575 4227 2776 4283 talium
2800 4245 3025 4300 quoque
3051 4245 3242 4284 rerum
3267 4228 3438 4301 quasi
3460 4229 3683 4300 peritus

2031 4326 2331 4380 appareas,
2382 4315 2438 4364 et
2482 4309 2710 4380 placeas
2762 4309 3098 4365 illicitarum
3148 4309 3362 4364 artium
3411 4310 3680 4380 curiosis,

2029 4393 2123 4448 vel
2157 4392 2229 4447 ad
2271 4409 2366 4448 eas
2416 4391 2594 4446 facias
2644 4391 2768 4461 ipse
2798 4391 3082 4446 curiosos.
3133 4390 3243 4446 Sed
3304 4391 3468 4460 bene,
3523 4395 3678 4463 quod

2031 4471 2399 4528 metuendam
2426 4471 2569 4526 dicis
2603 4471 2750 4526 hanc
2797 4476 2977 4528 artem
3021 4470 3106 4526 vel
3149 4471 3344 4543 legum
3386 4470 3681 4541 periculis,

2027 4552 2115 4607 vel
2145 4552 2329 4623 ipsius
2357 4552 2602 4608 actionis
2637 4551 2710 4624 (b)
2737 4552 2917 4624 Atque
2938 4553 3162 4607 utinam
3190 4551 3294 4608 hoc
3333 4551 3539 4608 saltem
3568 4552 3676 4608 abs

2093 4789 2108 4822 ι
2145 4785 2270 4836 Sola
2301 4786 2463 4836 editio
2493 4787 2640 4838 Lov..
2664 4782 3018 4846 praestituri.

2091 4849 2112 4913 ?
2143 4849 2228 4913 Sic
2256 4850 2376 4913 Mss.
2407 4851 2476 4896 At
2503 4847 2649 4913 editi,
2679 4846 2958 4913 dicendo;
3076 4903 3086 4913 ⁸

2091 4911 2112 4944 3
2141 4912 2296 4967 Editi,
2327 4919 2375 4958 et
2405 4907 2708 4970 sapientiae
2730 4914 2778 4952 te
2792 4905 3114 4965 proﬁtearis
3135 4910 3457 4950 amatorem.
3487 4905 3668 4961 Abest,

2027 4969 2582 5038 te.a1_nanuscriptis.
2639 5028 2649 5038 ,
2823 5028 2834 5038 .
2952 5027 2967 5038 .
3011 5027 3041 5038 ..
3129 5028 3142 5038 .
3587 5029 3597 5038 .
3654 4985 3658 4988 ⁴

2089 5042 2163 5086 (α,
2194 5027 2522 5096 Porphyrius
2568 5028 2710 5096 enim
2757 5028 2905 5096 prius
2948 5027 3050 5096 fuit
3099 5027 3455 5096 christianum
3486 5029 3671 5096 postea

2023 5110 2149 5144 vero
2179 5088 2314 5144 fidei'
2349 5088 2583 5143 desertor
2614 5092 2666 5139 et
2713 5088 3066 5139 adversarius.
3102 5089 3246 5139 Conf.
3282 5088 3504 5148 Socrat.,
3533 5090 3670 5142 Hist.

2022 5160 2225 5215 eccles,
2253 5157 2346 5206 lib.
2378 5156 2426 5215 2,
2458 5169 2570 5217 cap.
2602 5153 2684 5204 25.

2085 5223 2151 5285 (b)
2191 5222 2287 5269 Vel
2310 5220 2495 5282 legum
2520 5215 2811 5281 periculis,
2841 5215 2969 5326 quia
2986 5216 3127 5288 leges
3144 5216 3538 5290 civiles_pcenas
3555 5230 3665 5266 ma-

2085 5299 2165 5326 me
2194 5286 2294 5326 arti
2330 5283 2720 5326 constituerunt
2750 5294 2763 5326 :
2796 5294 2854 5326 ve
2929 5294 3106 5326 metu:
3134 5287 3385 5326 actionis.
3416 5293 3540 5326 nam
3569 5293 3663 5326 ne-

2021 5283 2165 5347 gicae
2194 5286 2298 5335 arti
2330 5283 2763 5347 constituerunt;
2796 5283 2878 5326 vel
2929 5283 3106 5347 ipsius
3134 5283 3540 5347 ac}io_r_tis,_nam
3568 5293 3663 5347 pe-

2022 5342 2250 5397 riculosa
2278 5360 2361 5397 res
2391 5348 2487 5398 est.
2527 5345 2632 5392 nisi
2676 5343 2780 5392 rite
2818 5343 3142 5391 exerceatur.
3193 5342 3475 5390 Irritantur
3519 5343 3662 5393 enim

2020 5412 2302 5460 daemones
2330 5411 2383 5459 et
2411 5419 2605 5468 magna
2634 5407 2876 5469 inierunt
2907 5405 3050 5454 mala
3076 5405 3316 5469 imperite
3333 5407 3658 5469 excantanti,

2020 5474 2161 5534 quod
2190 5473 2373 5521 multis
2399 5470 2657 5532 exemplis
2688 5468 3035 5534 ostenderunt
3065 5481 3077 5515 :
3108 5468 3303 5534 quippe
3332 5470 3518 5534 amant
3544 5468 3659 5531 per.

2020 5481 2161 5534 quod
2190 5481 2373 5521 multis
2399 5481 2657 5532 exemptis
2688 5481 3035 5517 ostenderunt
3065 5481 3077 5515 :
3108 5481 3303 5578 qmgge
3331 5481 3518 5540 amant
3544 5481 3658 5542 per.

2019 5534 2210 5584 lectam
2239 5534 2646 5598 lmpietatemsa
2676 5543 2785 5598 qua
2810 5530 3048 5598 difficilis
3086 5529 3165 5598 sit
3213 5591 3226 5598 _
3293 5531 3551 5598 pietatem
3571 5544 3658 5583 ro-

2018 5611 2222 5648 cursus.
2251 5591 2372 5648 Ideo
2398 5591 2785 5648 terroribus—ad
2813 5606 2930 5643 eam
2958 5591 3197 5641 homines
3211 5591 3510 5654 impellunt.
3529 5593 3650 5646 Lua.

2019 5660 2180 5708 VIVIS.
