4128 6184
385 367 502 431 3οἾ

377 513 437 568 te
468 503 668 564 miseri
715 499 980 565 audiant,
1027 500 1086 553 et
1115 495 1273 560 inde,
1321 506 1396 548 ne
1427 490 1546 547 illic
1587 488 2028 550 absorbeantur,

378 589 711 649 abscedant,
745 587 846 639 aut
876 597 944 636 eo
976 578 1206 650 penitus
1247 591 1360 630 non
1407 573 1707 630 accedant.
1742 569 2030 650 Ignoran-

380 674 519 729 tiam
547 672 701 724 certe
739 669 796 718 et
829 649 1058 731 propter
1105 673 1233 713 eam
1290 653 1476 710 multa
1515 653 1652 708 vitia
1697 668 1809 731 per,
1847 649 2034 704 nullas

383 753 588 809 teletas
621 729 852 820 purgari
885 741 1052 805 dicis,
1094 740 1192 793 sed
1232 753 1331 808 per
1352 737 1551 820 solum
1595 729 1853 820 narptxcv
1885 731 2034 818 νοῦνε

384 833 443 889 id
493 814 952 899 esu—paternam
1014 823 1265 876 mentem
1313 819 1432 873 sive
1501 814 1881 877 intellectum,
1927 814 2035 899 qui

389 898 759 984 paterneeest
809 901 1126 958 voluntatis
1173 900 1442 956 conscius
1485 899 1802 984 (a)._Hunc
1841 898 2036 948 autem

389 975 680 1048 Christum
713 999 838 1040 esse
889 999 1001 1038 non
1033 983 1221 1036 credis
1268 997 1281 1036 :
1323 977 1649 1035 contemnis
1697 975 1852 1032 enim
1903 987 2037 1026 eum

388 1078 624 1142 propter
671 1081 882 1135 corpus
948 1080 1016 1119 ex
1066 1061 1284 1118 femina
1342 1066 1645 1142 acceptum
1694 1063 1751 1113 et
1800 1062 2040 1142 prOpIer

388 1135 575 1206 crucis
606 1147 1010 1219 opprobrium,
1058 1143 1343 1199 excelsam
1388 1140 1658 1195 videlicet
1689 1135 2037 1225 sapientiam

385 1228 599 1302 spretis
630 1234 806 1298 atque
836 1225 1076 1295 abjectis
1107 1223 1328 1278 infimis
1351 1223 1593 1278 idoneus
1625 1223 1695 1302 de
1728 1223 2038 1302 superiori:

384 1296 494 1366 bus
526 1296 776 1380 carpere.
812 1309 882 1362 At
913 1305 1009 1360 ille
1040 1304 1264 1376 implet,
1319 1303 1474 1374 quod
1518 1301 1827 1380 Prophetas!
1849 1296 2039 1380 sancti

384 1394 457 1447 de
482 1390 580 1444 illo
611 1378 889 1443 veraciter
921 1384 1310 1454 praedixerunt
1361 1400 1374 1439 :
1427 1381 1664 1438 Perdam
1703 1378 2039 1450 sapientiam

384 1471 737 1542 sapientium,
789 1471 840 1524 et
895 1465 1246 1538 prudentiam
1310 1463 1672 1536 prudentium
1735 1458 2042 1530 reprobabo

390 1551 543 1624 (Isai.
578 1567 730 1616 xxix,
767 1549 873 1618 14).
915 1547 1038 1604 Non
1069 1547 1225 1602 enim
1253 1562 1419 1601 suam
1453 1545 1510 1600 in
1545 1544 1626 1599 eis
1658 1542 1841 1624 perdit
1867 1543 1924 1594 et
1955 1554 2037 1624 ref

391 1622 617 1704 probat,
651 1645 822 1700 quam
846 1629 968 1700 ipse
991 1627 1226 1683 donavit
1257 1647 1270 1695 ;
1301 1627 1396 1681 sed
1422 1641 1596 1697 quam
1629 1622 1742 1678 sibi
1773 1623 2044 1704 arrogant

393 1703 617 1783 quinon
644 1709 1078 1780 habentipsius.
1105 1706 1267 1762 Unde
1298 1707 1749 1761 commemorato
1772 1703 2038 1783 isto’pro-

395 1780 624 1862 phetico
675 1789 1030 1854 testimonio,
1072 1787 1343 1858 sequitur
1386 1791 1442 1841 et
1493 1784 1632 1840 dicit
1671 1780 1983 1862 Apostolus
2027 1794 2041 1833 :

399 1861 499 1929 Ubi
543 1869 764 1940 sapiens
801 1870 828 1922 ?
879 1869 971 1923 ubi
1024 1871 1206 1924 scriba
1252 1868 1279 1923 ?
1326 1868 1422 1922 ubi
1483 1865 1828 1938 conquisitor
1881 1861 2045 1930 hujus

391 1951 579 2008 saculi
606 1954 631 2004 Υ
661 1951 847 2005 Nonne
883 1950 1110 2004 stultam
1151 1948 1282 2018 fecit
1325 1955 1467 2004 Deus
1510 1946 1852 2015 sapientiam
1884 1944 2044 2005 huius

387 2033 584 2089 mundi
610 2031 638 2086 ?
670 2033 806 2087 Nam
834 2033 1096 2102 quoniam
1127 2030 1186 2085 in
1219 2029 1317 2084 Dei
1351 2030 1623 2096 sapientia
1655 2042 1763 2082 non
1795 2024 2044 2096 cognovit

388 2114 630 2169 mundus
658 2127 754 2184 per
782 2113 1117 2181 sapientiam
1149 2111 1338 2176 Deum,
1370 2111 1578 2180 placuit
1603 2109 1704 2163 Deo
1733 2122 1829 2177 per
1857 2104 2049 2184 stulti-

387 2195 524 2250 tiam
555 2183 964 2264 przdicationis
1007 2191 1183 2246 salvos
1229 2193 1409 2261 facere
1446 2191 1744 2244 credentes.
1780 2183 2049 2254 Quoniam

389 2272 610 2348 quidem
651 2273 843 2329 Judwi
881 2270 1045 2340 signa
1103 2273 1316 2340 petunt,
1377 2278 1426 2324 et
1485 2269 1668 2326 Graeci
1718 2265 2048 2348 sapientiam

393 2347 658 2428 atterunt
685 2371 706 2410 :
735 2368 832 2408 nos
862 2360 1066 2419 autem,
1111 2351 1320 2421 inquit,
1359 2351 1726 2422 praedicamus
1765 2347 2048 2428 Christum

395 2426 722 2504 cruciﬁxum
772 2453 786 2501 ;
832 2433 1038 2489 Iudaeis
1098 2431 1323 2502 quidem
1385 2431 1729 2496 scandalum,
1795 2426 2054 2484 Gentibus

396 2518 583 2570 autem
611 2513 908 2568 stultitiam
937 2529 950 2578 ;
987 2510 1119 2582 ipsis
1142 2525 1265 2566 vero
1294 2511 1495 2566 vocatis
1523 2509 1727 2566 leseis
1761 2513 1810 2564 et
1851 2504 2056 2563 Graecis

399 2595 684 2652 Christum
733 2595 831 2647 Dei
873 2594 1130 2648 virtutem
1158 2594 1207 2647 et
1239 2593 1335 2646 Dei
1374 2591 1708 2662 sapientiam
1735 2608 1754 2646 :
1798 2589 2057 2662 quoniam

397 2677 629 2732 stultum
649 2675 748 2729 Dei
769 2674 1077 2743 sapientius
1106 2681 1185 2727 est
1221 2672 1616 2736 hominibus,et
1646 2673 1930 2742 inﬁrmum
1966 2669 2060 2723 Dei

397 2758 599 2825 [artius
638 2758 715 2808 est
751 2753 1067 2808 hominibus
1106 2753 1152 2822 (Ι
1195 2754 1314 2809 Cor.
1383 2770 1422 2818 1,
1462 2753 1672 2824 19-25).
1725 2751 1840 2807 [Ioc
1888 2751 2057 2822 quasi

397 2834 642 2889 stultum
694 2836 752 2886 et
824 2831 1116 2888 inﬁrmum
1188 2838 1462 2904 tanquam
1521 2848 1631 2886 sua
1708 2832 1914 2886 virtute
1961 2849 2056 2885 sa-

397 2911 655 2984 pcientes
689 2912 980 2984 fortesque
1024 2917 1429 2969 contemnunt.
1483 2913 1595 2968 Sed
1642 2912 1760 2967 hinc
1801 2922 1881 2967 est
1925 2928 2059 2982 gra-

393 2991 495 3058 tia,
537 3007 666 3063 quae
715 2997 881 3047 sanat
939 2991 1228 3060 infirmos,
1278 3008 1393 3048 non
1458 2993 1711 3063 superbe
1765 2992 2058 3062 jactantes

401 3071 609 3129 falsam
655 3072 1077 3129 beatitudinem
1121 3090 1309 3140 suam,
1364 3074 1464 3129 sed
1523 3073 1821 3129 humiliter
1863 3073 2058 3145 potius

405 3168 602 3210 veram
627 3152 924 3210 miseriam
954 3153 1324 3210 confitentes.

409 3311 643 3370 CAPUT
664 3311 870 3370 XXIX.
905 3342 971 3354 —
993 3313 1067 3368 De
1095 3310 1480 3367 incarnatione
1497 3309 1719 3366 Domini
1731 3309 1908 3368 nostri
1926 3316 2060 3369 Jesu

475 3387 704 3460 Christi,
753 3408 916 3465 quam
945 3389 1198 3462 conﬁteri
1236 3391 1651 3446 Platonicorum
1669 3390 1935 3447 erubescit
1965 3393 2064 3448 im-

481 3472 681 3545 pietas.

486 3610 536 3667 1.
573 3608 858 3666 Ριοωὰἰοαθ
889 3611 1120 3664 Patrem
1151 3612 1208 3664 et
1245 3609 1375 3679 ejus
1417 3607 1652 3676 Filium,
1686 3626 1859 3682 quem
1892 3625 2064 3666 vocas

411 3695 720 3762 paternum
769 3689 1130 3747 intellectum
1189 3708 1290 3748 seu
1345 3697 1598 3746 mentem
1675 3709 1689 3759 ;
1751 3697 1806 3746 et
1857 3693 2064 3746 horum

411 3771 688 3841 medium,
732 3787 906 3841 quem
943 3776 1216 3842 putamus
1263 3777 1318 3828 te
1349 3771 1539 3828 dicere
1578 3772 1861 3844 Spiritum
1895 3787 2066 3826 sanc-

411 3857 561 3918 tum,
593 3856 649 3907 et
694 3869 854 3908 more
882 3858 1080 3910 vostro
1128 3852 1388 3925 appellas
1441 3858 1557 3908 tres
1607 3853 1744 3907 deos
1787 3853 1884 3918 (t2).
1937 3851 2064 3918 Ubi,

406 3933 516 3989 etsi
565 3933 756 3989 verbis
811 3933 1268 4005 indisciplinatis
1319 3933 1574 3996 utimini,
1617 3932 1822 3988 videtis
1871 3936 2067 3984 tamen

407 4012 909 4084 qualitercumque
937 4019 996 4067 et
1030 4013 1198 4084 quasi
1246 4028 1347 4083 per
1391 4013 1652 4080 quaedam
1695 4008 1888 4065 tenuis
1919 4009 2068 4062 ima-

411 4092 733 4166 ginationis
771 4092 1131 4156 umbracula,
1168 4107 1283 4161 quo
1316 4091 1617 4144 nitendum
1663 4091 1739 4142 sit
1779 4105 1793 4144 :
1843 4087 1947 4142 sed
1978 4087 2067 4143 in-

349 4203 352 4210 -
414 4171 810 4228 carnationem
826 4169 1326 4225 incommutabilis
1349 4169 1475 4224 Filii
1493 4170 1612 4234 Dei,
1633 4185 1744 4238 qua
1758 4169 2067 4239 salvamur,

419 4256 481 4305 ut
511 4252 582 4303 ad
613 4249 712 4304 illa
744 4266 870 4318 quas
920 4249 1235 4314 credimus,
1287 4248 1374 4302 vel
1424 4264 1492 4302 ex
1532 4248 2072 4321 quantulacumque

421 4331 584 4401 parte
634 4327 1036 4394 intelligimus,
1095 4326 1289 4381 venire
1353 4326 1670 4396 possimus,
1724 4344 1834 4382 non
1897 4331 2071 4386 vultis

422 4421 755 4477 agnoscere.
791 4407 992 4475 itaque
1015 4405 1221 4460 videtis
1255 4412 1588 4477 utcumque,
1615 4408 1719 4463 etsi
1753 4409 1823 4466 de
1847 4409 2069 4484 longin-

421 4502 557 4557 quo,
591 4485 701 4539 etsi
727 4487 851 4540 acie
873 4484 1182 4557 caligante,
1206 4490 1451 4556 patriam
1479 4503 1535 4542 In
1570 4503 1681 4558 qua
1716 4501 2071 4547 manendum

421 4572 507 4620 est
539 4565 677 4629 ;sed
711 4565 858 4620 viam
896 4580 1013 4635 qua
1042 4575 1299 4622 eundum
1333 4575 1444 4630 est.
1479 4584 1591 4622 non
1627 4571 1851 4625 tenetis.
1886 4573 2075 4626 Conli-

423 4646 562 4700 teris
597 4650 790 4699 tamen
822 4646 1096 4714 gratiam,
1129 4647 1609 4718 quandoquidem
1649 4651 1718 4702 ad
1749 4649 1932 4706 Deum
1976 4669 2076 4721 per

423 4723 701 4779 virtutem
733 4725 1126 4798 intelligentia
1177 4730 1497 4799 pervenire,
1530 4730 1727 4797 paucis
1765 4731 1906 4784 dicis
1947 4747 2077 4786 esse

425 4819 790 4861 concessum.
841 4804 966 4862 Non
1010 4806 1168 4862 enim
1219 4805 1386 4873 dicis,
1419 4809 1628 4863 Paucis
1661 4809 1877 4880 placuit
1918 4827 1932 4878 ;
1966 4811 2076 4879 vel,

426 4884 606 4943 Pauci
637 4884 946 4943 voluerunt
978 4903 991 4942 :
1045 4887 1144 4944 sed
1176 4903 1311 4944 cum
1358 4887 1505 4944 dicis
1535 4904 1664 4944 esse
1709 4904 2075 4956 concessum,

430 4963 631 5038 procul
663 4966 842 5022 dubio
873 4965 973 5022 Dei
1019 4967 1288 5040 gratiam,
1322 4984 1435 5025 non
1486 4968 1742 5024 hominis
1781 4969 2078 5025 sufticien-

433 5045 571 5102 tiam
605 5045 918 5102 confiteris.
970 5045 1155 5103 Uteris
1199 5049 1376 5104 etiam
1425 5048 1532 5104 hoc
1582 5050 1754 5104 verbo
1799 5054 2076 5121 apertius,

430 5123 552 5188 ubi,
565 5123 823 5181 Platonis
833 5125 1184 5182 sententiam
1197 5126 1271 5198 (ε)
1289 5143 1675 5198 sequens,nec
1688 5126 2081 5200 ipsedubitas,

499 5398 572 5458 (α)
603 5395 863 5461 ῌιῃιαῷᾱο
895 5399 1072 5461 mente
1097 5397 1326 5461 paterna
1351 5408 1418 5446 ex
1445 5395 1729 5461 Platonicis
1757 5397 2083 5461 Eugubinus,

456 5458 573 5524 ibro
607 5459 632 5507 1
662 5458 727 5512 de
761 5459 987 5524 Pet-anni
1014 5459 1370 5524 Philosophia.
1400 5471 1539 5521 quae
1581 5460 1689 5509 illis
1713 5458 1876 5512 etiam
1905 5478 1935 5512 ο
1962 5458 2086 5524 ερεξ-

438 5520 602 5569 heina
651 5526 795 5584 nos“
849 5521 1060 5569 dicitur.
1109 5522 1390 5584 Porphyrii
1418 5520 1598 5584 ipsius
1649 5520 2088 5577 sententiam—de

443 5583 843 5649 megtqdiviua
861 5587 1207 5649 wquaterna
1233 5583 1392 5649 reteri
1425 5583 1482 5635 in
1523 5587 1692 5649 capite
1722 5588 1797 5638 11.
1828 5589 2084 5644 Caucasus.

505 5644 577 5711 (ᾇ)
596 5643 739 5711 _Vid_c_
765 5644 923 5711 intra,
954 5643 1046 5695 lib.
1067 5646 1158 5711 719,
1189 5659 1302 5711 cap.
1335 5647 1412 5698 23.

503 5705 566 5765 (ο)
596 5707 656 5754 In
687 5705 961 5757 Phaedone
988 5711 1041 5758 et
1066 5705 1391 5771 Epinomide.

1468 353 1570 414 DE
1613 348 1980 413 CIVITATE
2023 345 2178 420 DEI,
2227 349 2292 408 S.
2340 342 2764 408 AUGUSTINI

3675 333 3793 398 308

2142 482 2201 538 in
2234 482 2342 537 hac
2374 481 2488 537 vita
2537 481 2826 537 hominem
2859 479 3021 536 nullo
3065 477 3237 533 modo
3271 475 3340 532 ad
3380 474 3788 547 perfectionem

2139 564 2431 634 sapientiae
2467 565 2779 635 pervenire,
2831 559 3157 617 secundum
3201 557 3560 614 intellectum
3593 562 3790 610 tamen

2139 645 2466 701 viventibus
2514 660 2708 699 omme
2751 645 2899 714 quod
2934 643 3002 696 de
3037 638 3148 714 eisi,
3199 636 3564 710 providentia
3615 636 3708 692 Dei
3734 639 3794 690 et

2141 724 2343 798 gratia,
2398 729 2528 795 post
2567 725 2717 778 hanc
2746 723 2928 777 vitam
2979 736 3146 793 posse
3185 717 3484 789 compleri.
3517 715 3560 771 Ο
3609 716 3657 770 si
3691 732 3794 798 co-

2142 807 2442 878 gnovisses
2475 805 2568 860 Dei
2599 804 2844 876 gratiam
2878 819 2980 874 per
3018 803 3214 856 .Iesum
3263 800 3556 855 Christum
3604 797 3828 852 Domi--

2144 901 2284 941 num
2317 891 2602 950 nostrum,
2634 884 2938 955 ipsamque
2980 883 3105 952 ejus
3155 878 3637 941 incarnationem.
3679 893 3803 949 qua

2145 965 2401 1020 hominis
2435 966 2690 1020 animam
2741 979 3070 1033 corpusque
3139 962 3411 1029 suscepit,
3493 970 3849 1014 summumt

2145 1061 2273 1102 esse
2304 1045 2635 1115 exemplum
2680 1045 2877 1116 gratiae
2929 1043 3108 1098 videri
3143 1041 3460 1114 potuisses.
3515 1038 3628 1096 Sed
3659 1038 3803 1111 quid

2145 1125 2350 1180 faciam
2386 1125 2565 1180 ‘IScio
2599 1140 2692 1180 me
2729 1125 2943 1180 frustra
2973 1122 3130 1194 loqui
3166 1127 3392 1175 mortuo
3435 1136 3449 1174 :
3482 1122 3577 1175 sed
3613 1135 3802 1190 quan-

2146 1207 2270 1259 tum
2305 1205 2375 1260 ad
2409 1210 2463 1260 te
2495 1204 2706 1260 attinet
2741 1221 2754 1272 ;
2809 1207 3088 1275 quantum
3118 1205 3310 1256 autem
3344 1199 3416 1254 ad
3447 1215 3570 1268 eos,
3615 1199 3716 1268 qui
3750 1204 3806 1252 te

2147 1285 2631 1356 magnipendunt,
2681 1292 2736 1338 et
2786 1289 2840 1338 te
2892 1283 2978 1337 vel
3011 1280 3424 1352 qualicumque
3472 1294 3668 1334 amore
3709 1293 3807 1332 sa-

2146 1365 2398 1434 pientiae,
2431 1364 2516 1419 vel
2558 1363 2892 1419 curiositate
2933 1363 3169 1426 artium,
3213 1375 3355 1432 quas
3387 1376 3502 1414 non
3543 1357 3807 1414 debuisti

2143 1445 2387 1512 discere,
2421 1445 2690 1516 diligunt,
2723 1460 2870 1515 quos
2907 1442 3096 1514 potius
3128 1441 3184 1496 in
3218 1446 3315 1495 tua
3353 1438 3805 1511 compellatione

2149 1524 2435 1596 alloquor,
2469 1526 2712 1580 fortasse
2746 1540 2860 1578 non
2912 1525 3140 1578 frustra.
3175 1520 3372 1578 Gratia
3402 1521 3502 1576 Dei
3547 1536 3658 1575 non
3694 1535 3806 1592 po-

2150 1605 2266 1659 tuit
2295 1605 2520 1676 gratius
2551 1603 2970 1671 commendari,
3006 1618 3176 1674 quam
3213 1610 3266 1656 ut
3312 1602 3433 1673 ipse
3463 1599 3669 1656 unicus
3704 1599 3808 1655 Dei

2151 1685 2330 1741 Filius
2360 1684 2419 1740 in
2450 1701 2510 1740 se
2541 1684 3094 1740 incommutabiliter
3135 1697 3375 1736 manens
3406 1679 3673 1736 indueret
3704 1680 3812 1736 ho-

2152 1767 2371 1821 minem
2407 1765 2447 1835 ‘,
2475 1772 2532 1821 et
2561 1782 2722 1836 spem
2748 1765 3078 1820 dilectionis
3109 1779 3223 1817 suae
3256 1763 3419 1817 daret
3441 1759 3807 1828 hominibus,

2155 1846 2388 1901 homine
2431 1846 2636 1915 medio,
2685 1862 2797 1917 quo
2829 1846 2900 1900 ad
2949 1843 3114 1899 illum
3165 1845 3236 1897 ab
3281 1841 3620 1897 hominibus
3651 1841 3813 1897 veni-

2153 1934 2331 1994 retur,
2366 1927 2465 1998 qui
2499 1933 2617 1981 tam
2663 1927 2829 1999 longe
2862 1932 2985 1980 erat
3007 1923 3352 1979 immortalis
3375 1939 3407 1977 a
3442 1921 3812 1989 mortalibus,

2151 2007 2655 2063 incommutabilis
2719 2025 2750 2061 a
2781 2005 3318 2071 commulabilibus,
3359 2006 3553 2075 justus
3597 2006 3668 2059 ab
3713 2009 3818 2061 im-

2153 2089 2286 2162 piis,
2339 2090 2542 2142 beatus
2574 2106 2607 2142 a
2669 2088 2917 2143 miseris.
2965 2087 3023 2142 Et
3081 2088 3221 2157 quia
3265 2085 3610 2141 naturaliter
3653 2085 3815 2141 iudi-

2155 2167 2239 2222 dit
2271 2168 2459 2236 nobis,
2511 2177 2567 2222 ut
2601 2167 2750 2222 beati
2800 2165 3274 2238 immortalesque
3314 2181 3445 2220 esse
3475 2167 3807 2236 cupiamus,

2158 2265 2404 2304 manens
2437 2249 2654 2318 beatus,
2687 2249 3137 2320 suscipiensque
3182 2246 3505 2312 mortalem,
3542 2251 3600 2301 ut
3631 2247 3810 2302 nobis

2156 2329 2438 2384 tribueret
2468 2330 2619 2400 quod
2669 2344 2956 2397 amamus,
3009 2327 3380 2400 perpetiendo
3429 2328 3626 2384 docuit
3663 2343 3810 2382 con-

2156 2413 2416 2466 temnere
2455 2410 2606 2480 quod
2648 2410 2947 2466 timemus.

2229 2491 2282 2545 2.
2316 2490 2422 2545 Sed
2455 2489 2590 2544 huic
2622 2490 2847 2546 veritati
2879 2495 2943 2545 ut
2991 2489 3239 2563 possetis
3280 2489 3665 2561 acquiescere,
3694 2489 3810 2544 hu-

2163 2571 2409 2626 militate
2439 2587 2585 2642 opus
2615 2576 2754 2636 erat,
2806 2587 2928 2640 quas
2979 2572 3183 2626 cervici
3227 2579 3430 2626 vestris
3462 2570 3812 2627 difficillime

2163 2653 2493 2725 persuaderi
2543 2657 2747 2723 potest.
2798 2653 2945 2718 Quid
2992 2654 3143 2708 enim
3193 2652 3532 2708 incredibile
3579 2652 3815 2722 dicitur,

2169 2734 2486 2806 praesertim
2537 2733 2698 2788 vobis
2743 2734 2841 2802 qui
2874 2733 3013 2788 talia
3064 2733 3285 2802 sapitis,
3337 2734 3550 2805 quibus
3599 2734 3669 2789 ad
3707 2735 3817 2789 hoc

2164 2816 2513 2870 credendum
2549 2830 2650 2868 vos
2679 2813 2836 2882 ipsos
2863 2813 3175 2870 admonere
3207 2814 3457 2869 debeatis
3489 2831 3502 2880 ;
3537 2815 3699 2886 quid,
3725 2816 3818 2870 in-

2165 2911 2365 2967 quam,
2399 2893 2561 2948 vobis
2593 2894 2937 2950 incredibile
2978 2896 3218 2961 dicitur,
3258 2911 3386 2949 cum
3417 2895 3566 2950 Deus
3597 2895 3824 2951 dicitur

2163 2974 2552 3046 assumpsisse
2597 2975 2913 3030 humanam
2970 2976 3224 3031 animam
3273 2981 3328 3031 et
3361 2992 3570 3046 corpus
3627 2974 3656 3030 ?
3706 2976 3823 3032 Vos

2164 3062 2316 3111 certe
2363 3061 2590 3110 tantum
2643 3056 2902 3112 tribuitis
2959 3058 3166 3112 animae
3232 3055 3633 3126 inlellectuali,
3685 3071 3819 3127 quas

2161 3137 2356 3191 anima
2381 3140 2581 3207 utique
2607 3135 2866 3192 humana
2887 3142 2996 3203 est,
3023 3142 3088 3192 ut
3106 3154 3233 3192 eam
3258 3136 3819 3193 consubstantialem

2166 3223 2418 3288 paternas
2457 3217 2538 3272 illi
2585 3218 2788 3287 menti,
2821 3235 2992 3289 quem
3045 3218 3148 3274 Dei
3177 3217 3385 3274 Filium
3435 3217 3818 3282 confitemini,

2165 3298 2290 3354 fieri
2340 3315 2509 3370 posse
2558 3299 2786 3354 dicatis.
2839 3300 2983 3366 Quid
3041 3316 3178 3371 ergo
3227 3297 3567 3355 incredibile
3615 3306 3722 3366 est,
3769 3299 3821 3354 si

2164 3377 2357 3450 aliqua
2387 3395 2502 3432 una
2533 3377 2942 3434 intellectualis
2971 3380 3166 3434 anima
3192 3381 3364 3435 modo
3391 3379 3638 3452 quodam
3664 3379 3818 3434 inef-

2165 3457 2325 3514 fabili
2349 3464 2406 3514 et
2431 3458 2712 3530 singulari
2730 3476 2831 3530 pro
2855 3459 3169 3516 multorum
3187 3459 3370 3516 salute
3392 3470 3664 3533 suscepta
3683 3463 3773 3515 est
3791 3458 3820 3513 τ

2167 3538 2388 3611 Corpus
2425 3555 2558 3594 vero
2613 3541 2820 3595 anima:
2864 3540 3169 3608 cohaerere,
3223 3545 3286 3594 ut
3334 3539 3507 3596 homo
3567 3544 3721 3595 totus
3764 3544 3827 3595 et.

2170 3620 2377 3689 plenus
2406 3620 2501 3688 sit,
2535 3625 2743 3675 natura
2775 3626 2977 3676 nostra
3025 3621 3150 3690 ipsa
3199 3624 3348 3676 teste
3387 3621 3824 3690 cognoscimus.

2169 3702 2329 3765 Quod
2366 3701 2477 3754 nisi
2522 3699 2972 3755 usitatissimum
3023 3704 3198 3767 esset,
3230 3701 3338 3756 hoc
3371 3702 3626 3772 profecto
3669 3705 3827 3756 esset

2172 3780 2570 3836 incredibilius
2604 3797 2617 3836 :
2645 3780 2871 3835 facilius
2895 3780 3110 3852 quippe
3133 3780 3192 3836 in
3217 3781 3390 3835 ﬁdem
3425 3781 3827 3852 recipiendum

2173 3866 2282 3930 est,
2313 3861 2424 3916 etsi
2457 3862 2776 3916 humanum
2827 3861 3047 3930 divino,
3081 3861 3186 3916 etsi
3225 3861 3563 3916 mutabilem
3604 3861 3827 3916 incom-

2178 3942 2469 4008 mutabili,
2519 3947 2714 3997 tamen
2763 3943 3031 4011 spiritum
3084 3941 3334 4012 spiritui,
3367 3947 3491 4009 aut,
3525 3946 3588 3996 ut
3633 3943 3828 3998 verbis

2178 4027 2306 4076 utar
2331 4040 2461 4094 quae
2507 4022 2564 4076 in
2598 4039 2708 4077 usu
2757 4021 3007 4088 habetis,
3048 4023 3451 4093 incorporeum
3484 4023 3830 4094 incorporeo

2177 4119 2353 4174 quam
2403 4119 2616 4173 corpus
2667 4103 3007 4174 incorporeo
3065 4103 3368 4160 cohaerere.
3415 4105 3504 4160 An
3551 4103 3694 4159 forte
3723 4120 3872 4160 vos-

2175 4183 2417 4239 offendit
2461 4183 2780 4238 inusitatus
2847 4185 3107 4254 corporis
3157 4190 3357 4255 partus
3419 4200 3488 4240 ex
3534 4184 3756 4254 virgine
3803 4183 3832 4238 7

2175 4264 2373 4334 Neque
2401 4263 2511 4318 hoc
2531 4264 2702 4319 debet
2731 4265 3043 4332 offendere,
3081 4267 3198 4320 imo
3225 4267 3413 4334 potius
3445 4264 3517 4320 ad
3551 4265 3830 4336 pietatem

2177 4344 2613 4412 suscipiendam
2654 4345 2828 4399 debet
2857 4348 3164 4407 adducere,
3203 4346 3357 4416 quod
3393 4345 3677 4400 mirabilis
3710 4346 3831 4400 mi-

2178 4427 2438 4479 rabiliter
2485 4435 2658 4479 natus
2706 4433 2815 4480 est.
2863 4429 2946 4481 An
2997 4442 3129 4481 vero
3163 4425 3316 4496 quod
3386 4426 3580 4494 ipsum
3614 4442 3834 4497 corpus

2184 4513 2364 4560 morte
2397 4506 2750 4574 depositum,
2784 4512 2841 4561 et
2889 4508 2944 4560 in
2980 4509 3188 4563 melius
3238 4508 3662 4562 resurrectione
3693 4523 3839 4561 mu-

2180 4593 2391 4648 tatum,
2435 4588 2560 4657 jam
2626 4590 3089 4660 incorruptibile,
3168 4604 3353 4660 neque
3409 4588 3652 4644 mortale
3702 4588 3724 4624 ³
3775 4589 3839 4644 in

2180 4685 2436 4740 superna
2465 4667 2728 4723 subvexit
2757 4671 2787 4724 ?
2816 4669 2933 4725 Hoc
2983 4675 3226 4726 fortasse
3267 4672 3498 4724 credere
3529 4672 3841 4741 recusatis,

2182 4750 2473 4805 intuentes
2501 4750 2885 4821 Porphyrium
2915 4749 2975 4805 in
3008 4750 3101 4806 his
3133 4751 3278 4822 ipsis
3308 4750 3492 4818 libris,
3537 4766 3604 4806 ex
3625 4750 3845 4821 quibus

2183 4832 2366 4888 multa
2398 4831 2587 4904 posui,
2623 4848 2766 4904 quos
2799 4834 2868 4887 de
2889 4848 3157 4904 regressu
3189 4832 3394 4887 animat
3424 4830 3681 4902 scripsit,
3715 4836 3842 4889 tam

2182 4915 2381 4968 crebro
2415 4914 2741 4985 praecipere,
2775 4929 2947 4968 omne
2977 4929 3190 4982 corpus
3216 4927 3344 4969 esse
3374 4912 3738 4982 fugiendum,
3774 4918 3843 4970 ut

2183 4993 2379 5050 anima
2410 4995 2591 5064 possit
2643 4995 2802 5048 beata
2835 5009 3165 5066 permanere
3206 5010 3339 5049 cum
3394 4995 3526 5051 Deo.
3567 4993 3674 5048 Sed
3707 4992 3843 5065 ipse

2186 5073 2378 5144 potius
2428 5075 2530 5127 ista
2579 5075 2831 5129 sentiens
2889 5074 3268 5146 corrigendus
3315 5073 3444 5140 fuit,
3511 5074 3840 5145 praesertim

2185 5169 2317 5209 cum
2349 5153 2419 5208 de
2451 5153 2634 5208 anima
2665 5153 2869 5208 mundi
2901 5153 3076 5224 hujus
3105 5153 3351 5209 visibilis
3382 5158 3439 5208 et
3467 5157 3589 5209 tam
3624 5154 3843 5224 ingen-

2186 5235 2263 5290 tis
2294 5251 2577 5306 corporea
2603 5235 2797 5302 molis,
2818 5251 2952 5292 curn
2983 5235 3082 5290 illo
3105 5240 3224 5291 tam
3251 5234 3612 5291 incredibilia
3637 5234 3841 5306 sapia-

2249 5528 2266 5560 ί
2301 5524 2453 5574 Vind.
2485 5528 2600 5576 Am.
2632 5525 2714 5572 Er.
2737 5528 2789 5575 et
2809 5526 2986 5588 plures
3012 5525 3156 5587 Mss,
3181 5526 3513 5576 indueretur
3529 5525 3842 5578 hominem.

2187 5587 2256 5664 Iit.
2288 5588 2447 5638 iidem
2488 5589 2612 5664 libri
2642 5591 2788 5664 lpost.
2820 5587 3054 5664 nomine
3098 5591 3294 5664 medio,
3353 5590 3572 5649 habent,
3620 5604 3737 5654 qua
3766 5591 3848 5638 ad

2190 5650 2376 5702 illum.
2405 5676 2468 5688 —
2497 5651 2581 5702 Sic
2608 5650 2769 5701 etiam
2797 5653 2966 5703 nostri
2988 5653 3111 5705 Mss.
3139 5653 3207 5704 M.

2254 5714 2275 5746 ²
2305 5713 2389 5765 Sic
2416 5715 2536 5764 Mss.
2567 5714 2705 5764 Editi
2733 5727 2875 5772 vero,
2908 5722 3072 5779 atque
3107 5715 3440 5767 immortale.
