4128 6184
341 317 422 378 09

293 449 384 505 tis.
422 449 666 506 Platone
687 449 904 523 quippe
930 453 1161 506 auctore
1179 450 1271 522 (In
1295 454 1545 524 Timaeo),
1575 451 1788 507 animal
1823 467 1953 508 esse

289 529 488 586 dicitis
523 532 835 597 mundum,
871 531 1160 586 etanimal
1188 533 1614 598 beatissimum,
1645 533 1796 604 quod
1819 531 1950 586 vul-

286 611 364 667 tis
405 627 536 666 esse
583 613 757 667 etiam
816 612 1254 682 sempiternum.
1305 613 1605 677 Quomodo
1663 629 1795 681 ergo
1848 627 1949 665 nec

289 708 557 763 unquam
591 692 844 748 solvetur
889 709 922 747 a
951 709 1212 763 corpore,
1265 709 1368 748 nec
1415 709 1675 764 unquam
1730 692 1952 748 carebit

291 772 684 840 beatitudine,
739 774 787 828 ei
851 778 912 827 ut
960 776 1158 829 anima
1215 774 1383 830 beata
1431 777 1526 841 sit,
1587 791 1800 846 corpus
1866 781 1950 828 est

285 870 462 911 omne
497 854 840 925 fugiendum
874 853 902 908 ‘I
932 854 1124 909 Solem
1169 871 1402 927 quoque
1442 855 1619 910 istum
1652 863 1705 910 et
1744 859 1949 910 caetera

284 935 506 1003 sidera,
560 952 672 990 non
721 937 911 990 solum
962 935 1020 990 in
1073 936 1234 990 libris
1282 937 1492 990 vestris
1543 953 1783 1007 corpora
1822 951 1949 990 esse

286 1014 579 1083 fatemini,
613 1015 763 1086 quod
796 1014 1094 1070 vobiscum
1126 1030 1331 1070 omnes
1373 1014 1640 1070 homines
1685 1020 1740 1069 et
1771 1030 1944 1068 cons-

284 1095 481 1166 picere
533 1111 649 1150 non
697 1100 1069 1161 cunctantur,
1129 1101 1185 1150 et
1215 1095 1405 1151 dicere
1457 1111 1708 1151 :verum
1770 1096 1946 1150 etiam

281 1175 516 1244 altiore,
549 1183 608 1230 ut
641 1175 880 1246 putatis,
917 1176 1143 1244 peritia,
1178 1175 1300 1231 haec
1329 1192 1459 1232 esse
1503 1174 1775 1232 animalia
1807 1175 1944 1230 bea-

278 1255 520 1310 tissima
542 1256 878 1326 perhibetis,
893 1261 1095 1312 etcum
1111 1256 1204 1312 his
1219 1257 1558 1328 corporibus
1571 1273 1690 1312 sem
1702 1257 1939 1328 piterna.

281 1337 434 1402 Quid
475 1353 614 1408 ergo
660 1341 770 1403 est,
821 1337 972 1407 quod
1023 1354 1156 1392 cum
1214 1339 1378 1393 vobis
1434 1338 1578 1392 ﬁdes
1623 1337 1944 1393 christiana

280 1417 582 1482 suadetur,
613 1422 755 1474 tunc
793 1416 1226 1484 obliviscimini,
1261 1422 1360 1473 aut
1391 1418 1660 1489 ignorare
1693 1433 1790 1473 vos
1836 1417 1945 1472 tin-

281 1498 442 1571 gitis,
493 1498 640 1570 quid
696 1497 998 1570 disputare
1055 1503 1153 1554 aut
1210 1499 1415 1555 docere
1465 1499 1756 1554 soleatis?
1794 1497 1940 1562 Quid

281 1596 471 1636 causae
502 1585 590 1636 est
619 1594 739 1647 cur,
774 1584 1008 1652 propter
1037 1579 1340 1651 Opiniones
1372 1584 1616 1650 vestras,
1654 1597 1801 1651 quas
1840 1597 1944 1635 vos

282 1658 392 1730 ipsi
442 1661 818 1731 oppugnatis,
862 1659 1167 1715 christiani
1214 1676 1339 1715 esse
1384 1661 1602 1729 nolitis,
1652 1660 1763 1714 nisi
1797 1659 1940 1730 quia

281 1741 546 1797 Christus
578 1740 874 1797 humiliter
901 1741 1077 1810 venit,
1098 1747 1153 1796 et
1172 1757 1271 1797 vos
1303 1741 1538 1812 superbi
1565 1746 1710 1796 estis
1737 1740 1765 1794 ?
1789 1742 1939 1806 Qua-

283 1822 360 1878 lia
389 1827 725 1878 sanctorum
749 1838 992 1892 corpora
1026 1823 1083 1876 in
1109 1823 1530 1878 resurrectione
1573 1823 1766 1876 futura
1795 1822 1937 1886 sint,

281 1909 466 1974 potest
487 1903 801 1974 aliquando
836 1904 1276 1975 ‘scrupulosius
1302 1904 1452 1958 inter
1479 1903 1936 1959 christianarum

279 1985 709 2055 Scripturarum
732 1986 1102 2042 doctissimos
1135 1985 1418 2056 disputari
1465 2004 1478 2043 :
1513 1985 1707 2041 futura
1745 1990 1936 2040 tamen

277 2067 635 2136 sempiterna
685 2067 921 2121 minime
969 2066 1312 2122 dubitamus
1367 2086 1382 2136 ;
1429 2070 1482 2121 et
1530 2066 1668 2120 talia
1718 2066 1934 2131 futura,

276 2146 446 2217 quale
477 2164 587 2202 sua
618 2145 1044 2202 resurrectione
1091 2146 1359 2202 Christus
1397 2146 1808 2202 demonstravit
1837 2160 1934 2199 ex-

274 2227 537 2298 emplum
571 2227 615 2283 ².
655 2227 762 2281 Sed
793 2225 1245 2296 qualiacumque
1277 2226 1415 2293 sint,
1467 2242 1601 2280 cum
1635 2225 1937 2295 incorrup-

273 2307 469 2363 tibilia
520 2323 756 2376 prorsus
804 2311 858 2361 et
917 2304 1292 2371 immortalia,
1367 2305 1663 2376 nihiloque
1729 2304 1936 2360 animae

268 2385 860 2454 contemplationem,
893 2400 1008 2454 qua
1037 2385 1095 2440 in
1145 2383 1261 2439 Deo
1295 2384 1512 2456 figitur,
1560 2383 1936 2454 impedientia

266 2464 671 2537 praedicantur
699 2481 713 2531 ;
743 2478 962 2536 vosque
993 2463 1168 2518 etiam
1197 2463 1403 2518 dicatis
1435 2479 1565 2519 esse
1604 2467 1664 2517 in
1691 2461 1936 2518 caelesti-

266 2546 382 2601 bus
428 2544 782 2600 immortalia
830 2560 1078 2616 corpora
1123 2543 1538 2599 immortaliter
1585 2543 1930 2598 beatorum:

265 2625 415 2696 quid
447 2629 536 2682 est
566 2625 720 2696 quod
755 2627 820 2680 ut
849 2623 999 2680 beati
1031 2624 1240 2692 simus,
1269 2640 1444 2680 omne
1473 2640 1683 2693 corpus
1713 2623 1934 2694 fugien-

269 2708 422 2762 dum
453 2720 584 2761 esse
613 2704 960 2776 opinamini,
1013 2709 1077 2759 ut
1109 2704 1280 2759 tidem
1331 2703 1714 2759 ohristianam
1759 2703 1929 2774 quasi

269 2784 702 2842 rationabiliter
733 2785 932 2856 fugere
962 2784 1274 2840 videamini
1301 2802 1314 2851 ;
1346 2783 1459 2839 nisi
1483 2784 1621 2855 quia
1641 2783 1786 2838 illud
1818 2789 1926 2852 est,

267 2869 427 2938 quod
460 2865 673 2920 iterum
723 2865 874 2933 dico,
923 2865 1186 2920 Christus
1215 2868 1302 2919 est
1361 2863 1620 2930 humilis,
1679 2880 1778 2918 vos
1821 2880 1926 2918 su-

270 2946 443 3019 perbi
471 2946 499 3000 ‘I
526 2948 611 3000 An
644 2946 787 3001 forte
817 2945 1025 3017 corrigi
1057 2945 1237 3015 pudet
1265 2943 1291 2999 ?
1321 2944 1391 2998 Et
1417 2944 1526 2999 hoc
1555 2943 1762 2998 vitium
1789 2959 1928 2998 non-

269 3027 391 3083 nisi
424 3027 805 3097 superborum
849 3030 953 3081 est.
988 3026 1172 3080 Pudet
1201 3024 1468 3080 videlicet
1503 3025 1701 3080 doctos
1732 3022 1923 3078 homi-

270 3123 382 3163 nes
404 3122 470 3162 ex
493 3107 800 3176 discipulis
849 3106 1113 3162 Platonis
1159 3105 1280 3160 fieri
1331 3104 1645 3176 discipulos
1685 3103 1923 3171 Christi,

270 3189 378 3261 qui
412 3189 760 3260 piscatorem
785 3203 892 3242 suo
916 3187 1134 3258 Spiritu
1167 3186 1362 3242 docuit
1391 3201 1593 3257 sapere
1617 3202 1682 3240 ac
1713 3186 1924 3253 dicere,

268 3271 339 3326 In
367 3269 643 3339 principio
664 3270 782 3323 erat
810 3269 1056 3330 Verbum,
1089 3275 1140 3322 et
1173 3267 1399 3322 Verbum
1419 3271 1535 3322 erat
1556 3266 1703 3337 apud
1727 3268 1925 3330 Deum,

265 3359 326 3406 et
354 3351 493 3405 Deus
539 3352 661 3404 erat
715 3348 941 3404 Verbum
970 3365 990 3403 :
1029 3348 1126 3403 hoc
1173 3353 1293 3403 erat
1352 3347 1412 3401 in
1445 3345 1727 3417 principio
1773 3344 1926 3416 apud

267 3433 461 3486 Deum.
483 3428 676 3484 Omnia
698 3444 797 3500 per
818 3430 1002 3499 ipsum
1019 3430 1167 3498 facta
1187 3434 1342 3493 sunt,
1363 3432 1414 3483 et
1433 3426 1553 3483 sine
1580 3429 1701 3498 ipso
1714 3428 1928 3495 factum

264 3515 349 3568 est
377 3511 542 3578 nihil,
573 3512 716 3581 quod
744 3513 950 3579 factum
987 3519 1087 3564 est.
1136 3510 1199 3564 In
1227 3511 1342 3578 ipso
1377 3509 1490 3563 vita
1529 3515 1647 3562 erat
1678 3526 1696 3572 ,-
1736 3513 1786 3560 et
1813 3505 1928 3560 vita

268 3601 401 3649 erat
433 3592 532 3647 tua:
559 3591 864 3654 hominum,
886 3593 936 3644 et
957 3591 1057 3644 tua:
1075 3590 1134 3644 in
1158 3589 1394 3644 tenebris
1417 3588 1579 3651 lucet,
1607 3589 1656 3641 et
1688 3585 1928 3642 tenebrae

267 3689 401 3730 eam
457 3687 566 3728 non
617 3669 1163 3742 comprehenderunt.
1221 3668 1380 3734 Quod
1451 3667 1685 3722 initium
1744 3663 1928 3719 sancti

272 3750 596 3824 Evangelii,
617 3751 707 3806 cui
730 3766 943 3806 nomen
965 3757 1075 3816 est,
1099 3748 1435 3806 Secundum
1467 3747 1774 3810 Jonnnem,
1805 3744 1930 3816 qui-

273 3835 415 3890 dam
463 3831 818 3897 Platonicus,
860 3830 1014 3886 sicut
1051 3846 1084 3884 a
1115 3834 1318 3884 sancto
1350 3843 1487 3883 sene
1526 3826 1927 3896 Simpliciano,

277 3913 382 3987 qui
415 3917 616 3984 postea
645 3909 1065 3966 Mediolanensi
1104 3908 1372 3965 Ecclesiae
1404 3906 1673 3987 praesedit
1701 3907 1928 3987 episco-

276 3986 395 4068 pus
425 3992 528 4065 (a),
559 3991 896 4048 solebamus
928 3989 1148 4056 audire,
1198 3991 1392 4044 aureis
1430 3986 1640 4043 litteris
1670 3986 1930 4043 conscri-

273 4075 561 4144 bendam,
593 4080 650 4130 et
680 4089 780 4143 per
826 4088 1031 4128 omnes
1064 4070 1349 4127 Ecclesiae
1392 4071 1450 4126 in
1485 4069 1624 4125 locis
1665 4070 1929 4124 eminen-

269 4155 530 4212 tissimis
561 4151 1002 4226 preponendum
1035 4167 1161 4207 esse
1183 4151 1432 4206 dicebat.
1465 4151 1573 4205 Sed
1606 4149 1734 4206 ideo
1765 4148 1931 4204 viluit

269 4235 546 4306 superbis
576 4233 726 4288 Deus
753 4233 852 4288 ille
897 4231 1198 4303 magister,
1233 4230 1370 4300 quia
1398 4230 1627 4286 Verbum
1654 4243 1781 4284 caro
1811 4229 1930 4297 fac-

267 4326 393 4372 tum
425 4323 521 4381 est,
554 4321 605 4370 et
635 4314 900 4368 habitavit
926 4311 987 4367 in
1033 4313 1192 4369 nobis
1239 4311 1418 4380 (Joan.
1463 4328 1502 4380 ι,
1536 4311 1643 4378 1-5,
1681 4311 1767 4380 14)
1815 4325 1830 4364 :
1869 4313 1933 4362 ut

267 4412 482 4470 parum
515 4397 593 4451 sit
643 4394 872 4450 miseris
913 4393 1066 4464 quod
1118 4397 1425 4464 aegrotant,
1476 4391 1589 4446 nisi
1626 4407 1689 4446 se
1721 4391 1933 4460 inipsa

264 4480 450 4536 etiam
499 4476 842 4548 aegritudine
887 4473 1189 4542 extollant,
1240 4477 1296 4528 et
1356 4473 1428 4528 de
1479 4472 1772 4528 medicina
1817 4485 1933 4542 qua

264 4557 468 4615 sanari
501 4561 783 4629 poterant,
816 4554 1181 4610 erubescant.
1223 4552 1347 4609 Non
1381 4552 1540 4608 enim
1573 4551 1682 4608 hoc
1715 4552 1931 4607 faciunt

265 4646 335 4698 ut
362 4638 686 4710 erigantur,
732 4635 835 4691 sed
876 4639 940 4689 ut
989 4633 1252 4689 cadendo
1281 4633 1520 4704 gravius
1565 4631 1925 4705 afﬂigantur.

268 4795 514 4853 CAPUT
545 4795 710 4854 XXX.
733 4829 802 4840 —-
834 4798 1051 4867 Quanta
1080 4799 1354 4855 Platonici
1378 4797 1656 4871 dogmatis
1684 4800 1926 4870 Porphy-

474 4878 594 4934 rius
623 4881 972 4950 refutaverit,
1005 4879 1369 4936 dissentiendo
1397 4881 1721 4936 correxerit.

344 5033 408 5090 Si
440 5037 572 5105 post
613 5033 903 5091 Platonem
946 5034 1167 5108 aliquid
1209 5036 1521 5092 emendare
1563 5036 1930 5092 existimatur

264 5115 608 5187 indignum,
649 5130 751 5173 cur
791 5116 916 5189 ipse
952 5116 1306 5189 Porphyrius
1365 5118 1650 5174 nonnulla
1702 5121 1760 5173 et
1811 5134 1926 5172 non

337 5394 366 5428 ι·
389 5388 477 5439 Sic
505 5390 677 5440 nostri
704 5389 864 5440 Codd.
895 5387 1038 5442 2050.
1054 5387 1196 5438 2052.
1229 5388 1288 5436 In
1318 5389 1394 5446 B.,
1425 5388 1730 5451 aliquanto.
1765 5389 1830 5438 Μ.

329 5452 356 5488 ²
387 5451 515 5504 Sola
541 5452 705 5502 editio
735 5453 882 5516 ιον,
913 5451 1078 5516 quale
1116 5453 1545 5502 resurrectionis
1587 5466 1721 5501 suae
1759 5451 1923 5503 Chri—

257 5515 398 5566 εἰπε
425 5515 831 5564 demnstravit
863 5515 1132 5576 ememplo.

326 5605 408 5668 (a)
441 5605 556 5654 Vid.
594 5605 688 5668 lib.
721 5605 786 5668 de
813 5605 1079 5655 Praedest.
1111 5605 1298 5665 sanct.,
1327 5617 1384 5655 n.
1418 5603 1466 5664 1,
1499 5606 1550 5654 et
1595 5604 1687 5655 lib.
1727 5604 1756 5651 8
1785 5605 1921 5653 Con-

263 5667 419 5730 ῐοωέ,
448 5681 563 5734 cap.
593 5667 643 5730 2,
675 5681 730 5718 n.
759 5667 807 5718 4.

1708 315 1940 378 LIBER
1984 317 2349 384 DECIMUS.

3599 339 3719 400 310

2063 468 2240 525 parva
2281 460 2607 517 emendavit
2636 463 2664 518 τ
2708 463 2848 520 Nam
2892 465 3209 537 Platonem,
3243 468 3473 527 animas
3521 470 3718 528 homi-

2065 551 2202 592 num
2237 547 2366 609 post
2386 549 2629 600 mortem
2672 547 2880 601 revolvi
2915 564 3096 620 usque
3126 552 3194 604 ad
3221 568 3460 622 corpora
3501 553 3716 609 bestia-

2065 623 2538 702 rum,scripsisse
2555 627 2952 683 certissimum
2972 631 3170 702 est(a).
3190 633 3346 687 Hanc
3375 634 3718 690 sententiam

2061 701 2364 783 Porphyrii
2389 705 2585 761 doctor
2612 710 2798 763 tenuit
2823 710 2834 742 ‘
2861 716 2917 764 et
2937 701 3196 768 Plotinus
3217 714 3517 781 (Enneadis
3536 717 3590 783 3,
3616 717 3712 771 lib.

2060 780 2114 835 4.
2137 797 2258 853 cap,
2279 786 2370 854 2):
2398 785 2710 856 Porphyrio
2730 792 3071 860 tamenjure
3094 793 3410 861 displicuit.
3446 797 3505 850 In
3530 780 3717 850 homi-

2062 877 2202 918 num
2235 880 2392 935 sane,
2430 883 2544 921 non
2576 885 2682 924 sua
2712 886 2835 940 quae
2880 872 3237 940 dimiserant,
3281 875 3376 928 sed
3413 876 3524 930 alia
3565 893 3713 931 nova

2059 957 2304 1013 corpora
2327 948 2512 1002 redire
2526 948 2806 1004 humanas
2821 952 3037 1007 animas
3060 953 3376 1008 arbitratus
3393 955 3718 1011 est.Puduit

2060 1024 2285 1080 scilicet
2325 1027 2466 1082 illud
2512 1031 2766 1100 credere,
2814 1048 2884 1087 ne
2933 1039 3118 1089 mater
3165 1036 3408 1090 fortasse
3441 1036 3623 1090 tilium
3655 1038 3715 1092 in

2063 1107 2285 1164 mulam
2312 1111 2569 1167 revoluta
2590 1119 2874 1170 vectarat:
2895 1122 2949 1169 et
2974 1133 3085 1170 non
3108 1117 3312 1187 puduit
3335 1118 3441 1172 hoc
3459 1118 3714 1182 credere,

2060 1189 2160 1244 ubi
2194 1191 2450 1246 revoluta
2481 1193 2502 1227 ³
2533 1198 2716 1250 mater
2741 1195 2798 1250 in
2833 1196 3082 1266 puellam
3113 1198 3232 1253 filio
3264 1199 3506 1254 forsitan
3532 1199 3716 1254 nube-

2060 1275 2164 1326 ret.
2197 1271 2422 1334 Quanto
2462 1275 2720 1330 creditur
2765 1277 3068 1332 honestius
3113 1280 3266 1349 quod
3304 1281 3487 1334 sancti
3542 1283 3598 1334 et
3619 1295 3717 1333 ve-

2058 1366 2222 1407 races
2252 1351 2456 1422 Angeli
2480 1354 2823 1425 docuerunt,
2856 1359 3009 1427 quod
3039 1358 3339 1429 Prophetas
3366 1358 3463 1414 Dei
3486 1358 3712 1428 Spiritu

2055 1432 2170 1487 acti
2203 1431 2382 1488 locuti
2414 1439 2569 1503 sunt,
2597 1437 2746 1504 quod
2771 1437 2894 1506 ipse
2917 1454 3088 1504 quem
3112 1446 3418 1493 venturum
3452 1437 3710 1494 Salvato-

2057 1526 2177 1565 rem
2205 1512 2487 1583 praemissi
2510 1515 2697 1570 nuntii
2723 1515 3134 1586 praedixerunt,
3165 1519 3318 1588 quod
3343 1517 3505 1572 missi
3533 1519 3713 1587 Apos-

2055 1589 2156 1645 toli
2219 1593 2318 1662 qui
2357 1594 2556 1648 orbem
2605 1598 2890 1650 terrarum
2941 1596 3248 1668 Evangelio
3300 1597 3712 1666 repleverunt?

2055 1677 2292 1742 quanto,
2320 1671 2582 1744 inquam,
2617 1675 2920 1732 honestius
2953 1679 3232 1746 creditur,
3266 1678 3470 1733 reverti
3525 1677 3710 1733 semel

2053 1753 2278 1807 animas
2309 1754 2376 1808 ad
2415 1771 2654 1826 corpora
2687 1758 2935 1828 propria,
2968 1774 3142 1829 quam
3173 1761 3385 1814 reverti
3434 1759 3608 1814 toties
3633 1758 3705 1813 ad

2049 1833 2282 1888 diversa
2302 1834 2330 1888 ‘I
2359 1835 2772 1908 Verumtatem,
2810 1843 2875 1893 ut
2908 1840 3042 1902 dixi,
3067 1857 3135 1895 ex
3152 1856 3366 1912 magna
3395 1845 3555 1911 parte
3582 1856 3709 1894 cor-

2051 1919 2247 1968 rectus
2271 1915 2437 1970 estin
2484 1916 2588 1970 hac
2618 1919 2888 1986 opinione
2911 1919 3286 1992 Porphyrius,
3322 1927 3382 1974 ut
3409 1919 3614 1975 saltem
3649 1920 3706 1973 in

2048 1992 2206 2048 solos
2240 1994 2506 2050 homines
2557 1997 2844 2053 humanas
2876 1999 3101 2054 animas
3145 1999 3492 2071 praecipitari
3535 2015 3708 2069 posse

2047 2075 2286 2130 sentiret
2309 2092 2324 2141 ;
2347 2077 2634 2132 belluinos
2657 2084 2855 2133 autem
2875 2096 3131 2135 carceres
3149 2086 3426 2144 evertere,
3459 2081 3703 2136 minime

2047 2154 2362 2211 dubitaret.
2388 2157 2534 2212 Dicit
2555 2158 2751 2226 etiam,
2776 2165 2958 2214 Deum
2978 2161 3048 2214 ad
3077 2161 3180 2215 hoc
3198 2160 3455 2214 animam
3481 2162 3701 2214 mundo

2047 2233 2301 2298 dedisse,
2335 2240 2399 2290 ut
2435 2238 2688 2292 materias
2729 2254 3082 2308 cognoscens
3122 2239 3296 2304 mala,
3347 2239 3418 2292 ad
3468 2239 3693 2293 Patrem

2045 2320 2391 2381 recurreret,
2431 2331 2535 2371 nec
2555 2317 3013 2388 aliquandojam
3037 2318 3243 2372 talium
3305 2317 3526 2388 polluta
3556 2333 3692 2372 con-

2044 2395 2274 2466 tagione
2300 2401 2614 2451 teneretur.
2649 2396 2754 2453 Ubi
2779 2399 2888 2453 etsi
2927 2399 3163 2468 aliquid
3218 2398 3695 2453 inconvenienter

2046 2475 2202 2544 sapit
2230 2477 2444 2548 (magis
2465 2477 2621 2533 enim
2645 2479 2773 2532 data
2793 2483 2880 2534 est
2903 2479 3152 2549 corpori,
3183 2485 3240 2532 ut
3264 2479 3416 2533 bona
3437 2478 3689 2547 faceret;

2041 2570 2158 2610 non
2182 2558 2337 2611 enim
2365 2557 2522 2612 mala
2556 2557 2822 2625 disceret,
2850 2559 2897 2613 si
2923 2575 3038 2614 non
3064 2559 3318 2628 faceret),
3341 2557 3396 2612 in
3417 2573 3482 2613 eo
3496 2561 3692 2612 tamen

2040 2635 2287 2692 aliorum
2337 2639 2770 2694 Platonicorum
2825 2638 3182 2709 opinionem,
3232 2643 3288 2692 et
3345 2653 3461 2692 non
3520 2638 3577 2692 in
3632 2654 3694 2692 re

2042 2731 2217 2786 parva
2237 2717 2587 2785 emendavit,
2607 2719 2762 2788 quod
2784 2719 3125 2773 mundatam
3146 2719 3216 2773 ab
3232 2717 3500 2772 omnibus
3522 2715 3692 2772 malis

2039 2796 2298 2851 animam
2331 2806 2541 2852 etcum
2585 2797 2752 2853 Patre
2782 2799 3182 2863 constitutam,
3226 2814 3529 2868 nunquam
3565 2798 3692 2867 jam

2039 2875 2191 2931 mala
2231 2877 2433 2931 mundi
2477 2879 2658 2947 hujus
2708 2895 3020 2950 passuram
3061 2895 3188 2933 esse
3230 2881 3532 2934 confessus
3607 2881 3696 2933 est

2035 2953 2161 3018 Qua
2189 2958 2481 3012 sententia
2512 2959 2767 3029 profecto
2798 2958 3062 3020 abstulit,
3096 2959 3249 3030 quod
3283 2974 3409 3013 esse
3438 2958 3696 3013 Platoni-

2036 3051 2165 3091 cum
2195 3039 2446 3093 maxime
2470 3038 2829 3108 perhibetur,
2854 3043 2918 3094 ut
2952 3044 3216 3094 mortuos
3247 3056 3316 3094 ex
3337 3038 3589 3098 vivis.ita
3609 3038 3695 3091 vi-

2033 3133 2132 3178 vos
2153 3134 2220 3174 ex
2251 3119 2501 3174 mortuis
2532 3136 2764 3190 semper
2785 3119 2908 3175 ﬁeri
2939 3121 3124 3190 (Plato
3155 3119 3214 3174 in
3241 3118 3533 3189 Phaedone)
3558 3133 3571 3172 :
3595 3117 3695 3172 fal-

2035 3213 2282 3270 sumque
2325 3215 2450 3254 esse
2493 3202 2770 3269 ostendit,
2818 3205 2965 3272 quod
3003 3200 3298 3256 Platonice
3338 3201 3569 3254 videtur
3605 3199 3693 3252 di-

2035 3281 2190 3335 xisse
2220 3280 2524 3350 Virgilius,
2544 3281 2603 3335 in
2636 3297 2876 3352 campos
2900 3281 3125 3351 Elysios
3154 3290 3428 3351 purgatas
3459 3280 3688 3335 animas

2036 3359 2247 3414 missas
2279 3360 2419 3430 (quo
2446 3362 2682 3415 nomine
2707 3365 2981 3428 tanquam
3009 3377 3110 3430 per
3137 3362 3392 3414 fabulam
3416 3361 3690 3414 videntur

2034 3439 2348 3510 significari
2381 3441 2598 3509 gaudia
2627 3441 2979 3510 beatorum),
3007 3442 3077 3494 ad
3109 3441 3351 3495 fluvium
3386 3441 3683 3495 Lethaeum

2037 3518 2259 3574 evocari
2292 3519 2396 3588 (b),
2431 3519 2539 3573 hoc
2583 3524 2673 3574 est
2700 3519 2771 3573 ad
2816 3519 3165 3575 oblivionem
3215 3519 3678 3588 praeteritorum:

2099 3706 2308 3757 Scilicet
2335 3705 2670 3756 immemores
2699 3718 2889 3768 supera
2915 3707 2978 3755 ut
3004 3718 3244 3756 convexa
3270 3704 3529 3767 revisant,

2099 3772 2302 3820 Rursus
2328 3772 2382 3818 et
2409 3769 2667 3831 incipiant
2691 3769 2750 3817 in
2773 3782 2992 3831 corpora
3018 3769 3156 3817 velle
3184 3768 3396 3831 reverti.

2581 3831 2819 3895 (xEneid.
2854 3828 2945 3880 lib.
2976 3831 3026 3892 6,
3058 3845 3198 3882 vers.
3226 3829 3337 3886 750,
3357 3828 3496 3890 751.)

2036 3979 2236 4036 Merito
2283 3978 2583 4051 displicuit
2612 3978 2722 4034 hoc
2765 3977 3081 4050 Porphyrio
3114 3992 3128 4033 :
3180 3976 3456 4048 quoniam
3491 3989 3688 4031 revera

2038 4062 2271 4119 credere
2311 4059 2560 4116 stultum
2611 4065 2718 4125 est,
2749 4075 2818 4115 ex
2847 4059 2949 4114 illa
2999 4059 3131 4124 vita,
3175 4073 3304 4129 quae
3347 4053 3687 4112 beatissima

2038 4157 2165 4200 esse
2195 4157 2310 4197 non
2342 4141 2551 4212 poterit
2583 4141 2695 4195 nisi
2727 4141 2798 4194 de
2827 4155 2936 4194 sua
2958 4137 3460 4194 fueritmternitate
3481 4137 3690 4192 certis-

2039 4223 2210 4292 sima,
2257 4223 2583 4278 desiderare
2614 4222 2843 4275 animas
2873 4235 3182 4290 corporum
3217 4215 3683 4285 corruptibilium

2039 4303 2250 4372 labem,
2277 4308 2335 4358 et
2363 4303 2499 4358 inde
2528 4302 2599 4357 ad
2623 4302 2736 4357 ista
2764 4301 2786 4335 ³
2817 4316 3094 4366 remeare,
3118 4304 3396 4370 tanquam
3422 4297 3531 4352 hoc
3552 4303 3687 4367 agat

2040 4401 2271 4441 summa
2297 4383 2585 4457 purgatio,
2619 4388 2683 4438 ut
2709 4381 3033 4453 inquinatio
3062 4381 3413 4454 requiratur.
3435 4378 3494 4434 Si
3526 4379 3683 4434 enim

2106 4655 2121 4688 ι
2153 4652 2288 4701 Ante
2317 4651 2462 4705 editi,
2499 4649 2658 4699 Plato
2687 4650 2868 4698 doctor
2915 4648 3115 4697 renuit.
3163 4648 3350 4697 Postea
3378 4646 3530 4695 Vind.
3560 4646 3676 4694 Am.

2037 4715 2118 4786 Er.
2153 4715 2227 4764 sic
2261 4717 2760 4786 prosequuntur.._et'
2785 4712 3034 4786 Platonis
3063 4708 3680 4786 discip'uloﬂorph'grio

2037 4785 2220 4826 tamen
2242 4771 2382 4837 jure
2409 4771 2718 4838 displicuit.
2739 4776 2864 4824 Lov.
2895 4776 3092 4838 autem,
3121 4780 3170 4819 et
3211 4773 3497 4838 Plotinus,
3523 4771 3683 4838 disci-

2028 4841 2170 4900 pulo
2200 4832 2516 4902 Pbrphyrio
2543 4848 2747 4892 tamen,
2777 4841 2876 4885 etc.
2906 4837 3097 4902 Locum
3124 4836 3415 4902 restituunt
3441 4832 3565 4880 libri
3594 4846 3682 4902 ve-

2035 4897 2174 4952 teres
2202 4903 2287 4951 hic
2310 4897 2544 4951 maxime
2571 4901 2712 4949 inter
2740 4913 2795 4947 se
2830 4899 3232 4948 consentientes.
3273 4897 3514 4946 Plotinus
3542 4898 3680 4944 certe

2037 4965 2275 5014 Platonis
2289 4965 2591 5026 opinionem
2620 4963 2685 5026 de
2711 4961 2885 5026 reditu
2896 4961 3217 5026 animarum
3244 4959 3302 5008 in
3329 4959 3551 5026 quaevis
3571 4972 3682 5007 cor-

2073 5041 2167 5076 ora
2195 5022 2406 5076 secutus
2435 5029 2514 5075 est
2540 5025 2598 5073 in
2625 5025 2855 5072 Ennead.
2891 5022 2940 5079 3,
2971 5023 3063 5071 lib.
3093 5025 3142 5078 4,
3182 5036 3295 5084 cap.
3328 5022 3372 5070 2.
3414 5023 3526 5084 Ipse
3555 5034 3681 5069 vero

2057 5091 2361 5152 ’orphyrius
2384 5089 2572 5152 scribit
2602 5100 2656 5136 se
2683 5087 2884 5152 decimo
2914 5084 3512 5152 Gallienirimperatoris
3541 5095 3683 5152 anno

2035 5144 2256 5202 Romam
2288 5167 2316 5201 e
2367 5151 2586 5200 Graecia
2632 5150 2858 5206 venisse,
2891 5162 3010 5197 cum
3059 5144 3297 5196 Plotinus
3343 5159 3540 5194 annum
3575 5144 3684 5193 fere

2035 5216 2534 5279 quinquagesimum
2593 5226 2797 5263 nonum
2851 5215 3075 5273 ageret,
3155 5211 3467 5270 audiseeque
3529 5207 3684 5255 illum

2035 5281 2273 5342 quinque
2303 5293 2491 5328 annos.

2099 5344 2120 5376 ‘-’
2152 5336 2236 5391 Sic
2265 5343 2388 5391 Mss.
2421 5343 2487 5389 At
2515 5340 2661 5392 editi.
2694 5353 2760 5386 ne
2789 5336 3060 5387 revoluta.

2100 5405 2121 5438 3
2151 5403 2405 5453 Nonnulli
2441 5402 2584 5456 Mss,
2619 5402 2800 5449 istam.
2837 5427 2900 5436 —
2929 5401 3010 5448 Ita
3038 5399 3129 5447 Ms.
3160 5396 3302 5445 2052.
3333 5395 3401 5443 M.

2099 5483 2176 5543 (a)
2203 5482 2350 5532 Cont.
2381 5481 2570 5544 Euseb.
2606 5483 2672 5532 de
2700 5481 2942 5544 Praepar.
2970 5491 3162 5544 evang.
3197 5474 3410 5544 ηιμ-ῳ,
3447 5487 3560 5544 cap.
3600 5474 3678 5534 16,

2032 5538 2335 5596 inversione
2363 5541 2570 5606 gallica,
2603 5538 3079 5594 Demens—craticiis
3108 5538 3522 5602 e'vangéliques,
3546 5541 3674 5591 tom.

2033 5609 2078 5657 1'
2196 5669 2310 5719 Vid.
2340 5668 2614 5719 Platonem
2640 5669 2698 5717 in
2725 5668 2819 5718 lib.
2855 5665 2912 5715 10
2938 5666 3003 5715 de
3029 5663 3231 5726 Bepub.
