4128 6184
393 329 505 396 311

387 467 540 541 quod
583 465 828 537 perfecte
872 465 1253 530 mundantur,
1289 464 1397 519 hoc
1437 465 1633 535 efﬁcit,
1667 469 1732 520 ut
1769 463 2034 521 omnium

383 549 804 606 obliviscantur
826 546 1138 612 malorum,
1161 544 1446 602 malorum
1464 552 1658 603 autem
1672 546 1886 602 oblivio
1906 547 2040 601 facit

381 643 686 699 corporum
705 626 1084 692 desiderium,
1102 625 1198 679 ubi
1218 642 1421 680 rursus
1441 626 1817 698 implicentur
1837 625 2038 682 malis:

381 711 636 782 profecto
667 709 779 762 erit
811 705 1168 760 infelicitatis
1188 723 1386 775 causa,
1416 725 1650 764 summa
1675 708 1954 764 felicitas:
1980 715 2038 762 et

381 788 644 845 stultitia
687 803 883 850 causa,
909 785 1180 856 perfectio
1215 787 1624 856 sapientia;et
1651 789 2036 844 immunditiis

382 886 580 934 causa,
601 883 832 922 summa
868 866 1168 921 inundatio
1190 871 1230 923 ί.
1253 868 1367 924 Nec
1385 869 1623 926 veritate
1642 871 1720 926 ibi
1753 873 1914 926 beata
1929 867 2037 924 erit

382 949 598 1015 anima,
619 947 1154 1018 quamdiucumque
1184 948 1428 1018 erit,ubi
1458 956 1686 1021 oportet
1705 950 2038 1016 fallatur,ut

382 1031 552 1084 beata
574 1029 668 1083 sit.
689 1027 811 1082 Non
837 1028 995 1082 enim
1020 1030 1188 1084 beata
1205 1029 1334 1098 erit,
1355 1032 1468 1085 nisi
1489 1046 1711 1086 secura.
1735 1031 1808 1086 Ut
1843 1037 2036 1085 autem

381 1126 586 1165 secura
607 1109 701 1175 sit,
731 1109 875 1164 falso
897 1109 1117 1181 putabit
1135 1127 1367 1183 semper
1387 1129 1451 1167 se
1470 1112 1692 1167 beatam
1720 1113 1839 1167 fore
1864 1129 1876 1165 :
1906 1127 2039 1181 quo-

387 1189 545 1245 niam
577 1189 890 1258 aliquando
920 1191 1026 1246 erit.
1058 1199 1109 1246 et
1145 1192 1372 1247 misera.
1419 1193 1524 1247 Cui
1569 1209 1702 1264 ergo
1747 1191 2038 1263 gaudendi

386 1284 566 1324 causa
599 1269 820 1324 falsitas
850 1269 978 1337 erit,
1015 1271 1308 1340 quomodo
1339 1272 1410 1326 de
1440 1272 1677 1327 veritate
1711 1271 2039 1344 gaudebit?

389 1349 540 1405 Vidit
561 1349 670 1404 hoc
695 1349 1066 1422 Porphyrius,
1109 1356 1535 1424 purgatamque
1559 1353 1813 1407 animam
1839 1353 1910 1407 ob
1930 1352 2039 1407 hoc

386 1428 591 1485 reverti
616 1429 760 1484 dixit
783 1430 852 1484 ad
877 1431 1131 1498 Patrem,
1169 1447 1237 1486 ne
1257 1430 1711 1500 aliquandojam
1745 1431 2034 1487 malorum

383 1509 604 1581 polluta
635 1509 980 1580 contagione
1023 1515 1307 1565 teneatur.
1341 1511 1581 1585 [XXXL]
1613 1513 1777 1567 Falso
1810 1512 1985 1581 igitur
2006 1529 2038 1568 a

384 1591 734 1660 quibusdam
775 1589 1078 1644 Ptatonicis
1115 1595 1205 1644 est
1250 1593 1504 1648 creditus
1547 1593 1717 1663 quasi
1761 1609 2037 1648 necessa-

385 1670 504 1724 rius
528 1670 682 1722 orbis
703 1668 820 1736 ille,
846 1670 915 1724 ab
937 1670 1152 1724 eisdem
1175 1671 1427 1726 abeundi
1452 1677 1508 1728 et
1529 1672 1602 1727 ad
1634 1675 1833 1728 eadem
1861 1689 2041 1727 rever-

386 1749 567 1804 tendi.
590 1749 746 1812 Quod
776 1751 999 1804 etiamsi
1023 1766 1225 1805 verum
1251 1755 1573 1824 esset,quid
1599 1754 1706 1809 hoc
1727 1755 1874 1809 scire
1905 1770 2042 1825 pro-

385 1829 580 1884 desset
599 1830 709 1884 nisi
727 1830 870 1883 forte
885 1830 1017 1884 inde
1031 1847 1092 1884 se
1107 1832 1274 1887 nobis
1293 1833 1568 1888 auderent
1581 1834 1846 1905 praferre
1861 1835 2041 1888 Plato-

387 1907 524 1976 nici,
544 1909 679 1979 quia
697 1911 752 1963 id
776 1911 950 1964 nosin
972 1909 1080 1965 hac
1101 1910 1344 1980 vitajam
1369 1913 1738 1981 nisciremus,
1759 1913 2040 1985 quodipsi

393 1988 451 2044 in
469 1991 584 2044 alia
608 1988 842 2044 meliore
862 1991 974 2044 vita
998 1992 1399 2061 purgatissimi
1419 2000 1475 2048 et
1488 1996 1902 2064 sapientissimi
1922 1995 2042 2048 fue-

387 2075 521 2124 rant
545 2070 844 2136 nescituri,
867 2075 920 2125 et
940 2071 1153 2126 falsum
1176 2074 1464 2129 credendo
1483 2075 1634 2130 beati
1651 2075 2039 2139 futuri?Quod

386 2150 435 2204 si
468 2150 962 2204 absurdissimum
997 2157 1056 2205 et
1083 2152 1505 2208 stultissimum
1547 2161 1637 2209 est
1674 2157 1884 2223 dicere,
1911 2156 2041 2211 Por-

387 2229 577 2302 phyrii
611 2231 862 2298 profecto
893 2235 982 2286 est
1027 2232 1379 2301 praferenda
1428 2235 1740 2302 sententia,
1790 2235 1882 2290 his
1939 2235 2040 2307 qui

384 2310 719 2364 animarum
751 2309 1001 2365 circulos
1041 2309 1365 2368 alternante
1409 2330 1638 2386 semper
1677 2315 1950 2370 heatitate
1981 2320 2039 2372 et

387 2389 623 2445 miseria
655 2390 935 2460 suspicati
967 2396 1126 2447 sunt.
1161 2392 1322 2456 Quod
1355 2393 1404 2448 si
1438 2393 1520 2449 ita
1547 2400 1656 2463 est,
1689 2411 1820 2452 ecce
1851 2397 2037 2451 Plato-

384 2469 552 2546 nicus
574 2470 632 2524 in
655 2469 865 2525 melius
887 2490 917 2523 a
954 2469 1189 2526 Platone
1211 2471 1518 2529 dissentit:
1546 2491 1676 2530 ecce
1697 2475 1858 2539 vidit,
1881 2477 2035 2546 quod

383 2545 482 2604 ille
515 2567 629 2604 non
652 2550 819 2617 vidit,
853 2566 956 2605 nec
989 2557 1121 2620 post
1151 2554 1326 2607 tatem
1360 2570 1426 2608 ac
1449 2560 1672 2610 tantum
1701 2545 2038 2626 magistrum

383 2630 592 2702 refugit
639 2631 1054 2686 correctionem
1105 2632 1207 2686 sed
1246 2632 1465 2688 homini
1516 2637 1831 2706 praposuit
1879 2637 2034 2691 veri-

383 2714 578 2765 tatem.

385 2928 618 2986 CAPUT
640 2931 844 2987 XXXI.
863 2963 931 2974 —-
958 2933 1160 2992 Contra
1189 2949 1578 3008 argumentum
1601 2942 2033 3012 Platonicorum,

453 3025 557 3081 quo
589 3013 838 3069 animam
873 3013 1174 3073 humanam
1223 3020 1331 3076 Deo
1369 3031 1620 3077 asserunt
1649 3039 1764 3078 esse
1807 3029 2034 3080 coaeter-

455 3107 608 3146 nam.

456 3279 572 3334 Cur
615 3297 752 3354 ergo
788 3300 908 3340 non
941 3286 1139 3358 potius
1181 3288 1468 3346 divinitati
1510 3293 1800 3349 credimus
1829 3295 1899 3350 de
1938 3295 2031 3350 his

388 3360 582 3428 rebus,
615 3378 756 3433 quas
787 3364 1042 3447 humano
1075 3367 1307 3438 ingenio
1341 3373 1733 3440 pervestigare
1762 3391 1876 3430 non
1903 3393 2034 3447 pos-

385 3454 614 3507 sumus,
648 3459 774 3513 qua
806 3445 1064 3500 animam
1104 3463 1328 3517 quoque
1359 3451 1546 3520 ipsam
1593 3470 1707 3508 non
1741 3455 1855 3510 Deo
1887 3445 2032 3511 coa-

352 3506 636 3603 lternam,
663 3506 774 3578 sed
806 3532 1061 3582 creatam
1092 3506 1406 3598 dicit-esse:
1440 3548 1567 3603 qua
1741 3506 1865 3592 erat
1891 3506 1945 3591 τί
1960 3506 2034 3592 ὗε

385 3601 547 3686 enim
568 3601 678 3658 hoc
701 3604 980 3660 Platonici
1007 3609 1227 3663 nollent
1245 3601 1494 3680 credere,
1513 3613 1661 3670 hanc
1687 3616 1882 3686 utique
1905 3634 2033 3673 cau-

384 3699 510 3740 sam
536 3684 803 3772 idoneam
828 3687 941 3772 sibi
962 3691 1309 3748 videbantur
1328 3695 1553 3767 afferre,
1579 3699 1718 3770 quia
1745 3684 1858 3755 nisi
1881 3702 2033 3772 quod

387 3779 615 3835 semper
653 3771 824 3850 antea
865 3769 1088 3835 fuisset,
1123 3776 1551 3844 sempiternum
1593 3769 1867 3850 deinceps
1898 3769 2036 3836 esse

389 3859 503 3933 non
540 3853 755 3933 posset.
781 3847 1124 3933 Quan_quam
1150 3859 1206 3909 et
1236 3855 1305 3909 de
1341 3859 1554 3914 mundo
1583 3868 1635 3914 et
1665 3860 1735 3914 de
1768 3847 1858 3914 his
1891 3876 2034 3930 quos

387 3925 445 3977 in
467 3925 686 4008 mundo
710 3929 848 3982 deos
871 3947 903 3982 a
926 3930 1042 3986 Deo
1064 3935 1242 3988 tactos
1264 3937 1466 3990 scribit
1490 3938 1648 3993 Plato
1678 3940 1764 4008 (In
1797 3925 2033 4008 Tim-ato),

386 4006 752 4088 apertissime
770 4008 1036 4065 dicateos
1061 4029 1188 4067 esse
1203 4015 1528 4085 capisse,et
1550 4006 1762 4074 habere
1782 4021 1946 4072 initiu
1959 4006 2034 4088 ni,

388 4083 562 4168 ﬁnem
597 4090 794 4168 tamen
831 4104 944 4168 non
974 4083 1306 4159 habituros,
1330 4098 1423 4147 sed
1452 4112 1550 4165 per
1577 4097 1906 4151 Conditoris
1941 4083 2035 4168 p0;

391 4162 784 4243 tentissimam
818 4167 1172 4222 voluntatem
1206 4172 1261 4224 in
1295 4162 1576 4227 aeternum
1627 4162 2036 4243 permansuros

387 4256 514 4294 esse
545 4242 864 4326 perhibeat.
899 4251 1111 4326 Verum
1145 4248 1200 4301 id
1236 4253 1529 4318 quomodo
1559 4242 1912 4326 intelligant,
1953 4256 2036 4310 in.

390 4323 689 4401 venerunt,
729 4337 839 4376 non
863 4339 992 4378 esse
1016 4325 1126 4379 hoc
1155 4326 1415 4382 videlicet
1441 4333 1731 4401 temporis,
1760 4323 1860 4389 sed
1895 4323 2035 4391 sub-

390 4399 703 4489 stitutiionis
752 4403 1008 4460 initium.
1049 4407 1200 4462 Sicut
1232 4413 1400 4472 enim,
1436 4399 1725 4483 inquiunt,
1766 4419 1816 4471 si
1848 4435 1942 4489 pes
1969 4433 2038 4473 ex

388 4481 694 4568 aternitate
715 4497 927 4568 semper
952 4488 1142 4555 fuisset
1165 4490 1224 4542 in
1245 4481 1708 4568 [iuti'ere,semper
1727 4500 1786 4553 ei
1803 4481 2038 4558 subesset

391 4560 723 4649 vestigium;
770 4565 909 4649 quod
947 4572 1139 4649 tamen
1166 4573 1454 4639 vestigium
1479 4560 1522 4629 ia
1552 4560 1796 4633 ca'tcante
1824 4582 2034 4649 factum

391 4653 548 4733 nemo
567 4639 862 4733 dubitaret,
878 4662 976 4733 nec
997 4647 1236 4704 alterum
1252 4653 1424 4709 altera
1438 4656 1596 4726 prius
1615 4665 1767 4727 esset,
1787 4639 2037 4733 quamvis

391 4717 626 4809 alterum
645 4723 712 4776 ab
732 4723 915 4809 altera
941 4729 1334 4809 factumesset:
1364 4717 1770 4809 sic,inquiunt;
1794 4717 1853 4798 et

393 4797 492 4891 dus
521 4805 690 4899 atque
718 4806 779 4898 in
808 4806 905 4899 illo
935 4808 1018 4864 dii
1035 4815 1227 4883 creati,
1255 4818 1306 4869 et
1326 4797 1538 4889 semper
1558 4797 1790 4888 ‘fuerun't
1827 4797 2040 4899 semper

394 4885 661 4974 existente
682 4888 779 4956 qui
794 4889 1000 4978 fecit,”
1019 4897 1201 4978 tamen
1219 4898 1356 4965 facti
1373 4885 1817 4974 sunt.Numquid
1837 4885 1970 4978 ergo
1989 4911 2039 4966 si

394 4970 845 5056 animasemper
862 4970 990 5039 fuit,
1015 4975 1185 5056 etiam
1211 4977 1442 5034 miseria
1461 4983 1588 5050 ejus
1607 4970 1834 5056 semper
1856 4970 2037 5046 fuvisse

395 5041 637 5099 dicenda
654 5048 792 5134 est?
814 5053 988 5106 Porro
1019 5055 1066 5108 si
1092 5056 1314 5126 aliquid
1341 5060 1399 5113 in
1432 5041 1551 5131 ill'a,
1585 5041 1751 5134 quod‘
1780 5041 2038 5124 exater:

395 5139 479 5212 no‘
502 5127 808 5212 nonfuit,‘
837 5145 964 5188 esse
997 5135 1163 5204 capit
1199 5153 1267 5191 ex
1301 5127 1580 5212 tempore,
1604 5127 1721 5200 'cur
1767 5164 1881 5204 non
1913 5151 2037 5206 ﬁeri

391 5207 768 5293 po.tuerit,ﬁut_
795 5207 1110 5293 ipsaesset
1139 5230 1207 5269 ex
1247 5207 1528 5289 tempore,
1565 5207 1689 5292 qua
1721 5232 1889 5283 antea
1921 5247 2032 5285 non

390 5285 647 5345 fuisset?
671 5285 890 5343 Deinde
935 5291 1227 5349 beatitudo
1261 5285 1489 5369 quoque
1516 5285 1650 5370 ejus
1682 5317 1809 5375 post
1866 5325 2035 5381 expe-

398 5589 402 5592 ,
454 5541 466 5572 ¹
505 5541 588 5589 Sic
615 5545 734 5594 Mss.
767 5550 835 5596 Αι
863 5550 1007 5606 editi,
1042 5555 1341 5604 inauditia.

1455 335 1555 394 DE
1599 331 1960 394 CIVITATE
2008 329 2160 404 DEI,
2207 329 2270 390 S.
2319 330 2739 393 AUGUSTINI

3684 325 3809 390 312

2149 462 2463 519 rimentum
2491 465 2780 520 malorum
2829 463 3055 520 firmior
3090 467 3150 519 et
3170 462 3296 518 sine
3326 463 3443 517 ﬁne
3504 448 3804 518 mansura'

2154 543 2307 599 sicut
2327 545 2437 600 iste
2459 546 2789 614 conﬁtetur,
2816 545 3215 617 proculdubio
3237 545 3408 614 capit
3430 560 3495 598 ex
3518 548 3804 614 tempore,

2152 629 2422 680 ettamen
2471 641 2700 698 semper
2746 627 2876 691 erit,
2919 641 3053 681 cum
3087 629 3257 679 antea
3290 639 3402 679 non
3453 623 3642 678 fuerit.
3697 623 3804 678 Illa

2151 705 2327 777 igitur
2352 708 2544 762 omnis
2575 707 3004 777 argumentatio
3043 705 3326 760 dissoluta
3357 709 3461 772 est,
3494 720 3611 775 qua
3636 709 3814 774 puta-

2152 791 2246 842 tur
2277 786 2422 840 nihil
2447 803 2574 843 esse
2595 803 2761 858 posse
2791 789 2917 842 sine
2933 787 3046 842 ﬁne
3068 785 3491 856 temporis,nisi
3512 784 3666 853 quod
3688 784 3805 840 ini-

2151 869 2300 922 tium
2335 884 2446 922 non
2479 867 2653 923 habet
2693 867 2987 938 temporis.
3041 868 3278 921 Inventa
3299 870 3386 920 est
3408 865 3561 920 enim
3593 866 3804 920 anima

2149 947 2600 1017 beatitudo,qua
2617 963 2746 1004 cum
2770 948 2999 1002 initium
3025 946 3299 1017 temporis
3317 945 3606 1013 habuerit,
3624 945 3802 1002 ﬁnem

2151 1026 2431 1096 temporis
2491 1045 2604 1082 non
2656 1028 2910 1084 habebit.
2954 1030 3310 1097 Quapropter
3353 1026 3560 1080 divina
3595 1031 3806 1082 aucto-

2154 1106 2312 1161 ritati
2365 1106 2623 1163 humana
2675 1109 2842 1164 cedat
2871 1107 3217 1172 inﬁrmitas,
3259 1107 3462 1176 eisque
3519 1104 3704 1161 beatis
3749 1115 3808 1161 et

2149 1185 2578 1242 immortalibus
2609 1187 2679 1242 de
2710 1203 2844 1242 vera
2876 1185 3153 1257 religione
3196 1186 3523 1253 credamus,
3547 1185 3647 1256 qui
3689 1185 3805 1241 sibi

2151 1265 2429 1322 honorem
2466 1285 2578 1323 non
2615 1272 2911 1337 expetunt,
2954 1282 3129 1338 quem
3177 1266 3292 1321 Deo
3321 1281 3445 1334 suo,
3481 1265 3581 1337 qui
3625 1265 3803 1323 etiam

2151 1351 2348 1401 noster
2377 1351 2484 1414 est,
2518 1348 2710 1403 deberi
2735 1347 2957 1415 sciunt;
2989 1346 3339 1416 necjubent,
3365 1349 3426 1400 ut
3448 1345 3804 1402 sacriﬁcium

2151 1427 2452 1494 faciamus,
2478 1429 2588 1483 nisi
2606 1433 2663 1483 et
2681 1429 3110 1493 tantummodo,
3127 1427 3371 1497 cujusjet
3389 1442 3494 1481 nos
3507 1441 3640 1481 cum
3655 1426 3801 1496 illis,

2151 1514 2214 1563 ut
2243 1526 2396 1579 sape
2425 1509 2539 1564 dixi
2572 1514 2628 1565 et
2649 1525 2800 1580 sape
2821 1509 3132 1564 dicendum
3156 1513 3266 1577 est,
3290 1507 3642 1563 sacriﬁcium
3667 1523 3803 1566 esse

2149 1589 2456 1657 debemus,
2483 1605 2582 1660 per
2612 1606 2745 1644 eum
2771 1589 3124 1644 sacerdotem
3154 1587 3577 1658 oﬁ’erendi,qui
3600 1588 3656 1641 in
3691 1588 3799 1643 ho-

2149 1667 2494 1740 minequem
2533 1669 2807 1739 suscepit,
2842 1669 3166 1724 secundum
3196 1668 3410 1738 quem‘
3433 1674 3490 1722 et
3519 1668 3798 1724 sacerdos

2147 1764 2275 1803 esse
2305 1747 2506 1816 voluit,
2531 1750 2702 1804 etiam
2742 1764 2926 1818 usque
2949 1748 3018 1803 ad
3043 1753 3287 1803 mortem
3319 1747 3670 1803 sacriﬁcium
3691 1765 3800 1820 pro

2148 1829 2320 1884 nobis
2349 1830 2620 1902 dignatus
2651 1834 2740 1884 est
2770 1829 2916 1884 ﬁeri.

2148 2042 2375 2098 CAPUT
2403 2043 2699 2099 XXXII.—
2721 2043 2792 2098 De
2812 2042 3116 2099 universali
3137 2042 3224 2098 via
3245 2043 3447 2098 anima
3470 2043 3793 2115 liberandas,

2219 2141 2384 2196 quam
2425 2125 2766 2196 Porphyrius
2807 2125 2949 2180 male
2981 2123 3272 2195 quarendo
3302 2141 3410 2180 non
3453 2127 3679 2196 reperit,
3712 2129 3792 2196 et,

2146 2265 2150 2270 _
2219 2221 2384 2276 quam
2409 2208 2522 2260 sola
2553 2207 2735 2273 gratia
2764 2205 3071 2261 christiana
3101 2205 3383 2262 reserauit.

2211 2397 2261 2450 1.
2285 2396 2413 2450 Hac
2435 2401 2515 2451 est
2539 2395 2759 2467 religio,
2782 2411 2907 2468 qua
2935 2395 3321 2451 universalem
3355 2395 3613 2452 continet
3635 2396 3792 2452 viam

2145 2478 2354 2531 anima
2386 2476 2722 2538 liberanda;
2761 2475 3034 2546 quoniam
3069 2474 3232 2530 nulla
3258 2475 3370 2530 nisi
3407 2476 3511 2532 hac
3557 2474 3798 2532 liberari

2147 2560 2353 2626 potest.
2375 2556 2503 2610 Hac
2523 2560 2615 2610 est
2637 2556 2792 2610 enim
2817 2555 3071 2626 quodam
3097 2555 3270 2609 modo
3288 2555 3500 2625 regalis
3526 2555 3636 2622 via,
3663 2571 3799 2626 qua

2147 2651 2262 2690 una
2295 2636 2454 2691 ducit
2485 2638 2554 2690 ad
2589 2652 2859 2707 regnum,
2893 2652 3006 2690 non
3031 2635 3339 2706 temporali
3367 2637 3600 2706 fastigio
3623 2643 3797 2691 nuta-

2147 2714 2433 2783 bundum,
2451 2717 2548 2771 sed
2573 2717 2917 2771 aternitatis
2933 2716 3206 2772 ﬁrmitate
3222 2732 3517 2772 securum.
3535 2717 3681 2772 Cum
3700 2731 3802 2772 au-

2145 2801 2258 2851 tem
2293 2797 2426 2852 dicit
2462 2797 2818 2869 Porphyrius
2865 2797 2924 2852 in
2957 2797 3144 2868 primo
3165 2799 3330 2868 juxta
3379 2798 3551 2852 ﬁnem
3586 2797 3658 2852 de
3690 2798 3806 2854 Re-

2143 2891 2350 2947 gressu
2373 2878 2756 2945 animalihro,
2784 2879 3042 2932 nondum
3067 2884 3351 2947 receptam
3380 2893 3551 2932 unam
3575 2893 3794 2948 quam-

2144 2961 2278 3015 dam
2311 2967 2549 3028 sectam,
2575 2976 2700 3029 qua
2727 2961 2748 2994 ³
2775 2959 3153 3014 universalem
3177 2956 3468 3013 contineat
3487 2958 3641 3012 viam
3668 2957 3803 3012 ani-

2146 3057 2252 3096 ma
2283 3038 2616 3104 liberanda,
2648 3040 2733 3094 vel
2768 3056 2801 3093 a
2841 3038 3209 3109 philosophia
3243 3037 3544 3092 verissima
3571 3036 3794 3106 aliqua,

2140 3120 2227 3176 vel
2261 3123 2334 3176 ab
2367 3120 2638 3175 Indorum
2673 3119 2937 3174 moribus
2971 3134 3038 3174 ac
3069 3118 3400 3188 disciplina,
3432 3122 3531 3172 aut
3572 3117 3798 3172 induc-

2139 3201 2297 3255 tione
2326 3199 2749 3265 Chaldaorum,
2782 3209 2878 3254 aut
2910 3199 3024 3254 alia
3053 3199 3313 3269 qualibet
3351 3198 3462 3261 via,
3496 3198 3795 3253 nondum-

2141 3298 2254 3353 que
2286 3282 2342 3335 in
2360 3297 2524 3335 suam
2551 3280 2815 3336 notitiam
2836 3279 3100 3334 eamdem
3122 3279 3268 3332 viam
3292 3278 3579 3333 historiali
3595 3278 3797 3346 cogni-

2139 3365 2297 3418 tione
2316 3361 2826 3434 perlatam;procul
2847 3360 3021 3415 dubio
3039 3360 3348 3415 conﬁtetur
3367 3376 3496 3415 esse
3509 3359 3795 3430 aliquam,

2140 3445 2239 3498 sed
2263 3442 2518 3497 nondum
2544 3441 2601 3495 in
2619 3458 2787 3496 suam
2807 3441 3037 3496 venisse
3059 3439 3441 3494 notitiam.lta
3463 3440 3510 3493 ei
3533 3455 3646 3496 non
3665 3438 3794 3492 suf-

2141 3525 2371 3580 ﬁciebat
2401 3522 2687 3593 quidquid
2711 3524 2780 3576 de
2809 3520 3008 3575 anima
3035 3518 3334 3574 liberanda
3361 3518 3797 3574 studiosissime

2139 3605 2378 3668 dicerat,
2421 3602 2666 3671 sibique,
2689 3600 2772 3654 vel
2801 3601 2989 3668 potius
3021 3599 3151 3654 aliis
3175 3615 3347 3655 nosse
3393 3617 3457 3654 ac
3479 3604 3674 3654 tenere
3703 3598 3796 3652 vi-

2142 3687 2408 3740 debatur.
2446 3682 2740 3737 Sentiehat
2776 3680 2931 3735 enim
2953 3679 3147 3734 adhuc
3169 3679 3280 3734 sibi
3313 3680 3512 3735 deesse
3533 3679 3797 3750 aliquam

2142 3764 2683 3836 prastantissimam
2705 3762 3134 3828 auctoritatem,
3156 3776 3334 3830 quam
3358 3761 3427 3815 de
3445 3777 3505 3816 re
3527 3766 3688 3815 tanta
3708 3777 3799 3816 se-

2143 3846 2244 3914 qui
2271 3849 2580 3913 oporteret.
2613 3843 2755 3896 Cum
2789 3846 2984 3896 autem
3021 3840 3184 3909 dicit,
3232 3840 3318 3894 vel
3349 3857 3382 3894 a
3423 3839 3799 3910 philosOphia

2144 3925 2444 3978 verissima
2473 3924 2668 3993 aliqua
2699 3922 2961 3977 nondum
2994 3920 3050 3975 in
3090 3936 3258 3975 suam
3295 3921 3558 3976 notitiam
3593 3936 3796 3991 perve-

2145 4003 2303 4058 nisse
2336 4011 2548 4058 sectam
2573 4019 2700 4072 qua
2736 4000 3123 4056 universalom
3157 4000 3449 4056 contineat
3480 4003 3631 4056 viam
3663 4001 3796 4055 ani-

2144 4101 2251 4138 ma
2300 4083 2649 4149 liberanda;
2682 4085 2845 4149 satis,
2884 4089 3169 4152 quantum
3213 4082 3485 4146 arbitror,
3510 4082 3794 4152 ostendit,

2144 4165 2226 4217 vel
2261 4180 2388 4219 eam
2438 4162 2890 4233 philosOphiam,
2923 4163 2982 4218 in
3031 4179 3145 4232 qua
3175 4162 3297 4233 ipse
3342 4161 3799 4232 philosophatus

2143 4253 2250 4313 est,
2277 4261 2388 4298 non
2413 4261 2542 4299 esse
2559 4244 2944 4310 verissimam,
2963 4243 3050 4298 vel
3074 4260 3143 4299 ea
3173 4260 3288 4298 non
3309 4243 3592 4299 contineri
3619 4243 3800 4300 talem

2142 4325 2318 4379 viam.
2348 4325 2409 4380 Et
2439 4326 2864 4396 quomodojam
2922 4329 3112 4394 potest
3140 4339 3269 4379 esse
3307 4324 3634 4390 verissima,
3679 4340 3800 4395 qua

2146 4423 2261 4461 non
2294 4407 2624 4460 continetur
2645 4406 2766 4460 hac
2798 4405 2887 4459 via
2911 4406 2938 4458 ‘?
2967 4405 3108 4460 Nam
3138 4422 3264 4474 qua
3295 4403 3408 4459 alia
3438 4403 3529 4458 via
3547 4408 3637 4458 est
3669 4404 3799 4458 uni-

2143 4487 2385 4542 versalis
2415 4488 2620 4541 anima
2643 4484 3109 4552 liberanda,nisi
3131 4501 3249 4555 qua
3280 4485 3560 4539 universa
3585 4484 3798 4540 anima

2147 4567 2557 4632 Iiberantur,ac
2579 4583 2678 4638 per
2695 4567 2804 4620 hoc
2827 4565 2952 4620 sine
2975 4564 3073 4619 illa
3088 4563 3246 4619 nulla
3265 4565 3458 4618 anima
3476 4563 3800 4620 liberatur?

2145 4647 2285 4703 Cum
2311 4654 2503 4704 autem
2529 4648 2688 4702 addit
2716 4655 2768 4699 et
2790 4644 2950 4713 dicit,
2982 4645 3068 4700 Vel
3098 4645 3164 4698 ab
3186 4644 3450 4699 Indorum
3465 4644 3715 4700 moribus
3749 4649 3803 4700 et

2141 4729 2542 4800 disciplina,vrt
2565 4728 2632 4782 ab
2647 4725 2956 4782 inductione
2969 4725 3460 4792 Chaldaorum,vet
3475 4725 3593 4780 alia
3610 4725 3802 4795 quati-

2147 4814 2229 4868 bet
2245 4815 2366 4877 via;
2393 4808 2864 4864 manifestissima
2877 4822 3011 4861 voce
3028 4811 3295 4871 testatur,
3321 4822 3509 4877 neque
3526 4804 3645 4862 illis
3665 4821 3798 4876 qua

2145 4892 2214 4946 ab
2239 4891 2421 4956 Indis,
2449 4905 2632 4959 neque
2663 4887 2777 4943 illis
2797 4903 2973 4958 quaa
3003 4885 3284 4942 Chaldais
3315 4885 3619 4950 didicerat,
3644 4885 3801 4941 hanc

2145 4969 2532 5025 nniversalem
2577 4968 2720 5021 viam
2773 4965 2978 5020 anima
3025 4964 3340 5020 liberanda
3388 4965 3707 5030 contineri;
3744 4965 3800 5020 et

2207 5267 2219 5300 ι
2256 5262 2478 5337 Quidam
2506 5260 2648 5337 haud
2686 5257 2919 5307 melioris
2947 5258 3107 5337 notae
3136 5255 3278 5337 Mss"
3297 5254 3357 5337 in
3403 5256 3594 5337 (ergo
3623 5271 3796 5337 quasi

2139 5316 2396 5400 suscepit,
2426 5323 2728 5371 secundum
2759 5335 2947 5384 quam,
2978 5321 3076 5369 etc.
3107 5346 3169 5355 -—
3196 5318 3273 5367 Ita
3301 5318 3393 5391 his.
3425 5316 3562 5366 2050.
3627 5316 3645 5318 Ὗ
3728 5320 3796 5368 Μ.

2203 5388 2224 5421 ‘3
2257 5389 2409 5437 Vind.
2443 5384 3272 5450 Am._Er.,nundu_m_receptum
3313 5395 3566 5450 murtam
3591 5395 3800 5450 quam-

2140 5451 2268 5498 dam
2297 5458 2513 5512 sectam.
2548 5448 2646 5512 Sic?
2666 5447 2824 5512 etiam
2871 5444 3107 5512 plerique
3142 5443 3507 5512 manuscripti.
3541 5443 3635 5512 qui
3656 5457 3799 5512 mox

2141 5517 2317 5564 tamen
2347 5514 2413 5561 ab
2443 5507 2596 5560 editis
2619 5510 2724 5558 illis
2758 5510 2812 5557 in
2843 5506 3214 5569 v‘erbo,’quae,
3246 5506 3587 5565 dissentiunt,
3618 5508 3673 5556 et
3698 5507 3798 5557 ha-

2140 5578 2281 5633 bent,
2317 5576 2478 5638 quod.
2512 5574 2596 5623 Sic
2623 5573 2783 5624 etiam
2813 5572 2978 5621 nostri
3009 5570 3227 5620 codices.
3721 5569 3793 5617 Μ.
