4128 6184
286 275 395 338 313

291 411 482 482 utique
503 425 565 465 se
587 425 620 464 a
641 407 922 465 Chaldmis
940 406 1176 464 oracula
1193 405 1388 462 divina
1404 402 1754 477 sumpsisse,
1780 417 1925 472 quo-

292 507 410 548 rum
443 489 740 545 assiduam
766 486 1380 543 commemorationem
1405 485 1563 553 facit,
1595 489 1786 539 tacere
1809 497 1925 536 non

291 569 495 644 potuit.
527 570 712 634 Quam
755 568 879 623 vult
915 583 1052 640 ergo
1091 566 1339 638 intelligi
1369 565 1591 644 animas,
1615 562 1926 644 liberanda

289 641 663 707 universalem
695 649 845 703 viam
881 648 1142 703 nondum
1176 651 1487 717 receptam,
1512 643 1600 700 vel
1633 658 1702 698 ex
1730 641 1928 713 aliqua

291 729 580 785 verissima
604 727 991 800 pbiIOSOphia,
1015 727 1102 783 vel
1119 743 1186 783 ex
1217 741 1410 784 earum
1429 724 1689 797 gentium
1715 721 1926 776 doctri-

291 810 393 878 nis,
429 826 555 880 qum
582 825 804 880 magna:
835 807 995 863 velut
1025 807 1083 862 in
1106 806 1319 862 divinis
1344 805 1514 860 rebus
1537 803 1926 868 habebantur,

291 890 424 962 quia
455 889 588 962 plus
608 890 758 961 apud
780 906 877 946 eas
891 888 1194 945 curiositas
1219 886 1398 942 valuit
1429 899 1792 958 quorumque
1823 898 1929 937 an-

291 969 540 1043 gelorum
565 969 1194 1041 cognoscendorum,et
1218 967 1611 1035 colendorum,
1633 964 1932 1043 nondum—

293 1041 398 1122 que
428 1050 485 1104 in
519 1066 688 1106 suam
731 1049 1001 1105 notitiam
1047 1045 1332 1104 historiali
1377 1046 1704 1119 cognitione
1743 1041 1926 1113 perla-

290 1133 397 1185 tam
421 1129 450 1184 ?
475 1128 750 1192 Quaenam
773 1129 887 1184 ista
907 1133 996 1184 est
1023 1126 1372 1184 universalis
1396 1130 1505 1190 via,
1533 1125 1644 1179 nisi
1664 1139 1789 1194 quis
1815 1138 1928 1176 non

287 1226 396 1266 sua
413 1209 627 1281 cuique
648 1210 807 1280 genti
823 1210 1077 1282 prOpria,
1097 1209 1198 1264 sed
1219 1204 1786 1276 universisgentibus
1806 1217 1929 1273 quae

288 1290 610 1346 communis
672 1295 850 1356 esset,
902 1290 1177 1346 divinitus
1220 1288 1518 1361 impertita
1574 1285 1706 1342 est?
1745 1288 1929 1351 Quam

285 1377 435 1426 certe
467 1370 576 1425 iste
603 1370 775 1426 homo
795 1387 908 1426 non
943 1369 1221 1425 mediocri
1249 1367 1478 1440 ingenio
1512 1366 1931 1438 praeditusesse

284 1467 387 1506 non
417 1450 672 1506 dubitat.
698 1451 1119 1506 Providentiam
1158 1450 1370 1521 quippe
1385 1448 1640 1502 divinam
1672 1444 1933 1500 sineista

285 1530 595 1586 universali
619 1532 710 1586 via
743 1531 1055 1586 liberandae
1075 1529 1281 1584 anima:
1304 1545 1486 1599 genus
1503 1527 1827 1582 humanum
1843 1540 1929 1578 re-

283 1610 543 1681 linquere
577 1613 833 1682 potuisse
865 1628 981 1667 non
1014 1611 1218 1666 credit.
1268 1609 1468 1680 Neque
1497 1608 1650 1662 enim
1697 1605 1775 1660 ait
1816 1621 1930 1659 non

281 1707 422 1760 esse,
461 1692 563 1747 sed
598 1692 705 1747 hoc
723 1697 950 1748 tantum
976 1693 1195 1747 bonum
1227 1695 1563 1760 tantumque
1589 1686 1933 1754 adjutorium

277 1774 540 1829 nondum
564 1777 889 1844 receptum,
924 1773 1179 1828 nondum
1215 1773 1273 1828 in
1306 1788 1476 1826 suam
1510 1768 1777 1825 notitiam
1802 1782 1932 1822 esse

275 1853 602 1925 perlatum:
635 1869 738 1908 nec
764 1854 998 1908 mirum.
1035 1853 1199 1908 Tunc
1229 1852 1385 1907 enim
1427 1849 1790 1921 Porphyrius
1807 1850 1933 1902 erat

276 1935 328 1988 in
366 1933 538 1988 rebus
585 1933 883 2003 humanis,
932 1933 1161 2005 quando
1204 1932 1318 1987 ista
1361 1929 1672 1985 liberanda
1721 1929 1930 1983 anima:

273 2011 625 2070 universalis
641 2013 752 2082 via,
780 2031 903 2085 quae
923 2030 1036 2070 non
1068 2020 1157 2068 est
1178 2011 1290 2068 alia
1311 2027 1487 2083 quam
1513 2007 1712 2078 religio
1744 2007 1934 2062 chris-

273 2093 460 2158 tiana,
480 2094 807 2165 oppugnari
833 2092 1366 2164 permittebaturab
1400 2089 1690 2145 idolorum
1715 2087 1934 2141 daemo—

273 2189 541 2245 numque
577 2173 892 2228 cultoribus
918 2173 1271 2243 regibusque
1300 2168 1548 2225 terrenis
1570 2167 1669 2238 (a),
1703 2169 1936 2236 pr0pter

264 2253 665 2310 asserendum
690 2256 746 2305 et
763 2251 1227 2306 consecrandum
1253 2252 1577 2319 martyrum
1597 2260 1935 2310 numerum,

257 2333 372 2390 hoc
408 2340 503 2388 est
548 2330 785 2386 testium
836 2331 1123 2396 veritatis,
1155 2347 1257 2401 qer
1297 2345 1445 2401 quos
1502 2326 1934 2390 ostenderetur,

244 2411 466 2468 omnia
497 2409 816 2481 corporalia
839 2409 987 2464 mala
1021 2427 1121 2482 pro
1151 2409 1260 2464 fide
1285 2408 1516 2479 pietatis
1542 2410 1599 2462 et
1636 2420 1938 2460 commen-

247 2491 501 2548 datione
524 2489 781 2546 veritatis
807 2506 932 2546 esse
972 2489 1295 2545 toleranda.
1351 2486 1599 2542 Videbat
1635 2500 1770 2556 ergo
1801 2484 1934 2539 Por-

246 2570 530 2645 phyrius,
563 2574 619 2624 et
646 2585 748 2640 per
781 2570 1116 2640 hujusmodi
1147 2568 1580 2641 persecutiones
1611 2566 1724 2621 cito
1761 2565 1934 2645 istam

247 2644 411 2707 viam
440 2649 784 2722 perituram,
834 2654 890 2705 et
939 2655 1240 2721 propterea
1289 2664 1403 2704 non
1454 2663 1582 2703 esse
1628 2646 1814 2715 ipsam
1865 2644 1935 2698 li-

252 2733 533 2788 beranda
567 2729 781 2785 animai
830 2729 1212 2785 universalem
1265 2728 1531 2800 putabat,
1561 2743 1678 2781 non
1719 2723 1937 2780 intelli-

265 2829 416 2886 gens
454 2813 564 2867 hoc
611 2811 764 2883 quod
790 2825 924 2865 eum
957 2810 1241 2875 movebat,
1273 2813 1331 2865 et
1360 2808 1592 2882 quodin
1624 2807 1750 2877 ejus
1784 2805 1935 2861 elec-

267 2897 428 2953 tione
484 2895 704 2967 perpeti
765 2891 1084 2958 metuebat,
1134 2892 1206 2947 ad
1248 2891 1376 2962 ejus
1427 2887 1930 2967 confirmationem

257 2965 776 3047 robustioremque
853 2972 1420 3030 commendationem
1483 2967 1675 3042 potius
1751 2965 1932 3040 perti-

262 3073 425 3113 nere.

325 3143 384 3194 2.
416 3140 556 3192 Hmc
581 3140 670 3192 est
726 3134 908 3208 igitur
946 3132 1154 3190 animai
1212 3130 1530 3188 liberandae
1577 3127 1930 3185 universalis

255 3217 370 3287 via,
403 3218 466 3272 id
504 3219 594 3272 est
625 3214 908 3270 universis
965 3213 1236 3284 gentibus
1290 3211 1488 3266 divina
1547 3209 1932 3265 miseratione

253 3314 584 3366 concessa;
619 3298 783 3366 cujus
823 3295 1076 3367 profecto
1141 3294 1347 3349 notitia
1386 3292 1456 3346 ad
1520 3304 1932 3362 quoscumque

244 3381 368 3450 jam
403 3379 598 3444 venit,
650 3381 704 3433 et
759 3376 830 3431 ad
889 3389 1288 3446 quoscumque
1346 3376 1594 3428 ventura
1655 3375 1766 3437 est,
1822 3385 1929 3424 nec

257 3461 484 3528 debuit,
527 3473 634 3514 nec
665 3457 898 3513 debebit
926 3455 978 3512 ei
1010 3455 1148 3523 dici,
1179 3457 1370 3520 Quare
1402 3454 1572 3508 modo
1605 3450 1632 3506 ?
1661 3455 1718 3506 et
1749 3463 1932 3522 quare

256 3559 386 3599 sero
417 3541 448 3597 ?
485 3538 774 3614 quoniam
809 3536 1089 3594 mittentis
1119 3535 1434 3591 consilium
1472 3547 1588 3614 non
1617 3530 1935 3614 esthuma-

258 3639 330 3679 no
363 3609 622 3695 inge'nio
673 3617 1048 3690 penetrabile.
1109 3615 1275 3680 Quod
1331 3611 1516 3695 sensit
1563 3610 1754 3695 etiam_
1803 3609 1932 3695 iste,

257 3721 392 3760 cum
428 3689 614 3770 dixit,
644 3689 906 3755 nondum
941 3702 1238 3768 receptum
1272 3695 1384 3749 hoc
1441 3692 1662 3747 donum
1726 3689 1935 3770 Dei_,_et

259 3785 546 3840 nonduin
579 3768 637 3837 in
672 3795 838 3835 suam
892 3777 1157 3833 notitiam
1204 3773 1388 3830 fuisse
1447 3770 1761 3844 perlatum.
1821 3768 1937 3824 Nec

257 3867 416 3922 enim
457 3867 778 3936 propterea
821 3875 1021 3914 verum
1085 3872 1200 3912 non
1257 3870 1388 3910 esse
1436 3851 1740 3936 judicavit,
1803 3849 1940 3936 quia

259 3929 544 4002 nondum
579 3929 852 3999 insuam
895 3939 1071 3994 ﬁdem
1121 3941 1417 4008 receptum
1469 3934 1677 3995 fuerat,
1739 3929 1823 3984 vel
1871 3930 1938 3984 'in

260 4026 548 4083 notitiam
604 4022 867 4079 nondum
928 4025 1282 4089 pervenerat.
1321 4015 1448 4070 Hec
1507 4011 1938 4082 esl,‘inquam,

261 4105 727 4163 liberandorum
760 4099 1118 4156 credentium
1181 4092 1528 4150 universalis
1565 4092 1674 4159 via,
1699 4091 1770 4145 de
1826 4104 1943 4162 qua

262 4185 461 4244 ﬁdelis
495 4181 806 4241 Abraham
844 4179 1105 4236 divinum
1134 4176 1360 4247 accepit
1392 4171 1726 4230 oraculum:
1763 4172 1822 4226 In
1853 4184 1940 4224 se-

261 4269 415 4323 mine
445 4270 558 4321 tuo
583 4261 976 4320 benedicentur
1013 4273 1200 4315 omnes
1247 4259 1431 4328 gentes
1469 4253 1624 4325 (Gen.
1656 4268 1794 4319 χχιι,
1830 4251 1938 4322 18).

259 4346 365 4412 Qui
401 4348 533 4404 fuit
565 4345 806 4416 quidem
830 4349 999 4413 gente
1028 4338 1358 4408 Cbaldtsus,
1391 4337 1489 4392 sed
1545 4338 1611 4390 ut
1643 4331 1779 4389 talia
1807 4348 1944 4402 pro-

262 4427 447 4483 missa
513 4425 868 4496 perciperet,
910 4426 967 4477 et
1025 4437 1094 4476 ex
1142 4419 1243 4475 illo
1294 4419 1706 4496 prOpagaretur
1739 4428 1940 4496 semen

260 4493 642 4581 dispositum
665 4493 769 4578 per
797 4501 1049 4573 Angelos
1085 4500 1146 4556 in
1177 4516 1353 4556 manu
1377 4494 1716 4581 iMediatoris
1738 4493 1942 4581 (Colat.

260 4576 508 4656 111,19),
547 4591 610 4643 in
653 4576 770 4657 quo
798 4587 954 4640 esset
982 4581 1100 4638 ista
1130 4580 1443 4636 liberandas
1475 4577 1683 4634 animas
1715 4576 1946 4657 univer-

258 4655 403 4724 salis
437 4655 570 4732 via,
606 4655 716 4722 hoc
746 4668 838 4721 est
880 4662 1157 4720 omnibus
1207 4660 1480 4733 gentibus
1537 4658 1692 4723 data,
1747 4655 1943 4724 jussuﬁ

263 4754 354 4804 est
383 4747 714 4805 discedere
736 4746 808 4802 de
836 4748 990 4800 terra
1019 4759 1126 4797 sua
1154 4746 1211 4797 et
1233 4743 1304 4795 de
1334 4735 1680 4810 cognatione
1729 4749 1836 4787 sua
1892 4735 1951 4786 et

265 4829 336 4886 de
368 4831 568 4887 domo
605 4825 786 4896 patris
842 4824 933 4881 sui
967 4822 1122 4897 (Gen.
1173 4838 1277 4889 xu,
1337 4818 1411 4889 1).
1453 4817 1615 4897 Tunc
1644 4814 1771 4885 ipse
1829 4812 1950 4897 pri-

266 4912 452 4967 mitus
488 4929 530 4966 a
565 4893 1516 4975 Cibaldaorum'superstitionibus
1547 4895 1827 4975 liberatus
1848 4893 1947 4962 (b),

265 4987 459 5044 unum
497 5003 716 5044 verum
750 4986 932 5041 Deum
963 4973 1259 5054 sequendo
1286 4973 1486 5042 coluit,
1518 4973 1610 5031 cui
1646 4974 1789 5054 hinc
1814 4987 1950 5054 pro-

263 5069 542 5126 mittenti
585 5066 828 5122 ﬁdeliter
857 5052 1125 5121 credidit.
1161 5061 1288 5117 Hac
1318 5062 1406 5115 est
1439 5053 1784 5112 universalis
1839 5052 1950 5120 via,

261 5149 332 5206 de
364 5168 499 5222 qua
532 5149 605 5204 in
637 5150 844 5203 sancta
908 5143 1214 5218 prophetia
1253 5141 1475 5196 dictum
1506 5143 1594 5194 est
1629 5137 1815 5208 :;Deus
1843 5138 1954 5190 mi-

301 5443 393 5506 ω)
433 5439 604 5506 vim
648 5433 1125 5506 verebamur:
1165 5430 1491 5506 ριροιοςίαρρ
1538 5429 1603 5506 εξ
1617 5424 1954 5506 anagniae

254 5488 645 5582 principi—bus,
695 5488 789 5563 qui
826 5488 1161 5547 'Christianos
1188 5493 1523 5558 lniquissimo
1553 5488 1800 5540 insectati
1828 5489 1956 5537 sunt

259 5569 407 5694 “liii
435 5626 620 5680 οοιιί.
837 5622 931 5673 ub.
964 5620 1042 5684 te,
1073 5633 1186 5683 cap.
1219 5619 1296 5669 12.

1695 265 1926 327 LIBER
1971 266 2333 332 DECIMUS.

3561 276 3678 334 314

2031 410 2282 459 sereatur
2309 407 2505 473 nostri,
2538 413 2592 462 et
2626 407 2908 464 benedicat
2947 425 3045 465 nos
3075 429 3094 475 ,-
3128 411 3413 466 illuminet
3469 410 3679 466 vultum

2025 498 2188 538 suum
2208 501 2372 556 super
2388 502 2506 556 nos,
2525 491 2576 543 et
2599 490 2926 560 misereatur
2944 492 3118 545 nostri
3148 507 3166 544 :
3193 495 3252 545 ut
3289 507 3678 561 cognoscamus

2031 564 2257 619 interra
2306 565 2456 621 viam
2485 571 2656 634 tuam,
2706 570 2768 623 in
2815 571 3067 625 omnibus
3122 570 3377 637 gentibus
3435 571 3682 626 salutare

2031 647 2188 698 tuum
2217 644 2392 714 (Psal.
2422 663 2571 714 var,
2594 651 2628 702 2
2655 652 2706 703 et
2743 649 2820 720 3).
2856 648 3018 704 Unde
3051 654 3212 705 tanto
3244 655 3374 721 post
3402 666 3469 706 ex
3499 651 3684 705 Abra-

2031 722 2117 777 haa
2148 725 2368 782 semine
2398 743 2572 782 carne
2610 735 2902 799 suscepta,
2938 730 3007 784 de
3034 746 3096 783 se
3127 730 3253 800 ipso
3288 729 3369 784 ait
3401 730 3524 800 ipse
3553 729 3681 784 Sal-

2030 807 2195 859 vator
2227 821 2240 859 :
2274 807 2390 876 Ego
2419 823 2540 862 sum
2556 811 2667 876 via,
2698 813 2749 864 et
2778 808 3008 874 veritas,
3041 813 3094 863 et
3124 809 3238 864 vita
3265 809 3679 880 (Joan.xxv,6l.

2032 885 2162 939 Haec
2193 891 2282 940 est
2310 888 2659 944 universalis
2688 889 2798 956 via,
2832 890 2902 944 de
2925 905 3038 958 qua
3067 893 3230 944 tanto
3263 894 3399 944 ante
3429 898 3682 959 tempore

2032 965 2442 1034 prophetatum
2483 973 2570 1023 est
2624 985 2636 1022 :
2691 970 2812 1024 Erit
2863 971 2919 1024 in
2951 969 3454 1024 novissimisdt‘ebus
3499 971 3681 1023 mani-

2029 1046 2198 1113 festus
2244 1063 2402 1102 mons
2440 1046 2630 1104 domus
2687 1048 2909 1105 Domini
2930 1052 2969 1115 1,
3000 1055 3235 1121 paratus
3285 1051 3346 1103 in
3401 1049 3684 1104 cacumine

2033 1125 2327 1192 montium,
2358 1131 2408 1183 et
2453 1129 2750 1184 extolletur
2803 1145 2964 1202 super
3019 1130 3191 1185 colles
3224 1147 3237 1197 ;
3270 1136 3323 1185 et
3366 1130 3588 1184 venient
3617 1126 3688 1182 ad

2033 1221 2160 1259 eum
2183 1209 2453 1263 universae
2468 1213 2674 1278 gentes,
2705 1216 2759 1265 et
2780 1209 3172 1280 ingredientur
3197 1213 3447 1265 nationes
3468 1208 3682 1274 multa,

2032 1293 2082 1340 et
2111 1285 2293 1341 dicent
2320 1307 2342 1343 .·
2371 1291 2574 1354 Venite,
2609 1292 2971 1345 ascendamus
3002 1289 3060 1345 in
3086 1298 3322 1345 montem
3357 1287 3604 1352 Domini,
3634 1295 3686 1343 et

2042 1367 2102 1420 in
2133 1365 2352 1422 domum
2387 1369 2483 1424 Dei
2538 1371 2750 1432 Jacob;
2801 1376 2850 1425 et
2909 1371 3266 1425 annuntiabit
3321 1369 3481 1425 nobis
3536 1369 3685 1423 viam

2032 1463 2211 1514 suam,
2244 1463 2296 1503 et
2342 1450 2722 1520 ingrediemur
2767 1453 2828 1505 in
2857 1467 2941 1506 ea.
2973 1453 3069 1506 Ea:
3113 1451 3248 1506 Sion
3304 1451 3453 1506 enim
3475 1447 3687 1519 prodiet

2034 1529 2145 1597 lex,
2177 1534 2230 1584 et
2263 1531 2490 1587 Verbum
2525 1533 2744 1588 Domini
2758 1535 2826 1588 ab
2855 1535 3165 1590 Jerusalem
3195 1534 3348 1603 (Isai.
3374 1549 3436 1598 ιι,
3467 1532 3503 1584 2
3530 1536 3580 1586 et
3608 1531 3696 1604 3).

2034 1609 2139 1666 Via
2167 1628 2302 1683 ergo
2335 1613 2444 1668 ista
2476 1631 2590 1669 non
2619 1619 2709 1670 est
2742 1615 2918 1671 unius
2976 1614 3190 1686 gentis,
3225 1615 3324 1669 sed
3389 1613 3686 1667 universa-

2035 1707 2165 1745 rum
2198 1694 2480 1762 geutium.
2515 1698 2581 1749 Et
2637 1695 2727 1750 lex
2782 1696 3144 1766 verbumque
3176 1693 3402 1750 Domini
3461 1708 3574 1748 non
3626 1691 3688 1746 in

2032 1770 2165 1826 Sion
2199 1777 2256 1831 et
2306 1774 2629 1830 Jerusalem
2680 1775 2999 1841 remansit;
3035 1776 3136 1830 sed
3183 1775 3315 1830 inde
3385 1771 3688 1844 processit,

2036 1857 2100 1908 ut
2129 1869 2191 1908 se
2216 1869 2316 1923 per
2347 1856 2620 1910 universa
2650 1855 3020 1910 diffunderet.
3059 1854 3224 1910 Unde
3255 1856 3376 1926 ipse
3407 1853 3690 1908 Mediator

2035 1941 2162 2004 post
2196 1937 2679 1991 resurrectionem
2711 1951 2879 1990 suam
2913 1933 3220 2006 discipulis
3255 1932 3687 2005 trepidantibus

2035 2014 2145 2070 ait:
2183 2013 2471 2084 Oportebat
2491 2016 2710 2086 impleri
2749 2031 2868 2087 quae
2911 2017 3120 2084 scripta
3150 2022 3279 2069 sunt
3311 2016 3367 2067 in
3429 2017 3588 2080 Lege,
3638 2017 3692 2066 et

2035 2095 2344 2164 Prophetis,
2377 2104 2429 2150 et
2460 2097 2696 2150 Psalmis
2723 2098 2797 2149 de
2823 2110 2928 2149 me.
2977 2096 3121 2149 Tunc
3139 2093 3356 2169 aperuit
3402 2093 3517 2147 illis
3560 2105 3692 2144 sen-

2035 2189 2180 2248 sum,
2223 2181 2282 2228 ut
2329 2174 2702 2241 intelligerent
2746 2170 3080 2244 Scripturas,
3110 2181 3161 2227 et
3191 2173 3333 2227 dixit
3390 2173 3490 2234 eis,
3542 2169 3686 2248 Quia

2032 2247 2320 2324 Oportebat
2377 2253 2654 2308 Christum
2698 2255 2839 2323 pati,
2901 2258 2958 2306 et
3015 2267 3297 2320 resurgere
3343 2268 3376 2306 a
3444 2247 3679 2304 mortuis

2038 2334 2202 2390 tertio
2231 2333 2338 2400 die,
2393 2342 2443 2388 et
2497 2333 2794 2403 praedicari
2849 2335 2906 2388 in
2955 2331 3182 2387 nomine
3239 2332 3354 2400 eius
3408 2327 3679 2400 paeniten-

2037 2416 2175 2471 tiam
2198 2423 2248 2470 et
2291 2416 2662 2470 remissionem
2707 2421 3054 2484 peccatorum
3100 2427 3198 2483 per
3252 2427 3433 2465 omnes
3476 2418 3685 2479 gentes,

2037 2495 2431 2562 incipientibus
2461 2496 2528 2550 ab
2555 2494 2871 2551 Jerusalem
2905 2494 3057 2565 (Luc.
3116 2508 3266 2559 xxiv,
3311 2491 3523 2561 44-47).
3560 2489 3688 2545 Haec

2038 2581 2125 2632 est
2151 2575 2330 2646 igitur
2388 2574 2736 2631 universalis
2779 2575 2990 2630 animae
3022 2573 3332 2628 liberandae
3366 2573 3477 2638 via,
3507 2585 3686 2642 quam

2038 2655 2223 2712 sancti
2247 2655 2450 2726 Angeli
2483 2657 2784 2726 sanctique
2831 2655 3132 2725 Prophetas
3191 2655 3350 2726 prius
3395 2653 3454 2708 in
3487 2651 3686 2724 paucis

2041 2736 2374 2793 hominibus
2407 2736 2500 2792 ubi
2552 2739 2871 2808 potuerunt
2924 2736 3021 2792 Dei
3079 2737 3327 2804 gratiam
3386 2733 3684 2805 reperien-

2037 2818 2212 2884 tibus,
2245 2821 2302 2872 et
2334 2817 2583 2872 maxime
2622 2816 2682 2871 in
2715 2816 2952 2872 Hebraea
2981 2819 3175 2886 gente,
3211 2814 3380 2884 cujus
3403 2817 3528 2868 erat
3556 2812 3682 2884 ipsa

2035 2897 2466 2970 quodammodo
2479 2901 2704 2952 sacrata
2721 2895 3072 2967 respublica,
3089 2895 3148 2949 in
3173 2891 3678 2966 prophetationem

2031 2982 2088 3034 et
2110 2977 2657 3050 praanuntiationem
2689 2976 2939 3032 civitatis
2973 2975 3072 3031 Dei
3113 2991 3184 3030 ex
3233 2973 3508 3030 omnibus
3538 2990 3680 3044 gen-

2033 3059 2188 3116 tibus
2247 3059 2688 3130 congregandas,
2747 3061 2804 3111 et
2850 3055 3230 3112 tabernaculo
3262 3058 3321 3110 et
3374 3055 3593 3125 templo
3625 3056 3682 3108 et

2033 3138 2357 3197 sacerdotio
2389 3143 2444 3193 et
2474 3137 2784 3193 sacrificiis
2815 3136 3315 3208 signiﬁcaverunt,
3349 3139 3402 3190 et
3435 3134 3682 3204 eloquiis

2036 3221 2386 3293 quibusdam
2413 3219 2767 3284 manifestis,
2802 3217 3098 3288 plerisque
3128 3215 3412 3286 mysticis,
3474 3214 3687 3286 prtedi-

2036 3305 2283 3364 xerunt;
2316 3315 2572 3370 praesens
2603 3302 2794 3352 autem
2829 3297 2890 3351 in
2941 3312 3115 3352 carne
3153 3296 3277 3366 ipse
3309 3295 3686 3362 Medlator,'et

2037 3379 2188 3435 beati
2222 3381 2352 3445 ejus
2385 3377 2644 3450 Apostoli
2674 3379 2801 3446 jam
2857 3375 3215 3431 Testamenti
3249 3376 3381 3430 novi
3437 3375 3684 3446 gratiam

2038 3457 2358 3514 revelantes
2415 3457 2673 3528 apertius
2749 3453 3107 3520 indicarunt,
3186 3469 3308 3520 qua:
3390 3451 3689 3520 aliquanto

2039 3537 2325 3595 occultius
2348 3535 2747 3607 superioribus
2770 3538 2909 3588 sunt
2939 3531 3274 3605 signiﬁcata
3306 3529 3690 3599 temporibus,

2041 3635 2146 3693 pro
2177 3621 2410 3671 aetatum
2451 3614 2678 3686 generis
2741 3613 2986 3693 humani
3047 3609 3493 3674 distributione;
3545 3608 3696 3693 sicut

2041 3685 2170 3756 eam
2234 3698 2344 3750 Deo
2403 3685 2653 3764 sapienti
2705 3692 2925 3764 placuit
2982 3691 3276 3752 ordinare,
3331 3685 3693 3743 mirabilium

2041 3793 2279 3852 operum
2314 3776 2664 3843 divinorum,
2717 3788 2965 3845 quorum
3025 3768 3297 3840 superius
3357 3767 3690 3840 paucajam

2040 3848 2224 3933 posui,
2250 3853 2711 3912 contestantibus
2734 3852 2942 3933 signis.
2961 3854 3085 3906 Non
3110 3848 3263 3933 enim
3300 3855 3698 3933 apparuerunt

2042 3926 2448 3994 tantummodo
2474 3935 2724 3989 visiones
2746 3931 3041 4004 angelicas,
3064 3935 3120 3987 et
3145 3928 3463 3985 caelestium
3488 3926 3698 3982 minis-

2043 4023 2266 4087 trorum
2299 4017 2424 4074 sola
2451 4017 2628 4072 verba
2667 4017 3022 4072 sonuerunt:
3071 4027 3268 4067 verum
3301 4009 3474 4065 etiam
3506 4008 3696 4064 homi-

2045 4100 2220 4156 nibus
2244 4099 2342 4154 Dei
2367 4099 2537 4154 verbo
2560 4095 2844 4167 simplicis
2870 4094 3096 4166 pietatis
3118 4092 3426 4165 agentibus
3453 4090 3696 4162 spiritus

2029 4179 2337 4237 immundi
2398 4179 2470 4234 de
2527 4177 2836 4232 hominum
2907 4175 3248 4245 corporibus
3307 4189 3374 4228 ac
3422 4171 3710 4227 sensibus-

2048 4260 2202 4334 pulsi
2255 4265 2421 4331 sunt;
2476 4257 2616 4312 vitia
2672 4257 2930 4330 corporis
2991 4257 3417 4327 languoresque
3474 4253 3695 4321 sanati;

2045 4351 2168 4417 fera
2197 4341 2474 4398 animalia
2504 4345 2786 4396 terrarum
2817 4344 2876 4394 et
2905 4353 3212 4408 aquarum,
3255 4334 3512 4392 volatilia
3543 4335 3696 4401 ccsli,

2048 4415 2226 4495 ligna,
2275 4421 2582 4489 elementa,
2638 4421 2850 4487 sidera,
2944 4417 3134 4472 divina
3187 4418 3357 4488 jussa
3415 4415 3697 4484 fecerunt,

2049 4494 2276 4558 inferna
2333 4504 2657 4570 cesserunt,
2736 4497 2951 4555 mortui
3023 4497 3387 4552 revixerunt:
3446 4494 3702 4565 exceptis

2051 4585 2238 4656 ipsius
2266 4583 2582 4638 Salvatoris
2641 4579 2892 4652 prapriis
2945 4577 3463 4656 singularibusque
3494 4575 3698 4656 _mira-

2052 4653 2222 4729 culis,
2284 4663 2536 4720 maxime
2595 4661 2914 4718 nativitatis
2973 4665 3026 4712 et
3092 4653 3579 4719 resurrectionis;
3641 4654 3700 4709 in

2053 4764 2304 4821 quorum
2366 4763 2480 4803 uno
2541 4748 2819 4800 maternae
2888 4736 3240 4809 virginitatis
3298 4733 3702 4821 tantummodo

2056 4810 2510 4891 sacramentum,
2556 4825 2614 4878 in
2647 4823 2825 4876 altero
2874 4822 3071 4874 autem
3132 4815 3305 4870 etiam
3367 4827 3565 4867 eorum
3600 4810 3702 4882 qui

2055 4911 2115 4964 in
2140 4910 2250 4964 line
2281 4903 2659 4963 resurrecturi
2691 4902 2850 4965 sunt,
2894 4893 3317 4952 demonstravit
3345 4892 3701 4962 exemplum.

2058 4989 2187 5047 Haec
2216 4989 2306 5044 via
2335 4991 2524 5043 totum
2559 4981 2852 5037 hominem
2889 4977 3146 5044 mundat,
3180 4979 3238 5032 et
3275 4969 3703 5030 immortalitati

2060 5067 2359 5125 mortalem
2381 5081 2451 5120 ex
2481 5061 2751 5118 omnibus
2779 5060 2993 5131 quibus
3023 5061 3249 5113 constat
3273 5053 3537 5125 partibus
3559 5066 3702 5122 prse-

2058 5158 2238 5223 parat.
2270 5149 2334 5204 Ut
2355 5146 2506 5200 enim
2528 5160 2642 5198 non
2662 5139 3061 5223 aliapurgatio
3081 5140 3132 5223 ei
3155 5139 3306 5223 parti
3333 5135 3704 5223 quaereretur,

2061 5213 2237 5302 quam
2257 5232 2423 5282 vocat
2442 5221 2898 5281 intellectualem
2923 5214 3430 5302 Porphyrius,alia
3452 5213 3505 5269 ei
3525 5227 3700 5302 quam

2064 5296 2219 5367 v-ocat
2252 5306 2641 5380 spiritualem,
2694 5302 2920 5372 aliaque
2969 5300 3080 5372 ipsi
3131 5296 3374 5370 corpori,
3437 5296 3705 5366 proptera

2128 5611 2138 5643 ¹
2177 5608 2234 5655 In
2274 5603 2547 5655 veteribus
2578 5600 2729 5651 libris
2753 5599 3034 5650 omittitur.
3066 5595 3259 5643 domus
3293 5593 3539 5644 Domini.
