4158 6192
298 339 422 400 317

310 473 484 548 plane
549 485 795 528 summa
851 467 1234 540 dispositione
1321 467 1694 541 providentia
1787 483 1965 538 super

303 571 512 613 omnes
542 553 802 610 omnium
845 551 1104 623 gentium
1153 549 1398 615 litteras,
1447 549 1647 604 omnia
1702 549 1813 604 sibi
1847 565 1946 620 ge-

299 655 446 696 nera
494 635 864 708 ingeniorum
923 635 1318 689 humanorum
1394 634 1594 688 divina
1664 631 1952 688 excellens

303 719 644 777 auctoritate
693 715 941 786 subjecit
971 716 1067 790 (a).
1104 715 1188 771 lbi
1247 715 1463 786 quippe
1501 715 1782 784 scriptum
1817 720 1905 769 est
1936 728 1951 768 :

305 801 554 858 Gloriosa
583 799 727 853 diota
753 806 882 852 sunt
907 796 974 853 de
1002 801 1073 863 te,
1090 795 1284 852 civitas
1309 797 1405 851 Dei
1433 795 1608 867 (Psat.
1629 810 1850 861 LxxxVI,
1876 795 1950 866 3).

303 885 374 940 Et
421 884 478 936 in
537 881 652 935 alio
699 879 920 948 psalmo
960 880 1175 950 legitur
1223 893 1237 932 :
1291 879 1514 950 Magnus
1559 876 1843 941 Dominus,
1901 881 1954 931 et

299 961 604 1019 laudabilis
655 958 808 1015 valde
856 958 929 1013 in'
981 957 1202 1013 civitate
1261 957 1356 1011 Dei
1410 959 1613 1024 nostri,
1660 955 1718 1011 in
1773 964 1956 1010 monte

296 1045 485 1099 saneto
529 1041 670 1111 ejus,
720 1039 968 1094 dilatam
1015 1039 1412 1093 exsuttationes
1458 1039 1732 1092 universe
1769 1040 1952 1091 terrae.

303 1124 375 1180 Et
406 1121 575 1192 paulo
616 1125 749 1188 post
776 1119 834 1174 in
877 1119 1080 1174 eodem
1132 1119 1356 1190 psalmo
1389 1134 1402 1174 :
1436 1117 1586 1172 Sicut
1619 1117 1953 1186 audivimus,

303 1203 394 1259 ita
435 1211 486 1259 et
515 1200 771 1266 vidimus,
803 1200 862 1254 in
892 1199 1112 1254 civitate
1144 1197 1367 1254 Domini
1395 1200 1687 1266 virtutum,
1718 1199 1778 1251 in
1821 1199 1954 1252 civi-

302 1289 415 1340 tate
473 1284 574 1339 Dei
611 1283 790 1338 nostri
800 1297 822 1344 ;
874 1281 1015 1336 Deus
1069 1280 1328 1351 [undavit
1378 1296 1498 1337 eam
1563 1279 1626 1334 in
1691 1289 1955 1335 aiternum

303 1365 477 1437 (Psal.
515 1379 684 1432 κινεῖ,
712 1363 768 1430 2,
798 1362 853 1430 3,
879 1362 958 1433 9).
991 1362 1132 1416 Item
1163 1363 1219 1416 in
1270 1361 1382 1416 alio
1414 1377 1428 1416 :
1479 1361 1750 1416 Fluminis
1783 1361 1954 1429 impe-

297 1451 390 1502 tus
413 1445 660 1514 tetiﬁcat
689 1442 966 1499 civitatem
1007 1442 1122 1509 Dei,
1146 1440 1506 1510 sanctiﬁcavit
1537 1440 1955 1497 tabernaculum

296 1543 465 1582 suum
505 1526 818 1581 Altissimus
847 1540 869 1587 ;
902 1528 1047 1579 Deus
1077 1525 1138 1578 in
1195 1522 1373 1579 medio
1400 1525 1534 1596 ejus,
1577 1537 1686 1578 non
1717 1536 1955 1577 commo-

298 1607 515 1663 vebitur
549 1604 722 1676 (Psal.
754 1620 884 1672 va,
911 1603 947 1657 5
974 1607 1025 1658 et
1053 1605 1130 1673 6).
1161 1603 1262 1658 His
1287 1609 1460 1675 atque
1480 1601 1813 1673 hujusmodi
1841 1606 1954 1657 tes-

296 1687 582 1753 timoniis,
615 1701 742 1757 quin
774 1685 969 1740 omnia
1006 1699 1463 1739 commemorare
1494 1683 1673 1739 nimis
1715 1683 1954 1754 longum

296 1773 407 1834 est,
439 1767 756 1822 didicimus
805 1781 933 1821 esse
962 1765 1276 1835 quamdam
1310 1764 1602 1821 civitatem
1627 1763 1748 1833 Dei,
1779 1766 1952 1834 cujus

297 1848 453 1906 cives
522 1863 650 1902 esse
705 1846 1174 1914 concupiscimus
1207 1848 1224 1882 ί
1266 1845 1365 1900 ἱὶΙο
1398 1861 1615 1913 amore,
1649 1861 1820 1912 quem
1857 1861 1954 1900 no-

301 1929 395 1984 bis
427 1928 586 1982 illius
608 1925 1226 1995 Conditorinspiravit.
1251 1926 1390 1982 lluic
1421 1925 1714 1980 Conditori
1736 1932 1952 1980 sanctae

306 2008 577 2074 civitatis,
612 2009 767 2062 cives
817 2012 1056 2063 terrena
1110 2007 1358 2062 civitatis
1389 2009 1526 2062 deos
1575 2022 1716 2061 suos
1761 2005 1956 2074 praefe-

306 2096 471 2159 runt,
507 2089 843 2160 ignorantes
873 2104 1005 2144 eum
1039 2103 1166 2143 esse
1188 2087 1370 2143 Deum
1402 2089 1792 2154 deorum,non
1823 2086 1955 2140 deo-

314 2185 446 2225 rum
511 2169 809 2237 l‘aleorum,
843 2169 950 2224 hoc
997 2175 1083 2223 est
1115 2168 1426 2238 impiorum
1460 2173 1516 2222 et
1544 2169 1952 2237 superborum,

301 2249 404 2318 qui
434 2250 560 2319 ejus
591 2246 1055 2304 incommutabili
1087 2247 1473 2318 omnibusque
1504 2244 1806 2302 communi
1830 2245 1957 2298 luce

301 2329 536 2400 privati,
589 2335 642 2383 et
673 2328 745 2383 ob
812 2327 921 2384 hoc
950 2328 1020 2382 ad
1056 2327 1370 2398 quamdam
1410 2340 1651 2397 egenam
1707 2329 1957 2395 potesta-

300 2417 421 2464 tem
454 2409 691 2475 redacti,
741 2425 876 2463 suas
907 2407 1337 2476 quodammodo
1388 2407 1637 2478 privatas
1671 2403 1957 2474 potentias

299 2492 743 2547 consectantur.
786 2488 1155 2557 honoresque
1202 2487 1429 2542 divinos
1460 2503 1494 2541 a
1531 2484 1785 2557 deceptis
1815 2485 1956 2540 sub-

295 2569 442 2626 ditis
489 2573 801 2642 quaerunt;
841 2567 939 2622 sed
972 2568 1212 2622 deorum
1265 2567 1486 2637 piorum
1519 2571 1691 2638 atque
1722 2572 1954 2622 sancto-

292 2665 460 2714 rum,
490 2648 594 2720 qui
637 2649 830 2719 potius
861 2662 923 2703 se
967 2647 1123 2717 ipsos
1172 2647 1272 2702 uni
1303 2647 1551 2703 subdere
1580 2663 1752 2717 quam
1805 2646 1953 2702 mul-

290 2733 393 2785 tos
426 2728 562 2796 sibi,
587 2727 897 2800 potiusque
928 2731 1108 2783 Deum
1138 2728 1324 2785 colere
1353 2745 1527 2799 quam
1562 2744 1664 2800 pro
1694 2728 1810 2783 Deo
1840 2727 1952 2784 coli

294 2807 686 2863 delectantur.
729 2809 840 2863 Sed
882 2807 1062 2878 hujus
1113 2813 1324 2863 sanctis
1370 2807 1619 2864 civitatis
1673 2809 1949 2879 inimicis,

295 2889 499 2946 decem
567 2888 965 2960 superioribus
1030 2888 1216 2959 libris,
1276 2894 1564 2960 quantum
1631 2891 1948 2960 potuimus,

297 2970 548 3027 Domino
579 2974 636 3025 et
683 2970 836 3038 Rege
885 2973 1085 3026 nostro
1143 2970 1480 3040 adjuvaute,
1514 2971 1945 3041 respondimus.

299 3049 467 3108 Nunc
506 3067 638 3106 vero
680 3051 821 3124 quid
866 3068 900 3105 a
926 3067 1007 3106 ire
1047 3051 1172 3122 jam
1212 3057 1573 3123 exspectetur
1600 3068 1945 3125 agnoscens,

305 3131 534 3203 meique
580 3149 696 3187 non
750 3131 1054 3188 immemor
1095 3132 1296 3200 debili,
1327 3135 1398 3188 de
1447 3134 1696 3189 duarum
1746 3133 1946 3190 civita-

305 3219 454 3277 tum,
486 3216 727 3267 terrenaa
758 3212 971 3268 scilicet
1000 3217 1058 3269 et
1087 3213 1366 3283 cmlestis,
1397 3230 1544 3285 quas
1567 3214 1626 3270 in
1659 3215 1766 3270 hoc
1799 3215 1948 3270 inte-

305 3292 420 3348 rim
453 3291 665 3349 saeculo
710 3291 1016 3366 perplexas
1065 3294 1495 3365 quodammodo
1525 3294 1778 3351 diximus
1807 3295 1950 3352 invi-

309 3388 553 3446 cemque
586 3372 920 3445 permixtas,
953 3379 1149 3429 exortu
1183 3379 1238 3429 et
1267 3389 1515 3430 excursu
1547 3379 1604 3431 et
1632 3376 1847 3431 debitis
1891 3377 1952 3432 ii-

309 3452 507 3519 nibus,
566 3462 843 3523 quantum
901 3451 1156 3519 valuero,
1208 3453 1523 3526 disputare,
1583 3455 1711 3525 ejus
1767 3455 1954 3527 ipsius

305 3532 536 3590 Domini
561 3543 613 3590 et
656 3533 824 3606 Regis
855 3535 1036 3590 nostri
1081 3535 1296 3606 ubique
1327 3536 1707 3607 opitulatione
1750 3537 1954 3610 fretus,

310 3615 614 3684 aggrediar
681 3630 695 3670 :
765 3614 1136 3687 primumque
1193 3615 1380 3671 dicam
1456 3618 1955 3688 quemadmodum

307 3695 542 3750 exordia
583 3695 832 3753 duarum
880 3695 1117 3752 istarum
1151 3696 1452 3753 civitatum
1501 3697 1560 3753 in
1600 3696 1956 3770 Angelorum

306 3775 639 3837 diversitate
670 3777 1094 3848 pracesserint.

307 3943 546 4004 CAPUT
573 3945 641 4000 Il.
675 3975 745 3988 —-
773 3946 847 4002 De
863 3946 1228 4016 cognoscendo
1259 3949 1385 4016 Deo,
1416 3947 1487 4004 ad
1514 3949 1671 4020 cujus
1699 3947 1961 4004 notitiam

378 4042 537 4084 nemo
567 4026 851 4084 hominum
891 4030 1162 4100 pervenit,
1211 4031 1326 4084 nisi
1353 4045 1448 4100 per
1475 4029 1831 4086 Mediatorem
1863 4028 1962 4086 Dei

381 4116 434 4168 et
461 4110 752 4168 hominum
779 4112 1063 4171 hominem
1089 4115 1276 4172 Iesum
1306 4112 1603 4170 Christum.

378 4250 659 4319 Magnum
689 4251 774 4304 est
803 4255 855 4305 et
889 4249 1206 4305 admodum
1239 4265 1431 4306 rarum
1456 4251 1784 4308 universam
1806 4267 1963 4310 crea-

310 4329 506 4381 turam
575 4343 910 4398 corpoream
967 4332 1026 4383 et
1083 4330 1483 4398 incorpoream
1542 4333 1964 4388 consideratam

311 4413 790 4482 compertamque
823 4408 1165 4464 mutabilem
1198 4410 1522 4466 intentione
1566 4414 1772 4468 mentis
1800 4430 1968 4470 exce-

309 4488 469 4556 dere,
511 4497 687 4560 atque
729 4490 798 4544 ad
850 4490 1384 4548 incommutabilem
1437 4493 1532 4548 Dei
1569 4493 1966 4551 substantiam

311 4570 638 4640 pervenire,
669 4578 720 4626 et
751 4569 870 4624 illic
901 4570 1127 4627 discere
1174 4588 1242 4627 ex
1286 4573 1435 4643 ipso,
1486 4577 1640 4644 quod
1697 4581 1964 4633 cunctam

309 4655 584 4705 naturam
620 4667 746 4722 qum
778 4667 894 4707 non
926 4657 1015 4708 est
1045 4653 1195 4724 quod
1225 4653 1366 4723 ipse,
1389 4671 1502 4710 non
1527 4654 1660 4711 fecit
1683 4657 1796 4712 nisi
1819 4658 1963 4729 ipse.

309 4732 408 4789 Sic
436 4733 594 4789 enim
629 4734 782 4791 Deus
816 4751 951 4791 cum
984 4734 1220 4792 homine
1252 4754 1367 4794 non
1401 4755 1498 4808 per
1523 4739 1778 4811 aliquam
1810 4757 1965 4798 crea-

303 4816 508 4894 turam
533 4815 789 4887 loquitur
804 4815 1186 4889 corporalem,
1210 4819 1612 4890 corporalibus
1634 4819 1966 4894 instrepens

304 4893 573 4960 auribus,
623 4899 688 4950 ut
733 4896 890 4953 inter
944 4901 1254 4954 sonantem
1303 4908 1356 4955 et
1413 4899 1744 4958 audientem
1812 4902 1967 4960 aeria

306 4973 500 5045 spatia
515 4974 899 5033 verberantur
920 4994 935 5045 ;
962 4993 1152 5048 neque
1170 4993 1272 5048 per
1291 4978 1577 5050 ejusmodi
1597 4981 1965 5053 spiritualem

306 5062 454 5127 quin"
484 5067 794 5127 corporum
841 5057 1332 5115 similitudinibus
1381 5059 1682 5133 ﬁguratur,
1708 5064 1858 5120 sicut
1902 5066 1964 5124 in

305 5134 553 5191 somniis
583 5135 670 5192 vel
697 5153 810 5209 quo
861 5137 974 5194 alio
1022 5137 1123 5194 tali
1157 5140 1369 5208 modo;
1405 5157 1539 5197 nam
1589 5146 1645 5198 et
1686 5145 1769 5201 sic
1808 5145 1967 5204 velut

306 5215 575 5298 corporis
605 5218 848 5298 auribus
881 5218 1158 5288 loquitur,
1208 5221 1349 5292 quia
1399 5219 1559 5278 velut
1607 5238 1705 5295 per
1751 5242 1964 5298 corpus

303 5293 572 5368 loquitur
600 5305 658 5352 et
685 5297 840 5354 velut
880 5298 1228 5372 interposito
1268 5293 1661 5372 corporalium
1702 5293 1962 5363 locorum

302 5372 648 5444 intervallo;
701 5378 956 5434 multum
1005 5379 1162 5436 enim
1212 5379 1432 5438 similia
1473 5388 1613 5440 sunt
1656 5383 1796 5442 talia
1841 5385 1964 5448 visa

295 5569 543 5697 Ρῖξῆξῗῗ,
585 5569 856 5641 plerique,
888 5573 1329 5640 corieupivimus.
1357 5579 1422 5631 Et
1466 5581 1705 5647 quidam,
1764 5602 1959 5640 concu-

363 5689 442 5762 (aj
473 5689 744 5752 doni.
773 5701 806 5751 2
832 5693 898 5754 de
925 5697 1096 5756 Doctr.
1123 5699 1315 5757 Christ.
1335 5703 1420 5757 'n.'

1626 333 1863 396 LIBER
1906 332 2387 400 UNDECIMUS.

3598 351 3718 416 318

2071 471 2454 558 corporibus:
2487 475 2591 558 sed,
2616 474 2878 558 loquitur
2921 477 3050 550 ipsa
3088 480 3346 551 veritate,
3375 483 3423 540 si
3465 484 3599 558 quis
3639 487 3716 542 sit

2069 550 2433 636 idonreusgad
2488 557 2847 613 audiendum
2900 566 3112 631 mente,
3161 579 3275 618 non
3332 550 3591 636 corpore.
3634 570 3716 623 Ad

2071 631 2212 687 illud
2245 634 2401 714 enim
2437 637 2694 693 hominis
2746 637 2827 694 ita
2869 640 3141 711 loquitur,
3176 645 3330 714 quod
3380 631 3455 700 in_
3484 647 3719 704 homine

2071 713 2293 797 caeteris
2326 716 2539 786 quibus
2579 718 2753 774 homo
2801 727 3032 775 constat
3079 728 3169 777 est
3202 713 3448 794 melius,
3499 730 3556 780 et
3601 743 3716 797 quo

2069 791 2195 864 ipse
2224 794 2377 851 Deus
2407 798 2566 851 solus
2595 803 2684 854 est
2713 799 2932 855 melior.
2953 800 3091 855 Cum
3126 801 3282 858 enim
3315 791 3484 860 homo
3516 791 3715 862 rectis-

2069 874 2217 929 sime
2247 876 2623 949 intelligatur,
2657 881 2748 935 vel
2779 882 2826 934 si
2851 881 2960 936 hoc
2992 899 3106 937 non
3139 890 3343 953 potest,
3375 886 3581 942 saltem
3602 903 3720 944 cre-

2071 954 2244 1010 datur
2294 957 2478 1014 factus
2527 961 2598 1015 ad
2650 962 2966 1033 imaginem
3025 964 3165 1032 Dei;
3214 967 3469 1036 profecto
3514 986 3581 1025 ea
3623 971 3716 1026 sui

2073 1042 2235 1120 parte
2255 1044 2343 1093 est
2373 1041 2754 1112 propinquior
2800 1045 3086 1116 superiori
3139 1047 3272 1114 Deo,
3329 1065 3444 1119 qua
3482 1057 3721 1120 superat

2071 1115 2375 1174 inferiores
2405 1136 2536 1176 suas
2565 1123 2666 1194 (α),
2699 1140 2844 1195 quas
2874 1115 3047 1181 etiam
3075 1143 3208 1182 cum
3239 1115 3722 1199 pecoribus-com-

2071 1211 2281 1252 munes
2313 1199 2506 1257 habet.
2538 1202 2646 1258 Sed
2683 1204 2819 1275 quia
2848 1205 2974 1276 ipsa
3017 1222 3205 1275 meus,
3239 1208 3331 1263 cui
3363 1211 3510 1265 ratio
3539 1217 3597 1265 et
3627 1210 3720 1266 in-

2065 1278 2390 1360 telligentia
2419 1284 2759 1340 naturaliter
2789 1287 2964 1354 inest,
2997 1287 3149 1345 vitiis
3174 1290 3524 1360 quibusdam
3553 1296 3716 1347 tene-

2073 1358 2258 1415 brosis
2288 1365 2343 1415 et
2375 1363 2662 1419 veteribus
2693 1365 2947 1422 invalida
2975 1371 3080 1433 est,
3116 1358 3228 1424 non
3272 1369 3458 1426 solum
3503 1372 3573 1426 ad
3628 1372 3717 1428 in-

2071 1439 2410 1524 haerendum
2438 1445 2708 1524 fruendo,
2734 1462 2936 1503 verum
2976 1449 3152 1504 etiam
3201 1451 3274 1507 ad
3306 1452 3714 1524 perferendum

2069 1521 2548 1580 incommutabile
2580 1524 2775 1582 lumen
2803 1529 2842 1593 1,
2873 1528 3058 1585 donec
3089 1529 3158 1584 de
3175 1530 3266 1585 die
3299 1521 3357 1586 in
3381 1531 3528 1586 diem
3553 1549 3717 1588 reno-

2069 1609 2201 1658 vata
2225 1609 2402 1675 atque
2432 1613 2638 1662 sanata
2668 1608 2770 1664 ﬂat
2807 1613 2977 1664 tantis
3032 1610 3316 1667 felicitatis
3356 1627 3556 1683 capax,
3599 1613 3714 1667 fide

2069 1683 2322 1756 primum
2362 1688 2544 1743 fuerat
2576 1689 2893 1746 imbuenda
2941 1699 3112 1762 atque
3153 1692 3471 1764 purganda.
3507 1695 3568 1748 In
3600 1710 3714 1764 qua

2067 1773 2129 1844 ut
2161 1765 2438 1822 ﬁdentius
2471 1770 2802 1826 ambularet
2849 1771 2920 1826 ad
2961 1772 3282 1840 veritatem,
3331 1772 3456 1844 ipsa
3507 1774 3714 1829 veritas

2069 1841 2224 1899 Deus
2255 1844 2353 1900 Dei
2389 1847 2568 1903 Filius
2600 1848 2836 1905 homine
2869 1858 3190 1921 assumpto,
3243 1841 3370 1906 non.
3408 1851 3522 1906 Deo
3574 1867 3712 1907 con-

2069 1931 2328 1995 sumpto,
2362 1929 2626 1982 eamdem
2661 1929 2968 1984 constituit
2999 1936 3170 2000 atque
3201 1930 3461 1986 fundavit
3512 1931 3713 1998 fidem,

2071 2010 2136 2057 ut
2164 2005 2233 2058 ad
2269 2006 2525 2062 hominis
2548 2008 2568 2041 ³
2599 2008 2777 2064 Deum
2813 2013 2919 2065 iter
2947 2016 3100 2064 esset
3129 2010 3352 2064 homini
3395 2027 3494 2080 per
3523 2011 3714 2065 homi-

2071 2098 2205 2138 nem
2238 2084 2442 2139 Deum.
2477 2085 2578 2140 Hic
2607 2097 2690 2142 est
2719 2086 2875 2142 enim
2909 2090 3191 2143 mediator
3217 2089 3312 2143 Dei
3331 2094 3388 2142 et
3408 2089 3712 2143 hominum

2071 2163 2244 2218 homo
2275 2165 2540 2220 Christus
2569 2166 2762 2223 Jesus.
2796 2168 2902 2222 Per
2933 2167 3040 2223 hoc
3071 2168 3224 2222 enim
3279 2167 3581 2234 mediator,
3617 2185 3716 2237 per

2072 2245 2226 2314 quod
2259 2243 2435 2300 homo
2458 2247 2479 2281 ³
2505 2264 2520 2312 ;
2555 2264 2658 2317 por
2688 2248 2796 2303 hoc
2817 2253 2875 2302 et
2904 2250 3013 2302 via.
3034 2247 3319 2312 Quoniam
3341 2250 3390 2302 si
3412 2248 3563 2302 inter
3579 2263 3714 2303 eum

2072 2324 2175 2396 qui
2205 2326 2393 2381 tendit
2423 2331 2480 2380 et
2507 2326 2651 2382 illud
2686 2345 2800 2399 quo
2841 2328 3049 2393 tendit,
3076 2330 3169 2383 via
3200 2328 3394 2383 media
3444 2338 3551 2392 est,
3583 2343 3716 2398 spes

2072 2416 2154 2462 est
2185 2407 2595 2477 perveniendi:
2629 2409 2674 2464 si
2708 2412 2901 2464 autem
2933 2408 3102 2475 desit,
3137 2414 3238 2463 aut
3284 2408 3582 2480 ignoretur
3603 2425 3718 2481 qua

2071 2490 2331 2543 eundum
2365 2487 2465 2558 sit,
2489 2489 2624 2561 quid
2659 2489 2896 2559 prodest
2939 2505 3109 2545 nosse
3156 2504 3272 2561 quo
3302 2489 3561 2544 eundum
3594 2488 3718 2544 sit?

2071 2568 2204 2624 Sola
2233 2573 2322 2625 est
2351 2573 2542 2625 autem
2576 2570 2854 2625 adversus
2892 2583 3095 2625 omnes
3141 2585 3362 2625 errores
3393 2569 3485 2626 via
3518 2569 3716 2625 muni-

2069 2651 2321 2717 tissima,
2357 2657 2418 2707 ut
2449 2651 2603 2707 idem
2636 2652 2760 2721 ipse
2790 2651 2867 2707 sit
2896 2650 3048 2708 Deus
3077 2654 3135 2708 et
3183 2650 3358 2707 homo
3384 2667 3398 2706 :
3431 2666 3540 2723 quo
3570 2650 3714 2716 itur,

2067 2731 2258 2802 Deus;
2292 2748 2407 2804 qua
2435 2733 2574 2800 itur,
2602 2731 2800 2789 homo.

2065 2895 2300 2952 CAPUT
2331 2894 2434 2952 III.
2467 2925 2536 2936 -—
2573 2895 2648 2952 De
2693 2893 3025 2950 auctoritate
3077 2895 3366 2951 canonica:
3413 2891 3715 2966 Scriptura

2524 2974 2711 3032 divino
2739 2975 2951 3047 Spiritu
2994 2975 3252 3034 conditae.

2134 3104 2237 3158 Hic
2270 3101 2432 3174 prius
2461 3116 2562 3173 per
2613 3102 2948 3174 Prophetas,
2981 3101 3192 3158 deinde
3241 3118 3341 3173 per
3384 3117 3445 3157 se
3491 3103 3712 3172 ipsum,

2062 3189 2257 3256 postea
2286 3199 2389 3255 per
2417 3183 2745 3254 Apostolos,
2777 3187 3064 3255 quantum
3085 3181 3231 3239 satis
3260 3198 3388 3240 esse
3405 3183 3714 3254 judicavit,

2063 3263 2317 3331 locutus,
2347 3263 2522 3320 etiam
2555 3263 2919 3333 Scripturam
2952 3263 3232 3330 condidit,
3274 3277 3398 3334 qua:
3430 3264 3714 3320 canonica

2069 3345 2424 3409 nominatur,
2471 3343 2955 3397 eminentissima;
2999 3341 3380 3407 auctoritatis,
3411 3341 3501 3396 cui
3535 3342 3708 3400 [idem

2068 3423 2356 3480 habemus
2382 3423 2453 3477 de
2481 3421 2575 3478 his
2601 3423 2776 3478 rebus
2807 3439 2954 3493 quas
2983 3422 3250 3491 ignorare
3297 3438 3413 3476 non
3452 3423 3703 3491 expedit,

2071 3519 2177 3560 nec
2208 3519 2308 3573 per
2338 3504 2728 3574 nosmetipsos
2769 3518 2941 3557 nosse
2989 3501 3182 3558 idonei
3231 3517 3459 3556 sumus.
3488 3501 3634 3556 Nam
3667 3501 3719 3556 si

2072 3599 2140 3640 ea
2165 3581 2299 3637 sciri
2331 3589 2571 3652 possunt
2616 3583 2866 3638 testibus
2917 3581 3109 3647 nobis,
3159 3596 3286 3650 quis
3339 3585 3561 3635 remota
3609 3596 3725 3635 non

2073 3669 2214 3720 sunt
2245 3679 2278 3717 a
2307 3662 2581 3717 sensibus
2614 3661 2851 3727 nostris,
2877 3660 2993 3715 sive
3014 3659 3387 3715 interioribus
3409 3659 3530 3714 sive
3549 3658 3727 3714 etiam

2075 3743 2462 3804 exterioribus
2487 3767 2503 3809 ;
2531 3742 2686 3798 unde
2705 3747 2762 3797 et
2785 3741 3097 3812 prmsentia
3119 3744 3551 3810 nuncupantur,
3575 3741 3725 3812 quod

2076 3830 2156 3887 ita
2185 3843 2254 3882 ea
2284 3825 2537 3880 dicimus
2568 3839 2695 3880 esse
2727 3839 2840 3894 prin
2885 3822 3186 3887 sensibus,
3221 3821 3373 3877 sicut
3405 3837 3516 3891 prie
3547 3820 3731 3877 oculis

2077 3925 2206 3981 quis
2237 3909 2446 3980 priesto
2477 3908 2617 3960 sunt
2645 3903 2875 3960 oculis:
2919 3901 3174 3974 profecto
3224 3917 3292 3957 ea
3331 3917 3462 3973 quin
3510 3905 3730 3958 remota

2077 3993 2220 4046 sunt
2248 4006 2282 4045 a
2303 3986 2572 4043 sensibus
2603 3986 2842 4051 nostris,
2865 3983 3140 4055 quoniam
3163 3994 3362 4038 nostro
3392 3981 3727 4038 testimonio

2078 4071 2227 4127 scire
2255 4086 2368 4126 non
2399 4083 2739 4139 possumus,
2772 4067 2843 4122 de
2871 4065 2964 4120 his
2980 4063 3126 4120 alios
3144 4067 3323 4120 testes
3351 4061 3726 4135 requirimus,

2078 4152 2284 4224 eisque
2312 4149 2624 4214 credimus,
2653 4165 2686 4203 a
2716 4162 2964 4217 quorum
3016 4144 3286 4201 sensibus
3335 4151 3734 4224 remotas-sse

2079 4233 2170 4290 vel
2189 4221 2385 4288 tuisse
2414 4246 2531 4286 non
2560 4228 2871 4286 credimus.
2905 4226 3068 4281 Sicut
3113 4240 3250 4296 ergo
3281 4224 3354 4280 de
3381 4221 3732 4293 visibilibus,

2082 4331 2210 4387 quis
2244 4330 2358 4370 non
2391 4311 2667 4377 vidimus,
2691 4309 2776 4366 eis
2801 4307 3098 4365 credimus
3120 4307 3218 4378 qui
3247 4305 3534 4374 viderunt,
3559 4309 3736 4377 atque

2082 4397 2161 4452 ita
2190 4397 2262 4450 de
2292 4393 2514 4451 caeteris
2536 4408 2664 4465 qua
2690 4391 2760 4446 ad
2794 4405 2972 4445 suum
3004 4403 3295 4459 quemque
3325 4402 3562 4442 sensum
3600 4401 3729 4442 cor-

2085 4477 2243 4549 poris
2273 4476 2608 4549 pertinent:
2643 4474 2724 4528 ita
2771 4473 2842 4527 de
2885 4469 2979 4526 his
3017 4485 3146 4539 quae
3192 4467 3388 4526 animo
3429 4483 3495 4524 ac
3541 4471 3736 4523 mente

2083 4560 2416 4613 sentiuntur
2445 4556 2604 4628 (quia
2633 4559 2691 4608 et
2722 4554 2848 4624 ipse
2879 4549 3204 4607 rectissime
3254 4549 3472 4605 dicitur
3500 4563 3727 4614 sensus,

2085 4639 2242 4695 unde
2271 4643 2329 4695 et
2358 4637 2644 4694 sententia
2672 4633 3018 4690 vocabulum
3070 4631 3339 4702 accepit),
3385 4629 3494 4685 hoc
3542 4633 3632 4684 est
3660 4629 3732 4683 de

2082 4718 2476 4776 invisibilibus
2500 4733 2622 4789 qua;
2647 4733 2680 4772 a
2707 4720 2907 4771 nostro
2939 4727 3118 4769 sensu
3158 4710 3433 4765 interiore
3453 4707 3479 4742 ⁴
3507 4711 3730 4789 remota

2082 4805 2241 4872 sunt,
2275 4801 2349 4858 iis
2380 4816 2485 4857 nos
2520 4787 2753 4870 inportet
2800 4794 3062 4872 credere,
3084 4790 3183 4860 qui
3236 4791 3359 4845 hac
3396 4789 3459 4872 in
3507 4787 3607 4843 illo
3637 4787 3727 4872 in-

2081 4865 2356 4955 corporeo
2385 4865 2612 4936 lumine
2639 4874 2917 4947 disposita
2945 4870 3298 4936 didicerunt,
3325 4865 3411 4923 vel
3435 4865 3735 4923 manentia

2081 4965 2452 5021 oontuentur.

2148 5151 2163 5185 ι
2200 5147 2354 5198 Vind.
2385 5147 2468 5197 Er.
2496 5143 2907 5197 etunuseMss..
2937 5140 3010 5190 ad
3025 5136 3444 5204 per/“ruentium
3473 5130 3732 5204 merendo

2081 5194 2545 5264 inoomwniutt—zvbile
2567 5194 2758 5258 lumen
2769 5246 2786 5261 .
2801 5194 2917 5255 Am.
2927 5241 2939 5260 ,
2951 5194 3456 5266 aid-perferendum
3473 5194 3734 5266 merepdo

2081 5257 2536 5327 iiééiiiihiiiasi‘zé
2571 5257 2789 5322 lumen:
2837 5257 2962 5324 Tres
3017 5257 3160 5320 Mss;
3208 5265 3290 5327 ad,
3319 5257 3734 5327 perimendum

2078 5325 2520 5404 iiico_mtitutabili
2550 5335 2783 5404 lumine.
2815 5331 2901 5381 Sic
2927 5331 3099 5404 etiam.
3116 5330 3212 5404 M‘s.
3239 5325 3480 5404 eoscum.

2143 5403 2164 5436 ²
2193 5401 2322 5455 Vox.
2355 5399 2618 5451 hominis,
2650 5397 2849 5447 omissa
2875 5397 2956 5445 est
2983 5407 3016 5442 a
3045 5393 3196 5440 Vind.
3227 5391 3280 5455 et
3301 5391 3432 5455 [ιον.
3535 5449 3546 5455 _
3670 5447 3677 5452 ἡ

2142 5467 2163 5498 3
2187 5449 2345 5520 Editi,
2368 5449 2644 5526 pet-quod
2673 5469 2724 5509 et
2769 5459 2943 5526 homo.
2995 5453 3337 5526 Manuscript‘i
3374 5449 3555 5526 carent
3600 5449 3727 5510 par-

2075 5527 2254 5584 ticula,
2286 5515 2342 5574 et
2365 5515 2391 5586 Ξ
2411 5515 2562 5586 cuius
2590 5523 2948 5588 locorquidam
2977 5520 3141 5588 codex
3167 5515 3350 5588 habet,
3378 5520 3474 5588 est.

2137 5574 2334 5643 ῖιὸν..
2365 5574 2661 5646 Exteriore,
2690 5574 3128 5635 dissentientibus
3167 5578 3322 5627 editis
3355 5575 3477 5626 aliis
3526 5574 3578 5622 et
3617 5585 3726 5622 ma-

2076 5652 2378 5702 nuscrintis.

2134 5717 2213 5777 (a)
2243 5713 2458 5779 Supple,
2479 5720 2690 5775 partes.
