  <div class='ocr_page' id='page_1' title='image "/cluster/home/n/w/nwhite01/storage/ocr_20150623/41/hvd.32044096580634/165.png"; bbox 0 0 4158 6192; ppageno 0'>
   <div class='ocr_carea' id='block_1_1' title="bbox 433 247 570 354">
    <p class='ocr_par' dir='ltr' id='par_1_1' title="bbox 433 247 570 354">
     <span class='ocr_line' id='line_1_1' title="bbox 433 247 570 354; baseline 0.007 -1"><span class='ocrx_word' id='word_1_1' title='bbox 433 247 570 354; x_wconf 14' lang='grc'><strong>(319</strong></span> 
     </span>
    </p>
   </div>
   <div class='ocr_carea' id='block_1_2' title="bbox 453 428 2098 504">
    <p class='ocr_par' dir='ltr' id='par_1_2' title="bbox 453 428 2098 504">
     <span class='ocr_line' id='line_1_2' title="bbox 453 428 2098 504; baseline -0.001 -22"><span class='ocrx_word' id='word_1_2' title='bbox 453 428 681 486; x_wconf 85' lang='lat' dir='ltr'><strong>CAPUT</strong></span> <span class='ocrx_word' id='word_1_3' title='bbox 713 431 802 486; x_wconf 84' lang='grc' dir='ltr'><strong>ιν.</strong></span> <span class='ocrx_word' id='word_1_4' title='bbox 837 463 898 471; x_wconf 84' lang='lat'><strong>——</strong></span> <span class='ocrx_word' id='word_1_5' title='bbox 933 431 1004 485; x_wconf 86' lang='lat' dir='ltr'><strong>De</strong></span> <span class='ocrx_word' id='word_1_6' title='bbox 1032 430 1346 485; x_wconf 68' lang='lat' dir='ltr'><strong>conditione</strong></span> <span class='ocrx_word' id='word_1_7' title='bbox 1369 431 1584 499; x_wconf 77' lang='lat' dir='ltr'><strong>mundi,</strong></span> <span class='ocrx_word' id='word_1_8' title='bbox 1618 432 1758 504; x_wconf 79' lang='lat' dir='ltr'><strong>quod</strong></span> <span class='ocrx_word' id='word_1_9' title='bbox 1779 446 1873 485; x_wconf 82' lang='lat' dir='ltr'><strong>nec</strong></span> <span class='ocrx_word' id='word_1_10' title='bbox 1896 431 2098 484; x_wconf 80' lang='lat' dir='ltr'><strong>intem-</strong></span> 
     </span>
    </p>
   </div>
   <div class='ocr_carea' id='block_1_3' title="bbox 520 511 2098 580">
    <p class='ocr_par' dir='ltr' id='par_1_3' title="bbox 520 511 2098 580">
     <span class='ocr_line' id='line_1_3' title="bbox 520 511 2098 580; baseline -0.001 -15"><span class='ocrx_word' id='word_1_11' title='bbox 520 511 731 580; x_wconf 80' lang='lat' dir='ltr'><strong>poralis</strong></span> <span class='ocrx_word' id='word_1_12' title='bbox 761 513 851 579; x_wconf 78' lang='lat' dir='ltr'><strong>sit,</strong></span> <span class='ocrx_word' id='word_1_13' title='bbox 883 526 982 566; x_wconf 84' lang='lat' dir='ltr'><strong>nec</strong></span> <span class='ocrx_word' id='word_1_14' title='bbox 1029 526 1161 566; x_wconf 87' lang='lat' dir='ltr'><strong>novo</strong></span> <span class='ocrx_word' id='word_1_15' title='bbox 1205 511 1305 565; x_wconf 83' lang='lat' dir='ltr'><strong>Dei</strong></span> <span class='ocrx_word' id='word_1_16' title='bbox 1348 513 1610 566; x_wconf 84' lang='lat' dir='ltr'><strong>ordinata</strong></span> <span class='ocrx_word' id='word_1_17' title='bbox 1660 511 1911 576; x_wconf 80' lang='lat' dir='ltr'><strong>consitio,</strong></span> <span class='ocrx_word' id='word_1_18' title='bbox 1943 511 2098 580; x_wconf 82' lang='lat' dir='ltr'><strong>quasi</strong></span> 
     </span>
    </p>
   </div>
   <div class='ocr_carea' id='block_1_4' title="bbox 517 589 1658 662">
    <p class='ocr_par' dir='ltr' id='par_1_4' title="bbox 517 589 1658 662">
     <span class='ocr_line' id='line_1_4' title="bbox 517 589 1658 662; baseline 0.003 -16"><span class='ocrx_word' id='word_1_19' title='bbox 517 594 706 661; x_wconf 78' lang='lat' dir='ltr'><strong>postea</strong></span> <span class='ocrx_word' id='word_1_20' title='bbox 736 589 990 657; x_wconf 83' lang='lat' dir='ltr'><strong>voluerit,</strong></span> <span class='ocrx_word' id='word_1_21' title='bbox 1027 590 1165 662; x_wconf 87' lang='lat' dir='ltr'><strong>quod</strong></span> <span class='ocrx_word' id='word_1_22' title='bbox 1191 595 1354 646; x_wconf 80' lang='lat' dir='ltr'><strong><em>antea</em></strong></span> <span class='ocrx_word' id='word_1_23' title='bbox 1396 592 1658 651; x_wconf 77' lang='lat' dir='ltr'><strong>noluerit.</strong></span> 
     </span>
    </p>
   </div>
   <div class='ocr_carea' id='block_1_5' title="bbox 524 755 2096 825">
    <p class='ocr_par' dir='ltr' id='par_1_5' title="bbox 524 755 2096 825">
     <span class='ocr_line' id='line_1_5' title="bbox 524 755 2096 825; baseline -0.001 -13"><span class='ocrx_word' id='word_1_24' title='bbox 524 760 576 815; x_wconf 87' lang='grc'><strong>1.</strong></span> <span class='ocrx_word' id='word_1_25' title='bbox 608 757 942 814; x_wconf 84' lang='lat' dir='ltr'><strong>Visibilium</strong></span> <span class='ocrx_word' id='word_1_26' title='bbox 975 757 1236 816; x_wconf 92' lang='lat' dir='ltr'><strong>omnium</strong></span> <span class='ocrx_word' id='word_1_27' title='bbox 1272 758 1562 814; x_wconf 88' lang='lat' dir='ltr'><strong>maximus</strong></span> <span class='ocrx_word' id='word_1_28' title='bbox 1582 761 1670 814; x_wconf 88' lang='lat' dir='ltr'><strong>est</strong></span> <span class='ocrx_word' id='word_1_29' title='bbox 1693 757 1948 812; x_wconf 90' lang='lat' dir='ltr'><strong>mundus</strong></span> <span class='ocrx_word' id='word_1_30' title='bbox 1971 775 1985 825; x_wconf 90' lang='lat'><strong>;</strong></span> <span class='ocrx_word' id='word_1_31' title='bbox 2011 755 2096 810; x_wconf 88' lang='lat' dir='ltr'><strong>in-</strong></span> 
     </span>
    </p>
   </div>
   <div class='ocr_carea' id='block_1_6' title="bbox 450 837 2093 896">
    <p class='ocr_par' dir='ltr' id='par_1_6' title="bbox 450 837 2093 896">
     <span class='ocr_line' id='line_1_6' title="bbox 450 837 2093 896; baseline -0.002 -1"><span class='ocrx_word' id='word_1_32' title='bbox 450 839 767 895; x_wconf 85' lang='lat' dir='ltr'><strong>visibilium</strong></span> <span class='ocrx_word' id='word_1_33' title='bbox 786 837 1049 893; x_wconf 89' lang='lat' dir='ltr'><strong>omnium</strong></span> <span class='ocrx_word' id='word_1_34' title='bbox 1073 840 1360 895; x_wconf 84' lang='lat' dir='ltr'><strong>maximus</strong></span> <span class='ocrx_word' id='word_1_35' title='bbox 1382 849 1465 896; x_wconf 89' lang='lat' dir='ltr'><strong>est</strong></span> <span class='ocrx_word' id='word_1_36' title='bbox 1483 840 1653 895; x_wconf 88' lang='lat' dir='ltr'><strong>Deus.</strong></span> <span class='ocrx_word' id='word_1_37' title='bbox 1678 839 1788 894; x_wconf 88' lang='lat' dir='ltr'><strong>Sed</strong></span> <span class='ocrx_word' id='word_1_38' title='bbox 1810 837 2093 893; x_wconf 89' lang='lat' dir='ltr'><strong>mundum</strong></span> 
     </span>
    </p>
   </div>
   <div class='ocr_carea' id='block_1_7' title="bbox 449 917 2093 989">
    <p class='ocr_par' dir='ltr' id='par_1_7' title="bbox 449 917 2093 989">
     <span class='ocr_line' id='line_1_7' title="bbox 449 917 2093 989; baseline -0.002 -14"><span class='ocrx_word' id='word_1_39' title='bbox 449 936 579 975; x_wconf 79' lang='lat' dir='ltr'><strong>esse</strong></span> <span class='ocrx_word' id='word_1_40' title='bbox 606 917 1022 989; x_wconf 89' lang='lat' dir='ltr'><strong>conspicimus,</strong></span> <span class='ocrx_word' id='word_1_41' title='bbox 1041 925 1223 975; x_wconf 86' lang='lat' dir='ltr'><strong>Deum</strong></span> <span class='ocrx_word' id='word_1_42' title='bbox 1241 936 1369 977; x_wconf 90' lang='lat' dir='ltr'><strong>esse</strong></span> <span class='ocrx_word' id='word_1_43' title='bbox 1391 920 1701 976; x_wconf 83' lang='lat' dir='ltr'><strong>credimus.</strong></span> <span class='ocrx_word' id='word_1_44' title='bbox 1717 919 1878 985; x_wconf 89' lang='lat' dir='ltr'>Quod</span> <span class='ocrx_word' id='word_1_45' title='bbox 1897 919 2093 972; x_wconf 85' lang='lat' dir='ltr'><strong>autem</strong></span> 
     </span>
    </p>
   </div>
   <div class='ocr_carea' id='block_1_8' title="bbox 447 999 2092 1070">
    <p class='ocr_par' dir='ltr' id='par_1_8' title="bbox 447 999 2092 1070">
     <span class='ocr_line' id='line_1_8' title="bbox 447 999 2092 1070; baseline -0.001 -17"><span class='ocrx_word' id='word_1_46' title='bbox 447 999 603 1053; x_wconf 85' lang='lat' dir='ltr'><strong>Deus</strong></span> <span class='ocrx_word' id='word_1_47' title='bbox 634 1000 920 1056; x_wconf 90' lang='lat' dir='ltr'><strong>mundum</strong></span> <span class='ocrx_word' id='word_1_48' title='bbox 952 999 1169 1063; x_wconf 80' lang='lat' dir='ltr'><strong>fecerit.</strong></span> <span class='ocrx_word' id='word_1_49' title='bbox 1197 1001 1337 1057; x_wconf 86' lang='lat' dir='ltr'>nulli</span> <span class='ocrx_word' id='word_1_50' title='bbox 1363 1001 1549 1056; x_wconf 83' lang='lat' dir='ltr'><strong>tutius</strong></span> <span class='ocrx_word' id='word_1_51' title='bbox 1575 1000 1890 1065; x_wconf 81' lang='lat' dir='ltr'><strong>credimus,</strong></span> <span class='ocrx_word' id='word_1_52' title='bbox 1915 1013 2092 1070; x_wconf 91' lang='lat' dir='ltr'><strong>quam</strong></span> 
     </span>
    </p>
   </div>
   <div class='ocr_carea' id='block_1_9' title="bbox 449 1076 2093 1150">
    <p class='ocr_par' dir='ltr' id='par_1_9' title="bbox 449 1076 2093 1150">
     <span class='ocr_line' id='line_1_9' title="bbox 449 1076 2093 1150; baseline 0.001 -18"><span class='ocrx_word' id='word_1_53' title='bbox 449 1076 560 1148; x_wconf 88' lang='lat' dir='ltr'>ipsi</span> <span class='ocrx_word' id='word_1_54' title='bbox 598 1079 729 1135; x_wconf 91' lang='lat' dir='ltr'><strong>Deo.</strong></span> <span class='ocrx_word' id='word_1_55' title='bbox 765 1079 874 1135; x_wconf 87' lang='lat' dir='ltr'><strong>Ubi</strong></span> <span class='ocrx_word' id='word_1_56' title='bbox 913 1095 1048 1135; x_wconf 91' lang='lat' dir='ltr'><strong>eum</strong></span> <span class='ocrx_word' id='word_1_57' title='bbox 1097 1080 1479 1138; x_wconf 75' lang='lat' dir='ltr'><strong>audivimus?</strong></span> <span class='ocrx_word' id='word_1_58' title='bbox 1522 1080 1820 1150; x_wconf 81' lang='lat' dir='ltr'><strong>Nusquam</strong></span> <span class='ocrx_word' id='word_1_59' title='bbox 1862 1077 2093 1133; x_wconf 81' lang='lat' dir='ltr'><strong>interim</strong></span> 
     </span>
    </p>
   </div>
   <div class='ocr_carea' id='block_1_10' title="bbox 451 1156 2095 1232">
    <p class='ocr_par' dir='ltr' id='par_1_10' title="bbox 451 1156 2095 1232">
     <span class='ocr_line' id='line_1_10' title="bbox 451 1156 2095 1232; baseline -0.001 -21"><span class='ocrx_word' id='word_1_60' title='bbox 451 1173 557 1212; x_wconf 89' lang='lat' dir='ltr'><strong>nos</strong></span> <span class='ocrx_word' id='word_1_61' title='bbox 589 1158 796 1215; x_wconf 88' lang='lat' dir='ltr'><strong>melius</strong></span> <span class='ocrx_word' id='word_1_62' title='bbox 846 1176 1021 1232; x_wconf 89' lang='lat' dir='ltr'><strong>quam</strong></span> <span class='ocrx_word' id='word_1_63' title='bbox 1071 1161 1130 1215; x_wconf 90' lang='lat' dir='ltr'><strong>in</strong></span> <span class='ocrx_word' id='word_1_64' title='bbox 1178 1161 1493 1232; x_wconf 87' lang='lat' dir='ltr'><strong>Scripturis</strong></span> <span class='ocrx_word' id='word_1_65' title='bbox 1544 1159 1786 1224; x_wconf 78' lang='lat' dir='ltr'><strong>sanctis,</strong></span> <span class='ocrx_word' id='word_1_66' title='bbox 1823 1158 1922 1213; x_wconf 91' lang='lat' dir='ltr'><strong>ubi</strong></span> <span class='ocrx_word' id='word_1_67' title='bbox 1952 1156 2095 1212; x_wconf 84' lang='lat' dir='ltr'><strong>dixit</strong></span> 
     </span>
    </p>
   </div>
   <div class='ocr_carea' id='block_1_11' title="bbox 448 1238 2093 1312">
    <p class='ocr_par' dir='ltr' id='par_1_11' title="bbox 448 1238 2093 1312">
     <span class='ocr_line' id='line_1_11' title="bbox 448 1238 2093 1312; baseline -0.001 -19"><span class='ocrx_word' id='word_1_68' title='bbox 448 1238 732 1310; x_wconf 81' lang='lat' dir='ltr'><strong>propheta</strong></span> <span class='ocrx_word' id='word_1_69' title='bbox 788 1240 941 1310; x_wconf 84' lang='lat' dir='ltr'><strong>ejus.</strong></span> <span class='ocrx_word' id='word_1_70' title='bbox 991 1242 1052 1296; x_wconf 81' lang='lat' dir='ltr'><strong>In</strong></span> <span class='ocrx_word' id='word_1_71' title='bbox 1103 1242 1382 1312; x_wconf 82' lang='lat' dir='ltr'><strong>principio</strong></span> <span class='ocrx_word' id='word_1_72' title='bbox 1439 1241 1570 1312; x_wconf 77' lang='lat' dir='ltr'><strong>fecit</strong></span> <span class='ocrx_word' id='word_1_73' title='bbox 1620 1241 1759 1296; x_wconf 82' lang='lat' dir='ltr'><strong>Deus</strong></span> <span class='ocrx_word' id='word_1_74' title='bbox 1803 1239 1995 1294; x_wconf 70' lang='lat' dir='ltr'><strong>caelum</strong></span> <span class='ocrx_word' id='word_1_75' title='bbox 2041 1246 2093 1293; x_wconf 87' lang='lat' dir='ltr'><strong>et</strong></span> 
     </span>
    </p>
   </div>
   <div class='ocr_carea' id='block_1_12' title="bbox 446 1319 2091 1394">
    <p class='ocr_par' dir='ltr' id='par_1_12' title="bbox 446 1319 2091 1394">
     <span class='ocr_line' id='line_1_12' title="bbox 446 1319 2091 1394; baseline -0.002 -18"><span class='ocrx_word' id='word_1_76' title='bbox 446 1325 649 1376; x_wconf 77' lang='lat' dir='ltr'><strong>terram</strong></span> <span class='ocrx_word' id='word_1_77' title='bbox 681 1319 837 1390; x_wconf 80' lang='lat' dir='ltr'><strong>(Gen.</strong></span> <span class='ocrx_word' id='word_1_78' title='bbox 865 1337 905 1386; x_wconf 84' lang='grc' dir='ltr'><strong>ι,</strong></span> <span class='ocrx_word' id='word_1_79' title='bbox 940 1322 1013 1392; x_wconf 88' lang='grc'><strong>1),</strong></span> <span class='ocrx_word' id='word_1_80' title='bbox 1046 1321 1481 1394; x_wconf 85' lang='lat' dir='ltr'><strong>Numquidnam</strong></span> <span class='ocrx_word' id='word_1_81' title='bbox 1531 1321 1609 1377; x_wconf 89' lang='lat' dir='ltr'><strong>ibi</strong></span> <span class='ocrx_word' id='word_1_82' title='bbox 1666 1321 1774 1375; x_wconf 91' lang='lat' dir='ltr'><strong>fuit</strong></span> <span class='ocrx_word' id='word_1_83' title='bbox 1821 1320 1930 1374; x_wconf 89' lang='lat' dir='ltr'><strong>iste</strong></span> <span class='ocrx_word' id='word_1_84' title='bbox 1962 1335 2091 1388; x_wconf 91' lang='lat' dir='ltr'><strong>pro-</strong></span> 
     </span>
    </p>
   </div>
   <div class='ocr_carea' id='block_1_13' title="bbox 447 1399 2088 1472">
    <p class='ocr_par' dir='ltr' id='par_1_13' title="bbox 447 1399 2088 1472">
     <span class='ocr_line' id='line_1_13' title="bbox 447 1399 2088 1472; baseline 0.001 -18"><span class='ocrx_word' id='word_1_85' title='bbox 447 1399 642 1470; x_wconf 83' lang='lat' dir='ltr'><strong>pheta,</strong></span> <span class='ocrx_word' id='word_1_86' title='bbox 677 1402 910 1472; x_wconf 83' lang='lat' dir='ltr'><strong>quando</strong></span> <span class='ocrx_word' id='word_1_87' title='bbox 961 1403 1092 1457; x_wconf 87' lang='lat' dir='ltr'><strong>fecit</strong></span> <span class='ocrx_word' id='word_1_88' title='bbox 1133 1408 1285 1458; x_wconf 87' lang='lat' dir='ltr'><strong>Deus</strong></span> <span class='ocrx_word' id='word_1_89' title='bbox 1313 1402 1522 1458; x_wconf 67' lang='lat' dir='ltr'><strong>caelum</strong></span> <span class='ocrx_word' id='word_1_90' title='bbox 1556 1406 1613 1456; x_wconf 86' lang='lat' dir='ltr'><strong>et</strong></span> <span class='ocrx_word' id='word_1_91' title='bbox 1643 1405 1853 1456; x_wconf 88' lang='lat' dir='ltr'><strong>terram</strong></span> <span class='ocrx_word' id='word_1_92' title='bbox 1876 1400 1903 1453; x_wconf 85' lang='lat'><strong>?</strong></span> <span class='ocrx_word' id='word_1_93' title='bbox 1931 1399 2088 1456; x_wconf 87' lang='lat' dir='ltr'><strong>Non:</strong></span> 
     </span>
    </p>
   </div>
   <div class='ocr_carea' id='block_1_14' title="bbox 447 1479 2095 1554">
    <p class='ocr_par' dir='ltr' id='par_1_14' title="bbox 447 1479 2095 1554">
     <span class='ocr_line' id='line_1_14' title="bbox 447 1479 2095 1554; baseline -0.001 -19"><span class='ocrx_word' id='word_1_94' title='bbox 447 1480 549 1535; x_wconf 88' lang='lat' dir='ltr'><strong>sed</strong></span> <span class='ocrx_word' id='word_1_95' title='bbox 583 1479 659 1534; x_wconf 90' lang='lat' dir='ltr'><strong>ibi</strong></span> <span class='ocrx_word' id='word_1_96' title='bbox 694 1481 803 1535; x_wconf 89' lang='lat' dir='ltr'><strong>fuit</strong></span> <span class='ocrx_word' id='word_1_97' title='bbox 834 1481 1127 1553; x_wconf 85' lang='lat' dir='ltr'><strong>Sapientia</strong></span> <span class='ocrx_word' id='word_1_98' title='bbox 1167 1483 1268 1538; x_wconf 90' lang='lat' dir='ltr'><strong>Dei</strong></span> <span class='ocrx_word' id='word_1_99' title='bbox 1296 1484 1394 1554; x_wconf 93' lang='lat' dir='ltr'><strong>(a),</strong></span> <span class='ocrx_word' id='word_1_100' title='bbox 1433 1499 1532 1554; x_wconf 92' lang='lat' dir='ltr'><strong>per</strong></span> <span class='ocrx_word' id='word_1_101' title='bbox 1562 1498 1740 1553; x_wconf 89' lang='lat' dir='ltr'><strong>quam</strong></span> <span class='ocrx_word' id='word_1_102' title='bbox 1773 1481 1924 1536; x_wconf 87' lang='lat' dir='ltr'><strong>facta</strong></span> <span class='ocrx_word' id='word_1_103' title='bbox 1955 1482 2095 1535; x_wconf 89' lang='lat' dir='ltr'><strong>sunt</strong></span> 
     </span>
    </p>
   </div>
   <div class='ocr_carea' id='block_1_15' title="bbox 445 1560 2094 1630">
    <p class='ocr_par' dir='ltr' id='par_1_15' title="bbox 445 1560 2094 1630">
     <span class='ocr_line' id='line_1_15' title="bbox 445 1560 2094 1630; baseline -0.002 -13"><span class='ocrx_word' id='word_1_104' title='bbox 445 1560 663 1626; x_wconf 87' lang='lat' dir='ltr'><strong>omnia,</strong></span> <span class='ocrx_word' id='word_1_105' title='bbox 694 1577 823 1630; x_wconf 69' lang='lat' dir='ltr'><strong>qua:</strong></span> <span class='ocrx_word' id='word_1_106' title='bbox 853 1562 912 1616; x_wconf 88' lang='lat' dir='ltr'><strong>in</strong></span> <span class='ocrx_word' id='word_1_107' title='bbox 944 1562 1170 1617; x_wconf 87' lang='lat' dir='ltr'><strong>animas</strong></span> <span class='ocrx_word' id='word_1_108' title='bbox 1200 1565 1372 1618; x_wconf 90' lang='lat' dir='ltr'><strong>etiam</strong></span> <span class='ocrx_word' id='word_1_109' title='bbox 1414 1571 1643 1619; x_wconf 87' lang='lat' dir='ltr'><strong>sanctas</strong></span> <span class='ocrx_word' id='word_1_110' title='bbox 1692 1577 1754 1616; x_wconf 90' lang='lat' dir='ltr'><strong>se</strong></span> <span class='ocrx_word' id='word_1_111' title='bbox 1797 1561 2094 1628; x_wconf 80' lang='lat' dir='ltr'><strong>transfert,</strong></span> 
     </span>
    </p>
   </div>
   <div class='ocr_carea' id='block_1_16' title="bbox 445 1640 2091 1714">
    <p class='ocr_par' dir='ltr' id='par_1_16' title="bbox 445 1640 2091 1714">
     <span class='ocr_line' id='line_1_16' title="bbox 445 1640 2091 1714; baseline -0.001 -19"><span class='ocrx_word' id='word_1_112' title='bbox 445 1640 664 1695; x_wconf 89' lang='lat' dir='ltr'><strong>amicos</strong></span> <span class='ocrx_word' id='word_1_113' title='bbox 695 1640 796 1697; x_wconf 89' lang='lat' dir='ltr'><strong>Dei</strong></span> <span class='ocrx_word' id='word_1_114' title='bbox 827 1644 883 1696; x_wconf 90' lang='lat' dir='ltr'><strong>et</strong></span> <span class='ocrx_word' id='word_1_115' title='bbox 925 1642 1244 1714; x_wconf 84' lang='lat' dir='ltr'><strong>Prophetas</strong></span> <span class='ocrx_word' id='word_1_116' title='bbox 1293 1642 1597 1698; x_wconf 81' lang='lat' dir='ltr'><strong>constituit</strong></span> <span class='ocrx_word' id='word_1_117' title='bbox 1642 1642 1797 1713; x_wconf 89' lang='lat' dir='ltr'><strong>(Sap.</strong></span> <span class='ocrx_word' id='word_1_118' title='bbox 1844 1657 1943 1709; x_wconf 83' lang='lat' dir='ltr'><strong>vn,</strong></span> <span class='ocrx_word' id='word_1_119' title='bbox 1973 1641 2091 1710; x_wconf 89' lang='lat'><strong>27),</strong></span> 
     </span>
    </p>
   </div>
   <div class='ocr_carea' id='block_1_17' title="bbox 443 1720 2093 1795">
    <p class='ocr_par' dir='ltr' id='par_1_17' title="bbox 443 1720 2093 1795">
     <span class='ocr_line' id='line_1_17' title="bbox 443 1720 2093 1795; baseline 0 -19"><span class='ocrx_word' id='word_1_120' title='bbox 443 1720 646 1792; x_wconf 87' lang='lat' dir='ltr'><strong>eisque</strong></span> <span class='ocrx_word' id='word_1_121' title='bbox 675 1737 850 1792; x_wconf 84' lang='lat' dir='ltr'><strong>Opera</strong></span> <span class='ocrx_word' id='word_1_122' title='bbox 895 1738 1001 1777; x_wconf 91' lang='lat' dir='ltr'><strong>sua</strong></span> <span class='ocrx_word' id='word_1_123' title='bbox 1044 1723 1171 1778; x_wconf 88' lang='lat' dir='ltr'><strong>sine</strong></span> <span class='ocrx_word' id='word_1_124' title='bbox 1219 1724 1462 1795; x_wconf 91' lang='lat' dir='ltr'><strong>strepitu</strong></span> <span class='ocrx_word' id='word_1_125' title='bbox 1513 1724 1670 1778; x_wconf 89' lang='lat' dir='ltr'><strong>intus</strong></span> <span class='ocrx_word' id='word_1_126' title='bbox 1708 1725 1955 1778; x_wconf 86' lang='lat' dir='ltr'><strong>enarrat.</strong></span> <span class='ocrx_word' id='word_1_127' title='bbox 1993 1722 2093 1776; x_wconf 88' lang='lat' dir='ltr'><strong>Lo-</strong></span> 
     </span>
    </p>
   </div>
   <div class='ocr_carea' id='block_1_18' title="bbox 445 1801 2096 1875">
    <p class='ocr_par' dir='ltr' id='par_1_18' title="bbox 445 1801 2096 1875">
     <span class='ocr_line' id='line_1_18' title="bbox 445 1801 2096 1875; baseline 0.001 -21"><span class='ocrx_word' id='word_1_128' title='bbox 445 1808 704 1872; x_wconf 89' lang='lat' dir='ltr'><strong>quuntur</strong></span> <span class='ocrx_word' id='word_1_129' title='bbox 732 1801 813 1858; x_wconf 90' lang='lat' dir='ltr'><strong>eis</strong></span> <span class='ocrx_word' id='word_1_130' title='bbox 843 1817 1071 1874; x_wconf 90' lang='lat' dir='ltr'><strong>quoque</strong></span> <span class='ocrx_word' id='word_1_131' title='bbox 1103 1803 1304 1874; x_wconf 87' lang='lat' dir='ltr'><strong>Angeli</strong></span> <span class='ocrx_word' id='word_1_132' title='bbox 1341 1804 1461 1871; x_wconf 90' lang='lat' dir='ltr'><strong>Dei,</strong></span> <span class='ocrx_word' id='word_1_133' title='bbox 1495 1804 1595 1875; x_wconf 89' lang='lat' dir='ltr'><strong>qui</strong></span> <span class='ocrx_word' id='word_1_134' title='bbox 1638 1819 1869 1872; x_wconf 88' lang='lat' dir='ltr'><strong>semper</strong></span> <span class='ocrx_word' id='word_1_135' title='bbox 1898 1801 2096 1856; x_wconf 90' lang='lat' dir='ltr'><strong>vident</strong></span> 
     </span>
    </p>
   </div>
   <div class='ocr_carea' id='block_1_19' title="bbox 445 1880 2092 1955">
    <p class='ocr_par' dir='ltr' id='par_1_19' title="bbox 445 1880 2092 1955">
     <span class='ocr_line' id='line_1_19' title="bbox 445 1880 2092 1955; baseline 0.001 -19"><span class='ocrx_word' id='word_1_136' title='bbox 445 1880 650 1936; x_wconf 86' lang='lat' dir='ltr'><strong>faciem</strong></span> <span class='ocrx_word' id='word_1_137' title='bbox 686 1881 872 1936; x_wconf 88' lang='lat' dir='ltr'><strong>Patris</strong></span> <span class='ocrx_word' id='word_1_138' title='bbox 903 1883 1112 1952; x_wconf 75' lang='lat' dir='ltr'><strong>(Matth.</strong></span> <span class='ocrx_word' id='word_1_139' title='bbox 1143 1899 1302 1950; x_wconf 84' lang='lat' dir='ltr'><strong>xvm,</strong></span> <span class='ocrx_word' id='word_1_140' title='bbox 1331 1886 1440 1955; x_wconf 83' lang='grc'><strong>10),</strong></span> <span class='ocrx_word' id='word_1_141' title='bbox 1460 1883 1937 1953; x_wconf 76' lang='lat' dir='ltr'><strong>voluntatemque</strong></span> <span class='ocrx_word' id='word_1_142' title='bbox 1964 1883 2092 1950; x_wconf 89' lang='lat' dir='ltr'><strong>ejus</strong></span> 
     </span>
    </p>
   </div>
   <div class='ocr_carea' id='block_1_20' title="bbox 447 1961 2093 2033">
    <p class='ocr_par' dir='ltr' id='par_1_20' title="bbox 447 1961 2093 2033">
     <span class='ocr_line' id='line_1_20' title="bbox 447 1961 2093 2033; baseline 0.002 -17"><span class='ocrx_word' id='word_1_143' title='bbox 447 1961 663 2033; x_wconf 87' lang='lat' dir='ltr'><strong>quibus</strong></span> <span class='ocrx_word' id='word_1_144' title='bbox 687 1968 914 2030; x_wconf 85' lang='lat' dir='ltr'><strong>Oportet</strong></span> <span class='ocrx_word' id='word_1_145' title='bbox 941 1965 1314 2020; x_wconf 89' lang='lat' dir='ltr'><strong>annuntiant.</strong></span> <span class='ocrx_word' id='word_1_146' title='bbox 1343 1965 1426 2020; x_wconf 81' lang='lat' dir='ltr'><strong>Ex</strong></span> <span class='ocrx_word' id='word_1_147' title='bbox 1474 1964 1566 2020; x_wconf 83' lang='lat' dir='ltr'><strong>his</strong></span> <span class='ocrx_word' id='word_1_148' title='bbox 1617 1979 1768 2019; x_wconf 87' lang='lat' dir='ltr'><strong>unus</strong></span> <span class='ocrx_word' id='word_1_149' title='bbox 1817 1966 1941 2018; x_wconf 89' lang='lat' dir='ltr'><strong>erat</strong></span> <span class='ocrx_word' id='word_1_150' title='bbox 1983 1963 2093 2020; x_wconf 81' lang='lat' dir='ltr'><strong>iste</strong></span> 
     </span>
    </p>
   </div>
   <div class='ocr_carea' id='block_1_21' title="bbox 443 2042 2093 2118">
    <p class='ocr_par' dir='ltr' id='par_1_21' title="bbox 443 2042 2093 2118">
     <span class='ocr_line' id='line_1_21' title="bbox 443 2042 2093 2118; baseline 0.001 -22"><span class='ocrx_word' id='word_1_151' title='bbox 443 2042 749 2114; x_wconf 81' lang='lat' dir='ltr'><strong>propheta,</strong></span> <span class='ocrx_word' id='word_1_152' title='bbox 795 2042 896 2114; x_wconf 88' lang='lat' dir='ltr'><strong>qui</strong></span> <span class='ocrx_word' id='word_1_153' title='bbox 947 2045 1092 2099; x_wconf 81' lang='lat' dir='ltr'><strong>dixit</strong></span> <span class='ocrx_word' id='word_1_154' title='bbox 1138 2048 1193 2100; x_wconf 88' lang='lat' dir='ltr'><strong>et</strong></span> <span class='ocrx_word' id='word_1_155' title='bbox 1240 2046 1496 2118; x_wconf 88' lang='lat' dir='ltr'><strong>scripsit,</strong></span> <span class='ocrx_word' id='word_1_156' title='bbox 1527 2047 1588 2102; x_wconf 87' lang='lat' dir='ltr'><strong>In</strong></span> <span class='ocrx_word' id='word_1_157' title='bbox 1631 2043 1911 2116; x_wconf 84' lang='lat' dir='ltr'><strong>principio</strong></span> <span class='ocrx_word' id='word_1_158' title='bbox 1954 2043 2093 2115; x_wconf 78' lang='lat' dir='ltr'><strong>fecit</strong></span> 
     </span>
    </p>
   </div>
   <div class='ocr_carea' id='block_1_22' title="bbox 442 2123 2092 2192">
    <p class='ocr_par' dir='ltr' id='par_1_22' title="bbox 442 2123 2092 2192">
     <span class='ocr_line' id='line_1_22' title="bbox 442 2123 2092 2192; baseline 0.001 -15"><span class='ocrx_word' id='word_1_159' title='bbox 442 2123 585 2178; x_wconf 79' lang='lat' dir='ltr'><strong>Deus</strong></span> <span class='ocrx_word' id='word_1_160' title='bbox 613 2123 811 2177; x_wconf 66' lang='lat' dir='ltr'><strong>caelum</strong></span> <span class='ocrx_word' id='word_1_161' title='bbox 841 2130 894 2179; x_wconf 83' lang='lat' dir='ltr'><strong>et</strong></span> <span class='ocrx_word' id='word_1_162' title='bbox 926 2129 1154 2180; x_wconf 82' lang='lat' dir='ltr'><strong>terram.</strong></span> <span class='ocrx_word' id='word_1_163' title='bbox 1193 2127 1302 2192; x_wconf 88' lang='lat' dir='ltr'><strong>Qui</strong></span> <span class='ocrx_word' id='word_1_164' title='bbox 1339 2131 1461 2192; x_wconf 79' lang='lat' dir='ltr'><strong>tam</strong></span> <span class='ocrx_word' id='word_1_165' title='bbox 1504 2125 1750 2182; x_wconf 91' lang='lat' dir='ltr'><strong>idoneus</strong></span> <span class='ocrx_word' id='word_1_166' title='bbox 1800 2124 1961 2180; x_wconf 88' lang='lat' dir='ltr'><strong>testis</strong></span> <span class='ocrx_word' id='word_1_167' title='bbox 2005 2129 2092 2180; x_wconf 90' lang='lat' dir='ltr'><strong>est</strong></span> 
     </span>
    </p>
   </div>
   <div class='ocr_carea' id='block_1_23' title="bbox 443 2205 2089 2277">
    <p class='ocr_par' dir='ltr' id='par_1_23' title="bbox 443 2205 2089 2277">
     <span class='ocr_line' id='line_1_23' title="bbox 443 2205 2089 2277; baseline 0.001 -19"><span class='ocrx_word' id='word_1_168' title='bbox 443 2219 546 2273; x_wconf 91' lang='lat' dir='ltr'><strong>per</strong></span> <span class='ocrx_word' id='word_1_169' title='bbox 605 2220 779 2275; x_wconf 88' lang='lat' dir='ltr'><strong>quem</strong></span> <span class='ocrx_word' id='word_1_170' title='bbox 835 2207 945 2261; x_wconf 92' lang='lat' dir='ltr'><strong>Deo</strong></span> <span class='ocrx_word' id='word_1_171' title='bbox 994 2207 1348 2262; x_wconf 88' lang='lat' dir='ltr'><strong>credendum</strong></span> <span class='ocrx_word' id='word_1_172' title='bbox 1399 2207 1498 2272; x_wconf 81' lang='lat' dir='ltr'><strong>sit,</strong></span> <span class='ocrx_word' id='word_1_173' title='bbox 1531 2214 1588 2262; x_wconf 91' lang='lat' dir='ltr'><strong>ut</strong></span> <span class='ocrx_word' id='word_1_174' title='bbox 1619 2207 1824 2262; x_wconf 89' lang='lat' dir='ltr'><strong>eodem</strong></span> <span class='ocrx_word' id='word_1_175' title='bbox 1871 2205 2089 2277; x_wconf 87' lang='lat' dir='ltr'><strong>Spiritu</strong></span> 
     </span>
    </p>
   </div>
   <div class='ocr_carea' id='block_1_24' title="bbox 439 2283 2089 2359">
    <p class='ocr_par' dir='ltr' id='par_1_24' title="bbox 439 2283 2089 2359">
     <span class='ocr_line' id='line_1_24' title="bbox 439 2283 2089 2359; baseline 0.001 -19"><span class='ocrx_word' id='word_1_176' title='bbox 439 2283 563 2351; x_wconf 89' lang='lat' dir='ltr'><strong>Dei,</strong></span> <span class='ocrx_word' id='word_1_177' title='bbox 598 2301 712 2356; x_wconf 89' lang='lat' dir='ltr'><strong>quo</strong></span> <span class='ocrx_word' id='word_1_178' title='bbox 745 2284 864 2340; x_wconf 73' lang='lat' dir='ltr'><strong>base</strong></span> <span class='ocrx_word' id='word_1_179' title='bbox 895 2284 1007 2340; x_wconf 90' lang='lat' dir='ltr'><strong>sibi</strong></span> <span class='ocrx_word' id='word_1_180' title='bbox 1052 2285 1304 2342; x_wconf 88' lang='lat' dir='ltr'><strong>revelata</strong></span> <span class='ocrx_word' id='word_1_181' title='bbox 1351 2287 1635 2359; x_wconf 86' lang='lat' dir='ltr'><strong>cognovit,</strong></span> <span class='ocrx_word' id='word_1_182' title='bbox 1677 2285 1850 2342; x_wconf 90' lang='lat' dir='ltr'><strong>etiam</strong></span> <span class='ocrx_word' id='word_1_183' title='bbox 1899 2285 2089 2357; x_wconf 90' lang='lat' dir='ltr'><strong>ipsam</strong></span> 
     </span>
    </p>
   </div>
   <div class='ocr_carea' id='block_1_25' title="bbox 439 2364 1943 2439">
    <p class='ocr_par' dir='ltr' id='par_1_25' title="bbox 439 2364 1943 2439">
     <span class='ocr_line' id='line_1_25' title="bbox 439 2364 1943 2439; baseline 0.001 -20"><span class='ocrx_word' id='word_1_184' title='bbox 439 2364 616 2419; x_wconf 84' lang='lat' dir='ltr'><strong>fidem</strong></span> <span class='ocrx_word' id='word_1_185' title='bbox 644 2369 904 2421; x_wconf 90' lang='lat' dir='ltr'><strong>nostram</strong></span> <span class='ocrx_word' id='word_1_186' title='bbox 939 2365 1194 2422; x_wconf 90' lang='lat' dir='ltr'><strong>futuram</strong></span> <span class='ocrx_word' id='word_1_187' title='bbox 1225 2370 1384 2422; x_wconf 89' lang='lat' dir='ltr'><strong>tanto</strong></span> <span class='ocrx_word' id='word_1_188' title='bbox 1435 2371 1575 2436; x_wconf 79' lang='lat' dir='ltr'><strong>ante</strong></span> <span class='ocrx_word' id='word_1_189' title='bbox 1599 2366 1943 2439; x_wconf 62' lang='lat' dir='ltr'><strong>praedixerit.</strong></span> 
     </span>
    </p>
   </div>
   <div class='ocr_carea' id='block_1_26' title="bbox 452 2443 2088 2516">
    <p class='ocr_par' dir='ltr' id='par_1_26' title="bbox 452 2443 2088 2516">
     <span class='ocr_line' id='line_1_26' title="bbox 452 2443 2088 2516; baseline 0.002 -18"><span class='ocrx_word' id='word_1_190' title='bbox 452 2512 454 2514; x_wconf 18' lang='grc' dir='ltr'><strong><em>ν</em></strong></span> <span class='ocrx_word' id='word_1_191' title='bbox 507 2447 561 2498; x_wconf 88' lang='grc'><strong>2.</strong></span> <span class='ocrx_word' id='word_1_192' title='bbox 595 2443 706 2500; x_wconf 89' lang='lat' dir='ltr'><strong>Sed</strong></span> <span class='ocrx_word' id='word_1_193' title='bbox 739 2445 877 2514; x_wconf 91' lang='lat' dir='ltr'><strong>quid</strong></span> <span class='ocrx_word' id='word_1_194' title='bbox 909 2444 1127 2516; x_wconf 89' lang='lat' dir='ltr'><strong>placuit</strong></span> <span class='ocrx_word' id='word_1_195' title='bbox 1169 2446 1284 2502; x_wconf 90' lang='lat' dir='ltr'><strong>Deo</strong></span> <span class='ocrx_word' id='word_1_196' title='bbox 1334 2451 1548 2503; x_wconf 68' lang='lat' dir='ltr'><strong>aeterno</strong></span> <span class='ocrx_word' id='word_1_197' title='bbox 1590 2452 1729 2503; x_wconf 91' lang='lat' dir='ltr'><strong>tunc</strong></span> <span class='ocrx_word' id='word_1_198' title='bbox 1762 2447 1944 2502; x_wconf 85' lang='lat' dir='ltr'><strong>facere</strong></span> <span class='ocrx_word' id='word_1_199' title='bbox 1977 2462 2088 2502; x_wconf 74' lang='lat' dir='ltr'><strong>cm-</strong></span> 
     </span>
    </p>
   </div>
   <div class='ocr_carea' id='block_1_27' title="bbox 436 2524 2090 2598">
    <p class='ocr_par' dir='ltr' id='par_1_27' title="bbox 436 2524 2090 2598">
     <span class='ocr_line' id='line_1_27' title="bbox 436 2524 2090 2598; baseline 0.001 -17"><span class='ocrx_word' id='word_1_200' title='bbox 436 2524 555 2581; x_wconf 90' lang='lat' dir='ltr'><strong>lum</strong></span> <span class='ocrx_word' id='word_1_201' title='bbox 609 2529 667 2581; x_wconf 91' lang='lat' dir='ltr'><strong>et</strong></span> <span class='ocrx_word' id='word_1_202' title='bbox 715 2529 954 2595; x_wconf 88' lang='lat' dir='ltr'><strong>terram,</strong></span> <span class='ocrx_word' id='word_1_203' title='bbox 1009 2542 1132 2596; x_wconf 62' lang='lat' dir='ltr'><strong>qua</strong></span> <span class='ocrx_word' id='word_1_204' title='bbox 1173 2534 1344 2582; x_wconf 86' lang='lat' dir='ltr'><strong>antea</strong></span> <span class='ocrx_word' id='word_1_205' title='bbox 1393 2544 1507 2582; x_wconf 91' lang='lat' dir='ltr'><strong>non</strong></span> <span class='ocrx_word' id='word_1_206' title='bbox 1550 2528 1782 2583; x_wconf 87' lang='lat' dir='ltr'><strong>fecisset</strong></span> <span class='ocrx_word' id='word_1_207' title='bbox 1828 2527 1951 2598; x_wconf 71' lang='lat'><strong>(1))?</strong></span> <span class='ocrx_word' id='word_1_208' title='bbox 1981 2525 2090 2592; x_wconf 90' lang='lat' dir='ltr'><strong>Qui</strong></span> 
     </span>
    </p>
   </div>
   <div class='ocr_carea' id='block_1_28' title="bbox 439 2604 2086 2676">
    <p class='ocr_par' dir='ltr' id='par_1_28' title="bbox 439 2604 2086 2676">
     <span class='ocr_line' id='line_1_28' title="bbox 439 2604 2086 2676; baseline 0.001 -17"><span class='ocrx_word' id='word_1_209' title='bbox 439 2604 544 2661; x_wconf 90' lang='lat' dir='ltr'><strong>hoc</strong></span> <span class='ocrx_word' id='word_1_210' title='bbox 576 2605 796 2671; x_wconf 91' lang='lat' dir='ltr'><strong>dicunt,</strong></span> <span class='ocrx_word' id='word_1_211' title='bbox 829 2605 875 2660; x_wconf 88' lang='lat' dir='ltr'><strong>si</strong></span> <span class='ocrx_word' id='word_1_212' title='bbox 906 2607 1187 2661; x_wconf 88' lang='lat' dir='ltr'><strong>mundum</strong></span> <span class='ocrx_word' id='word_1_213' title='bbox 1227 2612 1509 2664; x_wconf 63' lang='lat' dir='ltr'><strong>aeternum</strong></span> <span class='ocrx_word' id='word_1_214' title='bbox 1535 2611 1551 2644; x_wconf 88' lang='grc'>¹</span> <span class='ocrx_word' id='word_1_215' title='bbox 1585 2607 1708 2662; x_wconf 87' lang='lat' dir='ltr'><strong>sine</strong></span> <span class='ocrx_word' id='word_1_216' title='bbox 1739 2606 1856 2662; x_wconf 91' lang='lat' dir='ltr'><strong>ullo</strong></span> <span class='ocrx_word' id='word_1_217' title='bbox 1897 2606 2086 2676; x_wconf 91' lang='lat' dir='ltr'><strong>initio,</strong></span> 
     </span>
    </p>
   </div>
   <div class='ocr_carea' id='block_1_29' title="bbox 434 2685 2089 2757">
    <p class='ocr_par' dir='ltr' id='par_1_29' title="bbox 434 2685 2089 2757">
     <span class='ocr_line' id='line_1_29' title="bbox 434 2685 2089 2757; baseline 0.001 -16"><span class='ocrx_word' id='word_1_218' title='bbox 434 2689 492 2741; x_wconf 90' lang='lat' dir='ltr'><strong>et</strong></span> <span class='ocrx_word' id='word_1_219' title='bbox 513 2685 640 2740; x_wconf 93' lang='lat' dir='ltr'><strong>ideo</strong></span> <span class='ocrx_word' id='word_1_220' title='bbox 673 2701 777 2740; x_wconf 93' lang='lat' dir='ltr'><strong>nec</strong></span> <span class='ocrx_word' id='word_1_221' title='bbox 808 2702 840 2740; x_wconf 91' lang='lat' dir='ltr'><strong>a</strong></span> <span class='ocrx_word' id='word_1_222' title='bbox 875 2688 986 2742; x_wconf 91' lang='lat' dir='ltr'><strong>Deo</strong></span> <span class='ocrx_word' id='word_1_223' title='bbox 1012 2687 1229 2742; x_wconf 84' lang='lat' dir='ltr'><strong>factum</strong></span> <span class='ocrx_word' id='word_1_224' title='bbox 1253 2687 1432 2743; x_wconf 91' lang='lat' dir='ltr'><strong>videri</strong></span> <span class='ocrx_word' id='word_1_225' title='bbox 1457 2688 1680 2757; x_wconf 92' lang='lat' dir='ltr'><strong>volunt,</strong></span> <span class='ocrx_word' id='word_1_226' title='bbox 1705 2687 1883 2742; x_wconf 92' lang='lat' dir='ltr'><strong>nimis</strong></span> <span class='ocrx_word' id='word_1_227' title='bbox 1904 2686 2089 2742; x_wconf 87' lang='lat' dir='ltr'><strong>aversi</strong></span> 
     </span>
    </p>
   </div>
   <div class='ocr_carea' id='block_1_30' title="bbox 435 2764 2086 2838">
    <p class='ocr_par' dir='ltr' id='par_1_30' title="bbox 435 2764 2086 2838">
     <span class='ocr_line' id='line_1_30' title="bbox 435 2764 2086 2838; baseline 0.002 -21"><span class='ocrx_word' id='word_1_228' title='bbox 435 2771 570 2818; x_wconf 88' lang='lat' dir='ltr'><strong>sunt</strong></span> <span class='ocrx_word' id='word_1_229' title='bbox 593 2781 626 2818; x_wconf 91' lang='lat' dir='ltr'><strong>a</strong></span> <span class='ocrx_word' id='word_1_230' title='bbox 649 2764 913 2829; x_wconf 87' lang='lat' dir='ltr'><strong>veritate,</strong></span> <span class='ocrx_word' id='word_1_231' title='bbox 939 2770 998 2819; x_wconf 90' lang='lat' dir='ltr'><strong>et</strong></span> <span class='ocrx_word' id='word_1_232' title='bbox 1017 2765 1173 2820; x_wconf 87' lang='lat' dir='ltr'><strong>letali</strong></span> <span class='ocrx_word' id='word_1_233' title='bbox 1199 2766 1402 2821; x_wconf 91' lang='lat' dir='ltr'><strong>morbo</strong></span> <span class='ocrx_word' id='word_1_234' title='bbox 1421 2766 1738 2838; x_wconf 85' lang='lat' dir='ltr'><strong>impietatis</strong></span> <span class='ocrx_word' id='word_1_235' title='bbox 1761 2766 2086 2821; x_wconf 89' lang='lat' dir='ltr'><strong>insaniunt.</strong></span> 
     </span>
    </p>
   </div>
   <div class='ocr_carea' id='block_1_31' title="bbox 433 2842 2087 2922">
    <p class='ocr_par' dir='ltr' id='par_1_31' title="bbox 433 2842 2087 2922">
     <span class='ocr_line' id='line_1_31' title="bbox 433 2842 2087 2922; baseline 0.003 -24"><span class='ocrx_word' id='word_1_236' title='bbox 433 2842 702 2922; x_wconf 82' lang='lat' dir='ltr'><strong>Exceptis</strong></span> <span class='ocrx_word' id='word_1_237' title='bbox 733 2844 894 2898; x_wconf 91' lang='lat' dir='ltr'><strong>enim</strong></span> <span class='ocrx_word' id='word_1_238' title='bbox 944 2845 1303 2917; x_wconf 85' lang='lat' dir='ltr'><strong>propheticis</strong></span> <span class='ocrx_word' id='word_1_239' title='bbox 1351 2847 1608 2912; x_wconf 88' lang='lat' dir='ltr'><strong>vocibus,</strong></span> <span class='ocrx_word' id='word_1_240' title='bbox 1660 2847 1916 2922; x_wconf 87' lang='lat' dir='ltr'><strong>mundus</strong></span> <span class='ocrx_word' id='word_1_241' title='bbox 1963 2847 2087 2918; x_wconf 89' lang='lat' dir='ltr'><strong>ipse</strong></span> 
     </span>
    </p>
   </div>
   <div class='ocr_carea' id='block_1_32' title="bbox 435 2921 2087 3000">
    <p class='ocr_par' dir='ltr' id='par_1_32' title="bbox 435 2921 2087 3000">
     <span class='ocr_line' id='line_1_32' title="bbox 435 2921 2087 3000; baseline 0.002 -24"><span class='ocrx_word' id='word_1_242' title='bbox 435 2921 872 2978; x_wconf 79' lang='lat' dir='ltr'><strong>ordinatissime</strong></span> <span class='ocrx_word' id='word_1_243' title='bbox 907 2939 1027 3000; x_wconf 45' lang='lat' dir='ltr'><strong>.sua</strong></span> <span class='ocrx_word' id='word_1_244' title='bbox 1077 2924 1474 2999; x_wconf 76' lang='lat' dir='ltr'><strong>mutabilitate</strong></span> <span class='ocrx_word' id='word_1_245' title='bbox 1532 2931 1588 2982; x_wconf 91' lang='lat' dir='ltr'><strong>et</strong></span> <span class='ocrx_word' id='word_1_246' title='bbox 1646 2925 1964 2981; x_wconf 87' lang='lat' dir='ltr'><strong>mobilitate</strong></span> <span class='ocrx_word' id='word_1_247' title='bbox 2030 2929 2087 2980; x_wconf 88' lang='lat' dir='ltr'><strong>et</strong></span> 
     </span>
    </p>
   </div>
   <div class='ocr_carea' id='block_1_33' title="bbox 433 3000 2082 3078">
    <p class='ocr_par' dir='ltr' id='par_1_33' title="bbox 433 3000 2082 3078">
     <span class='ocr_line' id='line_1_33' title="bbox 433 3000 2082 3078; baseline 0.002 -22"><span class='ocrx_word' id='word_1_248' title='bbox 433 3000 750 3056; x_wconf 87' lang='lat' dir='ltr'><strong>visibilium</strong></span> <span class='ocrx_word' id='word_1_249' title='bbox 808 3003 1070 3059; x_wconf 89' lang='lat' dir='ltr'><strong>omnium</strong></span> <span class='ocrx_word' id='word_1_250' title='bbox 1127 3004 1522 3075; x_wconf 89' lang='lat' dir='ltr'><strong>pulcherrima</strong></span> <span class='ocrx_word' id='word_1_251' title='bbox 1569 3006 1760 3078; x_wconf 88' lang='lat' dir='ltr'><strong>specie</strong></span> <span class='ocrx_word' id='word_1_252' title='bbox 1803 3005 2082 3076; x_wconf 89' lang='lat' dir='ltr'><strong>quodam-</strong></span> 
     </span>
    </p>
   </div>
   <div class='ocr_carea' id='block_1_34' title="bbox 436 3081 2082 3151">
    <p class='ocr_par' dir='ltr' id='par_1_34' title="bbox 436 3081 2082 3151">
     <span class='ocr_line' id='line_1_34' title="bbox 436 3081 2082 3151; baseline 0.004 -16"><span class='ocrx_word' id='word_1_253' title='bbox 436 3081 608 3136; x_wconf 90' lang='lat' dir='ltr'><strong>modo</strong></span> <span class='ocrx_word' id='word_1_254' title='bbox 641 3081 852 3138; x_wconf 87' lang='lat' dir='ltr'><strong>tacitus</strong></span> <span class='ocrx_word' id='word_1_255' title='bbox 883 3087 940 3139; x_wconf 90' lang='lat' dir='ltr'><strong>et</strong></span> <span class='ocrx_word' id='word_1_256' title='bbox 971 3083 1185 3139; x_wconf 80' lang='lat' dir='ltr'><strong>factum</strong></span> <span class='ocrx_word' id='word_1_257' title='bbox 1220 3100 1283 3140; x_wconf 90' lang='lat' dir='ltr'><strong>se</strong></span> <span class='ocrx_word' id='word_1_258' title='bbox 1315 3102 1466 3151; x_wconf 88' lang='lat' dir='ltr'><strong>esse,</strong></span> <span class='ocrx_word' id='word_1_259' title='bbox 1516 3091 1572 3142; x_wconf 92' lang='lat' dir='ltr'><strong>et</strong></span> <span class='ocrx_word' id='word_1_260' title='bbox 1622 3085 1852 3142; x_wconf 89' lang='lat' dir='ltr'><strong>nonnisi</strong></span> <span class='ocrx_word' id='word_1_261' title='bbox 1904 3102 1936 3140; x_wconf 86' lang='lat' dir='ltr'><strong>a</strong></span> <span class='ocrx_word' id='word_1_262' title='bbox 1969 3090 2082 3141; x_wconf 90' lang='lat' dir='ltr'><strong>Deo</strong></span> 
     </span>
    </p>
   </div>
   <div class='ocr_carea' id='block_1_35' title="bbox 428 3159 2084 3235">
    <p class='ocr_par' dir='ltr' id='par_1_35' title="bbox 428 3159 2084 3235">
     <span class='ocr_line' id='line_1_35' title="bbox 428 3159 2084 3235; baseline 0.003 -21"><span class='ocrx_word' id='word_1_263' title='bbox 428 3159 804 3217; x_wconf 72' lang='lat' dir='ltr'><strong>ineffabiliter</strong></span> <span class='ocrx_word' id='word_1_264' title='bbox 834 3167 1008 3234; x_wconf 88' lang='lat' dir='ltr'><strong>atque</strong></span> <span class='ocrx_word' id='word_1_265' title='bbox 1030 3163 1390 3220; x_wconf 81' lang='lat' dir='ltr'><strong>invisibiliter</strong></span> <span class='ocrx_word' id='word_1_266' title='bbox 1408 3180 1619 3235; x_wconf 84' lang='lat' dir='ltr'><strong>magno</strong></span> <span class='ocrx_word' id='word_1_267' title='bbox 1641 3173 1692 3221; x_wconf 90' lang='lat' dir='ltr'><strong>et</strong></span> <span class='ocrx_word' id='word_1_268' title='bbox 1715 3163 2084 3220; x_wconf 84' lang='lat' dir='ltr'><strong>ineii‘abiliter</strong></span> 
     </span>
    </p>
   </div>
   <div class='ocr_carea' id='block_1_36' title="bbox 428 3241 2084 3316">
    <p class='ocr_par' dir='ltr' id='par_1_36' title="bbox 428 3241 2084 3316">
     <span class='ocr_line' id='line_1_36' title="bbox 428 3241 2084 3316; baseline 0.004 -23"><span class='ocrx_word' id='word_1_269' title='bbox 428 3243 603 3310; x_wconf 89' lang='lat' dir='ltr'><strong>atque</strong></span> <span class='ocrx_word' id='word_1_270' title='bbox 651 3241 1020 3297; x_wconf 88' lang='lat' dir='ltr'><strong>invisibiliter</strong></span> <span class='ocrx_word' id='word_1_271' title='bbox 1070 3243 1311 3313; x_wconf 91' lang='lat' dir='ltr'><strong>pulchro</strong></span> <span class='ocrx_word' id='word_1_272' title='bbox 1361 3244 1487 3300; x_wconf 83' lang='lat' dir='ltr'><strong>fieri</strong></span> <span class='ocrx_word' id='word_1_273' title='bbox 1534 3261 1596 3300; x_wconf 89' lang='lat' dir='ltr'><strong>se</strong></span> <span class='ocrx_word' id='word_1_274' title='bbox 1645 3244 1906 3316; x_wconf 86' lang='lat' dir='ltr'><strong>potuisse</strong></span> <span class='ocrx_word' id='word_1_275' title='bbox 1951 3261 2084 3314; x_wconf 90' lang='lat' dir='ltr'><strong>pro-</strong></span> 
     </span>
    </p>
   </div>
   <div class='ocr_carea' id='block_1_37' title="bbox 427 3319 2079 3396">
    <p class='ocr_par' dir='ltr' id='par_1_37' title="bbox 427 3319 2079 3396">
     <span class='ocr_line' id='line_1_37' title="bbox 427 3319 2079 3396; baseline 0.002 -20"><span class='ocrx_word' id='word_1_276' title='bbox 427 3319 660 3376; x_wconf 89' lang='lat' dir='ltr'><strong>clamat.</strong></span> <span class='ocrx_word' id='word_1_277' title='bbox 694 3322 800 3386; x_wconf 87' lang='lat' dir='ltr'><strong>Qui</strong></span> <span class='ocrx_word' id='word_1_278' title='bbox 837 3327 1025 3378; x_wconf 87' lang='lat' dir='ltr'><strong>autem</strong></span> <span class='ocrx_word' id='word_1_279' title='bbox 1059 3341 1091 3380; x_wconf 89' lang='lat' dir='ltr'><strong>a</strong></span> <span class='ocrx_word' id='word_1_280' title='bbox 1119 3330 1229 3380; x_wconf 86' lang='lat' dir='ltr'><strong>Deo</strong></span> <span class='ocrx_word' id='word_1_281' title='bbox 1257 3325 1488 3396; x_wconf 84' lang='lat' dir='ltr'><strong>quidem</strong></span> <span class='ocrx_word' id='word_1_282' title='bbox 1537 3327 1758 3381; x_wconf 89' lang='lat' dir='ltr'><strong>factum</strong></span> <span class='ocrx_word' id='word_1_283' title='bbox 1801 3327 2079 3394; x_wconf 87' lang='lat' dir='ltr'><strong>fatentur,</strong></span> 
     </span>
    </p>
   </div>
   <div class='ocr_carea' id='block_1_38' title="bbox 431 3405 2080 3478">
    <p class='ocr_par' dir='ltr' id='par_1_38' title="bbox 431 3405 2080 3478">
     <span class='ocr_line' id='line_1_38' title="bbox 431 3405 2080 3478; baseline 0.005 -24"><span class='ocrx_word' id='word_1_284' title='bbox 431 3416 546 3455; x_wconf 90' lang='lat' dir='ltr'><strong>non</strong></span> <span class='ocrx_word' id='word_1_285' title='bbox 581 3405 773 3456; x_wconf 87' lang='lat' dir='ltr'><strong>tamen</strong></span> <span class='ocrx_word' id='word_1_286' title='bbox 809 3419 940 3459; x_wconf 84' lang='lat' dir='ltr'><strong>eum</strong></span> <span class='ocrx_word' id='word_1_287' title='bbox 975 3405 1175 3460; x_wconf 88' lang='lat' dir='ltr'><strong>volunt</strong></span> <span class='ocrx_word' id='word_1_288' title='bbox 1215 3408 1490 3478; x_wconf 87' lang='lat' dir='ltr'><strong>temporis</strong></span> <span class='ocrx_word' id='word_1_289' title='bbox 1539 3407 1770 3476; x_wconf 87' lang='lat' dir='ltr'><strong>habere,</strong></span> <span class='ocrx_word' id='word_1_290' title='bbox 1820 3409 1918 3463; x_wconf 90' lang='lat' dir='ltr'><strong>sed</strong></span> <span class='ocrx_word' id='word_1_291' title='bbox 1961 3424 2080 3462; x_wconf 60' lang='lat' dir='ltr'><strong>sua;</strong></span> 
     </span>
    </p>
   </div>
   <div class='ocr_carea' id='block_1_39' title="bbox 429 3481 2081 3559">
    <p class='ocr_par' dir='ltr' id='par_1_39' title="bbox 429 3481 2081 3559">
     <span class='ocr_line' id='line_1_39' title="bbox 429 3481 2081 3559; baseline 0.005 -24"><span class='ocrx_word' id='word_1_292' title='bbox 429 3481 736 3536; x_wconf 88' lang='lat' dir='ltr'><strong>creationis</strong></span> <span class='ocrx_word' id='word_1_293' title='bbox 766 3483 1019 3551; x_wconf 91' lang='lat' dir='ltr'><strong>initium,</strong></span> <span class='ocrx_word' id='word_1_294' title='bbox 1056 3491 1117 3541; x_wconf 92' lang='lat' dir='ltr'><strong>ut</strong></span> <span class='ocrx_word' id='word_1_295' title='bbox 1141 3488 1308 3541; x_wconf 92' lang='lat' dir='ltr'><strong>modo</strong></span> <span class='ocrx_word' id='word_1_296' title='bbox 1338 3488 1585 3559; x_wconf 89' lang='lat' dir='ltr'><strong>quodam</strong></span> <span class='ocrx_word' id='word_1_297' title='bbox 1617 3488 1707 3543; x_wconf 78' lang='lat' dir='ltr'><strong>vix</strong></span> <span class='ocrx_word' id='word_1_298' title='bbox 1731 3487 2081 3554; x_wconf 77' lang='lat' dir='ltr'><strong>intelligibili</strong></span> 
     </span>
    </p>
   </div>
   <div class='ocr_carea' id='block_1_40' title="bbox 425 3564 2082 3640">
    <p class='ocr_par' dir='ltr' id='par_1_40' title="bbox 425 3564 2082 3640">
     <span class='ocr_line' id='line_1_40' title="bbox 425 3564 2082 3640; baseline 0.005 -24"><span class='ocrx_word' id='word_1_299' title='bbox 425 3577 659 3632; x_wconf 82' lang='lat' dir='ltr'><strong>semper</strong></span> <span class='ocrx_word' id='word_1_300' title='bbox 707 3564 780 3618; x_wconf 89' lang='lat' dir='ltr'><strong>sit</strong></span> <span class='ocrx_word' id='word_1_301' title='bbox 827 3565 1035 3632; x_wconf 89' lang='lat' dir='ltr'><strong>factus,</strong></span> <span class='ocrx_word' id='word_1_302' title='bbox 1087 3567 1290 3623; x_wconf 90' lang='lat' dir='ltr'><strong>dicunt</strong></span> <span class='ocrx_word' id='word_1_303' title='bbox 1335 3568 1570 3640; x_wconf 89' lang='lat' dir='ltr'><strong>quidem</strong></span> <span class='ocrx_word' id='word_1_304' title='bbox 1641 3567 1882 3639; x_wconf 86' lang='lat' dir='ltr'><strong>aliquid,</strong></span> <span class='ocrx_word' id='word_1_305' title='bbox 1931 3569 2082 3624; x_wconf 87' lang='lat' dir='ltr'><strong>unde</strong></span> 
     </span>
    </p>
   </div>
   <div class='ocr_carea' id='block_1_41' title="bbox 425 3643 2082 3704">
    <p class='ocr_par' dir='ltr' id='par_1_41' title="bbox 425 3643 2082 3704">
     <span class='ocr_line' id='line_1_41' title="bbox 425 3643 2082 3704; baseline 0.003 -5"><span class='ocrx_word' id='word_1_306' title='bbox 425 3643 536 3699; x_wconf 90' lang='lat' dir='ltr'><strong>sibi</strong></span> <span class='ocrx_word' id='word_1_307' title='bbox 570 3644 748 3699; x_wconf 91' lang='lat' dir='ltr'><strong>Deum</strong></span> <span class='ocrx_word' id='word_1_308' title='bbox 781 3644 1052 3702; x_wconf 91' lang='lat' dir='ltr'><strong>videntur</strong></span> <span class='ocrx_word' id='word_1_309' title='bbox 1083 3648 1235 3703; x_wconf 91' lang='lat' dir='ltr'><strong>velut</strong></span> <span class='ocrx_word' id='word_1_310' title='bbox 1267 3667 1299 3704; x_wconf 88' lang='lat' dir='ltr'><strong>a</strong></span> <span class='ocrx_word' id='word_1_311' title='bbox 1334 3651 1563 3704; x_wconf 88' lang='lat' dir='ltr'><strong>fortuita</strong></span> <span class='ocrx_word' id='word_1_312' title='bbox 1613 3650 1937 3704; x_wconf 76' lang='lat' dir='ltr'><strong>temeritate</strong></span> <span class='ocrx_word' id='word_1_313' title='bbox 1974 3651 2082 3704; x_wconf 89' lang='lat' dir='ltr'><strong>de-</strong></span> 
     </span>
    </p>
   </div>
   <div class='ocr_carea' id='block_1_42' title="bbox 426 3724 2080 3796">
    <p class='ocr_par' dir='ltr' id='par_1_42' title="bbox 426 3724 2080 3796">
     <span class='ocr_line' id='line_1_42' title="bbox 426 3724 2080 3796; baseline 0.004 -19"><span class='ocrx_word' id='word_1_314' title='bbox 426 3724 682 3792; x_wconf 85' lang='lat' dir='ltr'><strong>fendere,</strong></span> <span class='ocrx_word' id='word_1_315' title='bbox 716 3727 799 3782; x_wconf 82' lang='lat' dir='ltr'><strong>ne&#39;</strong></span> <span class='ocrx_word' id='word_1_316' title='bbox 818 3726 1011 3782; x_wconf 90' lang='lat' dir='ltr'><strong>subito</strong></span> <span class='ocrx_word' id='word_1_317' title='bbox 1045 3727 1126 3782; x_wconf 91' lang='lat' dir='ltr'><strong>illi</strong></span> <span class='ocrx_word' id='word_1_318' title='bbox 1164 3731 1383 3785; x_wconf 81' lang='lat' dir='ltr'><strong>venisse</strong></span> <span class='ocrx_word' id='word_1_319' title='bbox 1415 3730 1767 3785; x_wconf 88' lang='lat' dir='ltr'><strong>credaturin</strong></span> <span class='ocrx_word' id='word_1_320' title='bbox 1802 3735 2080 3796; x_wconf 88' lang='lat' dir='ltr'><strong>mentem,</strong></span> 
     </span>
    </p>
   </div>
   <div class='ocr_carea' id='block_1_43' title="bbox 424 3804 2079 3878">
    <p class='ocr_par' dir='ltr' id='par_1_43' title="bbox 424 3804 2079 3878">
     <span class='ocr_line' id='line_1_43' title="bbox 424 3804 2079 3878; baseline 0.003 -21"><span class='ocrx_word' id='word_1_321' title='bbox 424 3804 577 3874; x_wconf 87' lang='lat' dir='ltr'><strong>quod</strong></span> <span class='ocrx_word' id='word_1_322' title='bbox 615 3821 914 3878; x_wconf 88' lang='lat' dir='ltr'><strong>nunquam</strong></span> <span class='ocrx_word' id='word_1_323' title='bbox 947 3814 1078 3862; x_wconf 88' lang='lat' dir='ltr'><strong>ante</strong></span> <span class='ocrx_word' id='word_1_324' title='bbox 1118 3810 1389 3878; x_wconf 87' lang='lat' dir='ltr'><strong>venisset,</strong></span> <span class='ocrx_word' id='word_1_325' title='bbox 1426 3811 1608 3866; x_wconf 81' lang='lat' dir='ltr'><strong>facere</strong></span> <span class='ocrx_word' id='word_1_326' title='bbox 1662 3812 1969 3873; x_wconf 88' lang='lat' dir='ltr'><strong>mundum,</strong></span> <span class='ocrx_word' id='word_1_327' title='bbox 2001 3814 2079 3878; x_wconf 86' lang='lat' dir='ltr'><strong>et,</strong></span> 
     </span>
    </p>
   </div>
   <div class='ocr_carea' id='block_1_44' title="bbox 426 3885 2081 3955">
    <p class='ocr_par' dir='ltr' id='par_1_44' title="bbox 426 3885 2081 3955">
     <span class='ocr_line' id='line_1_44' title="bbox 426 3885 2081 3955; baseline 0.004 -18"><span class='ocrx_word' id='word_1_328' title='bbox 426 3885 710 3939; x_wconf 89' lang='lat' dir='ltr'><strong>accidisse</strong></span> <span class='ocrx_word' id='word_1_329' title='bbox 764 3887 847 3941; x_wconf 91' lang='lat' dir='ltr'><strong>illi</strong></span> <span class='ocrx_word' id='word_1_330' title='bbox 899 3887 1249 3944; x_wconf 89' lang='lat' dir='ltr'><strong>voluntatem</strong></span> <span class='ocrx_word' id='word_1_331' title='bbox 1284 3900 1533 3955; x_wconf 74' lang='lat' dir='ltr'><strong>fnovam,</strong></span> <span class='ocrx_word' id='word_1_332' title='bbox 1568 3907 1700 3944; x_wconf 92' lang='lat' dir='ltr'><strong>cum</strong></span> <span class='ocrx_word' id='word_1_333' title='bbox 1751 3891 1808 3944; x_wconf 91' lang='lat' dir='ltr'><strong>in</strong></span> <span class='ocrx_word' id='word_1_334' title='bbox 1858 3891 1975 3944; x_wconf 83' lang='lat' dir='ltr'><strong>ullo</strong></span> <span class='ocrx_word' id='word_1_335' title='bbox 2006 3891 2081 3944; x_wconf 88' lang='lat' dir='ltr'><strong>sit</strong></span> 
     </span>
    </p>
   </div>
   <div class='ocr_carea' id='block_1_45' title="bbox 426 3966 2079 4042">
    <p class='ocr_par' dir='ltr' id='par_1_45' title="bbox 426 3966 2079 4042">
     <span class='ocr_line' id='line_1_45' title="bbox 426 3966 2079 4042; baseline 0.003 -22"><span class='ocrx_word' id='word_1_336' title='bbox 426 3966 665 4020; x_wconf 90' lang='lat' dir='ltr'><strong>omnino</strong></span> <span class='ocrx_word' id='word_1_337' title='bbox 728 3967 1067 4023; x_wconf 85' lang='lat' dir='ltr'><strong>mutabilis:</strong></span> <span class='ocrx_word' id='word_1_338' title='bbox 1119 3971 1216 4024; x_wconf 88' lang='lat' dir='ltr'><strong>sed</strong></span> <span class='ocrx_word' id='word_1_339' title='bbox 1272 3987 1386 4025; x_wconf 90' lang='lat' dir='ltr'><strong>non</strong></span> <span class='ocrx_word' id='word_1_340' title='bbox 1440 3971 1604 4026; x_wconf 92' lang='lat' dir='ltr'><strong>video</strong></span> <span class='ocrx_word' id='word_1_341' title='bbox 1649 3973 1942 4042; x_wconf 90' lang='lat' dir='ltr'><strong>quomodo</strong></span> <span class='ocrx_word' id='word_1_342' title='bbox 1994 3971 2079 4025; x_wconf 87' lang='lat' dir='ltr'><strong>eis</strong></span> 
     </span>
    </p>
   </div>
   <div class='ocr_carea' id='block_1_46' title="bbox 430 4045 2073 4115">
    <p class='ocr_par' dir='ltr' id='par_1_46' title="bbox 430 4045 2073 4115">
     <span class='ocr_line' id='line_1_46' title="bbox 430 4045 2073 4115; baseline 0.002 -16"><span class='ocrx_word' id='word_1_343' title='bbox 430 4046 617 4115; x_wconf 89' lang='lat' dir='ltr'><strong>possit</strong></span> <span class='ocrx_word' id='word_1_344' title='bbox 646 4045 704 4099; x_wconf 88' lang='lat' dir='ltr'><strong>in</strong></span> <span class='ocrx_word' id='word_1_345' title='bbox 737 4046 958 4100; x_wconf 64' lang='lat' dir='ltr'><strong>caeteris</strong></span> <span class='ocrx_word' id='word_1_346' title='bbox 993 4049 1166 4100; x_wconf 88' lang='lat' dir='ltr'><strong>rebus</strong></span> <span class='ocrx_word' id='word_1_347' title='bbox 1199 4049 1342 4102; x_wconf 90' lang='lat' dir='ltr'><strong>ratio</strong></span> <span class='ocrx_word' id='word_1_348' title='bbox 1383 4049 1496 4104; x_wconf 90' lang='lat' dir='ltr'><strong>ista</strong></span> <span class='ocrx_word' id='word_1_349' title='bbox 1527 4050 1858 4115; x_wconf 86' lang='lat' dir='ltr'><strong>subsistere,</strong></span> <span class='ocrx_word' id='word_1_350' title='bbox 1894 4050 2073 4103; x_wconf 83' lang='lat' dir='ltr'><strong>maxi-</strong></span> 
     </span>
    </p>
   </div>
   <div class='ocr_carea' id='block_1_47' title="bbox 428 4125 2080 4194">
    <p class='ocr_par' dir='ltr' id='par_1_47' title="bbox 428 4125 2080 4194">
     <span class='ocr_line' id='line_1_47' title="bbox 428 4125 2080 4194; baseline 0.003 -16"><span class='ocrx_word' id='word_1_351' title='bbox 428 4139 639 4193; x_wconf 88' lang='lat' dir='ltr'><strong>meque</strong></span> <span class='ocrx_word' id='word_1_352' title='bbox 669 4125 725 4178; x_wconf 87' lang='lat' dir='ltr'><strong>in</strong></span> <span class='ocrx_word' id='word_1_353' title='bbox 754 4126 970 4189; x_wconf 88' lang='lat' dir='ltr'><strong>anima,</strong></span> <span class='ocrx_word' id='word_1_354' title='bbox 1003 4141 1177 4194; x_wconf 87' lang='lat' dir='ltr'><strong>quam</strong></span> <span class='ocrx_word' id='word_1_355' title='bbox 1214 4127 1261 4180; x_wconf 90' lang='lat' dir='ltr'><strong>si</strong></span> <span class='ocrx_word' id='word_1_356' title='bbox 1298 4129 1410 4181; x_wconf 89' lang='lat' dir='ltr'><strong>Deo</strong></span> <span class='ocrx_word' id='word_1_357' title='bbox 1433 4137 1774 4184; x_wconf 82' lang='lat' dir='ltr'><strong>coaaternam</strong></span> <span class='ocrx_word' id='word_1_358' title='bbox 1800 4145 1925 4184; x_wconf 89' lang='lat' dir='ltr'><strong>esse</strong></span> <span class='ocrx_word' id='word_1_359' title='bbox 1947 4145 2080 4183; x_wconf 92' lang='lat' dir='ltr'><strong>con-</strong></span> 
     </span>
    </p>
   </div>
   <div class='ocr_carea' id='block_1_48' title="bbox 428 4203 2077 4279">
    <p class='ocr_par' dir='ltr' id='par_1_48' title="bbox 428 4203 2077 4279">
     <span class='ocr_line' id='line_1_48' title="bbox 428 4203 2077 4279; baseline 0.004 -23"><span class='ocrx_word' id='word_1_360' title='bbox 428 4203 742 4268; x_wconf 82' lang='lat' dir='ltr'><strong>tenderint,</strong></span> <span class='ocrx_word' id='word_1_361' title='bbox 791 4205 943 4258; x_wconf 91' lang='lat' dir='ltr'><strong>unde</strong></span> <span class='ocrx_word' id='word_1_362' title='bbox 994 4203 1073 4257; x_wconf 92' lang='lat' dir='ltr'><strong>illi</strong></span> <span class='ocrx_word' id='word_1_363' title='bbox 1118 4206 1396 4261; x_wconf 90' lang='lat' dir='ltr'><strong>acciderit</strong></span> <span class='ocrx_word' id='word_1_364' title='bbox 1445 4224 1594 4262; x_wconf 88' lang='lat' dir='ltr'><strong>nova</strong></span> <span class='ocrx_word' id='word_1_365' title='bbox 1645 4208 1901 4274; x_wconf 86' lang='lat' dir='ltr'><strong>miseria,</strong></span> <span class='ocrx_word' id='word_1_366' title='bbox 1948 4224 2077 4279; x_wconf 61' lang='lat' dir='ltr'><strong>qua</strong></span> 
     </span>
    </p>
   </div>
   <div class='ocr_carea' id='block_1_49' title="bbox 430 4287 2077 4356">
    <p class='ocr_par' dir='ltr' id='par_1_49' title="bbox 430 4287 2077 4356">
     <span class='ocr_line' id='line_1_49' title="bbox 430 4287 2077 4356; baseline 0.005 -22"><span class='ocrx_word' id='word_1_367' title='bbox 430 4296 730 4349; x_wconf 86' lang='lat' dir='ltr'><strong>nunquam</strong></span> <span class='ocrx_word' id='word_1_368' title='bbox 762 4291 928 4337; x_wconf 87' lang='lat' dir='ltr'><strong>antea</strong></span> <span class='ocrx_word' id='word_1_369' title='bbox 965 4299 1064 4350; x_wconf 90' lang='lat' dir='ltr'><strong>per</strong></span> <span class='ocrx_word' id='word_1_370' title='bbox 1083 4288 1383 4348; x_wconf 81' lang='lat' dir='ltr'><strong>aeternum,</strong></span> <span class='ocrx_word' id='word_1_371' title='bbox 1419 4287 1578 4342; x_wconf 91' lang='lat' dir='ltr'><strong>nullo</strong></span> <span class='ocrx_word' id='word_1_372' title='bbox 1606 4288 1774 4342; x_wconf 89' lang='lat' dir='ltr'><strong>modo</strong></span> <span class='ocrx_word' id='word_1_373' title='bbox 1807 4293 2077 4356; x_wconf 88' lang='lat' dir='ltr'><strong>poterunt</strong></span> 
     </span>
    </p>
   </div>
   <div class='ocr_carea' id='block_1_50' title="bbox 428 4359 2074 4436">
    <p class='ocr_par' dir='ltr' id='par_1_50' title="bbox 428 4359 2074 4436">
     <span class='ocr_line' id='line_1_50' title="bbox 428 4359 2074 4436; baseline 0.006 -22"><span class='ocrx_word' id='word_1_374' title='bbox 428 4359 732 4429; x_wconf 87' lang='lat' dir='ltr'><strong>explicare.</strong></span> <span class='ocrx_word' id='word_1_375' title='bbox 766 4362 823 4417; x_wconf 91' lang='lat' dir='ltr'><strong>Si</strong></span> <span class='ocrx_word' id='word_1_376' title='bbox 855 4361 1008 4416; x_wconf 89' lang='lat' dir='ltr'><strong>enim</strong></span> <span class='ocrx_word' id='word_1_377' title='bbox 1041 4362 1361 4420; x_wconf 83' lang='lat' dir='ltr'><strong>alternasse</strong></span> <span class='ocrx_word' id='word_1_378' title='bbox 1385 4381 1614 4436; x_wconf 89' lang='lat' dir='ltr'><strong>semper</strong></span> <span class='ocrx_word' id='word_1_379' title='bbox 1630 4368 1755 4434; x_wconf 85' lang='lat' dir='ltr'><strong>ejus</strong></span> <span class='ocrx_word' id='word_1_380' title='bbox 1780 4368 2074 4424; x_wconf 85' lang='lat' dir='ltr'><strong>miseriam</strong></span> 
     </span>
    </p>
   </div>
   <div class='ocr_carea' id='block_1_51' title="bbox 429 4437 2074 4512">
    <p class='ocr_par' dir='ltr' id='par_1_51' title="bbox 429 4437 2074 4512">
     <span class='ocr_line' id='line_1_51' title="bbox 429 4437 2074 4512; baseline 0.005 -17"><span class='ocrx_word' id='word_1_381' title='bbox 429 4443 487 4495; x_wconf 90' lang='lat' dir='ltr'><strong>et</strong></span> <span class='ocrx_word' id='word_1_382' title='bbox 515 4437 938 4496; x_wconf 88' lang='lat' dir='ltr'><strong>beatitudinem</strong></span> <span class='ocrx_word' id='word_1_383' title='bbox 971 4441 1242 4512; x_wconf 84' lang='lat' dir='ltr'><strong>dixerint,</strong></span> <span class='ocrx_word' id='word_1_384' title='bbox 1274 4462 1509 4500; x_wconf 85' lang='lat' dir='ltr'><strong>necesse</strong></span> <span class='ocrx_word' id='word_1_385' title='bbox 1547 4450 1646 4500; x_wconf 88' lang='lat' dir='ltr'><strong>.est</strong></span> <span class='ocrx_word' id='word_1_386' title='bbox 1675 4447 1870 4502; x_wconf 88' lang='lat' dir='ltr'><strong>dicant</strong></span> <span class='ocrx_word' id='word_1_387' title='bbox 1899 4448 2074 4504; x_wconf 90' lang='lat' dir='ltr'><strong>etiam</strong></span> 
     </span>
    </p>
   </div>
   <div class='ocr_carea' id='block_1_52' title="bbox 428 4520 2074 4599">
    <p class='ocr_par' dir='ltr' id='par_1_52' title="bbox 428 4520 2074 4599">
     <span class='ocr_line' id='line_1_52' title="bbox 428 4520 2074 4599; baseline 0.007 -25"><span class='ocrx_word' id='word_1_388' title='bbox 428 4533 658 4599; x_wconf 81' lang='lat' dir='ltr'><strong>semper</strong></span> <span class='ocrx_word' id='word_1_389' title='bbox 687 4520 1103 4576; x_wconf 84' lang='lat' dir='ltr'><strong>alternaturam</strong></span> <span class='ocrx_word' id='word_1_390' title='bbox 1130 4523 1151 4558; x_wconf 84' lang='grc'>³</span> <span class='ocrx_word' id='word_1_391' title='bbox 1184 4540 1197 4580; x_wconf 91' lang='lat'>:</span> <span class='ocrx_word' id='word_1_392' title='bbox 1235 4527 1388 4580; x_wconf 90' lang='lat' dir='ltr'><strong>unde</strong></span> <span class='ocrx_word' id='word_1_393' title='bbox 1419 4525 1518 4580; x_wconf 90' lang='lat' dir='ltr'><strong>illa</strong></span> <span class='ocrx_word' id='word_1_394' title='bbox 1548 4542 1647 4582; x_wconf 89' lang='lat' dir='ltr'><strong>eos</strong></span> <span class='ocrx_word' id='word_1_395' title='bbox 1678 4535 1955 4599; x_wconf 89' lang='lat' dir='ltr'><strong>sequetur</strong></span> <span class='ocrx_word' id='word_1_396' title='bbox 1975 4531 2074 4585; x_wconf 84' lang='lat' dir='ltr'><strong>ab-</strong></span> 
     </span>
    </p>
   </div>
   <div class='ocr_carea' id='block_1_53' title="bbox 427 4598 2076 4682">
    <p class='ocr_par' dir='ltr' id='par_1_53' title="bbox 427 4598 2076 4682">
     <span class='ocr_line' id='line_1_53' title="bbox 427 4598 2076 4682; baseline 0.006 -26"><span class='ocrx_word' id='word_1_397' title='bbox 427 4598 707 4682; x_wconf 85' lang='lat' dir='ltr'><strong>surditas,</strong></span> <span class='ocrx_word' id='word_1_398' title='bbox 741 4606 804 4655; x_wconf 89' lang='lat' dir='ltr'><strong>ut</strong></span> <span class='ocrx_word' id='word_1_399' title='bbox 833 4601 1004 4655; x_wconf 88' lang='lat' dir='ltr'><strong>etiam</strong></span> <span class='ocrx_word' id='word_1_400' title='bbox 1039 4618 1170 4657; x_wconf 89' lang='lat' dir='ltr'><strong>cum</strong></span> <span class='ocrx_word' id='word_1_401' title='bbox 1207 4604 1370 4659; x_wconf 88' lang='lat' dir='ltr'><strong>beata</strong></span> <span class='ocrx_word' id='word_1_402' title='bbox 1403 4606 1636 4672; x_wconf 90' lang='lat' dir='ltr'><strong>dicitur,</strong></span> <span class='ocrx_word' id='word_1_403' title='bbox 1659 4607 1714 4662; x_wconf 91' lang='lat' dir='ltr'><strong>in</strong></span> <span class='ocrx_word' id='word_1_404' title='bbox 1743 4609 1847 4664; x_wconf 88' lang='lat' dir='ltr'><strong>hoc</strong></span> <span class='ocrx_word' id='word_1_405' title='bbox 1875 4611 2076 4682; x_wconf 90' lang='lat' dir='ltr'><strong>utique</strong></span> 
     </span>
    </p>
   </div>
   <div class='ocr_carea' id='block_1_54' title="bbox 424 4680 2074 4765">
    <p class='ocr_par' dir='ltr' id='par_1_54' title="bbox 424 4680 2074 4765">
     <span class='ocr_line' id='line_1_54' title="bbox 424 4680 2074 4765; baseline 0.008 -30"><span class='ocrx_word' id='word_1_406' title='bbox 424 4698 548 4765; x_wconf 73' lang='lat' dir='ltr'><strong>non</strong></span> <span class='ocrx_word' id='word_1_407' title='bbox 575 4680 646 4735; x_wconf 86' lang='lat' dir='ltr'><strong>sit</strong></span> <span class='ocrx_word' id='word_1_408' title='bbox 678 4683 865 4749; x_wconf 85' lang='lat' dir='ltr'><strong>beata,</strong></span> <span class='ocrx_word' id='word_1_409' title='bbox 901 4685 946 4739; x_wconf 91' lang='lat' dir='ltr'><strong>si</strong></span> <span class='ocrx_word' id='word_1_410' title='bbox 980 4685 1228 4741; x_wconf 71' lang='lat' dir='ltr'><strong>futuram</strong></span> <span class='ocrx_word' id='word_1_411' title='bbox 1263 4704 1429 4744; x_wconf 88' lang='lat' dir='ltr'><strong>suam</strong></span> <span class='ocrx_word' id='word_1_412' title='bbox 1465 4689 1763 4746; x_wconf 89' lang='lat' dir='ltr'><strong>miseriam</strong></span> <span class='ocrx_word' id='word_1_413' title='bbox 1797 4698 1854 4747; x_wconf 91' lang='lat' dir='ltr'><strong>et</strong></span> <span class='ocrx_word' id='word_1_414' title='bbox 1885 4680 2074 4765; x_wconf 80' lang='lat' dir='ltr'><strong>turpi-</strong></span> 
     </span>
    </p>
   </div>
   <div class='ocr_carea' id='block_1_55' title="bbox 424 4762 2074 4841">
    <p class='ocr_par' dir='ltr' id='par_1_55' title="bbox 424 4762 2074 4841">
     <span class='ocr_line' id='line_1_55' title="bbox 424 4762 2074 4841; baseline 0.007 -22"><span class='ocrx_word' id='word_1_415' title='bbox 424 4762 690 4819; x_wconf 88' lang='lat' dir='ltr'><strong>tudinem</strong></span> <span class='ocrx_word' id='word_1_416' title='bbox 726 4765 1031 4836; x_wconf 68' lang='lat' dir='ltr'><strong>previdet;</strong></span> <span class='ocrx_word' id='word_1_417' title='bbox 1067 4767 1116 4822; x_wconf 89' lang='lat' dir='ltr'><strong>si</strong></span> <span class='ocrx_word' id='word_1_418' title='bbox 1149 4773 1342 4824; x_wconf 89' lang='lat' dir='ltr'><strong>autem</strong></span> <span class='ocrx_word' id='word_1_419' title='bbox 1389 4786 1500 4824; x_wconf 89' lang='lat' dir='ltr'><strong>non</strong></span> <span class='ocrx_word' id='word_1_420' title='bbox 1555 4771 1848 4841; x_wconf 65' lang='lat' dir='ltr'><strong>praevidet,</strong></span> <span class='ocrx_word' id='word_1_421' title='bbox 1877 4762 2074 4830; x_wconf 43' lang='lat' dir='ltr'><strong>nec&#39;se</strong></span> 
     </span>
    </p>
   </div>
   <div class='ocr_carea' id='block_1_56' title="bbox 418 4847 2076 4923">
    <p class='ocr_par' dir='ltr' id='par_1_56' title="bbox 418 4847 2076 4923">
     <span class='ocr_line' id='line_1_56' title="bbox 418 4847 2076 4923; baseline 0.007 -23"><span class='ocrx_word' id='word_1_422' title='bbox 418 4849 657 4914; x_wconf 80' lang='lat' dir='ltr'><strong>turpem</strong></span> <span class='ocrx_word' id='word_1_423' title='bbox 688 4861 755 4901; x_wconf 92' lang='lat' dir='ltr'><strong>ac</strong></span> <span class='ocrx_word' id='word_1_424' title='bbox 788 4847 1053 4908; x_wconf 87' lang='lat' dir='ltr'><strong>miseram</strong></span> <span class='ocrx_word' id='word_1_425' title='bbox 1082 4847 1221 4915; x_wconf 86' lang='lat' dir='ltr'><strong>fore,</strong></span> <span class='ocrx_word' id='word_1_426' title='bbox 1252 4851 1353 4906; x_wconf 88' lang='lat' dir='ltr'><strong>sed</strong></span> <span class='ocrx_word' id='word_1_427' title='bbox 1387 4851 1613 4908; x_wconf 87' lang='lat' dir='ltr'><strong>beatam</strong></span> <span class='ocrx_word' id='word_1_428' title='bbox 1657 4869 1888 4923; x_wconf 90' lang='lat' dir='ltr'><strong>semper</strong></span> <span class='ocrx_word' id='word_1_429' title='bbox 1917 4855 2076 4911; x_wconf 85' lang='lat' dir='ltr'><strong>exis-</strong></span> 
     </span>
    </p>
   </div>
   <div class='ocr_carea' id='block_1_57' title="bbox 423 4924 2076 5005">
    <p class='ocr_par' dir='ltr' id='par_1_57' title="bbox 423 4924 2076 5005">
     <span class='ocr_line' id='line_1_57' title="bbox 423 4924 2076 5005; baseline 0.007 -25"><span class='ocrx_word' id='word_1_430' title='bbox 423 4924 611 4990; x_wconf 88' lang='lat' dir='ltr'><strong>timat,</strong></span> <span class='ocrx_word' id='word_1_431' title='bbox 661 4925 806 4982; x_wconf 85' lang='lat' dir='ltr'><strong>falsa</strong></span> <span class='ocrx_word' id='word_1_432' title='bbox 849 4928 1122 4999; x_wconf 88' lang='lat' dir='ltr'><strong>opinione</strong></span> <span class='ocrx_word' id='word_1_433' title='bbox 1172 4931 1251 4986; x_wconf 90' lang='lat' dir='ltr'><strong>sit</strong></span> <span class='ocrx_word' id='word_1_434' title='bbox 1305 4933 1510 4988; x_wconf 90' lang='lat' dir='ltr'><strong>beata:</strong></span> <span class='ocrx_word' id='word_1_435' title='bbox 1543 4949 1659 5005; x_wconf 90' lang='lat' dir='ltr'><strong>quo</strong></span> <span class='ocrx_word' id='word_1_436' title='bbox 1690 4933 1802 4990; x_wconf 90' lang='lat' dir='ltr'><strong>dici</strong></span> <span class='ocrx_word' id='word_1_437' title='bbox 1837 4934 2076 4992; x_wconf 86' lang='lat' dir='ltr'><strong>stultius</strong></span> 
     </span>
    </p>
   </div>
   <div class='ocr_carea' id='block_1_58' title="bbox 483 5197 1752 5260">
    <p class='ocr_par' dir='ltr' id='par_1_58' title="bbox 483 5197 1752 5260">
     <span class='ocr_line' id='line_1_58' title="bbox 483 5197 1752 5260; baseline 0.008 -14"><span class='ocrx_word' id='word_1_438' title='bbox 483 5201 499 5234; x_wconf 76' lang='grc'><strong>1</strong></span> <span class='ocrx_word' id='word_1_439' title='bbox 531 5197 627 5248; x_wconf 86' lang='lat' dir='ltr'><strong>Hic</strong></span> <span class='ocrx_word' id='word_1_440' title='bbox 649 5198 764 5248; x_wconf 86' lang='lat' dir='ltr'><strong>sola</strong></span> <span class='ocrx_word' id='word_1_441' title='bbox 793 5199 953 5248; x_wconf 84' lang='lat' dir='ltr'><strong>editio</strong></span> <span class='ocrx_word' id='word_1_442' title='bbox 980 5199 1106 5250; x_wconf 81' lang='lat' dir='ltr'><strong>Lov.</strong></span> <span class='ocrx_word' id='word_1_443' title='bbox 1138 5202 1306 5260; x_wconf 85' lang='lat' dir='ltr'><strong>addit.</strong></span> <span class='ocrx_word' id='word_1_444' title='bbox 1343 5203 1752 5256; x_wconf 73' lang='lat' dir='ltr'><strong>existimarent.</strong></span> 
     </span>
    </p>
   </div>
   <div class='ocr_carea' id='block_1_59' title="bbox 483 5260 2071 5334">
    <p class='ocr_par' dir='ltr' id='par_1_59' title="bbox 483 5260 2071 5334">
     <span class='ocr_line' id='line_1_59' title="bbox 483 5260 2071 5334; baseline 0.008 -25"><span class='ocrx_word' id='word_1_445' title='bbox 483 5260 506 5294; x_wconf 74' lang='grc'>³</span> <span class='ocrx_word' id='word_1_446' title='bbox 552 5260 659 5320; x_wconf 68' lang='lat' dir='ltr'><strong>En,</strong></span> <span class='ocrx_word' id='word_1_447' title='bbox 705 5276 920 5334; x_wconf 58' lang='lat' dir='ltr'><strong>semper</strong></span> <span class='ocrx_word' id='word_1_448' title='bbox 965 5262 1248 5313; x_wconf 76' lang='lat' dir='ltr'><strong>alternare</strong></span> <span class='ocrx_word' id='word_1_449' title='bbox 1305 5275 1594 5334; x_wconf 42' lang='lat' dir='ltr'><strong>naturam.</strong></span> <span class='ocrx_word' id='word_1_450' title='bbox 1657 5269 1874 5334; x_wconf 77' lang='lat' dir='ltr'><strong>Aliquot</strong></span> <span class='ocrx_word' id='word_1_451' title='bbox 1927 5272 2071 5331; x_wconf 81' lang='lat' dir='ltr'><strong>Mss.,</strong></span> 
     </span>
    </p>
   </div>
   <div class='ocr_carea' id='block_1_60' title="bbox 417 5325 2074 5395">
    <p class='ocr_par' dir='ltr' id='par_1_60' title="bbox 417 5325 2074 5395">
     <span class='ocr_line' id='line_1_60' title="bbox 417 5325 2074 5395; baseline 0.007 -25"><span class='ocrx_word' id='word_1_452' title='bbox 417 5337 631 5385; x_wconf 73' lang='lat' dir='ltr'><strong>semper</strong></span> <span class='ocrx_word' id='word_1_453' title='bbox 665 5325 974 5373; x_wconf 75' lang='lat' dir='ltr'><strong>alternasse</strong></span> <span class='ocrx_word' id='word_1_454' title='bbox 1003 5334 1292 5378; x_wconf 81' lang='lat' dir='ltr'><strong>naturam.</strong></span> <span class='ocrx_word' id='word_1_455' title='bbox 1324 5329 1386 5379; x_wconf 88' lang='lat' dir='ltr'><strong>Et</strong></span> <span class='ocrx_word' id='word_1_456' title='bbox 1413 5330 1651 5394; x_wconf 83' lang='lat' dir='ltr'><strong>quidam,</strong></span> <span class='ocrx_word' id='word_1_457' title='bbox 1677 5325 1892 5395; x_wconf 60' lang='lat' dir='ltr'><strong>sernper</strong></span> <span class='ocrx_word' id='word_1_458' title='bbox 1906 5325 2074 5384; x_wconf 54' lang='lat' dir='ltr'><strong>alter;</strong></span> 
     </span>
    </p>
   </div>
   <div class='ocr_carea' id='block_1_61' title="bbox 424 5394 942 5437">
    <p class='ocr_par' dir='ltr' id='par_1_61' title="bbox 424 5394 942 5437">
     <span class='ocr_line' id='line_1_61' title="bbox 424 5394 942 5437; baseline 0.004 -5"><span class='ocrx_word' id='word_1_459' title='bbox 424 5394 621 5434; x_wconf 81' lang='lat' dir='ltr'><strong>natam</strong></span> <span class='ocrx_word' id='word_1_460' title='bbox 652 5395 942 5437; x_wconf 79' lang='lat' dir='ltr'><strong>naturam.</strong></span> 
     </span>
    </p>
   </div>
   <div class='ocr_carea' id='block_1_62' title="bbox 483 5447 2071 5524">
    <p class='ocr_par' dir='ltr' id='par_1_62' title="bbox 483 5447 2071 5524">
     <span class='ocr_line' id='line_1_62' title="bbox 483 5447 2071 5524; baseline 0.009 -30"><span class='ocrx_word' id='word_1_461' title='bbox 483 5447 571 5524; x_wconf 50' lang='lat' dir='ltr'><strong>&#39;(at</strong></span> <span class='ocrx_word' id='word_1_462' title='bbox 600 5447 846 5524; x_wconf 67' lang='lat' dir='ltr'><strong>Proverb.</strong></span> <span class='ocrx_word' id='word_1_463' title='bbox 893 5463 996 5510; x_wconf 85' lang='lat' dir='ltr'><strong>vm,</strong></span> <span class='ocrx_word' id='word_1_464' title='bbox 1027 5450 1128 5500; x_wconf 83' lang='lat'><strong>27:</strong></span> <span class='ocrx_word' id='word_1_465' title='bbox 1187 5451 1414 5505; x_wconf 81' lang='lat' dir='ltr'><strong>Quando</strong></span> <span class='ocrx_word' id='word_1_466' title='bbox 1462 5459 1838 5519; x_wconf 78' lang='lat' dir='ltr'><strong>praeparabat</strong></span> <span class='ocrx_word' id='word_1_467' title='bbox 1892 5461 2071 5524; x_wconf 73' lang='lat' dir='ltr'><strong>caelos,</strong></span> 
     </span>
    </p>
   </div>
   <div class='ocr_carea' id='block_1_63' title="bbox 417 5508 790 5564">
    <p class='ocr_par' dir='ltr' id='par_1_63' title="bbox 417 5508 790 5564">
     <span class='ocr_line' id='line_1_63' title="bbox 417 5508 790 5564; baseline 0 -10"><span class='ocrx_word' id='word_1_468' title='bbox 417 5508 660 5564; x_wconf 85' lang='lat' dir='ltr'><strong>aderam,</strong></span> <span class='ocrx_word' id='word_1_469' title='bbox 693 5515 790 5562; x_wconf 77' lang='lat' dir='ltr'><strong>etc.</strong></span> 
     </span>
    </p>
   </div>
   <div class='ocr_carea' id='block_1_64' title="bbox 476 5568 2065 5643">
    <p class='ocr_par' dir='ltr' id='par_1_64' title="bbox 476 5568 2065 5643">
     <span class='ocr_line' id='line_1_64' title="bbox 476 5568 2065 5643; baseline 0.013 -28"><span class='ocrx_word' id='word_1_470' title='bbox 476 5568 560 5643; x_wconf 42' lang='lat' dir='ltr'><strong>(of).</strong></span> <span class='ocrx_word' id='word_1_471' title='bbox 580 5569 727 5643; x_wconf 65' lang='lat' dir='ltr'><strong>Copi.</strong></span> <span class='ocrx_word' id='word_1_472' title='bbox 758 5576 851 5624; x_wconf 84' lang='lat' dir='ltr'><strong>lib.</strong></span> <span class='ocrx_word' id='word_1_473' title='bbox 886 5575 909 5623; x_wconf 93' lang='grc'><strong>1</strong></span> <span class='ocrx_word' id='word_1_474' title='bbox 953 5577 1036 5643; x_wconf 66' lang='grc' dir='ltr'><strong>(ΙςθΔ</strong></span> <span class='ocrx_word' id='word_1_475' title='bbox 1059 5576 1187 5643; x_wconf 63' lang='lat' dir='ltr'><strong>Gen.</strong></span> <span class='ocrx_word' id='word_1_476' title='bbox 1218 5581 1420 5643; x_wconf 79' lang='lat' dir='ltr'><strong>contra</strong></span> <span class='ocrx_word' id='word_1_477' title='bbox 1448 5580 1695 5641; x_wconf 83' lang='lat' dir='ltr'><strong>Manich.,</strong></span> <span class='ocrx_word' id='word_1_478' title='bbox 1727 5597 1781 5632; x_wconf 89' lang='lat' dir='ltr'><strong>n.</strong></span> <span class='ocrx_word' id='word_1_479' title='bbox 1813 5583 1862 5643; x_wconf 89' lang='lat'><strong>3,</strong></span> <span class='ocrx_word' id='word_1_480' title='bbox 1891 5588 1944 5635; x_wconf 88' lang='lat' dir='ltr'><strong>et</strong></span> <span class='ocrx_word' id='word_1_481' title='bbox 1970 5585 2065 5634; x_wconf 87' lang='lat' dir='ltr'><strong>lib.</strong></span> 
     </span>
    </p>
   </div>
   <div class='ocr_carea' id='block_1_65' title="bbox 421 5630 1340 5700">
    <p class='ocr_par' dir='ltr' id='par_1_65' title="bbox 421 5630 1340 5700">
     <span class='ocr_line' id='line_1_65' title="bbox 421 5630 1340 5700; baseline 0.014 -21"><span class='ocrx_word' id='word_1_482' title='bbox 421 5631 497 5689; x_wconf 80' lang='grc'><strong>11,</strong></span> <span class='ocrx_word' id='word_1_483' title='bbox 524 5630 777 5695; x_wconf 79' lang='lat' dir='ltr'><strong>Contess.,</strong></span> <span class='ocrx_word' id='word_1_484' title='bbox 807 5651 955 5700; x_wconf 91' lang='lat' dir='ltr'><strong>capp.</strong></span> <span class='ocrx_word' id='word_1_485' title='bbox 985 5637 1060 5690; x_wconf 84' lang='grc'><strong>10.</strong></span> <span class='ocrx_word' id='word_1_486' title='bbox 1093 5639 1153 5688; x_wconf 83' lang='grc'><strong>12</strong></span> <span class='ocrx_word' id='word_1_487' title='bbox 1181 5641 1234 5690; x_wconf 86' lang='lat' dir='ltr'><strong>et</strong></span> <span class='ocrx_word' id='word_1_488' title='bbox 1259 5640 1340 5692; x_wconf 89' lang='lat'><strong>30.</strong></span> 
     </span>
    </p>
   </div>
   <div class='ocr_carea' id='block_1_66' title="bbox 1526 293 2819 364">
    <p class='ocr_par' dir='ltr' id='par_1_66' title="bbox 1526 293 2819 364">
     <span class='ocr_line' id='line_1_66' title="bbox 1526 293 2819 364; baseline 0.001 -5"><span class='ocrx_word' id='word_1_489' title='bbox 1526 299 1627 359; x_wconf 90' lang='lat' dir='ltr'><strong>DE</strong></span> <span class='ocrx_word' id='word_1_490' title='bbox 1671 296 2042 364; x_wconf 78' lang='lat' dir='ltr'><strong>ClVlTATE</strong></span> <span class='ocrx_word' id='word_1_491' title='bbox 2086 293 2242 360; x_wconf 85' lang='lat' dir='ltr'><strong>DEI.</strong></span> <span class='ocrx_word' id='word_1_492' title='bbox 2288 294 2352 356; x_wconf 92' lang='lat' dir='ltr'><strong>S.</strong></span> <span class='ocrx_word' id='word_1_493' title='bbox 2399 297 2819 362; x_wconf 85' lang='lat' dir='ltr'><strong>AUGUSTINI</strong></span> 
     </span>
    </p>
   </div>
   <div class='ocr_carea' id='block_1_67' title="bbox 3735 305 3859 370">
    <p class='ocr_par' dir='ltr' id='par_1_67' title="bbox 3735 305 3859 370">
     <span class='ocr_line' id='line_1_67' title="bbox 3735 305 3859 370; baseline 0.032 -5"><span class='ocrx_word' id='word_1_494' title='bbox 3735 305 3859 370; x_wconf 73' lang='lat'><strong>320</strong></span> 
     </span>
    </p>
   </div>
   <div class='ocr_carea' id='block_1_68' title="bbox 2210 427 3860 506">
    <p class='ocr_par' dir='ltr' id='par_1_68' title="bbox 2210 427 3860 506">
     <span class='ocr_line' id='line_1_68' title="bbox 2210 427 3860 506; baseline 0.008 -25"><span class='ocrx_word' id='word_1_495' title='bbox 2210 427 2354 482; x_wconf 89' lang='lat' dir='ltr'><strong>nihil</strong></span> <span class='ocrx_word' id='word_1_496' title='bbox 2389 435 2599 501; x_wconf 86' lang='lat' dir='ltr'><strong>potest.</strong></span> <span class='ocrx_word' id='word_1_497' title='bbox 2635 433 2692 488; x_wconf 86' lang='lat' dir='ltr'><strong>Si</strong></span> <span class='ocrx_word' id='word_1_498' title='bbox 2728 437 2921 490; x_wconf 88' lang='lat' dir='ltr'><strong>autem</strong></span> <span class='ocrx_word' id='word_1_499' title='bbox 2953 450 3183 505; x_wconf 88' lang='lat' dir='ltr'><strong>semper</strong></span> <span class='ocrx_word' id='word_1_500' title='bbox 3212 434 3451 506; x_wconf 85' lang='lat' dir='ltr'><strong>quidem</strong></span> <span class='ocrx_word' id='word_1_501' title='bbox 3506 452 3608 505; x_wconf 89' lang='lat' dir='ltr'><strong>per</strong></span> <span class='ocrx_word' id='word_1_502' title='bbox 3644 439 3860 495; x_wconf 69' lang='lat' dir='ltr'><strong>saecula</strong></span> 
     </span>
    </p>
   </div>
   <div class='ocr_carea' id='block_1_69' title="bbox 2205 511 3850 575">
    <p class='ocr_par' dir='ltr' id='par_1_69' title="bbox 2205 511 3850 575">
     <span class='ocr_line' id='line_1_69' title="bbox 2205 511 3850 575; baseline 0.009 -14"><span class='ocrx_word' id='word_1_503' title='bbox 2205 511 2357 562; x_wconf 89' lang='lat' dir='ltr'><strong>retro</strong></span> <span class='ocrx_word' id='word_1_504' title='bbox 2407 511 2631 567; x_wconf 85' lang='lat' dir='ltr'><strong>inﬁnita</strong></span> <span class='ocrx_word' id='word_1_505' title='bbox 2675 530 2808 569; x_wconf 91' lang='lat' dir='ltr'><strong>cum</strong></span> <span class='ocrx_word' id='word_1_506' title='bbox 2854 514 3215 569; x_wconf 85' lang='lat' dir='ltr'><strong>beatitudine</strong></span> <span class='ocrx_word' id='word_1_507' title='bbox 3271 515 3591 572; x_wconf 86' lang='lat' dir='ltr'><strong>alternasse</strong></span> <span class='ocrx_word' id='word_1_508' title='bbox 3639 520 3850 575; x_wconf 62' lang='lat' dir='ltr'><strong>animm</strong></span> 
     </span>
    </p>
   </div>
   <div class='ocr_carea' id='block_1_70' title="bbox 2206 589 3855 665">
    <p class='ocr_par' dir='ltr' id='par_1_70' title="bbox 2206 589 3855 665">
     <span class='ocr_line' id='line_1_70' title="bbox 2206 589 3855 665; baseline 0.009 -24"><span class='ocrx_word' id='word_1_509' title='bbox 2206 589 2502 646; x_wconf 88' lang='lat' dir='ltr'><strong>miseriam</strong></span> <span class='ocrx_word' id='word_1_510' title='bbox 2553 598 2778 662; x_wconf 89' lang='lat' dir='ltr'><strong>putant,</strong></span> <span class='ocrx_word' id='word_1_511' title='bbox 2831 595 2930 650; x_wconf 90' lang='lat' dir='ltr'><strong>sed</strong></span> <span class='ocrx_word' id='word_1_512' title='bbox 2982 611 3138 650; x_wconf 91' lang='lat' dir='ltr'><strong>nunc</strong></span> <span class='ocrx_word' id='word_1_513' title='bbox 3170 595 3295 665; x_wconf 89' lang='lat' dir='ltr'><strong>jam</strong></span> <span class='ocrx_word' id='word_1_514' title='bbox 3342 596 3414 650; x_wconf 89' lang='lat' dir='ltr'><strong>de</strong></span> <span class='ocrx_word' id='word_1_515' title='bbox 3462 602 3667 654; x_wconf 68' lang='lat' dir='ltr'><strong>caetero</strong></span> <span class='ocrx_word' id='word_1_516' title='bbox 3719 615 3855 657; x_wconf 89' lang='lat' dir='ltr'><strong>cum</strong></span> 
     </span>
    </p>
   </div>
   <div class='ocr_carea' id='block_1_71' title="bbox 2205 665 3855 749">
    <p class='ocr_par' dir='ltr' id='par_1_71' title="bbox 2205 665 3855 749">
     <span class='ocr_line' id='line_1_71' title="bbox 2205 665 3855 749; baseline 0.009 -30"><span class='ocrx_word' id='word_1_517' title='bbox 2205 665 2661 741; x_wconf 86' lang='lat' dir='ltr'><strong>fueritliberata,</strong></span> <span class='ocrx_word' id='word_1_518' title='bbox 2715 675 2784 729; x_wconf 93' lang='lat' dir='ltr'><strong>ad</strong></span> <span class='ocrx_word' id='word_1_519' title='bbox 2819 675 3109 730; x_wconf 90' lang='lat' dir='ltr'><strong>miseriam</strong></span> <span class='ocrx_word' id='word_1_520' title='bbox 3165 692 3278 730; x_wconf 89' lang='lat' dir='ltr'><strong>non</strong></span> <span class='ocrx_word' id='word_1_521' title='bbox 3331 692 3455 731; x_wconf 86' lang='lat' dir='ltr'><strong>esse</strong></span> <span class='ocrx_word' id='word_1_522' title='bbox 3508 678 3855 749; x_wconf 89' lang='lat' dir='ltr'><strong>redituram,</strong></span> 
     </span>
    </p>
   </div>
   <div class='ocr_carea' id='block_1_72' title="bbox 2202 749 3855 828">
    <p class='ocr_par' dir='ltr' id='par_1_72' title="bbox 2202 749 3855 828">
     <span class='ocr_line' id='line_1_72' title="bbox 2202 749 3855 828; baseline 0.008 -24"><span class='ocrx_word' id='word_1_523' title='bbox 2202 749 2587 808; x_wconf 88' lang='lat' dir='ltr'><strong>nihilominus</strong></span> <span class='ocrx_word' id='word_1_524' title='bbox 2608 756 3034 811; x_wconf 88' lang='lat' dir='ltr'><strong>convincuntur</strong></span> <span class='ocrx_word' id='word_1_525' title='bbox 3050 773 3349 828; x_wconf 89' lang='lat' dir='ltr'><strong>nunquam</strong></span> <span class='ocrx_word' id='word_1_526' title='bbox 3367 774 3498 812; x_wconf 89' lang='lat' dir='ltr'><strong>eam</strong></span> <span class='ocrx_word' id='word_1_527' title='bbox 3522 758 3702 816; x_wconf 88' lang='lat' dir='ltr'><strong>fuisse</strong></span> <span class='ocrx_word' id='word_1_528' title='bbox 3723 777 3855 818; x_wconf 83' lang='lat' dir='ltr'><strong>vere</strong></span> 
     </span>
    </p>
   </div>
   <div class='ocr_carea' id='block_1_73' title="bbox 2201 828 3851 909">
    <p class='ocr_par' dir='ltr' id='par_1_73' title="bbox 2201 828 3851 909">
     <span class='ocr_line' id='line_1_73' title="bbox 2201 828 3851 909; baseline 0.008 -26"><span class='ocrx_word' id='word_1_529' title='bbox 2201 828 2448 898; x_wconf 90' lang='lat' dir='ltr'><strong>beatam,</strong></span> <span class='ocrx_word' id='word_1_530' title='bbox 2483 836 2582 889; x_wconf 90' lang='lat' dir='ltr'><strong>sed</strong></span> <span class='ocrx_word' id='word_1_531' title='bbox 2617 835 2890 906; x_wconf 89' lang='lat' dir='ltr'><strong>deinceps</strong></span> <span class='ocrx_word' id='word_1_532' title='bbox 2939 851 3065 891; x_wconf 90' lang='lat' dir='ltr'><strong>esse</strong></span> <span class='ocrx_word' id='word_1_533' title='bbox 3119 837 3374 908; x_wconf 82' lang='lat' dir='ltr'><strong>incipere</strong></span> <span class='ocrx_word' id='word_1_534' title='bbox 3417 853 3565 893; x_wconf 89' lang='lat' dir='ltr'><strong>nova</strong></span> <span class='ocrx_word' id='word_1_535' title='bbox 3595 840 3851 909; x_wconf 89' lang='lat' dir='ltr'><strong>quadam</strong></span> 
     </span>
    </p>
   </div>
   <div class='ocr_carea' id='block_1_74' title="bbox 2201 913 3856 989">
    <p class='ocr_par' dir='ltr' id='par_1_74' title="bbox 2201 913 3856 989">
     <span class='ocr_line' id='line_1_74' title="bbox 2201 913 3856 989; baseline 0.008 -24"><span class='ocrx_word' id='word_1_536' title='bbox 2201 927 2306 967; x_wconf 90' lang='lat' dir='ltr'><strong>nec</strong></span> <span class='ocrx_word' id='word_1_537' title='bbox 2337 913 2528 972; x_wconf 87' lang='lat' dir='ltr'><strong>fallaci</strong></span> <span class='ocrx_word' id='word_1_538' title='bbox 2562 917 2959 985; x_wconf 86' lang='lat' dir='ltr'><strong>beatitudine;</strong></span> <span class='ocrx_word' id='word_1_539' title='bbox 2992 934 3056 972; x_wconf 87' lang='lat' dir='ltr'><strong>ac</strong></span> <span class='ocrx_word' id='word_1_540' title='bbox 3088 934 3189 989; x_wconf 89' lang='lat' dir='ltr'><strong>per</strong></span> <span class='ocrx_word' id='word_1_541' title='bbox 3219 917 3326 974; x_wconf 90' lang='lat' dir='ltr'><strong>hoc</strong></span> <span class='ocrx_word' id='word_1_542' title='bbox 3345 919 3680 976; x_wconf 90' lang='lat' dir='ltr'><strong>fatebuntur</strong></span> <span class='ocrx_word' id='word_1_543' title='bbox 3699 924 3856 978; x_wconf 87' lang='lat' dir='ltr'><strong>acci-</strong></span> 
     </span>
    </p>
   </div>
   <div class='ocr_carea' id='block_1_75' title="bbox 2200 992 3855 1074">
    <p class='ocr_par' dir='ltr' id='par_1_75' title="bbox 2200 992 3855 1074">
     <span class='ocr_line' id='line_1_75' title="bbox 2200 992 3855 1074; baseline 0.007 -28"><span class='ocrx_word' id='word_1_544' title='bbox 2200 992 2334 1074; x_wconf 83' lang='lat' dir='ltr'><strong>dere</strong></span> <span class='ocrx_word' id='word_1_545' title='bbox 2363 994 2448 1049; x_wconf 91' lang='lat' dir='ltr'><strong>illi</strong></span> <span class='ocrx_word' id='word_1_546' title='bbox 2478 997 2698 1068; x_wconf 90' lang='lat' dir='ltr'><strong>aliquid</strong></span> <span class='ocrx_word' id='word_1_547' title='bbox 2733 998 2884 1066; x_wconf 88' lang='lat' dir='ltr'><strong>novi,</strong></span> <span class='ocrx_word' id='word_1_548' title='bbox 2913 1004 2970 1054; x_wconf 87' lang='lat' dir='ltr'><strong>et</strong></span> <span class='ocrx_word' id='word_1_549' title='bbox 3014 999 3121 1053; x_wconf 90' lang='lat' dir='ltr'><strong>hoc</strong></span> <span class='ocrx_word' id='word_1_550' title='bbox 3171 1015 3450 1070; x_wconf 87' lang='lat' dir='ltr'><strong>magnum</strong></span> <span class='ocrx_word' id='word_1_551' title='bbox 3501 1006 3677 1072; x_wconf 90' lang='lat' dir='ltr'><strong>atque</strong></span> <span class='ocrx_word' id='word_1_552' title='bbox 3709 1020 3855 1074; x_wconf 70' lang='lat' dir='ltr'><strong>pras-</strong></span> 
     </span>
    </p>
   </div>
   <div class='ocr_carea' id='block_1_76' title="bbox 2199 1071 3852 1150">
    <p class='ocr_par' dir='ltr' id='par_1_76' title="bbox 2199 1071 3852 1150">
     <span class='ocr_line' id='line_1_76' title="bbox 2199 1071 3852 1150; baseline 0.007 -23"><span class='ocrx_word' id='word_1_553' title='bbox 2199 1071 2442 1145; x_wconf 86' lang='lat' dir='ltr'><strong>clarum,</strong></span> <span class='ocrx_word' id='word_1_554' title='bbox 2473 1079 2628 1149; x_wconf 91' lang='lat' dir='ltr'><strong>quod</strong></span> <span class='ocrx_word' id='word_1_555' title='bbox 2663 1094 2966 1150; x_wconf 90' lang='lat' dir='ltr'><strong>nunquam</strong></span> <span class='ocrx_word' id='word_1_556' title='bbox 3001 1082 3154 1134; x_wconf 89' lang='lat' dir='ltr'><strong>retro</strong></span> <span class='ocrx_word' id='word_1_557' title='bbox 3181 1095 3282 1150; x_wconf 90' lang='lat' dir='ltr'><strong>per</strong></span> <span class='ocrx_word' id='word_1_558' title='bbox 3299 1071 3676 1138; x_wconf 68' lang='lat' dir='ltr'><strong>aeternitatem</strong></span> <span class='ocrx_word' id='word_1_559' title='bbox 3698 1071 3852 1138; x_wconf 78' lang='lat' dir='ltr'><strong>acci-</strong></span> 
     </span>
    </p>
   </div>
   <div class='ocr_carea' id='block_1_77' title="bbox 2199 1153 3851 1232">
    <p class='ocr_par' dir='ltr' id='par_1_77' title="bbox 2199 1153 3851 1232">
     <span class='ocr_line' id='line_1_77' title="bbox 2199 1153 3851 1232; baseline 0.007 -24"><span class='ocrx_word' id='word_1_560' title='bbox 2199 1153 2400 1213; x_wconf 90' lang='lat' dir='ltr'><strong>disset.</strong></span> <span class='ocrx_word' id='word_1_561' title='bbox 2435 1157 2614 1228; x_wconf 89' lang='lat' dir='ltr'><strong>Cujus</strong></span> <span class='ocrx_word' id='word_1_562' title='bbox 2644 1159 2914 1214; x_wconf 90' lang='lat' dir='ltr'><strong>novitatis</strong></span> <span class='ocrx_word' id='word_1_563' title='bbox 2945 1175 3185 1214; x_wconf 92' lang='lat' dir='ltr'><strong>causam</strong></span> <span class='ocrx_word' id='word_1_564' title='bbox 3225 1159 3275 1214; x_wconf 92' lang='lat' dir='ltr'><strong>si</strong></span> <span class='ocrx_word' id='word_1_565' title='bbox 3312 1160 3490 1215; x_wconf 92' lang='lat' dir='ltr'><strong>Deum</strong></span> <span class='ocrx_word' id='word_1_566' title='bbox 3539 1162 3851 1232; x_wconf 86' lang='lat' dir='ltr'><strong>negabunt</strong></span> 
     </span>
    </p>
   </div>
   <div class='ocr_carea' id='block_1_78' title="bbox 2196 1233 3849 1311">
    <p class='ocr_par' dir='ltr' id='par_1_78' title="bbox 2196 1233 3849 1311">
     <span class='ocr_line' id='line_1_78' title="bbox 2196 1233 3849 1311; baseline 0.006 -22"><span class='ocrx_word' id='word_1_567' title='bbox 2196 1233 2255 1290; x_wconf 89' lang='lat' dir='ltr'><strong>in</strong></span> <span class='ocrx_word' id='word_1_568' title='bbox 2285 1240 2499 1293; x_wconf 70' lang='lat' dir='ltr'><strong>aeterno</strong></span> <span class='ocrx_word' id='word_1_569' title='bbox 2534 1239 2808 1295; x_wconf 88' lang='lat' dir='ltr'><strong>habuisse</strong></span> <span class='ocrx_word' id='word_1_570' title='bbox 2838 1238 3097 1305; x_wconf 88' lang='lat' dir='ltr'><strong>consilio,</strong></span> <span class='ocrx_word' id='word_1_571' title='bbox 3144 1238 3314 1296; x_wconf 90' lang='lat' dir='ltr'><strong>simul</strong></span> <span class='ocrx_word' id='word_1_572' title='bbox 3339 1255 3500 1296; x_wconf 64' lang='lat' dir='ltr'><strong>eum</strong></span> <span class='ocrx_word' id='word_1_573' title='bbox 3545 1241 3849 1311; x_wconf 69' lang='lat' dir='ltr'><strong>negabunt</strong></span> 
     </span>
    </p>
   </div>
   <div class='ocr_carea' id='block_1_79' title="bbox 2199 1315 3858 1394">
    <p class='ocr_par' dir='ltr' id='par_1_79' title="bbox 2199 1315 3858 1394">
     <span class='ocr_line' id='line_1_79' title="bbox 2199 1315 3858 1394; baseline 0.005 -24"><span class='ocrx_word' id='word_1_574' title='bbox 2199 1315 2575 1374; x_wconf 90' lang='lat' dir='ltr'><strong>beatitudinis</strong></span> <span class='ocrx_word' id='word_1_575' title='bbox 2605 1319 2732 1389; x_wconf 85' lang='lat' dir='ltr'><strong>ejus</strong></span> <span class='ocrx_word' id='word_1_576' title='bbox 2762 1330 3091 1386; x_wconf 86' lang='lat' dir='ltr'><strong>auctorem;</strong></span> <span class='ocrx_word' id='word_1_577' title='bbox 3126 1319 3280 1389; x_wconf 90' lang='lat' dir='ltr'><strong>quod</strong></span> <span class='ocrx_word' id='word_1_578' title='bbox 3332 1321 3592 1376; x_wconf 83' lang='lat' dir='ltr'><strong>nefandae</strong></span> <span class='ocrx_word' id='word_1_579' title='bbox 3641 1323 3858 1394; x_wconf 85' lang='lat' dir='ltr'><strong>impie-</strong></span> 
     </span>
    </p>
   </div>
   <div class='ocr_carea' id='block_1_80' title="bbox 2199 1396 3850 1470">
    <p class='ocr_par' dir='ltr' id='par_1_80' title="bbox 2199 1396 3850 1470">
     <span class='ocr_line' id='line_1_80' title="bbox 2199 1396 3850 1470; baseline 0.005 -18"><span class='ocrx_word' id='word_1_580' title='bbox 2199 1396 2339 1452; x_wconf 82' lang='lat' dir='ltr'><strong>tatis</strong></span> <span class='ocrx_word' id='word_1_581' title='bbox 2368 1405 2487 1453; x_wconf 89' lang='lat' dir='ltr'><strong>est:</strong></span> <span class='ocrx_word' id='word_1_582' title='bbox 2516 1398 2566 1453; x_wconf 90' lang='lat' dir='ltr'><strong>si</strong></span> <span class='ocrx_word' id='word_1_583' title='bbox 2597 1403 2786 1455; x_wconf 86' lang='lat' dir='ltr'><strong>autem</strong></span> <span class='ocrx_word' id='word_1_584' title='bbox 2817 1400 3009 1454; x_wconf 84' lang='lat' dir='ltr'><strong>dicent</strong></span> <span class='ocrx_word' id='word_1_585' title='bbox 3039 1400 3214 1454; x_wconf 88' lang='lat' dir='ltr'><strong>etiam</strong></span> <span class='ocrx_word' id='word_1_586' title='bbox 3266 1398 3454 1470; x_wconf 90' lang='lat' dir='ltr'><strong>ipsum</strong></span> <span class='ocrx_word' id='word_1_587' title='bbox 3507 1418 3654 1458; x_wconf 90' lang='lat' dir='ltr'><strong>novo</strong></span> <span class='ocrx_word' id='word_1_588' title='bbox 3703 1420 3850 1460; x_wconf 80' lang='lat' dir='ltr'><strong>con-</strong></span> 
     </span>
    </p>
   </div>
   <div class='ocr_carea' id='block_1_81' title="bbox 2199 1476 3858 1550">
    <p class='ocr_par' dir='ltr' id='par_1_81' title="bbox 2199 1476 3858 1550">
     <span class='ocr_line' id='line_1_81' title="bbox 2199 1476 3858 1550; baseline 0.004 -17"><span class='ocrx_word' id='word_1_589' title='bbox 2199 1476 2330 1533; x_wconf 91' lang='lat' dir='ltr'><strong>silio</strong></span> <span class='ocrx_word' id='word_1_590' title='bbox 2359 1480 2736 1550; x_wconf 82' lang='lat' dir='ltr'><strong>excogitasse.</strong></span> <span class='ocrx_word' id='word_1_591' title='bbox 2772 1488 2831 1534; x_wconf 91' lang='lat' dir='ltr'><strong>ut</strong></span> <span class='ocrx_word' id='word_1_592' title='bbox 2861 1480 2931 1536; x_wconf 89' lang='lat' dir='ltr'><strong>de</strong></span> <span class='ocrx_word' id='word_1_593' title='bbox 2963 1483 3165 1535; x_wconf 67' lang='lat' dir='ltr'><strong>caetero</strong></span> <span class='ocrx_word' id='word_1_594' title='bbox 3215 1480 3297 1534; x_wconf 89' lang='lat' dir='ltr'><strong>sit</strong></span> <span class='ocrx_word' id='word_1_595' title='bbox 3339 1481 3537 1537; x_wconf 88' lang='lat' dir='ltr'><strong>anima</strong></span> <span class='ocrx_word' id='word_1_596' title='bbox 3583 1484 3640 1537; x_wconf 91' lang='lat' dir='ltr'><strong>in</strong></span> <span class='ocrx_word' id='word_1_597' title='bbox 3675 1490 3858 1539; x_wconf 65' lang='lat' dir='ltr'><strong>aeter-</strong></span> 
     </span>
    </p>
   </div>
   <div class='ocr_carea' id='block_1_82' title="bbox 2200 1559 3858 1634">
    <p class='ocr_par' dir='ltr' id='par_1_82' title="bbox 2200 1559 3858 1634">
     <span class='ocr_line' id='line_1_82' title="bbox 2200 1559 3858 1634; baseline 0.005 -22"><span class='ocrx_word' id='word_1_598' title='bbox 2200 1573 2340 1613; x_wconf 91' lang='lat' dir='ltr'><strong>num</strong></span> <span class='ocrx_word' id='word_1_599' title='bbox 2374 1559 2562 1628; x_wconf 89' lang='lat' dir='ltr'><strong>beata,</strong></span> <span class='ocrx_word' id='word_1_600' title='bbox 2591 1561 2882 1631; x_wconf 90' lang='lat' dir='ltr'><strong>quomodo</strong></span> <span class='ocrx_word' id='word_1_601' title='bbox 2913 1577 3046 1615; x_wconf 91' lang='lat' dir='ltr'><strong>eum</strong></span> <span class='ocrx_word' id='word_1_602' title='bbox 3080 1559 3338 1616; x_wconf 90' lang='lat' dir='ltr'><strong>alienum</strong></span> <span class='ocrx_word' id='word_1_603' title='bbox 3357 1561 3430 1616; x_wconf 89' lang='lat' dir='ltr'><strong>ab</strong></span> <span class='ocrx_word' id='word_1_604' title='bbox 3453 1577 3541 1630; x_wconf 90' lang='lat' dir='ltr'><strong>ea,</strong></span> <span class='ocrx_word' id='word_1_605' title='bbox 3573 1579 3701 1634; x_wconf 73' lang='lat' dir='ltr'><strong>quae</strong></span> <span class='ocrx_word' id='word_1_606' title='bbox 3733 1563 3858 1621; x_wconf 87' lang='lat' dir='ltr'><strong>illis</strong></span> 
     </span>
    </p>
   </div>
   <div class='ocr_carea' id='block_1_83' title="bbox 2199 1639 3857 1714">
    <p class='ocr_par' dir='ltr' id='par_1_83' title="bbox 2199 1639 3857 1714">
     <span class='ocr_line' id='line_1_83' title="bbox 2199 1639 3857 1714; baseline 0.005 -22"><span class='ocrx_word' id='word_1_607' title='bbox 2199 1655 2433 1711; x_wconf 91' lang='lat' dir='ltr'><strong>quoque</strong></span> <span class='ocrx_word' id='word_1_608' title='bbox 2454 1639 2742 1712; x_wconf 89' lang='lat' dir='ltr'><strong>displicet,</strong></span> <span class='ocrx_word' id='word_1_609' title='bbox 2760 1641 3152 1696; x_wconf 87' lang='lat' dir='ltr'><strong>mutabilitate</strong></span> <span class='ocrx_word' id='word_1_610' title='bbox 3175 1642 3630 1698; x_wconf 79' lang='lat' dir='ltr'><strong>monstrabunt?</strong></span> <span class='ocrx_word' id='word_1_611' title='bbox 3653 1644 3857 1714; x_wconf 88' lang='lat' dir='ltr'><strong>Porro,</strong></span> 
     </span>
    </p>
   </div>
   <div class='ocr_carea' id='block_1_84' title="bbox 2199 1720 3856 1796">
    <p class='ocr_par' dir='ltr' id='par_1_84' title="bbox 2199 1720 3856 1796">
     <span class='ocr_line' id='line_1_84' title="bbox 2199 1720 3856 1796; baseline 0.004 -21"><span class='ocrx_word' id='word_1_612' title='bbox 2199 1720 2248 1775; x_wconf 86' lang='lat' dir='ltr'><strong>si</strong></span> <span class='ocrx_word' id='word_1_613' title='bbox 2280 1735 2348 1775; x_wconf 80' lang='lat' dir='ltr'><strong>ex</strong></span> <span class='ocrx_word' id='word_1_614' title='bbox 2378 1727 2634 1792; x_wconf 89' lang='lat' dir='ltr'><strong>tempore</strong></span> <span class='ocrx_word' id='word_1_615' title='bbox 2660 1725 2937 1791; x_wconf 89' lang='lat' dir='ltr'><strong>creatam,</strong></span> <span class='ocrx_word' id='word_1_616' title='bbox 2971 1722 3071 1777; x_wconf 90' lang='lat' dir='ltr'><strong>sed</strong></span> <span class='ocrx_word' id='word_1_617' title='bbox 3109 1721 3268 1776; x_wconf 90' lang='lat' dir='ltr'><strong>nullo</strong></span> <span class='ocrx_word' id='word_1_618' title='bbox 3318 1722 3562 1778; x_wconf 88' lang='lat' dir='ltr'><strong>ulterius</strong></span> <span class='ocrx_word' id='word_1_619' title='bbox 3594 1732 3856 1796; x_wconf 90' lang='lat' dir='ltr'><strong>tempore</strong></span> 
     </span>
    </p>
   </div>
   <div class='ocr_carea' id='block_1_85' title="bbox 2199 1800 3854 1873">
    <p class='ocr_par' dir='ltr' id='par_1_85' title="bbox 2199 1800 3854 1873">
     <span class='ocr_line' id='line_1_85' title="bbox 2199 1800 3854 1873; baseline 0.004 -18"><span class='ocrx_word' id='word_1_620' title='bbox 2199 1800 2544 1871; x_wconf 88' lang='lat' dir='ltr'><strong>perituram,</strong></span> <span class='ocrx_word' id='word_1_621' title='bbox 2590 1805 2867 1872; x_wconf 85' lang='lat' dir='ltr'><strong>tanquam</strong></span> <span class='ocrx_word' id='word_1_622' title='bbox 2921 1805 3292 1869; x_wconf 66' lang='lat' dir='ltr'><strong>numerum&#39;,</strong></span> <span class='ocrx_word' id='word_1_623' title='bbox 3329 1802 3542 1858; x_wconf 89' lang='lat' dir='ltr'><strong>habere</strong></span> <span class='ocrx_word' id='word_1_624' title='bbox 3588 1804 3854 1873; x_wconf 86' lang='lat' dir='ltr'><strong>initium,</strong></span> 
     </span>
    </p>
   </div>
   <div class='ocr_carea' id='block_1_86' title="bbox 2199 1880 3852 1952">
    <p class='ocr_par' dir='ltr' id='par_1_86' title="bbox 2199 1880 3852 1952">
     <span class='ocr_line' id='line_1_86' title="bbox 2199 1880 3852 1952; baseline 0.005 -18"><span class='ocrx_word' id='word_1_625' title='bbox 2199 1880 2300 1934; x_wconf 90' lang='lat' dir='ltr'><strong>sed</strong></span> <span class='ocrx_word' id='word_1_626' title='bbox 2335 1897 2448 1936; x_wconf 92' lang='lat' dir='ltr'><strong>non</strong></span> <span class='ocrx_word' id='word_1_627' title='bbox 2481 1881 2692 1937; x_wconf 86' lang='lat' dir='ltr'><strong>habere</strong></span> <span class='ocrx_word' id='word_1_628' title='bbox 2723 1881 2899 1937; x_wconf 84' lang='lat' dir='ltr'><strong>tinem</strong></span> <span class='ocrx_word' id='word_1_629' title='bbox 2935 1882 3222 1952; x_wconf 82' lang='lat' dir='ltr'><strong>fatentur,</strong></span> <span class='ocrx_word' id='word_1_630' title='bbox 3255 1887 3314 1937; x_wconf 90' lang='lat' dir='ltr'><strong>et</strong></span> <span class='ocrx_word' id='word_1_631' title='bbox 3352 1882 3483 1938; x_wconf 90' lang='lat' dir='ltr'><strong>ideo</strong></span> <span class='ocrx_word' id='word_1_632' title='bbox 3527 1884 3711 1940; x_wconf 90' lang='lat' dir='ltr'><strong>semel</strong></span> <span class='ocrx_word' id='word_1_633' title='bbox 3750 1902 3852 1942; x_wconf 78' lang='lat' dir='ltr'><strong>ex-</strong></span> 
     </span>
    </p>
   </div>
   <div class='ocr_carea' id='block_1_87' title="bbox 2201 1962 3854 2036">
    <p class='ocr_par' dir='ltr' id='par_1_87' title="bbox 2201 1962 3854 2036">
     <span class='ocr_line' id='line_1_87' title="bbox 2201 1962 3854 2036; baseline 0.005 -21"><span class='ocrx_word' id='word_1_634' title='bbox 2201 1966 2425 2032; x_wconf 90' lang='lat' dir='ltr'><strong>pertam</strong></span> <span class='ocrx_word' id='word_1_635' title='bbox 2461 1962 2744 2031; x_wconf 87' lang='lat' dir='ltr'><strong>miserias,</strong></span> <span class='ocrx_word' id='word_1_636' title='bbox 2779 1962 2829 2016; x_wconf 92' lang='lat' dir='ltr'><strong>si</strong></span> <span class='ocrx_word' id='word_1_637' title='bbox 2861 1963 2931 2016; x_wconf 91' lang='lat' dir='ltr'><strong>ab</strong></span> <span class='ocrx_word' id='word_1_638' title='bbox 2955 1963 3037 2017; x_wconf 88' lang='lat' dir='ltr'><strong>eis</strong></span> <span class='ocrx_word' id='word_1_639' title='bbox 3060 1963 3234 2017; x_wconf 88' lang='lat' dir='ltr'><strong>fuerit</strong></span> <span class='ocrx_word' id='word_1_640' title='bbox 3255 1962 3517 2030; x_wconf 87' lang='lat' dir='ltr'><strong>liberata,</strong></span> <span class='ocrx_word' id='word_1_641' title='bbox 3545 1981 3854 2036; x_wconf 86' lang='lat' dir='ltr'><strong>nunquam</strong></span> 
     </span>
    </p>
   </div>
   <div class='ocr_carea' id='block_1_88' title="bbox 2199 2041 3852 2114">
    <p class='ocr_par' dir='ltr' id='par_1_88' title="bbox 2199 2041 3852 2114">
     <span class='ocr_line' id='line_1_88' title="bbox 2199 2041 3852 2114; baseline 0.002 -16"><span class='ocrx_word' id='word_1_642' title='bbox 2199 2041 2471 2098; x_wconf 88' lang='lat' dir='ltr'><strong>miseram</strong></span> <span class='ocrx_word' id='word_1_643' title='bbox 2501 2050 2695 2112; x_wconf 86' lang='lat' dir='ltr'><strong>postea</strong></span> <span class='ocrx_word' id='word_1_644' title='bbox 2744 2042 3027 2108; x_wconf 89' lang='lat' dir='ltr'><strong>futuram,</strong></span> <span class='ocrx_word' id='word_1_645' title='bbox 3073 2059 3190 2097; x_wconf 91' lang='lat' dir='ltr'><strong>non</strong></span> <span class='ocrx_word' id='word_1_646' title='bbox 3241 2043 3442 2114; x_wconf 91' lang='lat' dir='ltr'><strong>utique</strong></span> <span class='ocrx_word' id='word_1_647' title='bbox 3492 2043 3852 2102; x_wconf 79' lang='lat' dir='ltr'><strong>dubitat-unt</strong></span> 
     </span>
    </p>
   </div>
   <div class='ocr_carea' id='block_1_89' title="bbox 2198 2121 3846 2186">
    <p class='ocr_par' dir='ltr' id='par_1_89' title="bbox 2198 2121 3846 2186">
     <span class='ocr_line' id='line_1_89' title="bbox 2198 2121 3846 2186; baseline 0.006 -10"><span class='ocrx_word' id='word_1_648' title='bbox 2198 2121 2307 2177; x_wconf 92' lang='lat' dir='ltr'><strong>hoc</strong></span> <span class='ocrx_word' id='word_1_649' title='bbox 2339 2122 2460 2177; x_wconf 82' lang='lat' dir='ltr'><strong>fieri</strong></span> <span class='ocrx_word' id='word_1_650' title='bbox 2511 2130 2778 2178; x_wconf 89' lang='lat' dir='ltr'><strong>manente</strong></span> <span class='ocrx_word' id='word_1_651' title='bbox 2826 2122 3416 2180; x_wconf 88' lang='lat' dir='ltr'><strong>ineommutahilitate</strong></span> <span class='ocrx_word' id='word_1_652' title='bbox 3463 2126 3683 2181; x_wconf 90' lang='lat' dir='ltr'><strong>consilii</strong></span> <span class='ocrx_word' id='word_1_653' title='bbox 3714 2128 3846 2186; x_wconf 89' lang='lat' dir='ltr'><strong>Dei.</strong></span> 
     </span>
    </p>
   </div>
   <div class='ocr_carea' id='block_1_90' title="bbox 2196 2203 3846 2279">
    <p class='ocr_par' dir='ltr' id='par_1_90' title="bbox 2196 2203 3846 2279">
     <span class='ocr_line' id='line_1_90' title="bbox 2196 2203 3846 2279; baseline 0.003 -20"><span class='ocrx_word' id='word_1_654' title='bbox 2196 2203 2255 2259; x_wconf 89' lang='lat' dir='ltr'><strong>Si</strong></span> <span class='ocrx_word' id='word_1_655' title='bbox 2285 2219 2422 2274; x_wconf 89' lang='lat' dir='ltr'><strong>ergo</strong></span> <span class='ocrx_word' id='word_1_656' title='bbox 2452 2205 2690 2259; x_wconf 89' lang='lat' dir='ltr'><strong>credant</strong></span> <span class='ocrx_word' id='word_1_657' title='bbox 2720 2212 2772 2259; x_wconf 90' lang='lat' dir='ltr'><strong>et</strong></span> <span class='ocrx_word' id='word_1_658' title='bbox 2804 2204 3086 2259; x_wconf 92' lang='lat' dir='ltr'><strong>mundum</strong></span> <span class='ocrx_word' id='word_1_659' title='bbox 3140 2221 3208 2260; x_wconf 82' lang='lat' dir='ltr'><strong>ex</strong></span> <span class='ocrx_word' id='word_1_660' title='bbox 3257 2208 3517 2276; x_wconf 85' lang='lat' dir='ltr'><strong>tempore</strong></span> <span class='ocrx_word' id='word_1_661' title='bbox 3568 2207 3687 2263; x_wconf 84' lang='lat' dir='ltr'><strong>fieri</strong></span> <span class='ocrx_word' id='word_1_662' title='bbox 3733 2224 3846 2279; x_wconf 83' lang='lat' dir='ltr'><strong>po-</strong></span> 
     </span>
    </p>
   </div>
   <div class='ocr_carea' id='block_1_91' title="bbox 2195 2283 3851 2350">
    <p class='ocr_par' dir='ltr' id='par_1_91' title="bbox 2195 2283 3851 2350">
     <span class='ocr_line' id='line_1_91' title="bbox 2195 2283 3851 2350; baseline 0.004 -10"><span class='ocrx_word' id='word_1_663' title='bbox 2195 2283 2401 2350; x_wconf 87' lang='lat' dir='ltr'><strong>tuisse,</strong></span> <span class='ocrx_word' id='word_1_664' title='bbox 2445 2300 2549 2340; x_wconf 89' lang='lat' dir='ltr'><strong>nec</strong></span> <span class='ocrx_word' id='word_1_665' title='bbox 2579 2288 2774 2340; x_wconf 89' lang='lat' dir='ltr'><strong>tamen</strong></span> <span class='ocrx_word' id='word_1_666' title='bbox 2807 2285 2937 2341; x_wconf 91' lang='lat' dir='ltr'><strong>ideo</strong></span> <span class='ocrx_word' id='word_1_667' title='bbox 2967 2285 3150 2341; x_wconf 90' lang='lat' dir='ltr'><strong>Deum</strong></span> <span class='ocrx_word' id='word_1_668' title='bbox 3183 2285 3244 2340; x_wconf 92' lang='lat' dir='ltr'><strong>in</strong></span> <span class='ocrx_word' id='word_1_669' title='bbox 3276 2301 3342 2341; x_wconf 90' lang='lat' dir='ltr'><strong>eo</strong></span> <span class='ocrx_word' id='word_1_670' title='bbox 3392 2286 3652 2344; x_wconf 88' lang='lat' dir='ltr'><strong>faciendo</strong></span> <span class='ocrx_word' id='word_1_671' title='bbox 3681 2298 3851 2346; x_wconf 66' lang='lat' dir='ltr'><strong>ater-</strong></span> 
     </span>
    </p>
   </div>
   <div class='ocr_carea' id='block_1_92' title="bbox 2197 2365 3520 2437">
    <p class='ocr_par' dir='ltr' id='par_1_92' title="bbox 2197 2365 3520 2437">
     <span class='ocr_line' id='line_1_92' title="bbox 2197 2365 3520 2437; baseline 0.002 -17"><span class='ocrx_word' id='word_1_672' title='bbox 2197 2381 2336 2420; x_wconf 91' lang='lat' dir='ltr'><strong>num</strong></span> <span class='ocrx_word' id='word_1_673' title='bbox 2369 2365 2678 2422; x_wconf 87' lang='lat' dir='ltr'><strong>consilium</strong></span> <span class='ocrx_word' id='word_1_674' title='bbox 2721 2365 3199 2437; x_wconf 88' lang='lat' dir='ltr'><strong>voluntatemque</strong></span> <span class='ocrx_word' id='word_1_675' title='bbox 3239 2371 3520 2423; x_wconf 87' lang='lat' dir='ltr'><strong>mutasse.</strong></span> 
     </span>
    </p>
   </div>
   <div class='ocr_carea' id='block_1_93' title="bbox 2195 2528 3851 2603">
    <p class='ocr_par' dir='ltr' id='par_1_93' title="bbox 2195 2528 3851 2603">
     <span class='ocr_line' id='line_1_93' title="bbox 2195 2528 3851 2603; baseline 0.002 -18"><span class='ocrx_word' id='word_1_676' title='bbox 2195 2528 2422 2586; x_wconf 88' lang='lat' dir='ltr'><strong>CAPUT</strong></span> <span class='ocrx_word' id='word_1_677' title='bbox 2449 2528 2517 2584; x_wconf 89' lang='lat' dir='ltr'><strong>V.</strong></span> <span class='ocrx_word' id='word_1_678' title='bbox 2550 2557 2616 2569; x_wconf 92' lang='lat'>—</span> <span class='ocrx_word' id='word_1_679' title='bbox 2639 2529 2767 2584; x_wconf 86' lang='lat' dir='ltr'><strong>Tam</strong></span> <span class='ocrx_word' id='word_1_680' title='bbox 2794 2543 2904 2585; x_wconf 84' lang='lat' dir='ltr'><strong>non</strong></span> <span class='ocrx_word' id='word_1_681' title='bbox 2932 2544 3046 2584; x_wconf 74' lang='lat' dir='ltr'><strong>esse</strong></span> <span class='ocrx_word' id='word_1_682' title='bbox 3089 2529 3454 2601; x_wconf 82' lang='lat' dir='ltr'><strong>cogitandum</strong></span> <span class='ocrx_word' id='word_1_683' title='bbox 3497 2533 3566 2587; x_wconf 84' lang='lat' dir='ltr'><strong>de</strong></span> <span class='ocrx_word' id='word_1_684' title='bbox 3607 2533 3851 2603; x_wconf 74' lang='lat' dir='ltr'><strong>inﬁnitis</strong></span> 
     </span>
    </p>
   </div>
   <div class='ocr_carea' id='block_1_94' title="bbox 2265 2611 3845 2685">
    <p class='ocr_par' dir='ltr' id='par_1_94' title="bbox 2265 2611 3845 2685">
     <span class='ocr_line' id='line_1_94' title="bbox 2265 2611 3845 2685; baseline 0.003 -20"><span class='ocrx_word' id='word_1_685' title='bbox 2265 2619 2575 2681; x_wconf 85' lang='lat' dir='ltr'><strong>temporum</strong></span> <span class='ocrx_word' id='word_1_686' title='bbox 2604 2611 2800 2681; x_wconf 72' lang='lat' dir='ltr'><strong>spatiis</strong></span> <span class='ocrx_word' id='word_1_687' title='bbox 2831 2615 2959 2668; x_wconf 84' lang='lat' dir='ltr'><strong>ante</strong></span> <span class='ocrx_word' id='word_1_688' title='bbox 2986 2611 3275 2679; x_wconf 82' lang='lat' dir='ltr'><strong>mundum,</strong></span> <span class='ocrx_word' id='word_1_689' title='bbox 3297 2628 3459 2683; x_wconf 85' lang='lat' dir='ltr'><strong>quam</strong></span> <span class='ocrx_word' id='word_1_690' title='bbox 3487 2628 3586 2669; x_wconf 81' lang='lat' dir='ltr'><strong>nec</strong></span> <span class='ocrx_word' id='word_1_691' title='bbox 3609 2614 3675 2672; x_wconf 86' lang='lat' dir='ltr'><strong>de</strong></span> <span class='ocrx_word' id='word_1_692' title='bbox 3713 2615 3845 2685; x_wconf 80' lang='lat' dir='ltr'><strong>inﬁ-</strong></span> 
     </span>
    </p>
   </div>
   <div class='ocr_carea' id='block_1_95' title="bbox 2264 2689 2696 2746">
    <p class='ocr_par' dir='ltr' id='par_1_95' title="bbox 2264 2689 2696 2746">
     <span class='ocr_line' id='line_1_95' title="bbox 2264 2689 2696 2746; baseline 0 -1"><span class='ocrx_word' id='word_1_693' title='bbox 2264 2692 2401 2745; x_wconf 79' lang='lat' dir='ltr'><strong>nitis</strong></span> <span class='ocrx_word' id='word_1_694' title='bbox 2434 2689 2696 2746; x_wconf 81' lang='lat' dir='ltr'><strong>locorum.</strong></span> 
     </span>
    </p>
   </div>
   <div class='ocr_carea' id='block_1_96' title="bbox 2267 2826 3850 2900">
    <p class='ocr_par' dir='ltr' id='par_1_96' title="bbox 2267 2826 3850 2900">
     <span class='ocr_line' id='line_1_96' title="bbox 2267 2826 3850 2900; baseline 0.004 -20"><span class='ocrx_word' id='word_1_695' title='bbox 2267 2826 2480 2881; x_wconf 90' lang='lat' dir='ltr'><strong>Deinde</strong></span> <span class='ocrx_word' id='word_1_696' title='bbox 2512 2827 2824 2881; x_wconf 90' lang='lat' dir='ltr'><strong>videndum</strong></span> <span class='ocrx_word' id='word_1_697' title='bbox 2857 2830 2947 2882; x_wconf 90' lang='lat' dir='ltr'><strong>est</strong></span> <span class='ocrx_word' id='word_1_698' title='bbox 2977 2827 3247 2900; x_wconf 88' lang='lat' dir='ltr'><strong>istis,qui</strong></span> <span class='ocrx_word' id='word_1_699' title='bbox 3270 2828 3451 2884; x_wconf 87' lang='lat' dir='ltr'><strong>Deum</strong></span> <span class='ocrx_word' id='word_1_700' title='bbox 3473 2827 3850 2886; x_wconf 86' lang='lat' dir='ltr'><strong>conditorem</strong></span> 
     </span>
    </p>
   </div>
   <div class='ocr_carea' id='block_1_97' title="bbox 2191 2907 3852 2981">
    <p class='ocr_par' dir='ltr' id='par_1_97' title="bbox 2191 2907 3852 2981">
     <span class='ocr_line' id='line_1_97' title="bbox 2191 2907 3852 2981; baseline 0.003 -20"><span class='ocrx_word' id='word_1_701' title='bbox 2191 2907 2390 2961; x_wconf 91' lang='lat' dir='ltr'><strong>mundi</strong></span> <span class='ocrx_word' id='word_1_702' title='bbox 2458 2923 2587 2962; x_wconf 89' lang='lat' dir='ltr'><strong>esse</strong></span> <span class='ocrx_word' id='word_1_703' title='bbox 2652 2907 3046 2976; x_wconf 89' lang='lat' dir='ltr'><strong>consentiunt,</strong></span> <span class='ocrx_word' id='word_1_704' title='bbox 3098 2912 3156 2964; x_wconf 91' lang='lat' dir='ltr'><strong>et</strong></span> <span class='ocrx_word' id='word_1_705' title='bbox 3209 2913 3397 2965; x_wconf 87' lang='lat' dir='ltr'><strong>tamen</strong></span> <span class='ocrx_word' id='word_1_706' title='bbox 3447 2913 3721 2981; x_wconf 67' lang='lat' dir='ltr'><strong>quierunt</strong></span> <span class='ocrx_word' id='word_1_707' title='bbox 3768 2911 3852 2966; x_wconf 88' lang='lat' dir='ltr'><strong>de</strong></span> 
     </span>
    </p>
   </div>
   <div class='ocr_carea' id='block_1_98' title="bbox 2190 2985 3857 3060">
    <p class='ocr_par' dir='ltr' id='par_1_98' title="bbox 2190 2985 3857 3060">
     <span class='ocr_line' id='line_1_98' title="bbox 2190 2985 3857 3060; baseline 0.004 -22"><span class='ocrx_word' id='word_1_708' title='bbox 2190 2985 2396 3039; x_wconf 89' lang='lat' dir='ltr'><strong>mundi</strong></span> <span class='ocrx_word' id='word_1_709' title='bbox 2429 2988 2687 3057; x_wconf 90' lang='lat' dir='ltr'><strong>tempore</strong></span> <span class='ocrx_word' id='word_1_710' title='bbox 2719 2987 2858 3057; x_wconf 91' lang='lat' dir='ltr'><strong>quid</strong></span> <span class='ocrx_word' id='word_1_711' title='bbox 2893 2987 3368 3059; x_wconf 87' lang='lat' dir='ltr'><strong>respondeamus,</strong></span> <span class='ocrx_word' id='word_1_712' title='bbox 3401 2988 3540 3060; x_wconf 90' lang='lat' dir='ltr'><strong>quid</strong></span> <span class='ocrx_word' id='word_1_713' title='bbox 3568 2987 3677 3058; x_wconf 88' lang='lat' dir='ltr'><strong>ipsi</strong></span> <span class='ocrx_word' id='word_1_714' title='bbox 3710 3004 3857 3044; x_wconf 83' lang='lat' dir='ltr'><strong>res-</strong></span> 
     </span>
    </p>
   </div>
   <div class='ocr_carea' id='block_1_99' title="bbox 2189 3067 3849 3140">
    <p class='ocr_par' dir='ltr' id='par_1_99' title="bbox 2189 3067 3849 3140">
     <span class='ocr_line' id='line_1_99' title="bbox 2189 3067 3849 3140; baseline 0.004 -21"><span class='ocrx_word' id='word_1_715' title='bbox 2189 3067 2482 3136; x_wconf 90' lang='lat' dir='ltr'><strong>pondeant</strong></span> <span class='ocrx_word' id='word_1_716' title='bbox 2530 3067 2600 3121; x_wconf 91' lang='lat' dir='ltr'><strong>de</strong></span> <span class='ocrx_word' id='word_1_717' title='bbox 2649 3067 2855 3122; x_wconf 89' lang='lat' dir='ltr'><strong>mundi</strong></span> <span class='ocrx_word' id='word_1_718' title='bbox 2902 3067 3049 3123; x_wconf 92' lang='lat' dir='ltr'><strong>loco.</strong></span> <span class='ocrx_word' id='word_1_719' title='bbox 3101 3067 3187 3125; x_wconf 89' lang='lat' dir='ltr'><strong>Ita</strong></span> <span class='ocrx_word' id='word_1_720' title='bbox 3230 3069 3386 3124; x_wconf 89' lang='lat' dir='ltr'><strong>enim</strong></span> <span class='ocrx_word' id='word_1_721' title='bbox 3429 3068 3710 3140; x_wconf 66' lang='lat' dir='ltr'><strong>quaeritur</strong></span> <span class='ocrx_word' id='word_1_722' title='bbox 3739 3085 3849 3126; x_wconf 90' lang='lat' dir='ltr'><strong>cur</strong></span> 
     </span>
    </p>
   </div>
   <div class='ocr_carea' id='block_1_100' title="bbox 2188 3148 3847 3223">
    <p class='ocr_par' dir='ltr' id='par_1_100' title="bbox 2188 3148 3847 3223">
     <span class='ocr_line' id='line_1_100' title="bbox 2188 3148 3847 3223; baseline 0.004 -20"><span class='ocrx_word' id='word_1_723' title='bbox 2188 3148 2382 3218; x_wconf 89' lang='lat' dir='ltr'><strong>potius</strong></span> <span class='ocrx_word' id='word_1_724' title='bbox 2415 3151 2553 3203; x_wconf 91' lang='lat' dir='ltr'><strong>tunc</strong></span> <span class='ocrx_word' id='word_1_725' title='bbox 2583 3156 2635 3204; x_wconf 93' lang='lat' dir='ltr'><strong>et</strong></span> <span class='ocrx_word' id='word_1_726' title='bbox 2660 3165 2776 3204; x_wconf 89' lang='lat' dir='ltr'><strong>non</strong></span> <span class='ocrx_word' id='word_1_727' title='bbox 2807 3153 2973 3206; x_wconf 86' lang='lat' dir='ltr'><strong>antea</strong></span> <span class='ocrx_word' id='word_1_728' title='bbox 3003 3149 3187 3206; x_wconf 86' lang='lat' dir='ltr'><strong>factus</strong></span> <span class='ocrx_word' id='word_1_729' title='bbox 3210 3149 3306 3222; x_wconf 84' lang='lat' dir='ltr'><strong>sit,</strong></span> <span class='ocrx_word' id='word_1_730' title='bbox 3332 3151 3847 3223; x_wconf 87' lang='lat' dir='ltr'><strong>quemadmodum</strong></span> 
     </span>
    </p>
   </div>
   <div class='ocr_carea' id='block_1_101' title="bbox 2187 3229 3844 3301">
    <p class='ocr_par' dir='ltr' id='par_1_101' title="bbox 2187 3229 3844 3301">
     <span class='ocr_line' id='line_1_101' title="bbox 2187 3229 3844 3301; baseline 0.004 -18"><span class='ocrx_word' id='word_1_731' title='bbox 2187 3229 2366 3298; x_wconf 68' lang='lat' dir='ltr'><strong>quaeri</strong></span> <span class='ocrx_word' id='word_1_732' title='bbox 2401 3233 2590 3300; x_wconf 89' lang='lat' dir='ltr'><strong>potest</strong></span> <span class='ocrx_word' id='word_1_733' title='bbox 2632 3247 2734 3286; x_wconf 87' lang='lat' dir='ltr'><strong>cur</strong></span> <span class='ocrx_word' id='word_1_734' title='bbox 2778 3230 2871 3285; x_wconf 92' lang='lat' dir='ltr'><strong>hic</strong></span> <span class='ocrx_word' id='word_1_735' title='bbox 2908 3230 3100 3301; x_wconf 88' lang='lat' dir='ltr'><strong>potius</strong></span> <span class='ocrx_word' id='word_1_736' title='bbox 3150 3231 3250 3286; x_wconf 87' lang='lat' dir='ltr'><strong>ubi</strong></span> <span class='ocrx_word' id='word_1_737' title='bbox 3299 3235 3389 3286; x_wconf 89' lang='lat' dir='ltr'><strong>est</strong></span> <span class='ocrx_word' id='word_1_738' title='bbox 3420 3236 3478 3288; x_wconf 88' lang='lat' dir='ltr'><strong>et</strong></span> <span class='ocrx_word' id='word_1_739' title='bbox 3509 3248 3621 3288; x_wconf 91' lang='lat' dir='ltr'><strong>non</strong></span> <span class='ocrx_word' id='word_1_740' title='bbox 3675 3232 3844 3290; x_wconf 91' lang='lat' dir='ltr'><strong>alibi.</strong></span> 
     </span>
    </p>
   </div>
   <div class='ocr_carea' id='block_1_102' title="bbox 2186 3309 3849 3381">
    <p class='ocr_par' dir='ltr' id='par_1_102' title="bbox 2186 3309 3849 3381">
     <span class='ocr_line' id='line_1_102' title="bbox 2186 3309 3849 3381; baseline 0.002 -16"><span class='ocrx_word' id='word_1_741' title='bbox 2186 3310 2324 3365; x_wconf 84' lang='lat' dir='ltr'><strong>Nam</strong></span> <span class='ocrx_word' id='word_1_742' title='bbox 2351 3310 2400 3364; x_wconf 89' lang='lat' dir='ltr'><strong>si</strong></span> <span class='ocrx_word' id='word_1_743' title='bbox 2442 3309 2672 3366; x_wconf 80' lang='lat' dir='ltr'><strong>infinita</strong></span> <span class='ocrx_word' id='word_1_744' title='bbox 2702 3310 2885 3381; x_wconf 86' lang='lat' dir='ltr'><strong>spatia</strong></span> <span class='ocrx_word' id='word_1_745' title='bbox 2917 3312 3195 3381; x_wconf 89' lang='lat' dir='ltr'><strong>temporis</strong></span> <span class='ocrx_word' id='word_1_746' title='bbox 3245 3316 3381 3366; x_wconf 89' lang='lat' dir='ltr'><strong>ante</strong></span> <span class='ocrx_word' id='word_1_747' title='bbox 3426 3311 3709 3367; x_wconf 88' lang='lat' dir='ltr'><strong>mundum</strong></span> <span class='ocrx_word' id='word_1_748' title='bbox 3743 3329 3849 3369; x_wconf 90' lang='lat' dir='ltr'><strong>co-</strong></span> 
     </span>
    </p>
   </div>
   <div class='ocr_carea' id='block_1_103' title="bbox 2186 3389 3846 3464">
    <p class='ocr_par' dir='ltr' id='par_1_103' title="bbox 2186 3389 3846 3464">
     <span class='ocr_line' id='line_1_103' title="bbox 2186 3389 3846 3464; baseline 0.003 -21"><span class='ocrx_word' id='word_1_749' title='bbox 2186 3389 2393 3462; x_wconf 88' lang='lat' dir='ltr'><strong>gitant,</strong></span> <span class='ocrx_word' id='word_1_750' title='bbox 2427 3390 2484 3444; x_wconf 93' lang='lat' dir='ltr'><strong>in</strong></span> <span class='ocrx_word' id='word_1_751' title='bbox 2518 3391 2732 3462; x_wconf 89' lang='lat' dir='ltr'><strong>quibus</strong></span> <span class='ocrx_word' id='word_1_752' title='bbox 2772 3391 2854 3446; x_wconf 91' lang='lat' dir='ltr'><strong>eis</strong></span> <span class='ocrx_word' id='word_1_753' title='bbox 2905 3408 3017 3446; x_wconf 92' lang='lat' dir='ltr'><strong>non</strong></span> <span class='ocrx_word' id='word_1_754' title='bbox 3069 3391 3299 3447; x_wconf 90' lang='lat' dir='ltr'><strong>videtur</strong></span> <span class='ocrx_word' id='word_1_755' title='bbox 3344 3393 3494 3448; x_wconf 91' lang='lat' dir='ltr'><strong>Deus</strong></span> <span class='ocrx_word' id='word_1_756' title='bbox 3546 3393 3617 3448; x_wconf 89' lang='lat' dir='ltr'><strong>ab</strong></span> <span class='ocrx_word' id='word_1_757' title='bbox 3665 3407 3846 3464; x_wconf 82' lang='lat' dir='ltr'><strong>Opere</strong></span> 
     </span>
    </p>
   </div>
   <div class='ocr_carea' id='block_1_104' title="bbox 2187 3470 3843 3542">
    <p class='ocr_par' dir='ltr' id='par_1_104' title="bbox 2187 3470 3843 3542">
     <span class='ocr_line' id='line_1_104' title="bbox 2187 3470 3843 3542; baseline 0.002 -16"><span class='ocrx_word' id='word_1_758' title='bbox 2187 3487 2411 3526; x_wconf 88' lang='lat' dir='ltr'><strong>cessare</strong></span> <span class='ocrx_word' id='word_1_759' title='bbox 2440 3471 2716 3541; x_wconf 79' lang='lat' dir='ltr'><strong>potuisse,</strong></span> <span class='ocrx_word' id='word_1_760' title='bbox 2740 3470 3010 3526; x_wconf 90' lang='lat' dir='ltr'><strong>similiter</strong></span> <span class='ocrx_word' id='word_1_761' title='bbox 3040 3471 3296 3542; x_wconf 83' lang='lat' dir='ltr'><strong>cogitent</strong></span> <span class='ocrx_word' id='word_1_762' title='bbox 3317 3472 3338 3505; x_wconf 85' lang='grc'>²</span> <span class='ocrx_word' id='word_1_763' title='bbox 3359 3476 3521 3527; x_wconf 89' lang='lat' dir='ltr'><strong>extra</strong></span> <span class='ocrx_word' id='word_1_764' title='bbox 3554 3473 3843 3530; x_wconf 88' lang='lat' dir='ltr'><strong>mundum</strong></span> 
     </span>
    </p>
   </div>
   <div class='ocr_carea' id='block_1_105' title="bbox 2188 3551 3846 3624">
    <p class='ocr_par' dir='ltr' id='par_1_105' title="bbox 2188 3551 3846 3624">
     <span class='ocr_line' id='line_1_105' title="bbox 2188 3551 3846 3624; baseline 0.001 -18"><span class='ocrx_word' id='word_1_765' title='bbox 2188 3551 2416 3606; x_wconf 88' lang='lat' dir='ltr'><strong>infinita</strong></span> <span class='ocrx_word' id='word_1_766' title='bbox 2437 3553 2623 3624; x_wconf 85' lang='lat' dir='ltr'><strong>spatia</strong></span> <span class='ocrx_word' id='word_1_767' title='bbox 2644 3551 2924 3618; x_wconf 89' lang='lat' dir='ltr'><strong>locorum,</strong></span> <span class='ocrx_word' id='word_1_768' title='bbox 2949 3552 3006 3606; x_wconf 90' lang='lat' dir='ltr'><strong>in</strong></span> <span class='ocrx_word' id='word_1_769' title='bbox 3032 3553 3248 3624; x_wconf 90' lang='lat' dir='ltr'><strong>quibus</strong></span> <span class='ocrx_word' id='word_1_770' title='bbox 3273 3553 3320 3607; x_wconf 90' lang='lat' dir='ltr'><strong>si</strong></span> <span class='ocrx_word' id='word_1_771' title='bbox 3345 3551 3659 3624; x_wconf 80' lang='lat' dir='ltr'><strong>quisquam</strong></span> <span class='ocrx_word' id='word_1_772' title='bbox 3684 3553 3846 3608; x_wconf 87' lang='lat' dir='ltr'><strong>dicat</strong></span> 
     </span>
    </p>
   </div>
   <div class='ocr_carea' id='block_1_106' title="bbox 2187 3632 3840 3704">
    <p class='ocr_par' dir='ltr' id='par_1_106' title="bbox 2187 3632 3840 3704">
     <span class='ocr_line' id='line_1_106' title="bbox 2187 3632 3840 3704; baseline 0.001 -16"><span class='ocrx_word' id='word_1_773' title='bbox 2187 3647 2301 3688; x_wconf 86' lang='lat' dir='ltr'><strong>non</strong></span> <span class='ocrx_word' id='word_1_774' title='bbox 2337 3632 2598 3704; x_wconf 89' lang='lat' dir='ltr'><strong>potuisse</strong></span> <span class='ocrx_word' id='word_1_775' title='bbox 2631 3649 2828 3688; x_wconf 84' lang='lat' dir='ltr'><strong>vacare</strong></span> <span class='ocrx_word' id='word_1_776' title='bbox 2857 3633 3340 3702; x_wconf 88' lang='lat' dir='ltr'><strong>omnipotentem,</strong></span> <span class='ocrx_word' id='word_1_777' title='bbox 3392 3636 3585 3688; x_wconf 83' lang='lat' dir='ltr'><strong>nonne</strong></span> <span class='ocrx_word' id='word_1_778' title='bbox 3629 3649 3840 3689; x_wconf 90' lang='lat' dir='ltr'><strong>conse-</strong></span> 
     </span>
    </p>
   </div>
   <div class='ocr_carea' id='block_1_107' title="bbox 2187 3712 3839 3786">
    <p class='ocr_par' dir='ltr' id='par_1_107' title="bbox 2187 3712 3839 3786">
     <span class='ocr_line' id='line_1_107' title="bbox 2187 3712 3839 3786; baseline 0.002 -19"><span class='ocrx_word' id='word_1_779' title='bbox 2187 3728 2374 3783; x_wconf 89' lang='lat' dir='ltr'><strong>quens</strong></span> <span class='ocrx_word' id='word_1_780' title='bbox 2405 3713 2532 3778; x_wconf 87' lang='lat' dir='ltr'><strong>erit,</strong></span> <span class='ocrx_word' id='word_1_781' title='bbox 2568 3717 2632 3767; x_wconf 88' lang='lat' dir='ltr'><strong>ut</strong></span> <span class='ocrx_word' id='word_1_782' title='bbox 2662 3713 3119 3768; x_wconf 90' lang='lat' dir='ltr'><strong>innumerabiles</strong></span> <span class='ocrx_word' id='word_1_783' title='bbox 3144 3713 3396 3768; x_wconf 90' lang='lat' dir='ltr'><strong>mundos</strong></span> <span class='ocrx_word' id='word_1_784' title='bbox 3420 3729 3554 3768; x_wconf 92' lang='lat' dir='ltr'><strong>cum</strong></span> <span class='ocrx_word' id='word_1_785' title='bbox 3586 3712 3839 3786; x_wconf 88' lang='lat' dir='ltr'><strong>Epicuro</strong></span> 
     </span>
    </p>
   </div>
   <div class='ocr_carea' id='block_1_108' title="bbox 2185 3791 3844 3864">
    <p class='ocr_par' dir='ltr' id='par_1_108' title="bbox 2185 3791 3844 3864">
     <span class='ocr_line' id='line_1_108' title="bbox 2185 3791 3844 3864; baseline 0.002 -18"><span class='ocrx_word' id='word_1_786' title='bbox 2185 3793 2481 3847; x_wconf 90' lang='lat' dir='ltr'><strong>somniare</strong></span> <span class='ocrx_word' id='word_1_787' title='bbox 2502 3791 2869 3863; x_wconf 78' lang='lat' dir='ltr'><strong>cogantur3;</strong></span> <span class='ocrx_word' id='word_1_788' title='bbox 2903 3809 2971 3848; x_wconf 90' lang='lat' dir='ltr'><strong>ea</strong></span> <span class='ocrx_word' id='word_1_789' title='bbox 3001 3797 3226 3848; x_wconf 81' lang='lat' dir='ltr'><strong>tantum</strong></span> <span class='ocrx_word' id='word_1_790' title='bbox 3280 3793 3629 3862; x_wconf 75' lang='lat' dir='ltr'><strong>differentia,</strong></span> <span class='ocrx_word' id='word_1_791' title='bbox 3673 3793 3844 3864; x_wconf 82' lang='lat' dir='ltr'><strong>quod</strong></span> 
     </span>
    </p>
   </div>
   <div class='ocr_carea' id='block_1_109' title="bbox 2185 3871 3838 3944">
    <p class='ocr_par' dir='ltr' id='par_1_109' title="bbox 2185 3871 3838 3944">
     <span class='ocr_line' id='line_1_109' title="bbox 2185 3871 3838 3944; baseline 0.002 -18"><span class='ocrx_word' id='word_1_792' title='bbox 2185 3886 2283 3927; x_wconf 91' lang='lat' dir='ltr'><strong>eos</strong></span> <span class='ocrx_word' id='word_1_793' title='bbox 2314 3871 2410 3926; x_wconf 91' lang='lat' dir='ltr'><strong>ille</strong></span> <span class='ocrx_word' id='word_1_794' title='bbox 2444 3873 2692 3927; x_wconf 87' lang='lat' dir='ltr'><strong>fortuitis</strong></span> <span class='ocrx_word' id='word_1_795' title='bbox 2725 3873 2980 3928; x_wconf 90' lang='lat' dir='ltr'><strong>motibus</strong></span> <span class='ocrx_word' id='word_1_796' title='bbox 3012 3878 3325 3928; x_wconf 89' lang='lat' dir='ltr'><strong>atomorum</strong></span> <span class='ocrx_word' id='word_1_797' title='bbox 3348 3873 3510 3944; x_wconf 82' lang='lat' dir='ltr'><strong>gigni</strong></span> <span class='ocrx_word' id='word_1_798' title='bbox 3542 3873 3754 3928; x_wconf 90' lang='lat' dir='ltr'><strong>asserit</strong></span> <span class='ocrx_word' id='word_1_799' title='bbox 3777 3878 3838 3929; x_wconf 86' lang='lat' dir='ltr'><strong>et</strong></span> 
     </span>
    </p>
   </div>
   <div class='ocr_carea' id='block_1_110' title="bbox 2186 3951 3832 4021">
    <p class='ocr_par' dir='ltr' id='par_1_110' title="bbox 2186 3951 3832 4021">
     <span class='ocr_line' id='line_1_110' title="bbox 2186 3951 3832 4021; baseline 0.001 -15"><span class='ocrx_word' id='word_1_800' title='bbox 2186 3951 2413 4016; x_wconf 90' lang='lat' dir='ltr'><strong>resolvi,</strong></span> <span class='ocrx_word' id='word_1_801' title='bbox 2447 3951 2537 4005; x_wconf 90' lang='lat' dir='ltr'><strong>isti</strong></span> <span class='ocrx_word' id='word_1_802' title='bbox 2572 3956 2761 4005; x_wconf 85' lang='lat' dir='ltr'><strong>autem</strong></span> <span class='ocrx_word' id='word_1_803' title='bbox 2816 3967 2985 4020; x_wconf 85' lang='lat' dir='ltr'><strong>opere</strong></span> <span class='ocrx_word' id='word_1_804' title='bbox 3035 3952 3132 4008; x_wconf 88' lang='lat' dir='ltr'><strong>Dei</strong></span> <span class='ocrx_word' id='word_1_805' title='bbox 3168 3953 3348 4008; x_wconf 80' lang='lat' dir='ltr'><strong>factos</strong></span> <span class='ocrx_word' id='word_1_806' title='bbox 3399 3952 3614 4008; x_wconf 87' lang='lat' dir='ltr'><strong>dicturi</strong></span> <span class='ocrx_word' id='word_1_807' title='bbox 3667 3957 3832 4021; x_wconf 89' lang='lat' dir='ltr'><strong>sunt,</strong></span> 
     </span>
    </p>
   </div>
   <div class='ocr_carea' id='block_1_111' title="bbox 2185 4029 3834 4100">
    <p class='ocr_par' dir='ltr' id='par_1_111' title="bbox 2185 4029 3834 4100">
     <span class='ocr_line' id='line_1_111' title="bbox 2185 4029 3834 4100; baseline 0.001 -14"><span class='ocrx_word' id='word_1_808' title='bbox 2185 4030 2232 4086; x_wconf 89' lang='lat' dir='ltr'><strong>si</strong></span> <span class='ocrx_word' id='word_1_809' title='bbox 2265 4047 2399 4085; x_wconf 92' lang='lat' dir='ltr'><strong>eum</strong></span> <span class='ocrx_word' id='word_1_810' title='bbox 2435 4029 3037 4100; x_wconf 88' lang='lat' dir='ltr'><strong>perinterminabilem</strong></span> <span class='ocrx_word' id='word_1_811' title='bbox 3068 4031 3538 4098; x_wconf 69' lang='lat' dir='ltr'><strong>fimmensitatem</strong></span> <span class='ocrx_word' id='word_1_812' title='bbox 3571 4031 3834 4089; x_wconf 90' lang='lat' dir='ltr'><strong>locorum</strong></span> 
     </span>
    </p>
   </div>
   <div class='ocr_carea' id='block_1_112' title="bbox 2183 4111 3839 4185">
    <p class='ocr_par' dir='ltr' id='par_1_112' title="bbox 2183 4111 3839 4185">
     <span class='ocr_line' id='line_1_112' title="bbox 2183 4111 3839 4185; baseline 0.001 -19"><span class='ocrx_word' id='word_1_813' title='bbox 2183 4119 2339 4166; x_wconf 85' lang='lat' dir='ltr'><strong>extra</strong></span> <span class='ocrx_word' id='word_1_814' title='bbox 2396 4111 2680 4165; x_wconf 86' lang='lat' dir='ltr'><strong>mundum</strong></span> <span class='ocrx_word' id='word_1_815' title='bbox 2731 4111 3187 4185; x_wconf 88' lang='lat' dir='ltr'><strong>circumquaque</strong></span> <span class='ocrx_word' id='word_1_816' title='bbox 3253 4114 3571 4185; x_wconf 90' lang='lat' dir='ltr'><strong>patentium</strong></span> <span class='ocrx_word' id='word_1_817' title='bbox 3629 4128 3839 4169; x_wconf 86' lang='lat' dir='ltr'><strong>vacare</strong></span> 
     </span>
    </p>
   </div>
   <div class='ocr_carea' id='block_1_113' title="bbox 2185 4191 3836 4264">
    <p class='ocr_par' dir='ltr' id='par_1_113' title="bbox 2185 4191 3836 4264">
     <span class='ocr_line' id='line_1_113' title="bbox 2185 4191 3836 4264; baseline 0.002 -19"><span class='ocrx_word' id='word_1_818' title='bbox 2185 4191 2494 4256; x_wconf 90' lang='lat' dir='ltr'><strong>noluerint,</strong></span> <span class='ocrx_word' id='word_1_819' title='bbox 2529 4205 2633 4246; x_wconf 90' lang='lat' dir='ltr'><strong>nec</strong></span> <span class='ocrx_word' id='word_1_820' title='bbox 2661 4191 2897 4246; x_wconf 91' lang='lat' dir='ltr'><strong>eosdem</strong></span> <span class='ocrx_word' id='word_1_821' title='bbox 2925 4194 3197 4258; x_wconf 87' lang='lat' dir='ltr'><strong>mundos,</strong></span> <span class='ocrx_word' id='word_1_822' title='bbox 3228 4194 3382 4264; x_wconf 92' lang='lat' dir='ltr'><strong>quod</strong></span> <span class='ocrx_word' id='word_1_823' title='bbox 3414 4194 3587 4248; x_wconf 91' lang='lat' dir='ltr'><strong>etiam</strong></span> <span class='ocrx_word' id='word_1_824' title='bbox 3621 4193 3691 4249; x_wconf 87' lang='lat' dir='ltr'><strong>de</strong></span> <span class='ocrx_word' id='word_1_825' title='bbox 3717 4193 3836 4249; x_wconf 87' lang='lat' dir='ltr'><strong>isto</strong></span> 
     </span>
    </p>
   </div>
   <div class='ocr_carea' id='block_1_114' title="bbox 2184 4271 3835 4342">
    <p class='ocr_par' dir='ltr' id='par_1_114' title="bbox 2184 4271 3835 4342">
     <span class='ocr_line' id='line_1_114' title="bbox 2184 4271 3835 4342; baseline 0.002 -15"><span class='ocrx_word' id='word_1_826' title='bbox 2184 4271 2465 4338; x_wconf 89' lang='lat' dir='ltr'><strong>sentiunt,</strong></span> <span class='ocrx_word' id='word_1_827' title='bbox 2499 4271 2618 4326; x_wconf 91' lang='lat' dir='ltr'><strong>ulla</strong></span> <span class='ocrx_word' id='word_1_828' title='bbox 2643 4289 2822 4326; x_wconf 88' lang='lat' dir='ltr'><strong>causa</strong></span> <span class='ocrx_word' id='word_1_829' title='bbox 2855 4289 3020 4342; x_wconf 84' lang='lat' dir='ltr'><strong>posse</strong></span> <span class='ocrx_word' id='word_1_830' title='bbox 3051 4272 3344 4329; x_wconf 84' lang='lat' dir='ltr'><strong>dissolvi?</strong></span> <span class='ocrx_word' id='word_1_831' title='bbox 3372 4276 3513 4328; x_wconf 89' lang='lat' dir='ltr'><strong>Cum</strong></span> <span class='ocrx_word' id='word_1_832' title='bbox 3548 4274 3641 4330; x_wconf 91' lang='lat' dir='ltr'><strong>his</strong></span> <span class='ocrx_word' id='word_1_833' title='bbox 3673 4273 3835 4330; x_wconf 89' lang='lat' dir='ltr'><strong>enim</strong></span> 
     </span>
    </p>
   </div>
   <div class='ocr_carea' id='block_1_115' title="bbox 2183 4352 3869 4425">
    <p class='ocr_par' dir='ltr' id='par_1_115' title="bbox 2183 4352 3869 4425">
     <span class='ocr_line' id='line_1_115' title="bbox 2183 4352 3869 4425; baseline 0.002 -18"><span class='ocrx_word' id='word_1_834' title='bbox 2183 4353 2411 4424; x_wconf 86' lang='lat' dir='ltr'><strong>agimus</strong></span> <span class='ocrx_word' id='word_1_835' title='bbox 2434 4353 2532 4422; x_wconf 90' lang='lat' dir='ltr'><strong>qui</strong></span> <span class='ocrx_word' id='word_1_836' title='bbox 2566 4357 2624 4407; x_wconf 90' lang='lat' dir='ltr'><strong>et</strong></span> <span class='ocrx_word' id='word_1_837' title='bbox 2653 4352 2834 4408; x_wconf 89' lang='lat' dir='ltr'><strong>Deum</strong></span> <span class='ocrx_word' id='word_1_838' title='bbox 2868 4353 3297 4425; x_wconf 88' lang='lat' dir='ltr'><strong>incorporeum,</strong></span> <span class='ocrx_word' id='word_1_839' title='bbox 3330 4359 3385 4409; x_wconf 89' lang='lat' dir='ltr'><strong>et</strong></span> <span class='ocrx_word' id='word_1_840' title='bbox 3426 4354 3686 4411; x_wconf 89' lang='lat' dir='ltr'><strong>omnium</strong></span> <span class='ocrx_word' id='word_1_841' title='bbox 3724 4353 3869 4411; x_wconf 78' lang='lat' dir='ltr'><strong>na-l</strong></span> 
     </span>
    </p>
   </div>
   <div class='ocr_carea' id='block_1_116' title="bbox 2181 4435 3837 4506">
    <p class='ocr_par' dir='ltr' id='par_1_116' title="bbox 2181 4435 3837 4506">
     <span class='ocr_line' id='line_1_116' title="bbox 2181 4435 3837 4506; baseline 0.002 -18"><span class='ocrx_word' id='word_1_842' title='bbox 2181 4439 2446 4488; x_wconf 90' lang='lat' dir='ltr'><strong>turarum</strong></span> <span class='ocrx_word' id='word_1_843' title='bbox 2481 4450 2604 4504; x_wconf 84' lang='lat' dir='ltr'><strong>quae</strong></span> <span class='ocrx_word' id='word_1_844' title='bbox 2638 4451 2752 4488; x_wconf 92' lang='lat' dir='ltr'><strong>non</strong></span> <span class='ocrx_word' id='word_1_845' title='bbox 2784 4442 2920 4489; x_wconf 90' lang='lat' dir='ltr'><strong>sunt</strong></span> <span class='ocrx_word' id='word_1_846' title='bbox 2951 4436 3100 4503; x_wconf 91' lang='lat' dir='ltr'><strong>quod</strong></span> <span class='ocrx_word' id='word_1_847' title='bbox 3135 4436 3278 4506; x_wconf 90' lang='lat' dir='ltr'><strong>ipse,</strong></span> <span class='ocrx_word' id='word_1_848' title='bbox 3299 4444 3614 4493; x_wconf 88' lang='lat' dir='ltr'><strong>creatorem</strong></span> <span class='ocrx_word' id='word_1_849' title='bbox 3643 4435 3837 4492; x_wconf 90' lang='lat' dir='ltr'><strong>nobis-</strong></span> 
     </span>
    </p>
   </div>
   <div class='ocr_carea' id='block_1_117' title="bbox 2182 4514 3834 4588">
    <p class='ocr_par' dir='ltr' id='par_1_117' title="bbox 2182 4514 3834 4588">
     <span class='ocr_line' id='line_1_117' title="bbox 2182 4514 3834 4588; baseline 0.001 -17"><span class='ocrx_word' id='word_1_850' title='bbox 2182 4529 2313 4571; x_wconf 89' lang='lat' dir='ltr'><strong>cum</strong></span> <span class='ocrx_word' id='word_1_851' title='bbox 2346 4516 2643 4580; x_wconf 89' lang='lat' dir='ltr'><strong>sentiunt;</strong></span> <span class='ocrx_word' id='word_1_852' title='bbox 2676 4514 2821 4570; x_wconf 88' lang='lat' dir='ltr'><strong>alios</strong></span> <span class='ocrx_word' id='word_1_853' title='bbox 2855 4520 3047 4570; x_wconf 88' lang='lat' dir='ltr'><strong>autem</strong></span> <span class='ocrx_word' id='word_1_854' title='bbox 3082 4516 3259 4572; x_wconf 90' lang='lat' dir='ltr'><strong>nimis</strong></span> <span class='ocrx_word' id='word_1_855' title='bbox 3302 4516 3611 4588; x_wconf 87' lang='lat' dir='ltr'><strong>indignum</strong></span> <span class='ocrx_word' id='word_1_856' title='bbox 3643 4522 3733 4573; x_wconf 83' lang='lat' dir='ltr'><strong>est</strong></span> <span class='ocrx_word' id='word_1_857' title='bbox 3761 4517 3834 4572; x_wconf 87' lang='lat' dir='ltr'><strong>ad</strong></span> 
     </span>
    </p>
   </div>
   <div class='ocr_carea' id='block_1_118' title="bbox 2181 4594 3836 4668">
    <p class='ocr_par' dir='ltr' id='par_1_118' title="bbox 2181 4594 3836 4668">
     <span class='ocr_line' id='line_1_118' title="bbox 2181 4594 3836 4668; baseline 0.004 -20"><span class='ocrx_word' id='word_1_858' title='bbox 2181 4595 2352 4650; x_wconf 89' lang='lat' dir='ltr'><strong>istam</strong></span> <span class='ocrx_word' id='word_1_859' title='bbox 2385 4594 2833 4667; x_wconf 88' lang='lat' dir='ltr'><strong>disputationem</strong></span> <span class='ocrx_word' id='word_1_860' title='bbox 2868 4595 3161 4668; x_wconf 84' lang='lat' dir='ltr'><strong>religionis</strong></span> <span class='ocrx_word' id='word_1_861' title='bbox 3210 4597 3549 4653; x_wconf 87' lang='lat' dir='ltr'><strong>admittere:</strong></span> <span class='ocrx_word' id='word_1_862' title='bbox 3581 4597 3836 4654; x_wconf 80' lang='lat' dir='ltr'><strong>maxime</strong></span> 
     </span>
    </p>
   </div>
   <div class='ocr_carea' id='block_1_119' title="bbox 2182 4675 3832 4750">
    <p class='ocr_par' dir='ltr' id='par_1_119' title="bbox 2182 4675 3832 4750">
     <span class='ocr_line' id='line_1_119' title="bbox 2182 4675 3832 4750; baseline 0.004 -20"><span class='ocrx_word' id='word_1_863' title='bbox 2182 4676 2336 4746; x_wconf 91' lang='lat' dir='ltr'><strong>quod</strong></span> <span class='ocrx_word' id='word_1_864' title='bbox 2355 4678 2505 4748; x_wconf 87' lang='lat' dir='ltr'><strong>apud</strong></span> <span class='ocrx_word' id='word_1_865' title='bbox 2526 4692 2624 4731; x_wconf 82' lang='lat' dir='ltr'><strong>eos</strong></span> <span class='ocrx_word' id='word_1_866' title='bbox 2642 4675 2994 4747; x_wconf 51' lang='lat' dir='ltr'><strong>{quimultis</strong></span> <span class='ocrx_word' id='word_1_867' title='bbox 3020 4678 3133 4732; x_wconf 90' lang='lat' dir='ltr'><strong>diis</strong></span> <span class='ocrx_word' id='word_1_868' title='bbox 3156 4694 3458 4736; x_wconf 85' lang='lat' dir='ltr'><strong>sacrorum</strong></span> <span class='ocrx_word' id='word_1_869' title='bbox 3485 4678 3832 4750; x_wconf 85' lang='lat' dir='ltr'><strong>obsequium</strong></span> 
     </span>
    </p>
   </div>
   <div class='ocr_carea' id='block_1_120' title="bbox 2248 4897 3836 4962">
    <p class='ocr_par' dir='ltr' id='par_1_120' title="bbox 2248 4897 3836 4962">
     <span class='ocr_line' id='line_1_120' title="bbox 2248 4897 3836 4962; baseline -0.004 -14"><span class='ocrx_word' id='word_1_870' title='bbox 2248 4902 2263 4935; x_wconf 78' lang='grc' dir='ltr'>ί</span> <span class='ocrx_word' id='word_1_871' title='bbox 2295 4898 2452 4951; x_wconf 80' lang='lat' dir='ltr'><strong>Editi.</strong></span> <span class='ocrx_word' id='word_1_872' title='bbox 2474 4906 2758 4962; x_wconf 78' lang='lat' dir='ltr'><strong>tanquam</strong></span> <span class='ocrx_word' id='word_1_873' title='bbox 2788 4911 3001 4962; x_wconf 75' lang='lat' dir='ltr'><strong>verum.</strong></span> <span class='ocrx_word' id='word_1_874' title='bbox 3031 4897 3393 4962; x_wconf 18' lang='lat' dir='ltr'><strong>VeriusiMss”</strong></span> <span class='ocrx_word' id='word_1_875' title='bbox 3429 4906 3697 4962; x_wconf 60' lang='lat' dir='ltr'><strong>tanquam</strong></span> <span class='ocrx_word' id='word_1_876' title='bbox 3727 4909 3836 4962; x_wconf 60' lang='lat' dir='ltr'><strong>nit-</strong></span> 
     </span>
    </p>
   </div>
   <div class='ocr_carea' id='block_1_121' title="bbox 2179 4957 3832 5022">
    <p class='ocr_par' dir='ltr' id='par_1_121' title="bbox 2179 4957 3832 5022">
     <span class='ocr_line' id='line_1_121' title="bbox 2179 4957 3832 5022; baseline -0.001 -13"><span class='ocrx_word' id='word_1_877' title='bbox 2179 4975 2414 5010; x_wconf 86' lang='lat' dir='ltr'><strong>merum.</strong></span> <span class='ocrx_word' id='word_1_878' title='bbox 2444 4957 2702 5010; x_wconf 76' lang='lat' dir='ltr'><strong>Numérus</strong></span> <span class='ocrx_word' id='word_1_879' title='bbox 2746 4961 2889 5010; x_wconf 87' lang='lat' dir='ltr'><strong>enim</strong></span> <span class='ocrx_word' id='word_1_880' title='bbox 2916 4961 3080 5010; x_wconf 87' lang='lat' dir='ltr'><strong>habet</strong></span> <span class='ocrx_word' id='word_1_881' title='bbox 3109 4961 3324 5022; x_wconf 84' lang='lat' dir='ltr'><strong>quidem</strong></span> <span class='ocrx_word' id='word_1_882' title='bbox 3365 4957 3582 5011; x_wconf 73' lang='lat' dir='ltr'><strong>initium</strong></span> <span class='ocrx_word' id='word_1_883' title='bbox 3609 4958 3677 5010; x_wconf 85' lang='lat' dir='ltr'><strong>ab</strong></span> <span class='ocrx_word' id='word_1_884' title='bbox 3703 4957 3832 5022; x_wconf 82' lang='lat' dir='ltr'><strong>uni-</strong></span> 
     </span>
    </p>
   </div>
   <div class='ocr_carea' id='block_1_122' title="bbox 2180 5021 3833 5131">
    <p class='ocr_par' dir='ltr' id='par_1_122' title="bbox 2180 5021 3833 5131">
     <span class='ocr_line' id='line_1_122' title="bbox 2180 5021 3833 5131; baseline -0.002 -58"><span class='ocrx_word' id='word_1_885' title='bbox 2180 5025 2308 5082; x_wconf 81' lang='lat' dir='ltr'><strong>tate,</strong></span> <span class='ocrx_word' id='word_1_886' title='bbox 2345 5025 2436 5073; x_wconf 90' lang='lat' dir='ltr'><strong>sed</strong></span> <span class='ocrx_word' id='word_1_887' title='bbox 2469 5023 2636 5073; x_wconf 85' lang='lat' dir='ltr'><strong>ﬁnem</strong></span> <span class='ocrx_word' id='word_1_888' title='bbox 2671 5036 2844 5100; x_wconf 50' lang='lat' dir='ltr'><strong>pense</strong></span> <span class='ocrx_word' id='word_1_889' title='bbox 2869 5024 2927 5072; x_wconf 90' lang='lat' dir='ltr'><strong>in</strong></span> <span class='ocrx_word' id='word_1_890' title='bbox 2955 5037 3060 5084; x_wconf 86' lang='lat' dir='ltr'><strong>quo</strong></span> <span class='ocrx_word' id='word_1_891' title='bbox 3088 5021 3245 5074; x_wconf 81' lang='lat' dir='ltr'><strong>sistat</strong></span> <span class='ocrx_word' id='word_1_892' title='bbox 3271 5037 3378 5100; x_wconf 70' lang='lat' dir='ltr'><strong>pen</strong></span> <span class='ocrx_word' id='word_1_893' title='bbox 3421 5024 3606 5073; x_wconf 88' lang='lat' dir='ltr'><strong>habet:</strong></span> <span class='ocrx_word' id='word_1_894' title='bbox 3636 5021 3833 5131; x_wconf 49' lang='lat' dir='ltr'><strong>quippe</strong></span> 
     </span>
     <span class='ocr_line' id='line_1_123' title="bbox 2180 5081 3833 5131; baseline 0 0"><span class='ocrx_word' id='word_1_895' title='bbox 2180 5088 2609 5131; x_wconf 82' lang='lat' dir='ltr'><strong>nnantocumane</strong></span> <span class='ocrx_word' id='word_1_896' title='bbox 2661 5085 2841 5131; x_wconf 79' lang='lat' dir='ltr'><strong>addlto</strong></span> <span class='ocrx_word' id='word_1_897' title='bbox 2886 5100 3107 5131; x_wconf 85' lang='lat' dir='ltr'><strong>numero</strong></span> <span class='ocrx_word' id='word_1_898' title='bbox 3184 5100 3356 5131; x_wconf 73' lang='lat' dir='ltr'><strong>maror</strong></span> <span class='ocrx_word' id='word_1_899' title='bbox 3409 5098 3616 5131; x_wconf 79' lang='lat' dir='ltr'><strong>semper</strong></span> <span class='ocrx_word' id='word_1_900' title='bbox 3671 5083 3756 5131; x_wconf 74' lang='lat' dir='ltr'><strong>ad]</strong></span> <span class='ocrx_word' id='word_1_901' title='bbox 3782 5081 3833 5131; x_wconf 81' lang='lat' dir='ltr'><strong>ei</strong></span> 
     </span>
    </p>
   </div>
   <div class='ocr_carea' id='block_1_123' title="bbox 2177 5081 3836 5198">
    <p class='ocr_par' dir='ltr' id='par_1_123' title="bbox 2177 5081 3836 5198">
     <span class='ocr_line' id='line_1_124' title="bbox 2177 5081 3836 5198; baseline -0.001 -64"><span class='ocrx_word' id='word_1_902' title='bbox 2177 5088 2609 5198; x_wconf 46' lang='lat' dir='ltr'><strong>qugnﬁocumque</strong></span> <span class='ocrx_word' id='word_1_903' title='bbox 2661 5081 2841 5136; x_wconf 79' lang='lat' dir='ltr'><strong>addito</strong></span> <span class='ocrx_word' id='word_1_904' title='bbox 2886 5081 3107 5136; x_wconf 75' lang='lat' dir='ltr'><strong>numero</strong></span> <span class='ocrx_word' id='word_1_905' title='bbox 3184 5087 3356 5149; x_wconf 87' lang='lat' dir='ltr'><strong>major</strong></span> <span class='ocrx_word' id='word_1_906' title='bbox 3409 5098 3616 5148; x_wconf 85' lang='lat' dir='ltr'><strong>semper</strong></span> <span class='ocrx_word' id='word_1_907' title='bbox 3651 5081 3836 5146; x_wconf 66' lang='lat' dir='ltr'><strong>&#39;adiici</strong></span> 
     </span>
     <span class='ocr_line' id='line_1_125' title="bbox 2178 5163 2366 5198; baseline -0.011 0"><span class='ocrx_word' id='word_1_908' title='bbox 2178 5163 2244 5198; x_wconf 83' lang='lat' dir='ltr'><strong>no</strong></span> <span class='ocrx_word' id='word_1_909' title='bbox 2269 5163 2326 5198; x_wconf 89' lang='lat' dir='ltr'><strong>es</strong></span> <span class='ocrx_word' id='word_1_910' title='bbox 2356 5185 2366 5196; x_wconf 94' lang='lat'><strong>.</strong></span> 
     </span>
    </p>
   </div>
   <div class='ocr_carea' id='block_1_124' title="bbox 2213 5163 2366 5199">
    <p class='ocr_par' dir='ltr' id='par_1_124' title="bbox 2213 5163 2366 5199">
     <span class='ocr_line' id='line_1_126' title="bbox 2213 5163 2366 5199; baseline -0.02 0"><span class='ocrx_word' id='word_1_911' title='bbox 2213 5163 2366 5199; x_wconf 72' lang='grc' dir='ltr'><strong>Οῐθεῑ.</strong></span> 
     </span>
    </p>
   </div>
   <div class='ocr_carea' id='block_1_125' title="bbox 2177 5163 3014 5273">
    <p class='ocr_par' dir='ltr' id='par_1_125' title="bbox 2177 5163 3014 5273">
     <span class='ocr_line' id='line_1_127' title="bbox 2177 5163 2366 5212; baseline -0.016 -13"><span class='ocrx_word' id='word_1_912' title='bbox 2177 5163 2366 5212; x_wconf 75' lang='grc' dir='ltr'><strong>ροιοει.</strong></span> 
     </span>
     <span class='ocr_line' id='line_1_128' title="bbox 2241 5210 3014 5273; baseline -0.004 -13"><span class='ocrx_word' id='word_1_913' title='bbox 2241 5213 2262 5246; x_wconf 78' lang='grc'>²</span> <span class='ocrx_word' id='word_1_914' title='bbox 2292 5211 2540 5262; x_wconf 81' lang='lat' dir='ltr'><strong>Nonnulli</strong></span> <span class='ocrx_word' id='word_1_915' title='bbox 2573 5211 2717 5264; x_wconf 64' lang='lat' dir='ltr'><strong>Msa.</strong></span> <span class='ocrx_word' id='word_1_916' title='bbox 2753 5210 3014 5273; x_wconf 82' lang='lat' dir='ltr'><strong>cogitant.</strong></span> 
     </span>
    </p>
   </div>
   <div class='ocr_carea' id='block_1_126' title="bbox 2241 5272 3080 5332">
    <p class='ocr_par' dir='ltr' id='par_1_126' title="bbox 2241 5272 3080 5332">
     <span class='ocr_line' id='line_1_129' title="bbox 2241 5272 3080 5332; baseline -0.004 -9"><span class='ocrx_word' id='word_1_917' title='bbox 2241 5277 2262 5308; x_wconf 83' lang='grc'><strong>³</strong></span> <span class='ocrx_word' id='word_1_918' title='bbox 2293 5274 2378 5326; x_wconf 90' lang='lat' dir='ltr'><strong>Sic</strong></span> <span class='ocrx_word' id='word_1_919' title='bbox 2405 5275 2511 5323; x_wconf 86' lang='lat' dir='ltr'><strong>Mss</strong></span> <span class='ocrx_word' id='word_1_920' title='bbox 2558 5275 2628 5322; x_wconf 83' lang='lat' dir='ltr'><strong>At</strong></span> <span class='ocrx_word' id='word_1_921' title='bbox 2654 5272 3080 5332; x_wconf 82' lang='lat' dir='ltr'><strong>Editi.cogatur.</strong></span> 
     </span>
    </p>
   </div>
   <div class='ocr_carea' id='block_1_127' title="bbox 2240 5331 3834 5406">
    <p class='ocr_par' dir='ltr' id='par_1_127' title="bbox 2240 5331 3834 5406">
     <span class='ocr_line' id='line_1_130' title="bbox 2240 5331 3834 5406; baseline -0.004 -20"><span class='ocrx_word' id='word_1_922' title='bbox 2240 5337 2262 5370; x_wconf 79' lang='lat'><strong>‘</strong></span> <span class='ocrx_word' id='word_1_923' title='bbox 2291 5339 2354 5406; x_wconf 90' lang='lat' dir='ltr'><strong>In_</strong></span> <span class='ocrx_word' id='word_1_924' title='bbox 2378 5331 3053 5406; x_wconf 77' lang='lat' dir='ltr'><strong>editione_Lov._omissum</strong></span> <span class='ocrx_word' id='word_1_925' title='bbox 3081 5337 3178 5406; x_wconf 71' lang='lat' dir='ltr'><strong>est,</strong></span> <span class='ocrx_word' id='word_1_926' title='bbox 3214 5337 3474 5406; x_wconf 51' lang='grc' dir='ltr'><strong>Δπιιιξιινίίῖῃε</strong></span> <span class='ocrx_word' id='word_1_927' title='bbox 3503 5333 3651 5406; x_wconf 77' lang='lat' dir='ltr'><strong>quod</strong></span> <span class='ocrx_word' id='word_1_928' title='bbox 3676 5331 3834 5406; x_wconf 55' lang='lat' dir='ltr'><strong>apud</strong></span> 
     </span>
    </p>
   </div>
   <div class='ocr_carea' id='block_1_128' title="bbox 2175 5398 3838 5468">
    <p class='ocr_par' dir='ltr' id='par_1_128' title="bbox 2175 5398 3838 5468">
     <span class='ocr_line' id='line_1_131' title="bbox 2175 5398 3838 5468; baseline -0.002 -22"><span class='ocrx_word' id='word_1_929' title='bbox 2175 5412 2280 5468; x_wconf 68' lang='lat' dir='ltr'><strong>eos,</strong></span> <span class='ocrx_word' id='word_1_930' title='bbox 2311 5403 2363 5468; x_wconf 78' lang='lat' dir='ltr'><strong>et</strong></span> <span class='ocrx_word' id='word_1_931' title='bbox 2394 5399 2559 5468; x_wconf 65' lang='lat' dir='ltr'><strong>verba</strong></span> <span class='ocrx_word' id='word_1_932' title='bbox 2587 5399 2662 5447; x_wconf 88' lang='lat' dir='ltr'><strong>sic</strong></span> <span class='ocrx_word' id='word_1_933' title='bbox 2691 5398 2830 5468; x_wconf 77' lang='lat' dir='ltr'><strong>male</strong></span> <span class='ocrx_word' id='word_1_934' title='bbox 2857 5403 2984 5468; x_wconf 76' lang='lat' dir='ltr'><strong>sunt</strong></span> <span class='ocrx_word' id='word_1_935' title='bbox 3019 5398 3299 5468; x_wconf 75' lang='lat' dir='ltr'><strong>colligata;</strong></span> <span class='ocrx_word' id='word_1_936' title='bbox 3328 5399 3487 5468; x_wconf 75' lang='lat' dir='ltr'><strong>_Atio:</strong></span> <span class='ocrx_word' id='word_1_937' title='bbox 3508 5398 3704 5468; x_wconf 60' lang='lat' dir='ltr'><strong>autent</strong></span> <span class='ocrx_word' id='word_1_938' title='bbox 3745 5398 3838 5468; x_wconf 67' lang='lat' dir='ltr'><strong>ni-</strong></span> 
     </span>
    </p>
   </div>
   <div class='ocr_carea' id='block_1_129' title="bbox 2175 5458 3831 5525">
    <p class='ocr_par' dir='ltr' id='par_1_129' title="bbox 2175 5458 3831 5525">
     <span class='ocr_line' id='line_1_132' title="bbox 2175 5458 3831 5525; baseline -0.003 -16"><span class='ocrx_word' id='word_1_939' title='bbox 2175 5462 2283 5525; x_wconf 71' lang='lat' dir='ltr'><strong>mis</strong></span> <span class='ocrx_word' id='word_1_940' title='bbox 2315 5462 2621 5525; x_wconf 77' lang='lat' dir='ltr'><strong>indignum</strong></span> <span class='ocrx_word' id='word_1_941' title='bbox 2651 5469 2725 5508; x_wconf 80' lang='lat' dir='ltr'><strong>est</strong></span> <span class='ocrx_word' id='word_1_942' title='bbox 2750 5461 2830 5525; x_wconf 69' lang='lat' dir='ltr'><strong>ad</strong></span> <span class='ocrx_word' id='word_1_943' title='bbox 2863 5461 3027 5525; x_wconf 65' lang='lat' dir='ltr'><strong>istam</strong></span> <span class='ocrx_word' id='word_1_944' title='bbox 3066 5458 3501 5525; x_wconf 62' lang='lat' dir='ltr'><strong>disputationem</strong></span> <span class='ocrx_word' id='word_1_945' title='bbox 3528 5458 3831 5525; x_wconf 69' lang='lat' dir='ltr'><strong>religignie</strong></span> 
     </span>
    </p>
   </div>
   <div class='ocr_carea' id='block_1_130' title="bbox 2171 5519 3832 5589">
    <p class='ocr_par' dir='ltr' id='par_1_130' title="bbox 2171 5519 3832 5589">
     <span class='ocr_line' id='line_1_133' title="bbox 2171 5519 3832 5589; baseline -0.001 -18"><span class='ocrx_word' id='word_1_946' title='bbox 2171 5519 2482 5589; x_wconf 55' lang='lat' dir='ltr'><strong>admittere,</strong></span> <span class='ocrx_word' id='word_1_947' title='bbox 2513 5523 2613 5586; x_wconf 84' lang='lat' dir='ltr'><strong>qui</strong></span> <span class='ocrx_word' id='word_1_948' title='bbox 2640 5523 2840 5589; x_wconf 52' lang='lat' dir='ltr'><strong>multis</strong></span> <span class='ocrx_word' id='word_1_949' title='bbox 2869 5523 2980 5589; x_wconf 59' lang='lat' dir='ltr'><strong>etiis</strong></span> <span class='ocrx_word' id='word_1_950' title='bbox 3009 5519 3300 5589; x_wconf 59' lang='lat' dir='ltr'><strong>sacrorum</strong></span> <span class='ocrx_word' id='word_1_951' title='bbox 3332 5524 3656 5589; x_wconf 76' lang='lat' dir='ltr'><strong>obsequium</strong></span> <span class='ocrx_word' id='word_1_952' title='bbox 3688 5519 3832 5589; x_wconf 61' lang='lat' dir='ltr'><strong>dare:</strong></span> 
     </span>
    </p>
   </div>
   <div class='ocr_carea' id='block_1_131' title="bbox 2173 5581 3828 5649">
    <p class='ocr_par' dir='ltr' id='par_1_131' title="bbox 2173 5581 3828 5649">
     <span class='ocr_line' id='line_1_134' title="bbox 2173 5581 3828 5649; baseline -0.001 -15"><span class='ocrx_word' id='word_1_953' title='bbox 2173 5585 2411 5649; x_wconf 68' lang='lat' dir='ltr'><strong>rendam</strong></span> <span class='ocrx_word' id='word_1_954' title='bbox 2429 5581 2655 5647; x_wconf 77' lang='lat' dir='ltr'><strong>putant.</strong></span> <span class='ocrx_word' id='word_1_955' title='bbox 2694 5586 2800 5635; x_wconf 79' lang='lat' dir='ltr'><strong>Isti</strong></span> <span class='ocrx_word' id='word_1_956' title='bbox 2831 5586 3153 5649; x_wconf 78' lang='lat' dir='ltr'><strong>philosophi</strong></span> <span class='ocrx_word' id='word_1_957' title='bbox 3193 5581 3588 5642; x_wconf 45' lang='lat' dir='ltr'><strong>caeterosfeto.</strong></span> <span class='ocrx_word' id='word_1_958' title='bbox 3625 5599 3639 5644; x_wconf 85' lang='lat'><strong>;</strong></span> 
     </span>
    </p>
   </div>
   <div class='ocr_carea' id='block_1_132' title="bbox 2172 5644 3827 5711">
    <p class='ocr_par' dir='ltr' id='par_1_132' title="bbox 2172 5644 3827 5711">
     <span class='ocr_line' id='line_1_135' title="bbox 2172 5644 3827 5711; baseline 0 -14"><span class='ocrx_word' id='word_1_959' title='bbox 2172 5647 2275 5711; x_wconf 86' lang='lat' dir='ltr'><strong>ipsi</strong></span> <span class='ocrx_word' id='word_1_960' title='bbox 2304 5644 2648 5711; x_wconf 47' lang='lat' dir='ltr'><strong>cum&#39;qnibus</strong></span> <span class='ocrx_word' id='word_1_961' title='bbox 2682 5644 2928 5710; x_wconf 52' lang='lat' dir='ltr'><strong>agere—de</strong></span> <span class='ocrx_word' id='word_1_962' title='bbox 2953 5644 3207 5711; x_wconf 58' lang='lat' dir='ltr'><strong>religione</strong></span> <span class='ocrx_word' id='word_1_963' title='bbox 3238 5663 3348 5701; x_wconf 89' lang='lat' dir='ltr'><strong>non</strong></span> <span class='ocrx_word' id='word_1_964' title='bbox 3374 5649 3656 5710; x_wconf 69' lang='lat' dir='ltr'><strong>indignum</strong></span> <span class='ocrx_word' id='word_1_965' title='bbox 3682 5644 3827 5694; x_wconf 54' lang='lat' dir='ltr'><strong>vide-</strong></span> 
     </span>
    </p>
   </div>
  </div>
