4128 6184
268 279 378 342 321

266 413 649 506 deferendum
683 427 908 494 putant,
933 426 1026 482 ἱεῑὶ
1060 429 1440 506 philosophos
1479 439 1718 494 caeteros
1751 441 1918 496 nobi-

266 494 434 587 litate
483 505 661 589 atque
719 494 1078 589 auctoritate-
1109 494 1390 584 vicerunt,
1446 533 1560 573 non
1605 519 1676 573 ob
1737 494 1914 589 aliud,

265 576 559 664 nisi‘quia
589 581 762 656 longo
793 588 1028 658 quidem
1054 576 1388 664 intervallo,
1404 605 1805 656 verumtamen
1833 619 1918 658 re-

265 654 446 728 liquis
500 654 939 736 propiniquiores
987 677 1126 727 sunt
1156 654 1406 732 veritati.
1442 681 1526 732 An
1572 654 1916 739 forte—subs-

263 739 518 831 tantiam
541 741 659 831 Dei,
688 762 862 831 quam
896 767 998 806 nec
1022 752 1350 826 includunt,
1376 775 1480 814 nec
1502 761 1912 831 determinant,

263 833 372 904 nec
403 819 754 880 distendunt
787 828 934 896 loco,
967 836 1063 887 sed
1096 850 1248 904 eam,
1274 819 1425 893 sicut
1455 841 1524 895 de
1559 843 1668 896 Deo
1699 819 1918 898 sentire

265 899 512 994 dignum
541 910 649 994 est,
683 907 940 994 fatentur
977 899 1315 986 incorporea
1364 924 1670 989 praesentia
1701 925 1918 994 ubique

264 985 479 1076 totam,
507 1001 540 1039 a
572 988 753 1076 tantis
785 988 1041 1076 locorum
1075 985 1237 1054 extra
1269 985 1556 1058 mundum
1592 1006 1800 1076 spatiis
1822 985 1918 1060 ab-

265 1068 496 1118 sentem
532 1082 661 1122 esse
691 1067 900 1157 dicturi
933 1081 1088 1144 sunt,
1123 1086 1174 1132 et
1209 1096 1323 1136 uno
1372 1067 1828 1157 tantum,-atque
1856 1087 1914 1141 in

265 1148 703 1237 comparatione
735 1149 891 1207 illius
921 1153 1228 1215 infinitatis
1270 1165 1386 1216 tam
1420 1148 1628 1237 exiguo
1679 1148 1821 1234 loco,
1854 1167 1913 1222 in

266 1637 424 1685 extra
455 1635 744 1690 mundum
777 1635 943 1708 locis,
974 1656 1080 1694 cur
1110 1642 1167 1696 in
1201 1644 1284 1699 eis
1315 1645 1386 1700 ab
1411 1663 1580 1715 opere
1613 1648 1765 1704 Deus
1797 1665 1909 1704 ces-

265 1718 387 1777 sat;
420 1711 529 1766 hoc
570 1712 679 1768 sibi
724 1721 1115 1788 respondeant
1160 1723 1232 1778 de
1275 1711 1520 1782 infinitis
1569 1734 1702 1784 ante
1743 1746 1909 1786 mun-

266 1789 403 1845 dum
435 1794 816 1865 temporibus,
850 1815 954 1855 cur
1000 1802 1058 1856 in
1091 1805 1173 1858 eis
1204 1805 1275 1860 ab
1326 1824 1495 1879 opere
1525 1809 1673 1866 Deus
1697 1827 1908 1870 .cessa-

265 1872 426 1964 verit.
458 1872 526 1927 Et
555 1875 710 1932 sicut
735 1895 852 1964 non
886 1889 973 1936 est
998 1872 1385 1964 consequens
1425 1894 1490 1944 ut
1537 1892 1770 1948 fortuito
1803 1909 1906 1964 po-

264 1951 383 2040 tius
413 1971 592 2026 quam
638 1960 862 2040 ratione
895 1963 1091 2020 divina
1139 1951 1311 2036 Deus,
1348 1986 1462 2026 non
1494 1971 1628 2040 alio,
1661 1975 1758 2028 sed
1793 1951 1907 2028 isto

262 2032 321 2087 in
353 2050 470 2104 quo
500 2041 595 2123 est
635 2037 780 2107 loco,
815 2046 1098 2101 mundum
1151 2032 1534 2118 constituerit,
1568 2032 1699 2107 cum
1753 2053 1909 2123 pari-

261 2116 353 2167 ter
381 2116 632 2172 infinitis
665 2120 878 2191 ubique
917 2125 1250 2193 patentibus
1298 2129 1461 2185 nullo
1505 2116 1909 2188 excellen-tiore

260 2198 470 2250 merito
506 2203 704 2268 posset
734 2200 822 2256 hic
861 2201 1016 2273 eligi,
1051 2209 1332 2275 quamvis'
1351 2212 1616 2267 eamdem
1647 2213 1906 2268 divinam

254 2275 570 2359 rationem,
603 2280 794 2359 quaid
833 2282 1043 2338 factum
1077 2289 1182 2351 est,
1217 2288 1380 2343 nulla
1421 2291 1604 2359 possit
1650 2291 1910 2348 humana

250 2355 761 2425 comprehendere
795 2362 809 2395 ¹
850 2375 862 2413 :
895 2361 975 2416 ita
1004 2380 1121 2418 non
1153 2376 1238 2420 est
1286 2355 1650 2442 consequens
1684 2376 1749 2427 ut
1798 2378 1909 2429 Deo

249 2434 494 2523 aliquid
524 2438 923 2497 existimemus
954 2445 1238 2502 accidisse
1269 2434 1594 2518 fortuitum,
1627 2455 1776 2523 quod
1810 2453 1908 2510 illo

249 2515 459 2587 potius
518 2534 690 2589 quam
753 2523 1040 2580 anteriore
1097 2530 1357 2600 tempore
1415 2515 1676 2588 condidit
1737 2551 1910 2591 mun-

245 2595 425 2663 dum,
458 2613 590 2654 cum
639 2603 934 2672 aequaliter
971 2595 1261 2663 anteriora
1290 2615 1553 2683 tempora
1585 2631 1682 2684 per
1714 2615 1909 2670 inﬁni-

244 2682 386 2732 tum
427 2683 590 2760 retro
638 2685 892 2752 spatium
944 2689 1354 2760 praeterissent,
1391 2682 1494 2748 nec
1539 2682 1747 2751 fuisset
1798 2698 1906 2753 ali—

247 2773 379 2829 qua
408 2757 733 2845 differentia
760 2763 931 2845 unde
956 2775 1182 2836 tempus
1204 2757 1450 2841 tempori
1473 2774 1738 2844 eligendo
1762 2793 1904 2845 pra:-

248 2845 587 2909 poneretur.
613 2842 769 2907 Quod
804 2844 851 2898 si
877 2844 1083 2900 dicunt
1104 2847 1307 2904 inanes
1329 2866 1456 2907 esse
1479 2842 1787 2910 hominum
1815 2871 1905 2912 oo-

249 2919 568 3000 gitationes
617 2921 832 2992 quibus
879 2923 1110 2980 inﬁnita
1140 2927 1541 3000 imaginantur
1570 2932 1713 2998 loca,
1765 2951 1902 2990 cum

247 2998 424 3054 locus
455 2999 650 3082 nullus
681 3003 759 3057 sit
790 3008 998 3075 praeter
1019 2998 1341 3076 mundum;
1382 3015 1764 3082 respondetur
1793 3015 1900 3082 eis,

246 3079 372 3134 isto
429 3080 598 3136 modo
657 3083 1238 3164 inaniterihomines
1300 3079 1552 3161 cogitare
1611 3079 1902 3164 praeterita

246 3164 517 3230 tempora
555 3163 876 3218 vacationis
930 3163 1054 3234 Dei,
1099 3184 1231 3223 cum
1275 3171 1499 3227 nullum
1549 3163 1778 3244 tempus
1825 3177 1902 3231 sit

245 3243 390 3296 ante
423 3243 706 3298 mundum
739 3244 841 3316 (a).

243 3422 493 3479 CAPUT
527 3426 622 3479 VI.
655 3455 724 3468 --
756 3426 1059 3483 Creationis
1088 3430 1282 3486 mundi
1309 3437 1361 3487 et
1389 3440 1696 3504 temporum
1725 3451 1897 3490 unum

408 3519 522 3560 esse
548 3504 909 3577 principium,
940 3525 1042 3563 nec
1070 3510 1227 3564 aliud
1263 3511 1375 3566 alio
1409 3513 1731 3582 praeveniri.

322 3643 376 3697 Si
412 3643 567 3698 enim
600 3649 755 3701 recte
787 3647 1202 3706 discernuntur
1222 3650 1519 3707 aeternitas
1553 3657 1608 3707 et
1640 3657 1893 3724 tempus,

243 3723 412 3794 quod
441 3729 679 3797 tempus
710 3726 836 3782 sine
863 3727 1062 3800 aliqua
1092 3731 1295 3786 mobili
1327 3732 1706 3790 mutabilitate
1736 3723 1891 3792 Sinon

236 3813 353 3878 est,
396 3808 457 3862 in
498 3808 817 3893 aeternitate
856 3816 1048 3866 autem
1096 3811 1259 3868 nulla
1309 3814 1555 3870 mutatio
1603 3820 1727 3883 est;
1761 3818 1895 3893 quis

237 3907 363 3946 non
394 3888 588 3945 videat
626 3892 778 3960 quod
818 3896 1088 3963 tempora
1133 3909 1248 3948 non
1292 3894 1559 3964 fuissent,
1594 3897 1703 3951 nisi
1734 3888 1896 3953 crea-

237 3978 376 4028 tura
408 3969 590 4037 ﬁeret,
623 3988 749 4041 quae
800 3971 1024 4044 aliquid
1059 3973 1256 4045 aliqua
1295 3976 1554 4032 motione
1600 3981 1891 4045 mutaret;

235 4055 410 4124 cujus
432 4053 709 4110 motionis
729 4060 786 4110 et
813 4055 1154 4112 mutationis
1177 4074 1312 4113 cum
1334 4058 1489 4114 aliud
1511 4065 1687 4132 atque
1707 4062 1891 4132 aliud,

234 4151 368 4206 quas
408 4134 586 4189 simul
624 4151 756 4191 esse
808 4153 925 4192 non
980 4143 1250 4208 possunt,
1294 4140 1444 4195 cedit
1487 4146 1660 4213 atque
1689 4160 1893 4200 succe-

232 4217 338 4283 dit,
393 4215 453 4269 in
503 4216 874 4272 brevioribus
932 4217 1020 4272 vel
1072 4220 1545 4290 productioribus
1595 4241 1890 4282 morarum

232 4294 570 4351 intervallis
607 4299 850 4367 tempus
890 4298 1280 4368 sequeretur?
1312 4300 1453 4355 Cum
1496 4302 1668 4370 igitur
1713 4310 1890 4376 Deus,

232 4374 292 4430 in
354 4376 536 4445 cujus
589 4377 911 4433 aeternitate
969 4377 1132 4433 nulla
1189 4389 1271 4435 est
1325 4383 1565 4438 omnino
1626 4374 1888 4454 mutatio,

235 4461 473 4511 creator
495 4455 574 4511 sit
601 4461 930 4527 temporum
965 4463 1022 4514 et
1050 4459 1364 4528 ordinator,
1400 4463 1694 4532 quomodo
1725 4465 1890 4522 dica-

230 4540 329 4592 tur
359 4541 498 4608 post
531 4545 861 4608 temporum
906 4539 1094 4610 spatia
1143 4542 1428 4598 mundum
1479 4561 1727 4614 creasse,
1773 4564 1888 4603 non

228 4618 445 4685 video;
495 4617 612 4672 nisi
663 4617 894 4674 dicatur
942 4624 1076 4676 ante
1123 4622 1412 4678 mundum
1459 4625 1579 4694 jam
1632 4626 1887 4697 aliquam

229 4697 423 4753 fuisse
473 4703 831 4765 creaturam,
868 4701 1038 4770 cujus
1088 4701 1346 4757 motibus
1378 4712 1639 4776 tempora
1682 4722 1886 4762 curre-

227 4783 361 4833 rent
391 4777 492 4848 (b).
529 4779 710 4834 Porro
735 4779 783 4834 si
808 4780 1033 4836 Litterae
1061 4797 1239 4838 sacrae
1269 4782 1632 4854 maximeque
1655 4801 1886 4860 veraces

225 4855 314 4912 ita
344 4858 575 4923 dicunt,
607 4859 660 4914 in
696 4860 990 4932 principio
1025 4863 1232 4917 fecisse
1264 4863 1444 4918 Deum
1470 4865 1677 4919 coelum
1703 4869 1757 4918 et
1778 4856 1887 4920 ter-

226 4954 353 4993 ram
391 4938 545 5009 (Gen.
581 4957 617 5006 ι,
654 4940 727 5011 1),
763 4945 823 4996 ut
862 4942 1004 4998 nihil
1041 4947 1211 4998 antea
1253 4943 1457 4999 fecisse
1495 4944 1882 5020 intelligatur,

225 5173 318 5241 t_u_r
355 5170 523 5241 (haud
551 5172 712 5241 dubie
740 5174 1011 5241 Platonici)
1048 5187 1154 5223 non
1170 5188 1292 5241 cum_
1310 5175 1432 5224 aliis
1451 5177 1621 5241 etiam
1641 5179 1885 5241 putarint

221 5233 550 5300 diis_x_nultis
577 5235 919 5285 deferendum
948 5233 1216 5289 sacrorum
1246 5239 1576 5300 obsequium.

287 5298 305 5330 ί
339 5295 500 5345 Vind.
535 5300 653 5346 Am.
689 5301 770 5347 [δι’.
822 5305 958 5359 post.
1008 5295 1477 5359 comprehende-re,
1509 5303 1730 5356 addunt.
1776 5320 1880 5352 na-

222 5366 361 5426 tura
396 5360 560 5426 :__Lov
583 5400 594 5419 ,
627 5376 796 5410 mem.
822 5360 1108 5426 Superlluo
1142 5377 1152 5411 :
1186 5376 1310 5412 nam
1337 5363 1394 5410 in
1432 5367 1701 5415 veteribus
1728 5367 1882 5416 libris

220 5421 656 5486 subaudiendum
687 5421 1024 5486 relinquitur,
1058 5427 1219 5474 ratio.

283 5483 430 5552 3_S_ic
459 5485 615 5534 Vind.
648 5489 762 5535 Am.
795 5483 874 5537 Er.
922 5493 974 5538 et
1020 5490 1193 5552 plures
1240 5490 1360 5538 Mss.
1411 5493 1477 5539 At
1513 5492 1659 5546 Lov.,
1693 5493 1881 5545 mobili

218 5545 554 5597 mobilitate.

235 5621 244 5641 ι
284 5610 370 5681 ta)
396 5609 548 5681 gout.
707 5611 731 5681 ξ
741 5614 761 5660 1
782 5613 1020 5681 _Confess.
1042 5621 1210 5681 capp.
1235 5615 1292 5664 13
1320 5617 1372 5664 et
1387 5630 1543 5681 seqq.

284 5629 370 5670 ta)
398 5629 548 5660 υοιιι.
578 5629 674 5660 ιω.
709 5629 761 5660 ιι
792 5629 1020 5664 uonress.
1053 5629 1202 5727 capp.
1235 5629 1292 5664 ιδ
1320 5629 1372 5664 et
1399 5630 1456 5666 se

277 5670 366 5736 (ὁ)
392 5671 542 5724 Cant.
579 5673 674 5725 lib.
706 5673 737 5723 5
769 5675 833 5726 de
861 5676 989 5729 Gen.
1021 5679 1090 5728 ad
1177 5680 1261 5743 tt.,
1291 5692 1345 5730 n.
1378 5678 1456 5730 12.

1599 301 1829 365 LIBER
1855 300 1978 368 ἨΝ
1986 307 2220 376 DECIM
2231 317 2344 378 US.

3559 357 3677 416 322

2199 450 2310 560 hoc
2349 459 2558 560 potius.
2595 463 2650 518 in
2703 468 2988 560 principio
3031 476 3231 537 fecisse
3279 484 3589 560 diceretur,
3624 494 3675 550 si

2207 534 2438 594 fecisset
2460 548 2599 641 ante
2631 531 2831 641 car-tera
2864 531 3071 612 cuncta
3101 578 3226 631 quae
3259 531 3666 641 fecitivprociil‘

2960 609 3070 612 νηη
3144 609 3224 618 _..
3259 609 3392 622 .-νη
3506 609 3563 628 ιυ
3609 609 3640 628 u

2035 609 2211 714 dubio
2242 632 2365 714 non,
2389 627 2764 714 esbmuodus
2799 632 2980 691 factus
3003 638 3059 694 in
3098 609 3374 714 tempore,
3409 609 3506 706 sald
3540 609 3670 711 cum

2032 695 2504 804 ﬁmppizpuod
2531 708 2685 804 enim
2723 712 2785 765 lit
2816 714 2870 768 in
2897 717 3171 791 tempore,
3196 695 3670 804 ei'pééféﬁqu'éii

2032 771 2205 882 finiet
2233 790 2362 882 ante
2401 784 2636 882 aliquod
2669 795 2936 882 tempus;

2029 857 2151 952 tum
2185 865 2291 926 est,
2321 871 2455 952 ante
2499 857 2555 922 id
2605 875 2758 941 quod
2793 857 3078 936 -futurum
3132 857 3264 942 esti:
3300 857 3524 948 nullrum
3573 913 3673 952 au-

2029 935 2144 1030 tem
2179 947 2374 1030 posset
2406 959 2530 1001 esse
2570 935 2926 1018 praeteritum
2956 975 2970 1026 ;
2996 961 3130 1030 quia
3163 964 3321 1019 nulla
3355 976 3480 1025 erat
3513 935 3670 1029 crea-

2030 1016 2174 1115 tura,
2232 1021 2406 1115 cujus
2454 1016 2839 1115 mutabilibus
2889 1016 3145 1096 motibus

2029 1096 2508 1199 temporepautem
2543 1109 2729 1166 factus
2762 1121 2849 1171 est
2882 1122 3158 1188 mundus,
3193 1096 3341 1180 sicin
3374 1131 3501 1199 ejus
3534 1148 3670 1188 con-

1993 1175 2248 1276 .ditioqe
2279 1182 2470 1276 factus
2501 1195 2585 1246 est
2637 1198 2936 1276 mutabilis
2984 1175 3196 1276 motus,
3247 1175 3672 1271 sicut'videtur

2026 1256 2333 1366 ξεξῃδθῦθτρ
2364 1267 2536 1366 etiam
2570 1274 2708 1366 ordo
2739 1275 2835 1334 ille
2863 1256 3196 1351 primorum,
3212 1304 3308 1344 sex
3337 1291 3423 1347 vel
3445 1299 3665 1366 septem

2026 1334 2272 1442 dierum,
2307 1341 2360 1396 in
2384 1347 2694 1442 “quibus‘et
2729 1334 2899 1414 mane
2922 1370 2974 1416 et
3008 1380 3246 1436 vespera
3274 1334 3666 1442 nominagtur,

2024 1413 2218 1524 donec
2238 1425 2435 1524 omnia
2464 1432 2716 1523 quaehis
2748 1437 2954 1495 diebus
2989 1413 3141 1500 Deus
3176 1448 3326 1516 fecit,
3353 1458 3514 1508 sexto
3535 1419 3666 1524 per:

2025 1493 2442 1598 ficiaiiturdie,
2476 1512 2841 1586 septimoque
2889 1521 2946 1575 in
2991 1539 3202 1597 magno
3245 1493 3665 1598 mjsterio’Dei

2264 1592 2721 1682 commendetur,
2743 1584 2860 1682 qui
2894 1601 3014 1657 dies
3043 1584 3374 1675 cujusmo'di
3397 1611 3537 1682 sint,
3563 1620 3666 1670 aut

2019 1658 2361 1766 perdifficile
2378 1753 2392 1766 Δ
2409 1671 2606 1764 nobis,
2628 1681 2728 1766 au‘t
2768 1658 2941 1766 etiam
2973 1658 3664 1766 impossib‘ile—‘e—stuc’ougi:

2020 1729 2140 1795 tare
2167 1758 2180 1809 ;
2214 1753 2432 1814 quanto
2457 1755 2642 1822 magis
2674 1756 2906 1816 dicere?

2017 1897 2247 2008 CAﬂPIiT
2288 1905 2401 1962 νη.
2437 1943 2510 2008 --.
2537 1915 2609 2008 [ζα
2636 1920 2903 2008 qualitate
2925 1927 3240 1994 primorum
3288 1931 3531 2001 dierum,
3567 1937 3670 2008 qui

2087 1995 2383 2116 :néequam
2429 1994 2510 2048 sol
2548 1996 2724 2066 ﬁeret,
2756 2017 3036 2074 vesperam
3064 2019 3115 2064 et
3155 2027 3318 2069 mane
3364 1994 3664 2074 traduntur

2125 2080 2155 2116 α
2197 2081 2365 2116 uisse-

2125 2080 2365 2123 nouisse.

2089 2196 2365 2284 Videmus
2398 2209 2612 2280 quippe
2645 2213 2788 2270 istos
2821 2218 2944 2273 dies
2968 2225 3134 2276 notos
3158 2237 3270 2278 non
3297 2223 3507 2281 habere
3539 2245 3662 2284 ves-

2021 2289 2219 2344 peram
2255 2283 2364 2362 nisi
2395 2287 2465 2339 de
2496 2289 2636 2345 solis
2667 2309 2898 2362 occasu,
2939 2314 3042 2352 nec
3076 2315 3244 2356 mane
3277 2302 3388 2358 nisi
3421 2306 3490 2359 de
3521 2307 3662 2362 solis

2021 2363 2272 2446 exortu:
2301 2361 2535 2422 illorum
2568 2377 2764 2429 autem
2809 2380 3031 2446 priores
3061 2384 3178 2435 tres
3210 2383 3333 2438 dies
3383 2384 3508 2440 sine
3539 2387 3661 2442 sols

2021 2442 2236 2536 peracti
2259 2450 2416 2536 sunt,
2451 2451 2786 2536 quiquarto
2809 2442 3120 2536 dielactus
3153 2462 3422 2518 refertur.
3448 2464 3513 2520 Et
3544 2467 3661 2536 pri-

2019 2517 2200 2606 mitus
2259 2525 2512 2614 quidem
2553 2517 2654 2586 lux
2694 2536 2872 2614 verbo
2920 2535 3020 2593 Dei
3079 2542 3249 2611 facta,
3299 2517 3665 2614 atque‘iirit—er

2017 2610 2204 2691 ipsam
2256 2610 2320 2691 et
2369 2610 2632 2666 tenebras
2689 2613 2841 2670 Deus
2907 2610 3556 2691 separassenarratur,
3606 2632 3664 2682 et

2016 2681 2278 2764 eamdem
2306 2685 2494 2745 lucem
2521 2708 2750 2750 vocasse
2781 2681 3265 2764 diem-tenebras
3297 2709 3492 2760 autem
3525 2722 3660 2763 noc-

2018 2762 2328 2855 tem.(Gen._
2353 2783 2389 2835 ι,
2421 2771 2511 2839 4);
2543 2772 2643 2855 sed
2677 2775 2866 2844 qualis
2898 2762 2996 2832 illa
3027 2780 3101 2834 sit
3124 2781 3244 2850 lux,
3277 2788 3332 2838 et
3354 2799 3467 2855 quo
3492 2762 3663 2841 alter-

2015 2847 2187 2931 n‘ante
2218 2852 2377 2902 motu
2411 2864 2427 2905 :
2461 2852 2814 2926 qualemque
2857 2874 3161 2931 vesperam
3195 2847 3252 2918 et
3296 2847 3467 2921 mane
3507 2867 3656 2923 fece—

2012 2925 2106 3012 rit,
2137 2933 2416 3016 remotum
2447 2941 2532 2987 est
2563 2950 2595 2987 a
2626 2925 2897 2993 sensibus
2930 2925 3181 3009 nostris;
3218 2961 3323 2998 nec
3354 2945 3432 3001 ita
3465 2956 3522 3002 ut
3547 2953 3657 3016 est,

2009 3001 2257 3088 intelligi
2291 3022 2321 3061 a
2353 3010 2521 3065 nobis
2547 3018 2752 3085 potest,
2787 3020 2936 3088 quod
2963 3001 3310 3079 tamen'sine
3342 3025 3460 3081 ulla
3491 3001 3658 3083 haesi:

2012 3085 2226 3178 latione
2254 3092 2605 3178 credendum
2640 3101 2748 3178 est.
2784 3085 2895 3178 Ᾱυι
2924 3101 3080 3156 enim
3106 3102 3298 3173 aliqua
3321 3103 3417 3159 lux
3451 3123 3656 3178 corpo-

2007 3178 2103 3218 rea
2133 3171 2244 3235 est,
2278 3168 2403 3223 siva
2438 3170 2492 3225 in
2527 3176 2928 3245 superioribus
2965 3183 3167 3236 mundi
3201 3168 3465 3253 partibus
3490 3168 3657 3260 lohge

2005 3260 2037 3297 a
2064 3251 2468 3319 conspectibus
2519 3258 2756 3324 nostris,
2790 3259 2911 3314 sive
2961 3263 3116 3318 unde
3147 3251 3233 3319 sol
3284 3251 3656 3336 postmodum

2005 3341 2288 3385 accensus
2324 3339 2489 3416 ‘est:
2555 3343 2656 3392 aut
2705 3340 2854 3395 lucis
2904 3345 3140 3398 nomine
3191 3347 3520 3416 significata
3568 3357 3656 3406 est

2003 3418 2200 3494 sancta
2231 3411 2453 3480 civitas,
2488 3415 2546 3494 in
2585 3419 2804 3474 sanctis
2832 3423 3072 3491 Angelis
3104 3429 3161 3478 et
3191 3411 3494 3494 spiritibus
3526 3431 3656 3486 bea-

2003 3485 2101 3553 tis,
2133 3489 2201 3542 de
2233 3506 2349 3560 qua
2398 3493 2538 3548 dicit
2568 3497 2906 3566 Apostolus,
2928 3485 3069 3567 bna:
3098 3485 3318 3558 sursum
3364 3515 3444 3560 est
3491 3485 3651 3563 Jeru-

2001 3567 2192 3635 salem,
2241 3579 2416 3627 mater
2467 3583 2654 3630 nostra
2698 3587 2913 3633 (eterna
2975 3584 3032 3634 in
3094 3582 3241 3635 cwlis
3300 3583 3509 3653 (Galat.
3572 3603 3648 3656 ιν,

2000 3645 2115 3734 26),
2150 3648 2501 3734 Aitquippe
2548 3659 2605 3708 et
2648 3654 2760 3711 alio
2800 3655 2948 3722 loco,
2992 3660 3191 3715 Omne:
3229 3645 3378 3716 enim
3424 3678 3513 3718 vos
3541 3645 3653 3734 ﬁlii

2002 3727 2140 3782 lucis
2168 3730 2317 3799 estis,
2349 3735 2399 3785 et
2443 3733 2551 3801 ﬁlii
2579 3733 2728 3803 diei;
2772 3753 2882 3792 non
2911 3754 3102 3794 sumus
3141 3744 3315 3796 noctis
3355 3727 3550 3814 neque
3579 3752 3656 3802 te-

1999 3808 2303 3892 nebrarum
2357 3811 2398 3881 (I
2429 3813 2613 3869 Thess.
2663 3831 2716 3881 v,
2767 3816 2842 3886 ὕ).
2898 3817 2957 3872 Si
3002 3822 3195 3874 tamen
3249 3825 3305 3876 et
3348 3808 3648 3892 vesperam

2001 3887 2119 3972 diei
2166 3889 2334 3959 hujus
2380 3897 2438 3947 et
2486 3909 2658 3949 mane
2711 3895 3082 3967 aliquatenus
3132 3887 3517 3972 congruenter
3562 3905 3645 3961 in-

1999 3967 2262 4040 telligere
2317 3972 2628 4030 valeamus.
2680 3975 3016 4040 Quoniam‘
3077 3967 3322 4037 scientia
3372 3988 3646 4042 creature

1998 4046 2060 4104 in
2101 4053 2536 4123 comparatione
2581 4055 2837 4113 scientiae
2886 4058 3170 4117 Creatoris
3219 4064 3647 4133 quodammodo

1999 4133 2345 4212 vesperascit
2378 4150 2391 4190 :
2426 4136 2668 4209 itemque
2716 4137 2961 4194 lucescit
2991 4145 3047 4196 et
3093 4158 3264 4198 mane
3293 4143 3380 4212 fit,
3413 4161 3546 4200 cum
3589 4153 3648 4203 et

1998 4207 2126 4280 ipsa
2157 4215 2406 4270 refertur
2436 4218 2507 4270 ad
2539 4207 2766 4274 laudem
2799 4218 3284 4292 dilectionemque
3317 4207 3643 4294 Creatoris;

1999 4308 2102 4347 nec
2143 4294 2200 4349 in
2236 4301 2465 4354 noctem
2511 4301 2783 4369 vergitur,
2813 4301 2908 4356 ubi
2954 4318 3068 4358 non
3101 4303 3337 4360 Creator
3365 4311 3643 4364 creaturis

1995 4371 2306 4455 dilectione
2336 4378 2704 4450 relinquitur.
2739 4380 2996 4453 Denique
3029 4384 3325 4455 Scriptura
3342 4402 3475 4442 cum
3508 4387 3642 4446 illos

1996 4453 2117 4512 dies
2147 4455 2545 4516 dinumeraret
2582 4476 2651 4516 ex
2693 4463 2916 4531 ordine,
2952 4453 3245 4536 nusquam
3293 4467 3642 4539 interposuit

1996 4535 2332 4592 vocabulum
2369 4541 2572 4596 noctis.
2606 4546 2731 4598 Non
2763 4543 2918 4599 enim
2959 4547 3036 4601 ait
3068 4535 3306 4616 alicubi,
3345 4535 3519 4604 Fac-ta
3553 4559 3642 4606 est

1994 4629 2145 4682 nox;
2177 4618 2302 4683 sed,
2326 4621 2490 4677 Facta
2518 4631 2596 4679 est
2628 4639 2872 4694 veSpera,
2904 4631 2956 4681 et
2982 4631 3191 4696 [actum
3220 4636 3298 4682 est
3326 4644 3492 4685 mane
3525 4630 3643 4686 dies

1990 4710 2133 4749 unus
2171 4696 2323 4766 (Gen.
2366 4717 2404 4768 ι,
2435 4702 2514 4774 5).
2557 4703 2639 4758 Ita
2678 4705 2799 4760 dies
2837 4707 3150 4774 secundus,
3184 4711 3242 4760 et
3285 4709 3498 4762 caueri.
3529 4707 3640 4764 Co-

1990 4775 2175 4845 gnitio
2207 4779 2419 4851 quippe
2450 4787 2726 4838 creaturae
2758 4784 2816 4839 in
2850 4801 2910 4839 se
2940 4786 3063 4851 ipsa
3111 4784 3497 4840 decoloratior
3524 4793 3631 4853 est,

1990 4859 2055 4908 ut
2084 4855 2161 4911 ita
2192 4858 2399 4926 dicam,
2433 4878 2606 4929 quam
2639 4878 2775 4917 cum
2813 4864 2874 4917 in
2915 4861 3015 4916 Dei
3058 4861 3359 4930 Sapientia
3387 4878 3637 4933 cognos-

1989 4934 2159 5001 citur,
2189 4938 2350 4993 velut
2375 4941 2435 4994 in
2464 4946 2587 4995 arte
2620 4957 2736 5010 qua
2758 4941 2914 4997 facta
2941 4946 3048 4997 est.
3073 4941 3203 4996 Ideo
3225 4957 3466 5014 vespera
3491 4959 3635 4999 con-

1987 5017 2290 5087 gruentius
2331 5035 2505 5090 quam
2550 5036 2664 5076 nox
2703 5021 2817 5077 dici
2869 5026 3105 5093 potest:
3140 5039 3268 5094 quas
3320 5030 3536 5092 tamen,
3571 5033 3634 5081 ut

1987 5095 2126 5165 dixi,
2174 5115 2310 5153 cum
2368 5101 2438 5155 ad
2501 5102 2858 5158 laudandum
2909 5113 2961 5159 et
3015 5107 3326 5160 amandum
3388 5107 3634 5163 refertur

1987 5178 2336 5248 Creatorem,
2373 5182 2616 5238 recurrit
2663 5182 2721 5239 in
2766 5199 2954 5240 mane.
2991 5185 3051 5239 Et
3085 5186 3189 5241 hoc
3228 5201 3361 5240 cum
3406 5187 3543 5242 facit
3572 5188 3630 5244 in

1986 5262 2313 5333 cognitione
2347 5265 2427 5319 sui
2476 5264 2662 5336 ipsius
2693 5309 2707 5334 ,
2742 5265 2869 5321 dies
2903 5283 3056 5322 unus
3081 5270 3172 5322 est
3207 5282 3220 5321 :
3256 5283 3387 5322 cum
3422 5267 3480 5322 in
3530 5286 3628 5325 co-

1986 5343 2244 5414 gnitione
2296 5344 2670 5416 firmamenti,
2716 5345 2873 5418 quod
2917 5347 3066 5402 inter
3095 5361 3278 5417 aquas
3328 5347 3628 5406 inferiores

2049 5556 2064 5587 ι
2095 5553 2179 5604 Sic
2205 5555 2334 5626 Mss_._
2359 5557 2425 5605 At
2453 5556 2618 5606 Editi:
2652 5559 2744 5607 Fit
2774 5567 2958 5626 tamen
2987 5567 3035 5607 et
3054 5573 3292 5626 supera
3316 5560 3427 5610 diei
3454 5563 3629 5626 hujus

1982 5629 2032 5669 et
2059 5634 2225 5668 mane
2251 5620 2614 5688 aliquatenus
2643 5633 2655 5670 :
2688 5622 2956 5685 quoniam
2985 5620 3221 5672 scientia
3248 5620 3541 5688 creaturae
3565 5630 3638 5680 in'

1983 5683 2412 5746 ocrhparatione,
2441 5686 2542 5735 etc.
2691 5683 2712 5685 “
2877 5718 2892 5726 -
3181 5708 3186 5712 ~
3353 5709 3363 5731 π
3381 5684 3392 5688 ⁴
3569 5729 3582 5737 ..
