4158 6192
445 331 562 396 323

445 477 504 528 et
533 456 876 541 superiores
905 461 1118 541 crelum
1169 455 1526 528 appellatum
1560 457 1667 541 est,
1718 451 2081 541 diessecun-

444 551 590 605 dus:
624 530 757 603 cum
780 545 838 600 in
872 538 1381 610 eognitioneterrte
1403 551 1469 588 ac
1493 533 1670 589 maris
1703 530 2086 598 omniumque

443 626 832 702 gignentium,
882 638 1005 692 qua:
1056 617 1348 674 radicibus
1397 615 1738 671 continuata
1777 615 1917 702 sunt
1961 615 2083 700 ter-

443 690 542 776 ra;
585 707 706 763 dies
753 690 961 760 tertius
995 717 1009 756 :
1043 715 1171 755 cum
1223 699 1281 753 in
1324 697 1650 768 cognitione
1700 690 2082 749 luminarium

441 773 676 859 majoris
707 790 763 841 et
795 781 1036 838 minoris
1057 777 1433 847 omniumque
1453 775 1736 839 siderum,
1763 773 1886 827 dies
1909 782 2087 842 quar-

441 853 590 926 tus':
624 883 751 922 cum
781 865 839 918 in
871 859 1200 933 cognitione
1229 859 1489 914 omnium
1523 873 1592 914 ex
1640 854 1808 927 aquis
1857 853 2090 908 anima-

443 953 588 1005 lium
639 943 968 1002 natatilium
1017 946 1191 1012 atque
1238 938 1582 1006 volatilium,
1627 939 1752 992 dies
1788 935 2030 1006 quintus
2070 949 2084 990 :

445 1046 579 1085 cum
610 1027 668 1081 in
701 1024 1032 1097 cognitione
1062 1021 1322 1076 omnium
1355 1018 1697 1074 animalium
1725 1020 2086 1072 terrenarum

445 1115 620 1180 atque
649 1107 835 1178 ipsius
867 1102 1151 1167 hominis,
1185 1101 1309 1157 dies
1341 1105 1543 1155 sextus
1571 1098 1676 1170 (a).

444 1214 670 1271 CAPUT
707 1211 855 1268 VIII.
897 1241 957 1253 --
1001 1209 1136 1277 Quae
1176 1206 1429 1277 qualisve
1479 1200 1839 1275 intelligenda
1871 1202 1946 1256 sit
1994 1199 2091 1256 Dei

514 1296 750 1367 requies,
801 1309 907 1366 qua
951 1298 1066 1363 post
1114 1304 1277 1361 Opera
1326 1303 1423 1344 sea:
1467 1285 1686 1342 dierum
1729 1282 2002 1355 requievit
2029 1281 2087 1336 in

517 1375 767 1450 septimo.

515 1475 661 1531 Cum
682 1488 813 1528 vero
835 1471 893 1526 in
926 1469 1019 1524 die
1049 1465 1298 1538 septimo
1329 1463 1639 1535 requiescit
1667 1461 1820 1518 Deus
1850 1460 1920 1515 ab
1953 1473 2084 1514 om-

447 1556 622 1613 nibus
670 1551 943 1625 operibus
992 1549 1137 1616 suis,
1172 1553 1227 1603 et
1275 1547 1604 1603 sanctiﬁcat
1648 1558 1822 1610 eum;
1876 1557 2090 1613 nequa-

447 1654 616 1709 quam
668 1622 757 1691 est
803 1631 1202 1702 accipiendum
1246 1627 1567 1699 pueriliter,
1601 1631 1883 1696 tanquam
1924 1622 2088 1709 Deus

447 1702 798 1774 laboraverit
825 1712 1140 1784 operando,
1174 1710 1272 1780 qui
1304 1709 1467 1775 dixit,
1502 1715 1556 1763 et
1580 1711 1729 1778 facta
1756 1709 1882 1760 sunt
1913 1702 2088 1773 (Psal.

445 1813 670 1861 cxnvm,
701 1797 780 1860 5),
803 1795 974 1848 verbo
997 1788 1349 1861 intelligibili
1380 1794 1434 1844 et
1455 1788 1830 1857 sempiterno,
1857 1800 1972 1839 non
1997 1799 2093 1838 so-

445 1878 629 1936 nabili
659 1881 715 1932 et
745 1872 1073 1943 temporali.
1105 1871 1216 1926 Sed
1248 1870 1476 1941 requies
1505 1869 1606 1924 Dei
1646 1867 1894 1939 requiem
1921 1863 2094 1933 signi-

451 1961 583 2014 ﬁcat
614 1971 815 2013 eorum
848 1953 945 2025 qui
986 1951 1355 2022 requiescunt
1403 1947 1462 2003 in
1515 1952 1658 2015 Deo;
1695 1949 1846 2002 sicut
1893 1945 2093 2000 laetitia

448 2041 680 2106 domus,
716 2024 972 2090 laetitiam
1013 2030 1307 2103 signiﬁcat
1354 2045 1554 2085 eorum
1590 2027 1688 2099 qui
1723 2026 1997 2082 laetantur
2021 2024 2091 2106 in

449 2120 636 2188 domo,
666 2102 894 2173 etiamsi
927 2130 1042 2168 non
1066 2102 1164 2167 eos
1190 2115 1397 2166 domus
1421 2109 1570 2182 ipsa,
1595 2108 1696 2163 sed
1723 2106 1836 2162 alia
1867 2121 1957 2160 res
1986 2102 2094 2158 ali-

447 2217 566 2274 qua
612 2187 772 2254 laetos
821 2195 980 2251 facit.
1031 2195 1256 2259 Quanto
1278 2191 1494 2274 magis,
1533 2188 1603 2274 si
1631 2190 1827 2245 eadem
1883 2187 2092 2242 domus

448 2270 887 2356 pulchritudine
917 2293 1022 2331 sua
1057 2273 1228 2356 faciat
1277 2272 1437 2356 laetos
1470 2270 1852 2356 habitatores,
1879 2271 2089 2356 utnon

441 2346 635 2419 solum
667 2376 732 2416 eo
765 2355 1041 2430 loquendi
1077 2355 1250 2410 modo
1292 2353 1423 2408 laeta
1454 2351 1706 2416 dicatur,
1748 2365 1863 2421 quo
1916 2346 2095 2430 signi-

443 2442 692 2498 ﬁcamus
725 2429 929 2512 periid
982 2436 1135 2509 quod
1189 2434 1448 2490 continet
1500 2432 1557 2486 id
1613 2431 1783 2512 quod
1818 2429 2088 2485 contine-

444 2527 570 2589 tur;
593 2509 766 2586 sicut,
803 2518 1055 2574 Theatra
1086 2513 1394 2585 plaudunt,
1427 2516 1596 2584 prata
1625 2509 1919 2582 mugiunt,
1956 2523 2092 2564 cum

445 2604 504 2660 in
539 2601 654 2658 illis
693 2598 962 2656 homines
995 2595 1301 2669 plaudunt,
1336 2595 1394 2648 in
1438 2592 1529 2650 his
1563 2592 1734 2648 boves
1775 2589 2044 2669 mugiant
2074 2604 2089 2669 ξ

445 2684 544 2741 sed
577 2683 749 2738 etiam
783 2679 883 2735 illo
915 2667 1028 2750 quo
1072 2675 1438 2747 signiﬁcatur
1487 2689 1587 2743 per
1636 2667 2094 2750 efﬁcientemrid

448 2763 600 2836 quod
633 2749 1108 2826 efﬁciturfsicut
1134 2757 1264 2812 laeta
1308 2753 1554 2836 epistola
1593 2751 1828 2836 dicitur,
1868 2749 2092 2822 signiti-

449 2831 588 2902 cans
618 2859 819 2900 eorum
862 2841 1146 2904 laetitiam,
1175 2853 1320 2908 quos
1360 2835 1615 2906 legentes
1661 2833 1840 2888 efﬁcit
1883 2831 2095 2886 laetos?

449 2921 1012 2981 Convenientissime
1071 2919 1269 2988 itaque
1327 2931 1456 2972 cum
1509 2913 1688 2970 Deum
1747 2912 2095 2982 requievisse

449 3003 791 3077 prophetica
830 3004 1028 3056 narrat
1077 2997 1416 3063 auctoritas,
1450 2993 1819 3077 signiﬁcatur
1865 2989 2093 3077 requies

449 3071 648 3143 eorum
693 3083 789 3154 qui
833 3082 892 3136 in
943 3078 1042 3134 illo
1079 3077 1473 3148 requiescunt,
1505 3080 1563 3128 et
1601 3089 1748 3144 quos
1797 3071 1935 3154 facit
1973 3071 2096 3154 ipse

449 3152 811 3238 requiescere
839 3162 936 3232 (b).
981 3159 1096 3214 Hoc
1144 3158 1319 3213 etiam
1369 3154 1706 3238 hominibus
1749 3153 1963 3224 quibus
2013 3152 2093 3206 lo-

449 3234 670 3320 quitur,
693 3249 750 3300 et
780 3254 1016 3316 propter
1045 3255 1192 3311 quos
1227 3238 1425 3320 utique
1455 3234 1782 3320 conscripta
1811 3238 1926 3299 est,
1960 3247 2094 3302 pro-

450 3314 713 3385 mittente
736 3314 1059 3397 prophetia,
1084 3319 1236 3391 quod
1263 3319 1434 3374 etiam
1461 3316 1568 3386 ipsi
1595 3320 1725 3385 post
1743 3314 1898 3397 bona
1919 3328 2094 3397 opera

450 3425 581 3480 quae
608 3407 666 3461 in
698 3391 783 3460 eis
824 3391 879 3459 et
924 3418 1023 3472 per
1049 3417 1148 3456 eos
1196 3409 1467 3469 operatur
1510 3397 1673 3460 Deus,
1707 3394 1755 3449 si
1805 3393 1874 3448 ad
1924 3391 2093 3448 illum

449 3475 608 3560 prius
639 3486 698 3540 in
731 3486 839 3539 ista
871 3482 982 3536 vita
1015 3497 1117 3553 per
1147 3479 1319 3534 ﬁdem
1343 3475 1796 3560 quodammodo
1826 3489 2096 3560 accesse-

449 3552 590 3632 rint,
620 3565 679 3620 in
713 3563 813 3619 illo
855 3552 1145 3618 habebunt
1195 3557 1451 3630 requiem
1500 3556 1940 3624 sempiternam.
1977 3552 2093 3609 Hoc

449 3650 605 3706 enim
639 3653 696 3702 et
726 3645 953 3701 sabbati
983 3639 1282 3697 vacatione
1311 3655 1378 3694 ex
1405 3644 1687 3710 praecepto
1721 3636 1866 3706 legis
1900 3637 1956 3689 in
1991 3650 2095 3688 ve-

452 3739 570 3786 tere
598 3727 699 3782 Dei
725 3723 938 3798 populo
974 3723 1284 3795 ﬁguratum
1312 3725 1419 3789 est,
1455 3720 1611 3774 unde
1653 3733 1761 3773 suo
1793 3715 1917 3770 loco
1958 3713 2090 3770 dili-

450 3809 678 3881 gentius
709 3808 960 3863 arbitror
991 3803 1425 3859 disserendum.

449 3915 680 3972 CAPUT
715 3915 810 3972 IX.
843 3945 908 3956 —
939 3913 1011 3968 De
1039 3910 1376 3983 Angelorum
1403 3905 1716 3963 conditione
1743 3902 1879 3983 quid
1902 3916 2095 3957 secun-

661 3996 796 4051 dum
824 3995 1019 4049 divina
1055 3982 1371 4046 testimonia
1408 3988 1759 4042 sentiendum
1787 3982 1880 4038 sit.

519 4097 706 4157 Nunc,
739 4091 1015 4162 quoniam
1045 4089 1116 4143 de
1145 4092 1359 4142 sanctae
1388 4083 1641 4138 civitatis
1672 4090 1870 4137 exortu
1904 4079 2098 4162 dicere

451 4156 700 4237 institui,
732 4156 790 4226 e-t
822 4171 982 4240 prius
1019 4165 1174 4236 quod
1200 4166 1269 4219 ad
1314 4168 1547 4219 sanctos
1596 4161 1844 4232 Angelos
1892 4156 2096 4213 attinet

450 4249 761 4308 dicendum
807 4246 1026 4318 putavi,
1077 4260 1201 4314 quae
1251 4243 1431 4312 hujus
1482 4241 1733 4297 civitatis
1781 4243 1838 4292 et
1886 4250 2096 4318 magna

449 4348 586 4406 pars
607 4335 716 4398 est,
739 4317 890 4384 eteo
913 4324 1153 4406 beatior,
1175 4325 1347 4406 quod
1366 4335 1668 4391 nunquam
1703 4317 2094 4390 peregrinata,

450 4401 580 4484 quas
626 4411 761 4464 hinc
815 4405 1009 4462 divina
1056 4403 1390 4458 testimonia
1439 4404 1774 4484 suppetant,
1807 4401 2094 4468 quantum

449 4479 595 4551 satis
649 4490 957 4553 videbitur,
1007 4485 1124 4542 Deo
1171 4484 1472 4556 largiente,
1521 4480 1806 4553 explicare
1860 4479 2094 4535 curabo.

451 4574 562 4630 Ubi
591 4573 662 4628 de
694 4569 899 4627 mundi
930 4565 1348 4624 constitutione
1377 4580 1553 4621 sacris
1587 4563 1810 4618 Littera
1841 4561 2098 4633 loquun-
2124 4609 2127 4611 _

451 4660 567 4722 tur,
601 4669 716 4709 non
766 4651 1063 4709 evidenter
1101 4646 1312 4703 dicitur
1351 4651 1550 4701 utrum
1600 4643 1688 4700 vel
1739 4659 1852 4715 quo
1891 4641 2096 4698 ordine

453 4734 631 4794 creati
664 4735 783 4790 sint
825 4729 1032 4803 Angeli
1066 4744 1080 4784 :
1114 4729 1215 4784 sed
1262 4729 1312 4784 si
1358 4724 1730 4799 praetermissi
1769 4740 1884 4779 non
1933 4726 2094 4791 sunt,

449 4831 551 4873 vec
580 4813 708 4872 caeli
741 4813 997 4877 nomine,
1029 4809 1127 4865 ubi
1159 4808 1385 4864 dictum
1417 4812 1526 4876 est,
1567 4807 1634 4861 In
1661 4805 1938 4877 principio
1966 4804 2098 4873 fecit

453 4899 596 4954 Deus
625 4896 822 4952 caelum
853 4897 903 4950 et
942 4901 1147 4948 terram
1177 4889 1334 4962 (Gen.
1368 4905 1407 4955 ι,
1443 4889 1532 4958 1):
1565 4885 1654 4942 vel
1703 4885 1897 4956 potius
1948 4883 2095 4939 lucis

449 4979 651 5049 hujus,
686 4978 757 5032 de
786 4991 904 5048 qua
935 4975 1156 5044 loquor,
1189 4969 1502 5043 signiﬁcati
1541 4971 1700 5024 sunt.
1744 4967 1870 5049 l‘lon
1902 4972 2096 5049 autem

450 5047 876 5135 praetermissos
915 5070 1042 5111 esse
1090 5052 1226 5108 hinc
1275 5051 1566 5117 existimo,
1610 5047 1765 5120 quod
1808 5047 2092 5118 scriptum

512 5189 589 5247 (α)
618 5184 804 5234 Confer
836 5182 1000 5231 libros
1031 5181 1096 5230 de
1126 5179 1253 5231 Gen.
1286 5178 1353 5228 ad
1381 5177 1535 5237 Litt.,
1555 5174 1773 5239 passim,
1801 5174 1892 5223 sed
1919 5171 2099 5236 impri-

450 5251 553 5301 mis
586 5248 681 5298 lib.
716 5247 738 5294 1
771 5249 824 5295 et
851 5247 896 5292 4.

510 5297 594 5374 (bi
631 5297 1062 5374 «iiAristobulus,
1112 5323 1163 5374 τη
1180 5303 1348 5353 verba
1391 5302 1534 5374 sunt.
1574 5298 1804 5374 liusebii,
1845 5297 2093 5374 Praepar.

450 5362 625 5436 evang
648 5409 662 5430 .
693 5370 901 5436 lib.g13_,
936 5362 1058 5432 cap.
1108 5366 1183 5436 12,
1231 5383 1264 5436 μ
1312 5363 1543 5436 prodidit
1589 5362 1956 5436 ideondictum
1985 5372 2099 5436 esse

452 5423 732 5499 {septimo
761 5423 1357 5499 dieDeumquievisse,
1371 5427 1515 5499 quod
1543 5425 1767 5473 conditis
1795 5435 1910 5499 a-se
1939 5423 2099 5472 rebus

455 5521 481 5548 «
513 5487 745 5561 quietem
761 5496 975 5561 indidit,
986 5494 1056 5561 _id
1080 5487 1170 5542 'est
1185 5487 1529 5561 stabilitatem
1539 5487 1957 5561 permanentem,
1983 5498 2098 5561 per-

456 5584 481 5610 «
513 5549 838 5618 ὁεωὶιαιθω,
886 5558 1231 5618 ordinemque
1285 5555 1480 5618 ratum,
1534 5551 1706 5618 fixum
1746 5551 1800 5598 et
1854 5549 2100 5618 immuta-

456 5647 485 5672 ι
511 5611 700 5680 bilem;
744 5611 838 5671 vel
857 5621 1001 5683 quod
1036 5611 1400 5683 quaecumque
1447 5614 1616 5683 facere
1658 5613 1984 5683 decreverat,
2020 5611 2098 5660 ita

459 5707 488 5736 α
514 5673 752 5750 prorsus,
779 5685 840 5735 ut
864 5673 1176 5740 destinarat,
1204 5673 1436 5744 perfecta
1463 5676 1694 5726 fuerunt.
1729 5691 1751 5722 ι
1792 5673 2036 5728 Coenus.

1499 322 1600 382 DE
1645 312 2012 382 CIVITATE
2053 307 2208 376 DEI,
2255 309 2319 370 S.
2364 307 2784 372 AUGUSTINI

3721 314 3840 375 324

2194 447 2282 500 est
2310 443 2668 515 requievisse
2697 443 2882 500 Deum
2913 442 2972 499 in
3005 442 3254 516 septimo
3301 444 3397 501 die
3442 445 3514 502 ab
3564 447 3841 505 omnibus

2195 523 2467 596 operibus
2514 523 2638 578 suis
2690 541 2820 595 qua
2870 523 3038 592 fecit;
3087 540 3221 580 cum
3271 523 3420 580 liber
3469 525 3593 598 ipse
3639 527 3717 582 ita
3766 528 3844 584 sit

2195 621 2454 668 exorsus,
2487 606 2552 660 In
2592 607 2864 677 principio
2909 606 3042 675 fecit
3083 607 3225 660 Deus
3261 607 3455 662 ctelum
3495 611 3546 662 et
3588 617 3793 664 terram
3819 628 3845 666 :

2197 691 2262 740 ut
2291 691 2425 742 ante
2453 685 2661 740 cmlum
2694 689 2751 741 et
2791 694 3000 741 terram
3035 686 3177 741 nihil
3211 687 3370 741 aliud
3414 687 3622 743 fecisse
3650 688 3845 744 videa-

2196 770 2310 822 tur.
2342 766 2487 821 Cum
2511 781 2646 837 ergo
2677 774 2710 821 a
2741 766 2882 822 caelo
2913 773 2970 822 et
3017 771 3170 821 terra
3209 767 3472 838 coeperit,
3501 778 3674 839 atque
3718 769 3847 841 ipsa

2195 850 2352 902 terra
2403 862 2575 918 quam
2627 845 2894 917 primitus
2945 846 3096 914 fecit,
3138 847 3288 902 sicut
3317 847 3614 916 Scriptura
3637 865 3846 906 conse-

2199 935 2454 998 quentur
2478 927 2789 1000 eloquitur,
2832 927 3143 983 invisibilis
3175 933 3232 983 et
3262 927 3672 998 incomposita,
3699 946 3847 986 non-

2199 1009 2461 1078 dumque
2495 1008 2620 1064 luce
2653 1008 2821 1077 facta,
2865 1010 3066 1079 utique
3125 1008 3371 1063 tenebras
3427 1008 3639 1064 fuerint
3668 1026 3846 1082 super

2200 1089 2501 1157 abyssum,
2533 1087 2587 1143 id
2645 1092 2736 1150 est
2791 1105 2970 1160 super
3017 1089 3332 1160 quamdam
3367 1094 3533 1145 terrae
3563 1095 3621 1145 et
3680 1107 3845 1163 aqua

2202 1171 2596 1227 indistinctam
2634 1170 3038 1227 confusionem
3081 1171 3202 1242 (ubi
3233 1173 3390 1227 enim
3447 1171 3546 1226 lux
3578 1189 3698 1228 non
3729 1179 3847 1239 est,

2201 1251 2452 1308 tenebrat
2491 1250 2609 1305 sint
2649 1267 2885 1307 necesse
2921 1252 3065 1322 est);
3098 1251 3305 1307 deinde
3349 1253 3550 1308 omnia
3597 1254 3848 1309 creando

2201 1332 2485 1404 disposita
2513 1332 2652 1399 sint,
2685 1347 2814 1403 qua
2847 1348 2948 1403 per
2980 1348 3082 1387 sex
3109 1331 3233 1388 dies
3263 1337 3676 1388 consummata
3709 1349 3846 1389 nar-

2200 1421 2447 1470 rantur:
2483 1413 2774 1485 quomodo
2817 1411 3018 1484 Angeli
3068 1412 3666 1482 praetermittat-eatur,
3717 1417 3850 1469 tan-

2201 1509 2377 1564 quam
2410 1510 2522 1550 non
2555 1497 2752 1549 essent
2783 1492 2842 1547 in
2881 1492 3155 1564 operibus
3181 1492 3303 1560 Dei,
3339 1510 3372 1549 a
3403 1493 3618 1565 quibus
3660 1495 3718 1549 in
3751 1494 3852 1549 die

2200 1575 2450 1647 septimo
2475 1572 2803 1648 requievit?
2833 1573 2994 1646 Opus
3039 1579 3234 1630 autem
3283 1576 3378 1632 Dei
3410 1591 3539 1631 esse
3572 1576 3847 1647 Angelos,

2201 1654 2292 1710 hic
2348 1656 2581 1726 quidem
2633 1657 2741 1711 etsi
2791 1671 2904 1710 non
2957 1655 3433 1724 pretermissum,
3482 1672 3598 1712 non
3649 1661 3849 1711 tamen

2200 1737 2492 1792 evidenter
2539 1753 2879 1808 expressum
2929 1742 3058 1803 est;
3114 1737 3214 1791 sed
3278 1736 3415 1792 alibi
3476 1737 3581 1792 hoc
3643 1742 3851 1800 sancta

2199 1818 2502 1888 Scriptura
2552 1816 2878 1873 clarissima
2934 1833 3070 1872 voce
3135 1821 3405 1872 testatur.
3466 1819 3608 1873 Nam
3676 1823 3737 1871 et
3787 1817 3848 1872 in

2205 1898 2416 1970 hymno
2443 1899 2624 1954 trium
2655 1898 2715 1952 in
2746 1897 2979 1952 camino
3017 1897 3269 1952 virorum
3310 1914 3443 1953 cum
3499 1897 3846 1967 praedictum

2201 1984 2374 2046 esset,
2417 1977 2748 2046 Benedicite,
2789 1980 2975 2034 omnia
3017 1993 3181 2048 opera
3213 1977 3450 2044 Domini,
3490 1979 3756 2039 Domino;
3787 1978 3854 2033 in

2201 2060 2569 2116 exsecutione
2615 2060 2952 2114 earumdem
2984 2075 3246 2129 operum,
3279 2061 3452 2116 etiam
3482 2059 3688 2132 Angeli
3733 2075 3847 2114 no-

2203 2139 2406 2196 minati
2445 2145 2584 2196 sunt
2613 2139 2770 2208 (Dan.
2813 2155 2900 2208 ιιι,
2931 2139 3024 2208 57,
3053 2139 3168 2210 58).
3202 2140 3271 2195 Et
3313 2141 3370 2196 in
3422 2141 3651 2197 Psalmo
3680 2139 3855 2194 cani-

2202 2225 2300 2277 tur
2327 2237 2341 2276 :
2372 2221 2610 2277 Laudate
2639 2221 2928 2275 Dominum
2960 2219 3027 2275 de
3055 2221 3226 2287 caelis,
3259 2220 3484 2278 laudate
3511 2238 3632 2278 eum
3656 2222 3716 2275 in
3745 2235 3852 2274 ea:-

2201 2303 2380 2358 celsis.
2437 2299 2680 2357 Laudate
2734 2317 2879 2367 eum,
2911 2317 3098 2357 omnes
3159 2302 3369 2371 Angeli
3416 2305 3569 2374 ejus;
3617 2302 3856 2357 laudate

2200 2400 2346 2454 eum,
2377 2399 2563 2440 omnes
2595 2383 2828 2438 Virtutes
2855 2384 2990 2453 ejus.
3022 2381 3263 2440 Laudale
3299 2400 3446 2451 eum,
3472 2386 3554 2440 sol
3581 2389 3639 2440 et
3671 2387 3808 2443 (una
3827 2403 3855 2451 ;

2207 2465 2431 2522 laudate
2458 2480 2604 2529 eum,
2635 2479 2821 2520 omnes
2863 2461 3046 2520 stellae
3071 2472 3122 2518 et
3168 2463 3376 2518 lumen.
3423 2465 3666 2521 Laudafe
3692 2485 3844 2536 eum,

2202 2545 2323 2602 ειειί
2350 2545 2607 2617 caelorum
2624 2559 2645 2606 ;
2665 2548 2713 2599 et
2736 2557 2899 2613 aquae
2915 2559 3033 2614 qua
3062 2559 3225 2612 super
3251 2544 3412 2598 oculos
3440 2551 3590 2613 sunt,
3623 2548 3850 2604 laudent

2202 2643 2400 2682 nomen
2441 2625 2682 2680 Domini.
2735 2623 3004 2691 Quoniam
3052 2624 3166 2694 ipse
3193 2622 3357 2690 dixit,
3400 2628 3454 2680 et
3491 2628 3645 2693 facta
3678 2622 3850 2696 sunt;

2203 2709 2316 2774 ipse
2356 2704 2661 2773 mandavit,
2706 2708 2758 2760 et
2801 2713 2986 2759 creata
3025 2707 3154 2758 sunt
3202 2705 3372 2775 (Psal.
3423 2722 3646 2776 chvm,
3696 2709 3851 2778 1-5).

2203 2786 2389 2841 Etiam
2414 2785 2508 2840 hic
2530 2782 2893 2853 apertissime
2916 2800 2949 2838 a
2979 2784 3088 2839 Deo
3111 2785 3296 2839 factos
3326 2800 3453 2840 esse
3485 2787 3735 2857 Angelos
3756 2789 3862 2843 di-

2203 2867 2420 2921 vinitus
2449 2866 2666 2921 dictum
2712 2869 2820 2930 est,
2847 2881 2978 2918 cum
3021 2864 3106 2919 eis
3144 2863 3297 2920 inter
3342 2871 3542 2921 cetera
3583 2869 3857 2925 calentia

2225 2943 2722 3011 commemoratis,
2773 2945 3024 3000 infertur
3057 2944 3130 2999 ad
3164 2945 3379 3011 omnia,
3419 2946 3536 3016 Ipse
3574 2947 3750 3013 dixit,
3801 2958 3862 3005 et

2201 3030 2348 3100 facta
2393 3031 2542 3082 sunt.
2595 3026 2736 3091 Quis
2786 3041 2955 3095 porro
2997 3024 3237 3080 audebit
3284 3025 3529 3096 opinari,
3561 3032 3695 3098 post
3725 3044 3864 3085 om-

2205 3109 2303 3164 nia
2341 3107 2454 3162 ista
2484 3105 2502 3139 ί
2537 3122 2664 3176 quas
2702 3121 2800 3160 sex
2844 3104 3052 3161 diebus
3083 3111 3424 3162 enumerata
3471 3115 3631 3177 sunt,
3665 3112 3864 3182 Ange-

2202 3189 2290 3246 los
2323 3187 2547 3244 factos?
2583 3187 2688 3241 Sed
2722 3190 2780 3241 et
2811 3185 2861 3240 si
2911 3186 3225 3258 quisquam
3258 3187 3340 3242 ita
3375 3188 3610 3260 desipit,
3644 3191 3849 3246 redar-

2203 3272 2325 3343 guit
2371 3271 2545 3325 istam
2600 3269 2914 3323 vanitatem
2964 3267 3065 3324 illa
3105 3269 3402 3341 Scriptura
3445 3271 3601 3342 paris
3648 3277 3856 3330 aucto-

2205 3351 2408 3419 ritatis,
2446 3351 2543 3406 ubi
2595 3350 2748 3406 Deus
2800 3349 2965 3416 dicit,
3000 3350 3226 3418 Quando
3271 3354 3421 3421 facta
3468 3362 3596 3408 sunt
3641 3352 3852 3422 sidera,

2205 3434 2570 3490 laudauerunt
2598 3446 2684 3486 me
2726 3445 2850 3485 voce
2897 3446 3099 3507 magna
3145 3447 3334 3486 omnes
3363 3433 3559 3501 Ληρειὶ
3587 3435 3696 3488 mei
3723 3433 3852 3504 (Job

2201 3530 2440 3583 xxxvm,
2461 3515 2517 3580 7,
2544 3529 2648 3569 sec.
2674 3510 2848 3582 LXX).
2872 3512 2998 3567 iam
3024 3529 3160 3583 ergo
3181 3523 3344 3568 erant
3367 3515 3588 3583 Angeli,
3614 3517 3853 3586 quando

2206 3599 2357 3652 facta
2387 3605 2525 3650 sunt
2574 3594 2784 3648 sidera.
2837 3593 3011 3647 Facta
3061 3598 3200 3648 sunt
3230 3603 3422 3649 autem
3474 3602 3678 3666 quarto
3731 3597 3851 3653 die.

2204 3676 2643 3748 Numquidnam
2676 3689 2811 3745 ergo
2842 3673 2935 3729 die
2966 3676 3132 3730 tertio
3166 3675 3346 3731 factos
3389 3691 3514 3732 esse
3544 3679 3802 3734 dicemus
3825 3677 3856 3734 ?

2203 3757 2386 3814 Absit.
2421 3761 2478 3810 In
2529 3761 2796 3824 promptu
2832 3762 2918 3808 est
2958 3755 3138 3824 enim,
3172 3756 3308 3825 quid
3358 3755 3458 3812 illo
3503 3756 3596 3812 die
3628 3759 3848 3815 factum

2205 3839 2300 3892 sit.
2340 3837 2428 3890 Ab
2459 3836 2627 3905 aquis
2660 3833 2863 3903 utique
2892 3839 3044 3888 terra
3086 3837 3339 3891 discreta
3383 3842 3492 3906 est,
3523 3842 3580 3892 et
3609 3838 3853 3894 distinc-

2204 3921 2293 3971 tas
2324 3914 2415 3971 sui
2446 3912 2674 3985 generis
2703 3913 2928 3983 species
2960 3915 3076 3970 duo
3105 3915 3215 3970 ista
3244 3915 3534 3972 elementa
3579 3934 3852 3990 sumpse-

2206 4005 2360 4063 runt,
2394 4002 2450 4050 et
2482 3993 2748 4064 produxit
2776 3999 2931 4048 terra
2965 3995 3250 4067 quidquid
3283 3997 3334 4052 ei
3359 3997 3635 4053 radicitus
3663 3998 3852 4054 inha-

2205 4083 2313 4133 ret.
2347 4073 2778 4147 Numquidnam
2812 4076 3119 4132 secundo?
3152 4077 3233 4133 Ne
3262 4078 3370 4134 hoc
3399 4080 3633 4151 quidem
3661 4095 3674 4134 :
3709 4085 3858 4136 tunc

2205 4158 2360 4212 enim
2406 4157 2834 4211 ﬁrmamentum
2871 4157 3089 4213 factum
3122 4163 3213 4214 est
3260 4159 3412 4215 inter
3459 4177 3638 4232 aquas
3667 4178 3856 4232 supe-

2205 4237 2386 4294 riores
2417 4240 2474 4292 et
2519 4235 2837 4303 inferiores,
2867 4236 3191 4308 coelumque
3239 4239 3591 4310 appellatum
3623 4245 3750 4310 est;
3788 4242 3857 4298 in

2205 4333 2318 4390 quo
2351 4317 2716 4372 ﬁrmamento
2754 4317 2904 4373 facta
2935 4323 3074 4374 sunt
3122 4319 3313 4375 sidera
3343 4326 3552 4392 quarto
3601 4321 3712 4376 die.
3746 4321 3855 4377 Ni-
3907 4320 3912 4327 ’

2207 4398 2415 4454 mirum
2447 4411 2582 4469 ergo
2614 4398 2662 4452 si
2693 4395 2766 4452 ad
2795 4397 3040 4454 istorum
3072 4399 3297 4456 dierum
3329 4417 3508 4474 opera
3536 4401 3636 4458 Dei
3669 4402 3856 4472 perti-

2205 4483 2346 4536 nent
2373 4477 2599 4549 Angeli,
2629 4477 2742 4549 ipsi
2774 4482 2915 4534 sunt
2947 4479 3047 4534 lux
3074 4478 3173 4536 illa
3203 4497 3330 4553 quin
3363 4482 3474 4538 diei
3508 4498 3721 4538 nomen
3753 4498 3856 4539 ao-

2206 4560 2378 4632 cepit,
2409 4559 2579 4630 cujus
2610 4560 2808 4616 unitas
2839 4563 2904 4615 ut
2930 4563 3458 4630 commendaretur,
3485 4579 3603 4619 non
3625 4567 3714 4620 est
3737 4563 3863 4620 dic-

2207 4646 2299 4697 tus
2329 4641 2454 4696 dies
2503 4641 2750 4711 primus,
2782 4642 2885 4696 sed
2936 4641 3059 4697 dies
3108 4659 3263 4699 unus
3291 4645 3392 4716 (a).
3432 4643 3549 4701 Nec
3579 4644 3730 4701 alius
3762 4649 3860 4702 est

2207 4722 2330 4778 dies
2379 4721 2696 4786 secundus,
2729 4726 2831 4776 aut
2860 4722 3087 4792 tertius,
3120 4730 3224 4780 aut
3269 4724 3462 4782 caeteri
3498 4741 3512 4780 :
3543 4725 3645 4782 sed
3693 4725 3858 4782 idem

2271 4847 2444 4922 i‘Sola
2475 4848 2635 4922 editio
2668 4849 2815 4922 ξιον..
2842 4852 2983 4922 post
3020 4850 3366 4922 communia
3397 4851 3593 4922 omnia
3633 4852 3759 4922 ista.
3791 4850 3865 4922 ξι

2230 4911 2362 5022 ἓξὲξ
2390 4913 2525 4974 post,
2550 4911 2685 4974 pari
2725 4913 3057 4963 auctoritate
3088 4929 3101 4975 ;
3149 4915 3586 4965 dissentientibus
3633 4915 3863 4966 caeteris

2284 4987 2357 5025 1'18
2365 5013 2374 5020 .

2271 5037 2339 5100 (α)
2369 5037 2616 5112 Τῒιθριοεῇ
2659 5039 2831 5112 ὅταθοὶ
2881 5052 2966 5112 re}
2995 5041 3330 5112 __apirit_uales
3362 5041 3707 5104 praecessisse
3738 5054 3865 5112 eor:

2204 5113 2390 5176 poreas
2423 5103 2630 5176 volunt,
2665 5103 2843 5176 eisque
2865 5103 3033 5151 veluti
3063 5105 3322 5176 ministris
3354 5103 3513 5154 usum
3533 5119 3646 5154 esse
3670 5105 3865 5154 mundi

2206 5163 2506 5240 genitorem
2537 5164 2594 5240 in
2632 5164 2889 5240 reliquis“
2911 5167 3250 5240 procreandis
3281 5168 3866 5240 L_quam__opinionem

2206 5226 2355 5300 lzlato
2385 5227 2440 5300 i_n
2469 5226 2680 5300 opificio
2709 5226 2894 5300 mundi
2915 5226 3133 5280 secutus
3153 5232 3249 5280 est.
3281 5226 3448 5300 Divus
3481 5226 3861 5300 Hieronymus.

2206 5288 2521 5364 gregarium
2545 5289 2868 5364 magistrum.
2902 5304 3130 5364 suosque
3177 5295 3392 5364 secutus
3433 5288 3861 5364 graecos,'spiri-

2207 5354 2377 5426 tuentis
2403 5353 2763 5426 corporalibu
2786 5353 3159 5426 priorafu’isse
3196 5357 3418 5406 censuit.
3440 5353 3687 5426 ’Basilius
3728 5353 3862 5407 vero

2205 5418 2258 5488 et
2289 5416 2602 5488 Dionysius,
2629 5416 2800 5475 graeci
2826 5417 3073 5488 et_l_atini
3101 5433 3259 5488 prope
3288 5433 3490 5473 omnes.
3525 5419 3863 5488 Ambrosius.

2204 5478 2360 5543 Deda,
2392 5478 2752 5543 Cassiodorus,
2799 5481 2852 5527 et
2876 5481 2981 5543 hic
3010 5478 3355 5543 Augustinus,
3399 5485 3591 5532 cuncta
3633 5482 3793 5530 simul
3822 5494 3863 5530 α

2205 5539 2309 5589 Deo
2338 5541 2752 5652 prognitaesse
2776 5542 3074 5616 perhibent,
3283 5539 3407 5619 cum
3443 5546 3538 5620 illo
3565 5557 3864 5606 conng

2206 5603 2421 5652 videtur
2487 5603 2797 5654 celestastict
2835 5619 2971 5659 mn.
3001 5606 3061 5655 1:
3150 5621 3213 5656 ut
3251 5615 3392 5659 vivit
3433 5623 3499 5657 in
3539 5615 3861 5659 aeternum.

2206 5603 2421 5675 videtur
2446 5603 2797 5675 Ecclesiastici
2828 5619 2971 5675 xviii,
3001 5606 3026 5655 1
3040 5603 3083 5675 _:’_
3107 5603 3216 5659 Qui
3251 5607 3392 5660 vivit
3433 5608 3499 5675 in
3539 5603 3861 5669 aeternum,

2208 5666 2417 5716 creavit
2443 5666 2635 5715 omnia
2666 5667 2860 5717 simul.
2890 5669 3004 5722 ιω.
3040 5669 3208 5722 Vim.
3493 5671 3496 5675 ’
