4128 6184
257 303 370 366 325

256 439 372 510 ipse
401 451 560 492 unus
607 436 680 492 ad
729 432 1091 506 implendum
1139 436 1436 496 senarium
1482 439 1573 496 vel
1623 445 1897 512 septena—

257 519 398 574 rium
431 532 748 572 numerum
782 516 1063 587 repetitus
1083 521 1190 586 est,
1224 524 1460 592 propter
1485 522 1778 578 seuariam
1810 523 1895 580 vel

254 599 629 672 septenariam
674 597 1108 668 cognitionem;
1143 601 1434 658 senariam
1477 603 1702 659 scilicet
1757 620 1896 674 ope-

255 697 377 736 rum
424 696 553 751 quae
604 677 740 734 fecit
785 678 962 746 Deus,
995 685 1053 736 et
1102 683 1494 747 septenariam
1543 684 1756 756 quietis
1791 684 1892 740 Dei

254 761 341 832 (a).
390 761 532 817 Cum
573 759 726 815 enim
776 759 922 814 dixit
969 759 1145 831 Deus,
1173 762 1294 818 Fiat
1342 763 1460 830 lux,
1512 769 1563 819 el
1609 767 1767 835 facta
1814 769 1894 820 est

251 841 385 906 lux;
415 844 464 896 si
497 850 648 896 recte
679 838 739 894 in
773 837 881 895 hac
912 839 1041 896 luce
1071 844 1285 899 creatio
1329 844 1676 916 intelligitur
1706 847 1892 916 Ange-

250 920 458 988 lorum,
493 919 916 1000 profectoiacti
949 927 1092 976 sunt
1122 922 1431 995 participes
1462 925 1611 980 lucis
1641 932 1892 1000 internas,

249 1002 400 1074 quod
431 1007 521 1057 est
550 1002 568 1036 ι
602 1001 729 1071 ipsa
760 998 1256 1059 incommutabilis
1295 1005 1589 1075 Sapientia
1637 1005 1758 1072 Dei,
1793 998 1894 1077 per

248 1098 420 1154 quam
454 1082 605 1138 facta
629 1083 769 1135 sunt
790 1082 1012 1151 omnia,
1044 1098 1220 1154 quem
1245 1085 1496 1141 dicimus
1521 1086 1892 1157 unigenitum

249 1163 341 1218 Dei
373 1161 589 1218 Filium
619 1178 634 1228 ;
667 1165 734 1216 ut
763 1175 828 1215 ea
857 1161 987 1219 luce
1027 1163 1369 1235 illuminati,
1403 1183 1518 1237 qua
1557 1167 1754 1234 creati,
1791 1166 1890 1221 lie-

243 1251 365 1300 rent
396 1243 518 1312 lux,
552 1248 610 1299 et
636 1249 984 1300 vocarentur
1013 1245 1150 1315 dies
1193 1247 1637 1318 participatione
1672 1248 1894 1304 incom-

243 1324 542 1380 mutabilis
573 1323 723 1380 lucis
764 1330 822 1382 et
852 1323 986 1394 diei,
1022 1327 1178 1399 quod
1221 1331 1310 1383 est
1347 1327 1604 1384 Verbum
1635 1328 1760 1396 Dei,
1792 1344 1892 1402 per

240 1407 392 1478 quod
425 1411 483 1463 et
510 1405 624 1477 ipsi
667 1412 724 1464 et
767 1407 964 1466 omnia
1012 1408 1159 1464 facta
1209 1413 1368 1466 sunt.
1419 1411 1629 1466 Lumen
1676 1412 1892 1482 quippe

237 1501 454 1555 verum,
482 1486 623 1558 quod
669 1487 959 1545 illuminat
1005 1504 1220 1546 omnem
1271 1489 1547 1547 hominem
1585 1494 1890 1548 venientem

237 1567 294 1621 in
339 1567 492 1622 hunc
531 1569 803 1625 mundum
831 1571 852 1604 ²
894 1571 1075 1641 (Ιοαη.
1119 1586 1158 1635 ι,
1205 1570 1280 1641 9),
1326 1570 1436 1627 hoc
1487 1571 1786 1627 illuminat
1833 1576 1890 1628 et

235 1663 472 1704 omnem
527 1651 802 1720 angelum
844 1651 1156 1718 mundum,
1189 1656 1254 1706 ut
1298 1651 1378 1707 sit
1424 1651 1522 1707 lux
1556 1670 1671 1708 non
1721 1653 1780 1708 in
1829 1667 1889 1708 se

237 1729 385 1800 ipso,
422 1729 522 1784 sed
569 1731 628 1786 in
661 1729 824 1787 Deo:
857 1748 891 1787 a
931 1748 1046 1803 quo
1090 1732 1141 1786 si
1189 1732 1466 1788 avertitur
1513 1733 1783 1804 angelus,
1825 1733 1888 1788 fit

234 1803 617 1880 immundus;
671 1816 826 1868 sicut
863 1818 1004 1869 sunt
1054 1830 1261 1871 omnes
1308 1815 1408 1887 qui
1459 1803 1737 1871 vocantur
1785 1815 1890 1870 im-

235 1894 444 1947 mundi
476 1893 742 1964 spiritus,
776 1911 880 1951 nec
904 1895 1031 1966 jam
1061 1895 1158 1950 lux
1189 1896 1248 1950 in
1285 1896 1544 1965 Domino,
1578 1896 1680 1952 sed
1723 1900 1780 1952 in
1824 1912 1886 1952 se

229 1972 379 2042 ipsis
413 1975 685 2044 tenebrae,
720 1976 930 2047 privati
963 1977 1408 2048 participatione
1456 1977 1605 2033 lucis
1636 1983 1883 2035 aeternas.

229 2051 370 2108 Mali
403 2055 558 2111 enim
594 2056 758 2113 nulla
789 2062 1000 2114 natura
1021 2066 1144 2125 est;
1172 2056 1272 2114 sed
1294 2058 1531 2115 amissio
1562 2058 1715 2128 boui,
1747 2058 1884 2115 mali

229 2148 453 2191 nomen
482 2136 726 2208 accepit.

218 2295 471 2353 CAPUT
499 2299 575 2352 X.
607 2326 677 2339 —-
707 2302 785 2353 De
829 2298 1074 2369 simplici
1115 2303 1166 2355 et
1220 2300 1666 2356 incommutabili
1703 2299 1885 2355 Trini-

295 2375 437 2440 tate,
481 2369 670 2424 Patris
699 2379 752 2424 et
790 2369 926 2424 Filii
952 2373 1001 2425 et
1030 2370 1270 2440 Spiritus
1301 2374 1502 2440 sancti,
1533 2373 1700 2427 unius
1740 2372 1838 2427 Dei
1867 2387 1882 2428 :

291 2439 398 2494 cui
424 2455 536 2496 non
563 2449 642 2497 est
668 2441 823 2496 aliud
851 2439 1114 2513 qualitas,
1143 2443 1299 2497 aliud
1325 2439 1659 2499 substantia.

291 2577 350 2633 1.
387 2575 487 2632 Est
535 2577 730 2650 itaque
787 2578 1001 2635 bonum
1036 2577 1226 2634 solum
1259 2577 1529 2651 simplex,
1561 2581 1619 2634 et
1652 2577 1723 2635 ob
1776 2577 1885 2634 hoc

215 2660 419 2715 solum
445 2655 944 2728 incommutabile,
979 2661 1130 2730 quod
1163 2668 1249 2715 est
1287 2661 1459 2714 Deus.
1492 2660 1576 2714 Ab
1608 2658 1716 2714 hoc
1735 2658 1884 2715 bono

220 2748 422 2795 creata
452 2743 594 2793 sunt
623 2739 822 2794 omnia
873 2741 1044 2807 bona,
1076 2741 1176 2795 sed
1232 2757 1348 2795 non
1398 2739 1701 2809 simplicia,
1723 2747 1780 2794 et
1809 2739 1882 2795 ob

220 2820 333 2877 hoc
368 2820 698 2875 mutabilia.
742 2821 939 2876 Creata
985 2837 1146 2886 sane,
1180 2821 1442 2890 inquam,
1477 2822 1533 2876 id
1589 2826 1677 2876 est
1708 2822 1881 2887 facta,

223 2918 337 2958 non
368 2899 594 2972 genita.
623 2900 789 2965 Quod
819 2902 971 2957 enim
1003 2903 1074 2957 de
1117 2901 1374 2972 simplici
1419 2903 1569 2956 bono
1618 2902 1882 2972 genitum

223 2989 330 3049 est,
370 2982 594 3054 pariter
624 2981 872 3054 simplex
902 2988 1010 3050 est,
1041 2990 1094 3038 et
1145 2982 1254 3038 hoc
1300 2987 1391 3038 est
1435 2983 1590 3053 quod
1633 2982 1774 3037 illud
1808 2983 1881 3039 de

224 3079 339 3135 quo
372 3063 643 3134 genitum
676 3073 792 3131 est;
823 3079 946 3133 quas
977 3065 1094 3118 duo
1125 3068 1352 3119 Patrem
1385 3067 1443 3118 et
1489 3062 1700 3118 Filium
1733 3061 1879 3118 dici-

223 3157 394 3209 mus;
429 3147 486 3199 et
518 3147 832 3214 utrumque
884 3141 994 3199 hoc
1043 3159 1174 3198 cum
1223 3143 1435 3213 Spiritu
1485 3154 1680 3198 sancto
1723 3158 1878 3198 unus

222 3230 308 3281 est
327 3224 491 3280 Deus
514 3239 528 3280 :
553 3223 649 3294 qui
672 3223 926 3296 Spiritus
950 3223 1138 3280 Patris
1169 3228 1226 3280 et
1254 3223 1404 3291 Filii,
1426 3221 1670 3294 Spiriltts
1703 3240 1874 3280 sanc-

225 3313 312 3361 tus
342 3305 584 3377 propria
613 3305 868 3376 quadam
910 3307 1148 3361 notione
1195 3304 1372 3375 hujus
1406 3306 1662 3361 nominis
1689 3305 1748 3360 in
1778 3321 1874 3360 sa-

221 3387 332 3442 cris
356 3386 598 3443 Litteris
627 3391 1019 3458 nuncupatur.
1043 3386 1206 3442 Alius
1231 3390 1320 3441 est
1349 3391 1542 3441 autem
1568 3402 1744 3458 quam
1773 3386 1878 3440 Pa-

220 3471 303 3522 ter
331 3477 385 3523 et
421 3467 627 3532 Filius,
661 3468 800 3538 quia
831 3484 934 3522 nec
991 3469 1159 3523 Pater
1197 3472 1307 3534 est,
1349 3483 1454 3522 nec
1488 3467 1713 3521 Filius:
1748 3467 1874 3532 sed,

220 3547 378 3604 Alius
420 3548 571 3616 dixi;
607 3565 742 3613 non,
776 3549 938 3604 Aliud
963 3550 1133 3621 ;quia
1156 3553 1210 3604 et
1242 3549 1349 3602 hoc
1382 3549 1598 3616 pariter
1626 3547 1878 3616 simplex

221 3630 559 3700 pariterque
575 3629 796 3684 bonum
821 3637 909 3685 est
929 3627 1405 3686 incommutabile
1425 3633 1482 3682 et
1502 3633 1875 3682 coaeternum.

221 3709 284 3764 Et
313 3709 442 3766 haec
474 3708 726 3765 Trinitas
767 3727 920 3765 unus
950 3720 1038 3766 est
1079 3717 1263 3765 Deus:
1293 3724 1396 3764 nec
1428 3707 1552 3762 ideo
1587 3723 1699 3761 non
1731 3706 1876 3760 sim.

224 3792 372 3861 plex,
397 3792 545 3862 quia
572 3790 845 3845 Trinitas.
869 3789 1069 3863 Neque
1099 3790 1253 3845 enim
1298 3793 1532 3860 propter
1561 3786 1668 3841 hoc
1692 3791 1876 3841 natu-

222 3886 342 3926 ram
375 3872 559 3926 istam
592 3871 727 3926 boni
749 3871 1076 3942 simplicem
1098 3867 1523 3940 dicimus,quia
1541 3868 1709 3921 Pater
1728 3865 1785 3920 in
1809 3882 1874 3922 ea

221 3953 402 4021 solus,
429 3959 533 4008 aut
563 3954 727 4009 solus
763 3953 962 4020 Filius,
996 3956 1095 4007 aut
1125 3952 1287 4006 solus
1319 3950 1572 4020 Spiritus
1596 3953 1870 4016 sanctus;

225 4038 316 4089 aut
339 4050 484 4090 vero
514 4034 639 4090 sola
655 4038 744 4090 est
775 4034 885 4090 ista
919 4032 1175 4088 nominis
1205 4031 1458 4086 Trinitas
1503 4029 1627 4084 sine
1656 4029 1876 4084 subsis-

225 4116 403 4172 tentia
436 4113 463 4148 ³
506 4131 886 4187 personarum
925 4114 1028 4187 (ὁ),
1060 4113 1214 4169 sicut
1256 4108 1567 4166 Sabelliani
1617 4108 1876 4165 haeretici

224 4201 602 4265 putaverunt;
637 4197 658 4230 ‘
691 4196 789 4251 sed
837 4195 965 4251 ideo
1011 4193 1266 4266 simplex
1312 4191 1544 4257 dicitur,
1594 4191 1873 4262 quoniam

223 4278 370 4347 quod
406 4276 605 4343 habet,
631 4275 740 4332 hoc
772 4279 882 4339 est,
914 4279 1150 4345 excepto
1173 4272 1325 4346 quod
1366 4271 1600 4326 relative
1626 4285 1874 4342 quaeque

223 4372 472 4424 persona
507 4357 578 4411 ad
612 4356 852 4411 alteram
879 4355 1115 4411 dicitur.
1147 4353 1291 4409 Nam
1325 4351 1524 4423 utique
1572 4356 1738 4408 Pater
1767 4351 1872 4407 ha-

222 4435 312 4492 bet
354 4437 593 4502 Filium,
631 4452 736 4492 nec
767 4442 960 4491 tamen
987 4437 1111 4506 ipse
1134 4439 1221 4490 est
1250 4431 1463 4499 Filius;
1487 4435 1543 4487 et
1564 4432 1746 4488 Filius
1771 4433 1874 4488 ha-

222 4514 308 4571 bet
337 4516 600 4584 Patrem,
633 4532 737 4572 nec
770 4525 957 4572 tamen
991 4516 1115 4586 ipse
1145 4521 1233 4568 est
1263 4513 1448 4568 Pater.
1484 4514 1548 4568 ln
1580 4529 1695 4584 quo
1735 4529 1872 4585 ergo

223 4596 287 4650 ad
317 4613 379 4654 se
415 4597 615 4669 ipsum
645 4597 882 4666 dicitur,
915 4613 1028 4652 non
1061 4595 1131 4652 ad
1157 4593 1424 4655 alterum.
1459 4593 1566 4647 hoc
1597 4597 1686 4649 est
1714 4593 1872 4666 quod

220 4672 392 4733 habet
421 4693 438 4733 :
471 4678 619 4733 sicut
651 4677 723 4732 ad
755 4693 818 4734 se
849 4679 1040 4749 ipsum
1081 4676 1292 4732 dicitur
1322 4673 1570 4742 vivens“,
1603 4673 1874 4731 habendo

221 4757 418 4831 utique
447 4757 648 4826 vitam,
680 4769 732 4816 et
754 4759 955 4816 eadem
988 4757 1102 4814 vita
1131 4758 1256 4830 ipse
1286 4761 1394 4813 est.

277 4961 295 4996 ί
326 4961 488 5020 Edlti,
521 4979 663 5027 quae
696 4970 792 5014 est.
822 4964 890 5014 At
917 4961 1266 5026 manuscriptl
1293 4960 1350 5010 in
1396 4961 1497 5012 hoc
1525 4962 1578 5011 et
1607 4961 1872 5016 similibus

223 5020 368 5075 locis.
401 5033 546 5075 σασα
576 5036 671 5075 est.

356 5065 368 5084 ,
401 5033 546 5084 quod
576 5036 671 5076 est.

272 5041 368 5084 cis,
401 5041 545 5090 quoa
576 5041 671 5076 est.

272 5086 296 5121 ²
326 5089 416 5140 Sic
428 5089 776 5153 manuscripti
797 5089 968 5140 nostri
988 5087 1269 5153 omnes,ln
1289 5087 1364 5145 Β..
1395 5087 1543 5151 quod
1572 5088 1871 5141 illuminat

217 5164 435 5201 omnem
466 5152 746 5202 hominem
779 5153 841 5200 in
871 5153 1018 5200 hunc
1038 5152 1314 5199 mundum
1348 5153 1674 5203 venientem.
1705 5155 1774 5204 M.

278 5215 299 5247 ³
327 5218 429 5264 Am
479 5216 560 5264 Er.
599 5219 651 5266 et
679 5217 924 5266 nonnulli
952 5215 1096 5271 Mss,
1127 5215 1249 5262 sine
1275 5214 1606 5263 substantia.

274 5276 296 5309 δ
326 5277 424 5350 Hic
451 5279 608 5328 Vind.
639 5281 845 5350 Argiet
889 5280 968 5328 Er.
996 5279 1244 5350 .addu-nt,
1292 5285 1460 5350 Fater
1507 5278 1608 5350 qui
1652 5277 1868 5350 genuit,

213 5337 453 5405 simplex
481 5352 576 5390 est.
610 5351 658 5390 et
691 5342 878 5391 Filius
907 5342 1007 5405 qui
1031 5341 1255 5404 genitus
1284 5347 1360 5405 est
1389 5337 1872 5405 parilergs‘irnplex

214 5409 304 5468 est,
337 5411 390 5451 et
419 5404 514 5453 hoc
541 5414 621 5452 est
650 5405 794 5468 quod
824 5401 973 5453 illud
1001 5401 1065 5452 de
1086 5417 1190 5468 quo
1219 5403 1444 5464 genitus
1475 5410 1572 5450 est.
1605 5401 1706 5451 Sed
1740 5403 1871 5454 haec

214 5462 416 5529 absunt
439 5480 473 5516 a
505 5462 672 5524 Lov..'
685 5471 738 5518 et
764 5481 798 5518 a
827 5462 1222 5529 manuscriptis.

272 5528 292 5561 ⁸
327 5529 476 5588 Mss,
509 5531 686 5580 vivus.

290 5594 350 5658 ᾳ)
379 5591 502 5658 yid.
532 5593 693 5658 intra,
725 5607 872 5658 capp.
904 5591 1084 5658 30,31.

322 5651 342 5714 )
372 5652 520 5707 Cont.
551 5651 717 5715 intra.
751 5651 867 5722 c513.
896 5656 959 5706 24
986 5655 1149 5719 hujus
1176 5651 1319 5702 ωη-ι.

1581 308 1814 370 LIBER
1855 308 1961 371 UN
1970 309 2331 378 DECIMUS.

3539 330 3659 400 διο

2080 445 2136 502 2.
2171 447 2538 534 l’ropterboc
2567 451 2760 534 itaque
2793 459 3000 512 natura
3023 456 3240 515 dicitur
3268 460 3538 534 simplex,
3561 465 3656 521 cui

2012 542 2124 613 non
2148 527 2221 613 sit
2239 529 2470 613 aliquid
2497 531 2724 600 habere,
2744 537 2893 606 quod
2925 536 3013 591 vel
3049 539 3234 609 possit
3255 527 3545 613 amittere;
3568 545 3654 602 vel

2011 604 2167 660 aliud
2202 611 2276 663 sit
2307 609 2548 681 habens,
2593 604 2948 686 aliudﬁquod
2991 604 3202 687 habet;
3238 622 3389 676 sicut
3420 604 3654 680 vas'ali-

2011 701 2180 757 quem
2206 689 2514 763 liquorem,
2547 705 2642 751 aut
2674 712 2882 768 corpus
2905 696 3176 767 colorem,
3201 707 3299 756 aut
3329 719 3428 760 aer
3462 705 3649 763 lucem

2009 769 2128 850 sive
2159 771 2462 844 fervorem,
2497 784 2596 831 aut
2639 777 2834 832 anima
2880 779 3251 850 sapientiam.
3298 782 3452 839 Nihil
3492 786 3649 842 enim

2011 849 2214 908 borum
2248 861 2338 910 est
2358 857 2412 910 id
2445 857 2598 928 quod
2623 857 2825 914 habet:
2852 849 2986 914 nam
3015 875 3202 932 neque
3222 878 3314 918 vas
3336 863 3526 936 liquor
3541 871 3648 935 est,

2010 947 2113 1018 nec
2146 949 2361 1018 corpus
2413 939 2590 1006 color,
2625 955 2728 994 nec
2779 955 2878 994 aer
2922 939 3023 996 lux
3052 941 3174 997 sive
3223 943 3428 1014 fervor,
3464 963 3654 1018 neque

2009 1011 2212 1069 anima
2240 1016 2527 1088 sapientia
2586 1026 2690 1075 est.
2740 1022 2882 1077 Hinc
2911 1030 2996 1076 est
3056 1024 3204 1092 quod
3239 1011 3423 1080 etiam'
3443 1011 3651 1094 privari

2009 1104 2256 1166 possunt
2295 1103 2466 1156 rebus
2497 1118 2643 1173 quas
2669 1102 2907 1170 habent,
2940 1109 2997 1158 et
3027 1105 3084 1158 in
3128 1104 3272 1160 alios
3307 1106 3538 1164 habitus
3563 1109 3650 1164 vel

2006 1178 2320 1248 qualitates
2360 1185 2504 1238 verti
2530 1189 2700 1254 atque
2745 1185 2976 1252 mutari,
3003 1195 3063 1240 ut
3090 1189 3145 1240 et
3193 1203 3289 1242 vas
3348 1193 3654 1244 evacuatur

2005 1256 2254 1316 humore
2284 1277 2399 1332 quo
2427 1263 2664 1334 plenum
2689 1270 2797 1332 est,
2830 1271 2887 1321 et
2936 1283 3149 1337 corpus
3183 1267 3552 1324 docoloretur
3592 1272 3648 1324 et

2004 1353 2103 1392 aer
2121 1341 2486 1400 tenebrescat
2514 1344 2632 1400 sive
2664 1345 3012 1418 frigescat,et
3036 1345 3231 1402 anima
3254 1347 3648 1419 desipiat.Sed

2004 1419 2110 1475 etsi
2133 1421 2209 1478 sit
2239 1439 2448 1494 corpus
2477 1425 2939 1498 incorruptibile,
2990 1428 3160 1499 quale
3217 1429 3436 1485 sanctls
3465 1429 3524 1486 in
3556 1447 3650 1487 re—

2003 1504 2360 1560 surrectione
2392 1509 2957 1578 promittitur,babet
2987 1510 3222 1580 quidem
3248 1511 3434 1581 ipsius
3456 1511 3648 1567 incoro

2002 1583 2288 1653 ruptionis
2349 1585 2793 1644 inamissibilem
2830 1589 3192 1661 qualitatem,
3227 1592 3324 1646 sed
3374 1595 3649 1647 manente

2000 1664 2326 1720 substantia
2356 1671 2637 1738 corporali
2673 1687 2784 1727 non
2819 1671 2924 1726 hoc
2968 1679 3070 1738 est,
3099 1673 3249 1741 quod
3298 1672 3423 1740 ipsa
3453 1673 3646 1726 incor-

2000 1759 2060 1799 ru
2074 1749 2209 1816 ptio.
2243 1746 2387 1803 Nam
2414 1750 2511 1805 illa
2540 1753 2711 1806 etiam
2739 1768 2837 1823 per
2867 1752 3127 1822 singulas
3159 1756 3352 1824 partes
3383 1752 3644 1824 corporis

1998 1827 2116 1879 tota
2139 1830 2248 1893 est,
2291 1845 2394 1885 nec
2435 1830 2574 1886 alibi
2605 1833 2808 1900 major,
2843 1833 2979 1889 alibi
3015 1834 3239 1902 minor;
3268 1849 3454 1903 neque
3484 1833 3642 1889 enim

1998 1905 2116 1961 ulla
2147 1925 2282 1979 pars
2313 1916 2402 1967 est
2439 1911 2834 1986 incorruptior
2862 1932 3038 1986 quam
3073 1917 3281 1971 altera:
3316 1932 3528 1988 corpus
3557 1933 3644 1973 ve-

1997 2002 2060 2041 ro
2083 1987 2278 2060 ipsum
2312 1994 2506 2062 majus
2526 1999 2616 2050 est
2647 1995 2704 2049 in
2746 2001 2864 2051 toto
2895 2013 3064 2067 quam
3096 1997 3157 2051 in
3180 2000 3374 2066 parte;
3409 1987 3465 2053 et
3505 2015 3640 2056 cum

1996 2067 2108 2124 alia
2131 2087 2264 2140 pars
2285 2076 2375 2127 est
2403 2073 2462 2128 in
2504 2091 2569 2130 eo
2610 2077 2878 2146 amplior,
2903 2076 3012 2132 alia
3055 2076 3385 2143 minor,non
3417 2093 3484 2132 ea
3516 2095 3640 2150 qua;

1997 2150 2245 2221 amplior
2274 2162 2360 2208 est
2399 2153 2784 2226 incorruptior
2804 2173 2975 2228 quam
3001 2173 3064 2212 ea
3088 2173 3211 2226 quas
3242 2157 3640 2215 minor.Aliud

1997 2238 2081 2309 est
2112 2231 2310 2303 itaque
2337 2248 2569 2304 corpus,
2603 2236 2759 2307 quod
2786 2253 2899 2291 non
2933 2238 3149 2309 ubique
3179 2239 3269 2293 sui
3295 2241 3482 2292 totum
3517 2242 3638 2296 est:

1997 2307 2112 2364 alia
2146 2310 2542 2390 incorruptio,
2570 2331 2697 2386 quae
2747 2315 2962 2386 ubique
3016 2307 3144 2386 ejus
3200 2320 3316 2371 tota
3339 2322 3464 2385 est;
3505 2317 3639 2390 quia

1998 2389 2190 2446 omnis
2232 2407 2367 2464 pars
2416 2392 2879 2466 incorruptibilis
2918 2397 3175 2466 corporis
3209 2398 3388 2452 etiam
3421 2389 3642 2452 caeteris

1997 2471 2298 2542 inatqualis
2355 2473 2659 2544 equaliter
2688 2476 3024 2545 incorrupta
3067 2481 3174 2530 est.
3213 2476 3412 2548 Neque
3459 2477 3639 2544 enim,

1995 2553 2153 2606 verbi
2187 2554 2390 2623 gratia,
2423 2555 2564 2626 quia
2592 2553 2806 2624 digitus
2839 2558 3029 2610 minor
3049 2560 3134 2610 est
3165 2571 3331 2628 quam
3361 2560 3480 2612 tota
3511 2573 3640 2613 ma-

1996 2645 2130 2700 nus,
2164 2632 2290 2688 ideo
2322 2632 2825 2705 incorruptibilior
2847 2650 3056 2690 manus
3079 2652 3255 2706 quam
3287 2636 3522 2708 digitus.
3555 2637 3640 2692 Ita

1995 2728 2126 2768 cum
2161 2714 2278 2770 sint
2320 2715 2636 2787 inaequales
2669 2731 2876 2770 manus
2919 2721 2976 2770 et
3004 2717 3244 2787 digitus,
3278 2717 3519 2788 aequalis
3549 2722 3638 2774 est

1994 2797 2188 2850 tamen
2248 2795 2763 2866 incorruptibilitas
2822 2813 3025 2852 manus
3072 2803 3129 2853 et
3184 2799 3371 2871 digiti.
3399 2802 3480 2856 Ac
3536 2815 3638 2869 per

1992 2876 2100 2931 hoc
2149 2876 2413 2946 quamvis
2471 2895 2502 2931 a
2558 2893 2798 2949 corpore
2846 2878 3275 2950 incorruptibili
3332 2881 3634 2951 insepara-

1991 2954 2125 3010 bilis
2182 2955 2707 3028 incorruptibilitae
2751 2958 2864 3023 sit;
2907 2959 3064 3014 aliud
3113 2965 3201 3017 est
3230 2965 3426 3017 tamen
3457 2962 3635 3017 subs-

1989 3039 2189 3104 tantia,
2213 3051 2326 3105 qua
2355 3051 2568 3108 corpus
2591 3037 2824 3105 dicitur,
2857 3038 3018 3093 aliud
3049 3039 3300 3110 qualitas
3333 3040 3482 3110 ejus,
3518 3057 3635 3112 qua

1988 3115 2426 3185 incorruptibile
2449 3133 2638 3174 nuncu
2651 3119 2906 3190 patur.Et
2929 3119 3053 3175 ideo
3079 3122 3256 3177 etiam
3276 3121 3360 3177 sic
3383 3138 3500 3176 non
3526 3123 3634 3178 hoc

1987 3201 2074 3252 est
2113 3197 2268 3268 quod
2303 3196 2493 3252 habet.
2525 3200 2737 3255 Anima
2775 3216 3000 3271 quoque
3032 3203 3180 3272 ipsa,
3212 3201 3443 3258 etiamsi
3475 3218 3632 3256 scm-

1987 3294 2088 3348 per
2117 3281 2195 3334 sit
2223 3280 2474 3350 sapiens,
2509 3282 2662 3336 sicut
2683 3283 2792 3337 erit
2821 3297 2955 3337 cum
2984 3282 3340 3349 liberabitur
3373 3283 3430 3338 in
3465 3291 3633 3338 aeter-

1987 3374 2169 3424 num;
2209 3358 2655 3430 participatione
2705 3367 2894 3417 tamen
2931 3366 2946 3399 ι
2995 3362 3493 3418 incommutabilis
3533 3382 3628 3419 sa-

1988 3438 2214 3506 pientiae
2237 3441 2473 3509 sapiens
2503 3441 2632 3510 erit,
2657 3457 2785 3511 quae
2829 3459 2943 3497 non
2975 3453 3058 3498 est
3083 3446 3237 3513 quod
3272 3443 3632 3514 ipsa.Neque

1985 3517 2140 3570 enim
2174 3518 2218 3570 si
2251 3535 2345 3572 aer
2393 3520 2582 3575 infusa
2623 3520 2752 3574 luce
2803 3539 3101 3591 nunquam
3152 3525 3469 3588 deseratur,
3502 3524 3630 3577 ideo

1987 3612 2100 3652 non
2130 3595 2283 3650 aliud
2308 3603 2398 3653 est
2427 3600 2567 3670 ipse,
2593 3600 2750 3654 aliud
2774 3601 2874 3654 lux
2896 3618 3008 3670 qua
3031 3601 3419 3655 illuminatur.
3436 3601 3631 3670 Neque

1985 3677 2092 3732 hoc
2125 3675 2205 3730 ita
2234 3676 2499 3745 dixerim,
2521 3679 2688 3750 quasi
2713 3697 2810 3734 aer
2830 3683 2908 3733 sit
2938 3681 3170 3735 anima:
3205 3682 3355 3750 quod
3390 3686 3630 3750 putave-

1987 3762 2120 3811 runt
2153 3755 2412 3827 quidam,
2448 3763 2548 3830 qui
2603 3773 2715 3812 non
2752 3765 3067 3829 potuerunt
3110 3760 3509 3830 incorporeum
3540 3776 3632 3815 co-

1985 3839 2165 3911 gitare
2196 3843 2467 3891 naturam
2492 3839 2586 3909 (a).
2612 3839 2721 3893 Sed
2755 3840 2965 3894 habent
2998 3841 3118 3893 ba-c
3141 3841 3210 3893 ad
3245 3839 3345 3894 illa
3373 3839 3546 3894 etiam
3570 3841 3631 3896 in

1986 3933 2192 3988 magna
2217 3916 2599 3985 disparilitate
2617 3922 2931 3989 quamdam
2949 3917 3493 3981 similitudinem,ut
3513 3937 3628 3975 non

1984 3997 2456 4053 inconvenienter
2485 3999 2732 4066 dicatur,
2765 3999 2847 4054 sic
2893 3998 3213 4054 illuminari
3255 3999 3512 4054 animam
3544 4000 3633 4054 iu-

1983 4093 2317 4150 corpoream
2349 4077 2478 4134 luce
2500 4079 2837 4150 incorporea
2860 4078 3144 4148 simplicis
3177 4079 3478 4151 sapientiai
3502 4079 3622 4150 Dei,

1981 4159 2136 4217 sicut
2163 4159 2530 4216 illuminatur
2559 4161 2707 4217 aeris
2726 4177 2938 4233 corpus
2968 4159 3094 4218 luce
3124 4178 3426 4233 corporea;
3460 4169 3512 4218 et
3549 4161 3627 4218 si-

1981 4249 2077 4298 cut
2104 4241 2687 4299 aertenebrescitista
2712 4243 2840 4300 luce
2858 4244 3125 4300 desertus
3147 4244 3306 4315 (nam
3333 4243 3630 4301 nibilsunt

1982 4322 2139 4379 aliud
2174 4340 2302 4395 qua;
2332 4323 2612 4377 dicuntur
2654 4322 2912 4380 locorum
2945 4339 3456 4397 quorumcumque
3509 4340 3630 4381 cor-

1982 4403 2270 4475 poralium
2321 4404 2596 4470 tenebrae,
2632 4421 2807 4476 quam
2859 4421 2957 4461 aer
3004 4421 3210 4462 carens
3259 4405 3384 4462 luce
3417 4405 3516 4478 [b],
3552 4405 3623 4466 ita

1978 4485 2386 4541 tenebrescere
2418 4485 2671 4541 animam
2706 4486 3004 4558 sapientiae
3039 4486 3165 4544 luce
3210 4489 3518 4560 privatam.

2050 4592 2102 4646 3.
2137 4591 2473 4648 Secundum
2511 4591 2620 4649 hoc
2667 4609 2803 4666 ergo
2845 4593 3121 4651 dicuntur
3167 4593 3268 4650 illa
3311 4594 3628 4668 simplicia,

1979 4690 2110 4746 quae
2141 4673 2539 4747 principaliter
2569 4693 2817 4748 vereque
2875 4677 3073 4732 divina
3116 4681 3278 4742 sunt,
3317 4677 3471 4746 quod
3506 4691 3623 4732 non
3656 4699 3664 4749 ρ

1978 4755 2140 4810 aliud
2171 4763 2261 4812 est
2291 4757 2350 4813 in
2383 4759 2467 4814 eis
2498 4757 2944 4829 qualitas,aliud
2976 4756 3328 4822 substantia,
3359 4772 3463 4810 nec
3490 4755 3628 4811 alio-

1979 4855 2107 4895 rum
2125 4839 2564 4911 participatione
2585 4839 2673 4894 vel
2697 4839 2912 4904 divina,
2936 4837 3022 4891 vel
3055 4835 3364 4905 sapientia,
3381 4834 3467 4890 vel
3490 4835 3625 4890 bea-

2039 5138 2055 5172 ¹
2087 5134 2172 5186 Sic
2200 5149 2382 5186 omnes
2407 5135 2529 5184 Mss.
2564 5135 2633 5184 At
2659 5132 2804 5195 editi,
2836 5133 2982 5184 sicut
3009 5131 3116 5184 erit
3146 5149 3270 5184 cum
3287 5149 3320 5184 a
3339 5133 3626 5199 praesenti

1973 5200 2205 5250 miseria
2236 5199 2566 5248 liberabitur
2585 5201 2644 5247 in
2673 5206 2965 5262 aeternum
2995 5216 3014 5258 ;
3047 5199 3183 5262 quia
3213 5201 3338 5248 licet
3369 5209 3502 5249 tunc
3528 5213 3625 5247 sa-

1964 5264 2130 5324 piens
2158 5264 2231 5310 sit
2263 5264 2325 5310 in
2353 5271 2665 5317 aeternum,
2708 5261 3144 5324 participatione
3192 5272 3376 5311 tamen
3416 5263 3625 5310 incom-

1976 5326 2266 5375 mutalibis
2295 5326 2617 5388 sapientiae.
2653 5328 2750 5374 etc.

2033 5385 2384 5450 (mDiogenes
2430 5401 2495 5436 ex
2535 5389 2770 5444 Aristot.,
2815 5388 2909 5438 lib.
2962 5387 2986 5436 1
3035 5388 3099 5436 de
3150 5387 3358 5442 Anima.
3401 5399 3513 5450 cap.
3543 5385 3621 5449 2;

1973 5452 2334 5561 Enesgdemus
2362 5453 2416 5500 et
2443 5451 2798 5501 Anaximenes
2826 5465 2892 5500 ex
2919 5450 3159 5510 Tertull,
3193 5450 3286 5500 lib.
3312 5451 3377 5500 de
3405 5449 3618 5510 Anima,

1973 5527 2086 5561 can.
2154 5549 2164 5560 .

1973 5527 2086 5576 cap.
2117 5527 2164 5561 ν.

2038 5574 2110 5639 (ὁ)
2137 5576 2284 5626 Cont.
2315 5577 2408 5626 lib.
2447 5574 2471 5626 1
2504 5577 2568 5627 de
2597 5577 2724 5628 Gen.
2756 5580 2941 5628 contra
2969 5576 3216 5631 Manich..
3247 5588 3302 5627 n.
3336 5575 3390 5633 7.
