4128 6184
403 309 543 383 3'27'

1460 317 1562 378 nu
1609 313 1963 377 CIVITATE
2009 316 2160 397 DEI,
2207 297 2270 379 ε.
2318 320 2749 386 AUGUSTINI

3691 301 3824 406 323'

400 463 458 545 ta
476 457 921 545 suntcaaterum
945 451 1139 545 dictus
1156 447 2052 545 estip‘Scripturis'sanctisSpi:
2165 450 2425 545 turnia);
2463 453 2558 522 qui
2611 458 2802 514 tamen
2849 459 2928 516 ita
2953 477 3102 545 vere
3151 424 3352 522 beatus
3392 473 3503 539 est,
3541 477 3600 527 ut
3634 476 3827 545 major

403 541 549 597 ritus
590 537 883 610 sapientiae
943 533 1246 600 multiplex
1291 533 1442 602 (Sap.
1492 547 1593 597 vn,
1644 531 1759 598 22),
1801 545 1866 584 eo
1898 533 2050 600 quod

407 622 593 678 multa
625 621 679 673 in
715 635 777 674 se
804 617 1048 671 habeat:
1079 615 1177 669 sed
1206 628 1330 683 qua:
1375 611 1565 677 habet,
1604 611 1721 665 haec
1754 615 1810 665 et
1857 615 1966 676 est,
1999 614 2055 664 et

407 718 474 757 ea
503 699 702 755 omnia
735 712 883 752 unus
907 700 1012 751 est.
1049 693 1247 764 Neque
1269 694 1423 747 enim
1451 693 1662 756 multae,
1688 692 1781 746 sed
1823 707 1936 744 una
1966 707 2054 744 sa-

408 779 625 854 pientia
649 784 754 843 est,
783 779 838 831 in
873 793 988 847 qua
1021 779 1155 829 sunt
1186 773 1453 854 immensi
1491 772 2053 854 quidemfatqueuin-

405 851 556 916 finiti
608 857 914 914 thesauri'
969 870 1162 911 rerum
1214 853 1683 924 intelligibilium,
1737 853 1794 906 in
1841 851 2055 922 quibus

410 945 549 996 sunt
597 953 792 994 omnes
835 935 1164 990 invisibiles
1214 939 1388 1006 atque
1433 933 1939 989 incommutabiles
1973 947 2057 984 ra-

405 1021 592 1077 tiones
626 1034 840 1084 rerum,
870 1018 1046 1072 etiam
1079 1016 1395 1071 visibilium
1421 1019 1476 1070 et
1502 1013 1904 1080 mutabilium,
1928 1029 2054 1084 qua

404 1114 507 1170 per
536 1098 721 1167 ipsam
749 1098 910 1151 facta
942 1101 1097 1152 sunt.
1135 1095 1421 1160 Quoniam
1475 1094 1629 1149 Deus
1683 1109 1796 1146 non
1838 1091 2054 1160 aliquid

410 1180 678 1234 nesciens
711 1178 1021 1249 fecit,quod
1051 1194 1153 1232 nec
1185 1177 1255 1231 de
1286 1175 1550 1246 quolibet
1570 1173 1806 1228 homine
1836 1173 2058 1228 artifice

414 1264 566 1316 recte
588 1259 699 1316 dici
746 1265 973 1331 potest:
1002 1275 1194 1330 porro,
1229 1258 1276 1312 si
1324 1257 1513 1313 sciens
1557 1256 1692 1311 fecit
1740 1254 1959 1320 omnia,
1992 1271 2060 1310 ea

415 1343 619 1414 utique
660 1343 795 1397 fecit
840 1357 966 1410 qum
1009 1347 1263 1396 noverat.
1300 1341 1376 1395 Ex
1423 1355 1532 1410 quo
1564 1339 1814 1395 occurrit
1863 1337 2059 1393 animo

415 1425 691 1495 quiddam
725 1422 958 1487 mirum,
993 1423 1093 1477 sed
1127 1426 1320 1477 tamen
1351 1422 1730 1491 verum,quod
1756 1419 1862 1475 iste
1893 1435 2058 1473 mun-

415 1503 526 1561 dus
575 1505 744 1561 nobis
789 1509 960 1559 notus
1005 1520 1134 1559 esse
1173 1520 1283 1558 non
1325 1507 1536 1574 posset,
1577 1502 1688 1558 nisi
1734 1505 1914 1568 esset;
1949 1499 2060 1556 Deo

414 1592 612 1644 autem
655 1587 762 1640 nisi
798 1591 970 1642 notus
1003 1589 1172 1654 esset,
1207 1600 1333 1641 esse
1363 1601 1476 1640 non
1512 1586 1720 1655 posset.

418 1744 642 1801 CAPUT
673 1743 765 1798 Xl.
789 1773 856 1783 -—
887 1743 970 1798 An
995 1743 1112 1808 eius
1144 1740 1517 1810 beatitudinis,
1551 1757 1714 1812 quam
1745 1739 1921 1796 sancti
1951 1741 2057 1794 ,4η-

490 1825 600 1897 geli
628 1825 695 1880 ab
727 1824 897 1878 initio
936 1825 1025 1878 sui
1079 1838 1288 1892 semper
1335 1821 1668 1889 habuerunt,
1728 1822 1893 1877 etiam
1940 1819 2065 1875 illos

421 1912 440 1934 τ
487 1907 711 1976 spiritus
757 1907 853 1975 qui
895 1908 953 1958 in
1004 1905 1236 1959 veritate
1280 1918 1385 1958 non
1437 1906 1724 1968 steterunt,
1772 1903 2066 1974 participes

489 1988 664 2058 fuisse
692 1984 1024 2041 credendum
1055 1986 1148 2040 sit.

494 2125 624 2190 Quae
655 2137 788 2176 cum
815 2120 896 2176 ita
924 2120 1063 2188 sint,
1094 2119 1253 2175 nullo
1285 2118 1517 2190 quidem
1544 2119 1711 2174 modo
1743 2119 2065 2174 secundum

423 2201 662 2274 aliquod
704 2200 980 2272 temporis
1011 2202 1267 2271 spatium
1311 2199 1473 2270 prius
1505 2207 1666 2254 erant
1707 2198 1789 2253 illi
1825 2197 2068 2269 spiritus

425 2283 698 2350 tenebras,
723 2298 864 2352 quos
892 2281 1140 2351 Angelos
1173 2280 1463 2348 dicimus;
1499 2281 1599 2334 sed
1633 2278 1808 2335 simul
1841 2284 1904 2334 ut
1937 2279 2070 2333 facti

426 2368 584 2429 sunt,
646 2364 740 2418 lux
800 2362 929 2416 facti
981 2365 1120 2416 sunt
1152 2361 1266 2433 (a):
1327 2378 1440 2416 non
1474 2364 1668 2416 tamen
1720 2359 1799 2415 ita
1847 2364 2067 2414 tantum

426 2446 625 2511 creati,
669 2451 733 2499 ut
781 2459 1011 2515 quoquo
1060 2447 1228 2497 modo
1275 2446 1489 2507 essent,
1532 2447 1588 2497 et
1626 2459 1862 2514 quoquo
1903 2441 2070 2497 modo

422 2526 675 2582 viverent
716 2542 730 2591 ;
764 2525 864 2580 sed
906 2524 1079 2578 etiam
1111 2522 1450 2589 illuminati,
1476 2527 1539 2577 ut
1596 2523 1882 2594 sapienter
1941 2521 2076 2578 bea-

417 2611 592 2678 teque
630 2606 904 2660 viverent.
939 2603 1021 2658 Ab
1071 2603 1180 2659 hac
1225 2603 1657 2658 illuminatione
1713 2602 1900 2658 aversi
1945 2602 2073 2672 qui-

425 2689 554 2744 dam
581 2687 790 2758 angeli,
827 2703 941 2742 non
988 2686 1368 2741 obtinuerunt
1399 2685 1799 2740 excellentiam
1841 2684 2072 2756 sapien-

433 2769 507 2822 tis
533 2770 827 2839 beateeque
857 2768 1006 2834 vitae,
1033 2782 1157 2836 quas
1180 2765 1378 2836 procul
1404 2766 1579 2821 dubio
1603 2765 1834 2821 nonnisi
1858 2772 2075 2820 interna

423 2853 512 2905 est
567 2849 1025 2919 reternitatisque
1077 2864 1196 2903 sum
1238 2852 1394 2902 certa
1455 2856 1628 2917 atque
1683 2862 1891 2903 secura
1925 2863 1938 2900 :
1971 2846 2070 2900 sed

428 2933 485 2984 et
529 2929 868 2984 rationalem
919 2929 1095 2983 vitam
1145 2927 1278 2982 licet
1310 2927 1676 2996 insipientem
1728 2927 1810 2982 sic
1841 2926 2073 2994 habent,

425 3015 488 3066 ut
517 3025 645 3065 eam
675 3026 791 3065 non
827 3008 1051 3079 possint
1099 3010 1388 3072 amittere,
1424 3023 1528 3062 nec
1558 3007 1603 3062 si
1637 3006 1828 3062 velint.
1863 3008 2075 3072 Quate-

424 3105 538 3146 nus
583 3096 779 3144 autem
812 3097 1126 3159 antequam
1176 3093 1538 3158 peccassent,
1572 3086 1734 3142 illius
1774 3085 2076 3157 sapientiae

425 3169 641 3226 fuerint
675 3169 1012 3240 participes,
1047 3167 1289 3222 definire
1321 3167 1451 3237 quis
1478 3166 1707 3234 potest?
1737 3168 1800 3220 In
1835 3167 1958 3235 ejus
1990 3169 2079 3219 ta-

421 3267 552 3308 men
585 3251 1023 3323 participatione
1070 3249 1324 3318 mquales
1376 3247 1553 3303 fuisse
1598 3248 1738 3303 istos
1788 3247 1928 3312 illis,
1975 3246 2076 3318 qui

437 3336 740 3405 propterea
770 3347 898 3386 vere
939 3329 1222 3401 pleneque
1253 3327 1407 3384 beati
1440 3333 1599 3394 sunt,
1649 3329 1926 3398 quoniam
1977 3343 2074 3381 ne-

431 3428 714 3482 quaquam
747 3412 815 3466 de
840 3427 961 3466 suae
991 3409 1368 3464 beatitudinis
1418 3409 1738 3464 aeternitate
1771 3407 2073 3473 falluntur,

431 3495 724 3566 quomodo
766 3491 981 3547 dicturi
1013 3491 1262 3546 sumus?
1291 3490 1764 3563 quandoquidem
1800 3490 1846 3544 si
1875 3506 2078 3560 aequa-

429 3573 511 3630 les
543 3574 603 3628 in
625 3589 693 3628 ea
716 3570 1172 3639 fuissent,etiam
1206 3570 1301 3626 isti
1334 3571 1390 3625 in
1415 3571 1541 3640 ejus
1571 3571 1890 3626 aeternitate
1917 3587 2081 3624 man-

428 3655 646 3711 sissent
668 3652 888 3724 pariter
914 3652 1085 3721 beati,
1113 3652 1245 3722 quia
1268 3652 1488 3724 pariter
1508 3653 1668 3707 certi.
1702 3651 1899 3722 Neque
1921 3651 2073 3706 enim

426 3737 580 3794 sicut
635 3737 751 3791 vita
801 3733 1344 3805 quamdiucumque
1391 3732 1584 3798 fuerit,
1621 3733 1701 3787 ita
1730 3732 2080 3788 aeternavita

424 3815 708 3873 veraciter
737 3815 848 3871 dici
885 3815 1113 3887 poterit,
1147 3815 1192 3870 si
1226 3814 1403 3870 finem
1446 3813 1715 3868 habitura
1747 3813 1857 3867 sit:
1889 3810 2074 3881 siqui-

425 3899 558 3954 dem
589 3899 706 3952 vita
735 3898 1142 3952 tantummodo
1190 3895 1456 3959 vivendo,
1497 3899 1712 3949 aeterna
1741 3908 1871 3947 vero
1905 3891 2074 3945 ﬁnem

429 3995 542 4038 non
590 3977 860 4034 habendo
903 3978 1208 4032 nominata
1254 3981 1360 4030 est.
1397 3976 1774 4044 Quapropter,
1808 3971 2076 4042 quamvis

431 4077 547 4116 non
579 4057 858 4128 quidquid
886 4061 1191 4121 aeternum,
1226 4055 1500 4110 continuo
1532 4055 1763 4108 beatum
1796 4053 1874 4108 sit
1904 4052 2079 4123 (dici—

432 4145 528 4194 tur
567 4137 719 4192 enim
761 4137 934 4190 etiam
985 4135 1229 4206 pmnalis
1280 4134 1432 4204 ignis
1465 4133 1997 4202 mternus);tamen
2029 4134 2080 4190 si

433 4221 563 4273 vere
586 4216 946 4284 perfectaque
970 4216 1140 4269 beata
1170 4214 1289 4267 vita
1321 4212 1550 4268 nonnisi
1585 4217 1800 4267 aeterna
1829 4219 1937 4282 est,
1963 4231 2076 4270 non

431 4301 554 4355 erat
585 4293 714 4349 talis
744 4293 1014 4360 istorum,
1048 4293 1396 4364 quandoque
1455 4293 1731 4360 desitura,
1752 4298 1808 4349 et
1856 4300 2080 4366 propte-

429 4393 526 4433 rea
561 4391 672 4429 non
699 4380 931 4442 aeterna,
956 4373 1073 4428 sive
1095 4371 1152 4427 id
1185 4373 1549 4440 scirent,sive
1573 4374 1896 4431 nescientes
1917 4375 2078 4431 aliud

428 4458 697 4527 putarent
721 4468 734 4507 :
763 4453 899 4523 quia
923 4451 1173 4508 scientes
1195 4452 1394 4521 timor,
1417 4455 1744 4511 nescientes
1767 4472 1925 4512 error
1957 4457 2080 4512 bea-

429 4542 522 4591 tos
553 4549 678 4589 esse
703 4533 901 4604 utique
932 4550 1047 4590 non
1072 4533 1314 4589 sinebat.
1349 4534 1408 4590 Si
1451 4540 1644 4592 autem
1697 4539 1802 4593 hoc
1839 4540 1918 4593 ita
1948 4555 2080 4594 nes-

433 4615 684 4683 ciebant,
718 4622 778 4669 ut
804 4615 965 4670 falsis
992 4614 1294 4671 incertisve
1321 4633 1431 4672 non
1467 4618 1729 4687 fiderent,
1755 4620 1852 4674 sed
1886 4624 2079 4675 utrum

433 4695 880 4768 sempiternum,
913 4713 984 4751 an
1036 4697 1383 4768 quandoque
1418 4699 1590 4753 finem
1634 4699 1968 4756 habiturum
1999 4718 2083 4757 es-

436 4782 525 4834 set
553 4778 770 4833 bonum
805 4795 1001 4847 suum,
1037 4779 1095 4834 in
1121 4782 1386 4833 neutram
1414 4784 1631 4848 partem
1666 4779 1834 4836 firma
1873 4798 2083 4837 assen-

436 4861 600 4916 s'ione
652 4859 955 4929 ferrentur,
990 4860 1118 4932 ipsa
1167 4859 1239 4916 de
1286 4865 1446 4916 tanta
1488 4858 1757 4916 felicitate
1795 4863 2082 4918 cunctatio

435 4957 552 4997 eam
583 4941 764 4996 beatae
799 4941 926 4996 vita:
965 4940 1601 5013 plenitudinem,quam
1635 4943 1692 4997 in
1724 4943 1939 4998 sanctis
1963 4949 2082 4998 An-

437 5021 581 5096 gelis
604 5038 732 5078 esse
762 5023 1197 5092 credimus,non
1225 5024 1700 5095 habebat.Neque
1727 5027 1881 5081 enim
1904 5027 2082 5083 beata

435 5104 560 5181 vitaz
591 5102 934 5158 vocabulum
961 5104 1040 5159 ita
1062 5105 1458 5161 contrahimus
1491 5105 1563 5161 ad
1595 5109 1875 5178 quasdam
1908 5109 2084 5181 signi-

437 5175 733 5241 ficationis
767 5183 1085 5252 angustias,
1120 5190 1184 5239 ut
1215 5186 1404 5240 solum
1447 5175 1629 5241 Deum
1672 5188 1932 5242 dicamus
1961 5175 2087 5243 bea-

453 5400 743 5486 SArplur-es
791 5418 1047 5486 Mss.,_i_r_t
1075 5432 1189 5480 qua
1216 5427 1349 5486 sunt
1399 5420 1614 5484 inﬁniti
1655 5422 1885 5486 quidam
1931 5422 2090 5486 eique

445 5483 600 5548 finiti
637 5481 904 5548 thesauri.
932 5481 1039 5548 _Alii
1067 5495 1212 5548 vero,
1264 5483 1324 5548 in
1349 5481 1897 5548 qua;_sun_t_"in/inita
1930 5481 2091 5547 quae-

445 5546 575 5653 :63?
607 5546 790 5653 “(figite
833 5545 989 5608 ﬁniti.
1038 5545 1300 5594 thesauri.
1350 5572 1410 5580 —
1456 5546 1550 5597 Ms.
1599 5545 1738 5596 2050.
1776 5545 2089 5611 eique—inﬂ-

447 5615 710 5730 miii)
741 5668 834 5716 lib.
873 5669 949 5726 1.2,
982 5683 1094 5732 cap.
1126 5670 1173 5725 9,
1206 5669 1364 5718 Infra.

2168 529 2466 625 beatitudo
2505 549 2635 625 esse
2659 553 2771 592 non
2807 541 2984 610 possit
3022 561 3034 598 :
3070 543 3125 600 in
3160 549 3329 615 cujus
3361 529 3827 625 comparatione,

2169 611 2324 696 quod
2359 613 2560 683 Angeli
2597 617 2744 672 beati
2779 625 2936 684 sunt,
2970 639 3076 679 sua
3103 611 3354 696 quadam
3379 611 3615 688 summa
3638 611 3827 690 beati:

2170 692 2393 785 tudine,
2445 701 2662 785 quanta
2722 716 2850 757 esse
2901 705 2957 758 in
3014 692 3250 778 Angelis
3284 715 3490 780 potest,
3542 716 3684 785 quid
3727 723 3832 774 aut

2170 778 2450 840 quantum
2475 776 2603 831 est?

2170 942 2404 1002 CAPUT
2425 950 2556 1040 XII.
2586 983 2653 994 --
2689 956 2765 1011 De
2792 960 3198 1029 comparatione
3233 965 3592 1024 beatitudinis
3637 975 3829 1040 iusto-

2243 1042 2388 1118 rum,
2421 1033 2652 1124 necdum
2677 1041 2986 1094 tenentium
3012 1043 3400 1111 promissionis
3429 1033 3648 1106 divinae
3673 1070 3825 1124 prae.

2241 1109 2439 1243 prium,
2458 1120 2508 1167 et
2537 1115 2853 1184 primorum
2884 1123 2943 1176 in
2968 1109 3231 1192 paradiso
3252 1126 3538 1185 hominum
3565 1109 3697 1188 ante
3712 1150 3834 1206 pec-

2275 1204 2305 1241 a
2332 1204 2442 1243 um.

2275 1204 2442 1245 arum.

2176 1431 2189 1444 .
2242 1353 2354 1444 Nec
2377 1357 2530 1444 ipsos
2561 1367 2813 1431 tantum,
2839 1370 2992 1439 quod
3019 1370 3224 1428 attinet
3253 1374 3323 1430 ad
3356 1375 3701 1434 rationalem
3735 1383 3831 1438 vel

2173 1435 2624 1532 intellectualem
2655 1435 3001 1518 creaturam,
3036 1452 3233 1510 beatos
3267 1459 3695 1529 nuncupandos
3716 1435 3832 1532 pu;

2173 1520 2370 1612 tamus
2394 1520 2433 1577 ί.
2465 1524 2603 1587 Quis
2637 1528 2793 1612 enim
2819 1532 3037 1600 primos
3070 1533 3200 1590 illos
3249 1520 3518 1596 homines
3561 1540 3621 1596 in
3659 1520 3833 1612 para-

2174 1595 2300 1652 diso
2325 1616 2531 1694 negare
2559 1607 2770 1694 audeat
2793 1595 2992 1669 beatos
3020 1614 3200 1671 fuisse
3232 1622 3368 1673 ante
3391 1595 3832 1693 peccatum-(bi),

2175 1686 2438 1768 quamvis
2487 1686 2556 1741 de
2605 1705 2714 1744 sua
2753 1691 3111 1750 beatitudine
3142 1697 3164 1729 ¹
3189 1714 3362 1768 quam
3391 1686 3690 1757 diuturna
3734 1686 3829 1758 vel

2177 1762 2369 1851 utrum
2396 1769 2607 1822 aeterna
2630 1771 2698 1840 (ε)
2721 1777 2874 1827 esset
2899 1773 3151 1832 incertos
3175 1762 3346 1845 (esset
3370 1786 3564 1836 autem
3589 1786 3828 1850 aeterna,

2179 1855 2285 1932 piat
2327 1851 2722 1920 peccassent);
2757 1869 2890 1907 cum
2924 1853 3094 1912 hodie
3125 1875 3239 1914 non
3283 1861 3658 1932 impudenter
3687 1863 3828 1918 bea-

2178 1925 2264 2013 tos
2292 1938 2582 2013 vocemus,
2617 1947 2764 2013 quos
2808 1933 3072 2013 videmus
3095 1937 3254 2006 juste
3303 1925 3387 1994 ac'
3415 1940 3506 2012 pie
3545 1958 3679 1996 cum
3727 1958 3834 2013 spe

2179 2002 2385 2058 futurae
2416 2004 2878 2068 immortalitatis
2919 2013 3068 2070 hanc
3097 2002 3285 2072 vvitam
3319 2002 3527 2076 ducere
3557 2023 3683 2077 sine
3715 2002 3833 2076 cri-

2181 2083 2332 2173 mine
2349 2092 3082 2173 vastanteconscientiam,
3111 2097 3277 2153 facile
3297 2098 3680 2170 impetrantes
3700 2117 3834 2173 pec-

2179 2166 2318 2246 catis
2349 2166 2524 2238 hujus
2546 2169 2898 2230 infirmitatis
2921 2175 3174 2232 divinam
3201 2166 3681 2237 misericordiam.
3700 2166 3832 2246 Ὀιιί

2180 2245 2316 2338 licet
2345 2248 2424 2338 de
2452 2266 2570 2306 sua:
2615 2257 3054 2323 perseverantiae
3099 2263 3332 2331 praemio
3383 2262 3522 2317 certi
3577 2263 3716 2328 sint,
3747 2245 3840 2319 ide

2182 2333 2310 2411 ipsa
2340 2333 2536 2387 tamen
2570 2338 2994 2404 perseverantia
3026 2356 3133 2395 sua
3183 2341 3556 2411 reperiuntur
3604 2344 3829 2400 incerti.

2183 2409 2320 2500 Quis
2351 2413 2506 2468 enim
2544 2415 2842 2474 hominum
2875 2437 2933 2475 se
2957 2421 3013 2476 in
3047 2409 3276 2480 actione
3307 2426 3683 2497 profectuque
3707 2427 3834 2496 jus-

2183 2493 2319 2544 titiae
2354 2500 2847 2561 perseveraturum
2882 2515 3064 2570 usque
3095 2502 3150 2556 in
3188 2493 3362 2559 finem
3387 2506 3547 2569 sciat,
3583 2493 3836 2561 nisi—ali-

2184 2586 2294 2657 qua
2339 2573 2686 2657 revelatione
2729 2579 2932 2635 abillo
2982 2581 3080 2636 fiat
3119 2591 3335 2649 certus,
3389 2587 3486 2657 qui
3537 2587 3607 2641 de
3639 2586 3748 2641 hac
3780 2602 3841 2641 re

2176 2650 2336 2736 justo
2368 2651 2687 2736 latentique
2712 2659 2936 2727 judicio
2959 2677 3075 2717 non
3107 2679 3313 2720 omnes
3337 2650 3598 2736 instruit,
3621 2669 3718 2722 sed
3747 2681 3844 2722 ne-

2188 2732 2409 2820 minem
2445 2734 2642 2791 fallit?
2669 2737 2959 2801 Quantum
2991 2742 3190 2814 itaque
3221 2745 3468 2816 pertinet
3495 2749 3561 2801 ad
3585 2732 3844 2802 delecta-

2187 2814 2405 2902 tionem
2439 2819 2746 2902 praesentis
2779 2814 3354 2902 boni,ﬂheatior‘erat
3385 2826 3608 2894 primus
3660 2826 3842 2881 homo

2184 2895 2244 2945 in
2295 2895 2586 2966 paradiso,
2621 2915 2794 2969 quam
2828 2901 3076 2972 quilibet
3105 2904 3300 2972 justus
3349 2905 3408 2960 in
3444 2905 3550 2962 hac
3581 2905 3848 2961 infirmi-

2186 2976 2302 3062 tate
2334 2976 2565 3062 mortali
2587 2995 2600 3033 :
2626 2987 2910 3051 quantum
2945 2989 3141 3040 autem
3166 2987 3234 3042 ad
3267 3002 3428 3058 spem
3467 2988 3676 3058 futuri,
3705 2987 3849 3045 bea-

2185 3056 2300 3143 tior
2343 3056 2592 3143 quilibet
2627 3061 2694 3143 Ain
2745 3063 3108 3133 quibuslibet
3149 3056 3503 3124 cruciatibus
3551 3056 3841 3140 corporis,

2185 3139 2278 3189 cui
2317 3153 2431 3192 non
2478 3139 2776 3209 opinione,
2819 3145 2919 3199 sed
2971 3155 3128 3201 certa
3177 3149 3419 3203 veritate
3467 3139 3846 3204 manifestum

2187 3220 2293 3285 est,
2323 3218 2450 3272 sine
2477 3219 2592 3276 fine
2622 3239 2683 3278 se
2713 3222 3051 3281 habiturum
3077 3229 3236 3283 omni
3261 3228 3525 3285 molestia
3545 3235 3840 3285 carentem

2187 3297 2522 3355 societatem
2547 3304 2903 3374 Angelorum
2928 3307 2983 3361 in
3009 3309 3454 3381 participatione
3475 3311 3689 3366 summi
3709 3309 3839 3376 Dei,

2187 3389 2516 3462 quam_eral
2568 3383 2662 3438 ille
2694 3385 2868 3442 homo
2901 3390 2989 3442 sui
3032 3405 3201 3444 casus
3236 3390 3493 3446 incertus
3539 3391 3597 3446 in
3631 3405 3850 3462 magna

2188 3457 2286 3512 illa
2317 3459 2584 3517 felicitate
2608 3465 2855 3534 paradisi
2890 3467 2996 3537 (d).

2185 3638 2419 3723 CAPUT
2437 3642 2582 3698 XIII.
2620 3675 2682 3684 -—
2713 3646 2792 3699 An
2826 3647 2905 3700 ita
2935 3649 3101 3703 unius
3120 3649 3415 3716 felicitatis
3445 3651 3846 3723 omnesAngeli

2256 3721 2366 3804 sint
2392 3723 2588 3804 pereat-1',
2613 3729 2672 3779 ut
2714 3742 2887 3798 neque
2926 3729 3180 3799 lapsuros
3221 3746 3280 3786 se
3305 3737 3522 3801 possent
3551 3721 3844 3804 nosse'qui

2259 3801 2400 3872 lapsi
2429 3813 2576 3871 sunt,
2599 3811 2648 3860 et
2671 3811 2783 3877 post
2815 3810 3038 3863 ruinam
3079 3810 3388 3866 labentium
3418 3801 3842 3882 perseverantia

2201 3959 2211 3966 .
2255 3897 2369 3937 suae
2394 3886 2802 3954 prescientiam
2831 3891 3138 3960 acceperint
3167 3893 3265 3961 qui
3292 3895 3579 3947 steterunt.

2255 4045 2533 4108 Quocirca
2562 4047 2742 4102 cuivis
2768 4049 2889 4117 jam
2913 4066 3028 4106 non
3059 4052 3375 4109 difficulter
3396 4055 3647 4110 occurrit
3673 4058 3846 4110 utro-

2186 4138 2305 4206 que
2325 4126 2633 4206 conjuncta
2657 4127 2805 4182 effici
2835 4130 3279 4200 beatitudinem,
3313 4149 3491 4204 quam
3521 4139 3677 4190 recto
3711 4150 3849 4206 pro-

2186 4203 2372 4272 posito
2411 4203 2822 4261 intellectualis
2863 4213 3072 4264 natura
3116 4203 3444 4279 desiderat;
3481 4215 3588 4270 hoc
3620 4203 3729 4281 est,
3774 4219 3846 4269 ut

2186 4286 2242 4335 et
2285 4282 2435 4337 bono
2485 4283 2972 4356 incommutabili,
3007 4291 3157 4360 quod
3200 4291 3352 4348 Deus
3401 4300 3509 4361 est,
3543 4293 3673 4349 sine
3718 4291 3842 4349 ulla

2187 4363 2452 4418 molestia
2495 4367 2845 4438 perfruatur,
2880 4376 2936 4424 et
2979 4371 3036 4425 in
3068 4388 3135 4428 eo
3180 4390 3242 4430 se
3273 4375 3332 4429 in
3378 4380 3659 4430 aeternum
3705 4391 3838 4432 esse

2189 4457 2541 4510 mansuram,
2577 4462 2680 4504 nec
2713 4447 2826 4504 ulla
2850 4450 3212 4508 dubitatione
3234 4459 3563 4521 cunctetur,
3589 4471 3694 4511 nec
3720 4455 3845 4511 ullo

2188 4538 2381 4606 errore
2413 4524 2667 4581 fallatur.
2703 4527 2859 4584 Ilanc
2891 4530 3102 4588 habere
3133 4535 3387 4605 Angelos
3418 4535 3566 4591 lucis
3596 4538 3692 4606 pia
3727 4536 3849 4592 fide

2189 4603 2478 4685 credimus
2511 4623 2524 4662 :
2561 4608 2709 4665 hanc
2741 4627 2847 4666 nec
2885 4617 3201 4684 antequam
3235 4603 3531 4685 caderent,
3563 4603 3848 4674 habuisse

2190 4683 2424 4755 angelos
2457 4693 2810 4759 peccatores,
2842 4692 2936 4762 qui
2978 4683 3082 4748 sua
3115 4694 3397 4766 pravitate
3427 4683 3529 4750 illa
3559 4695 3689 4752 luce
3721 4695 3851 4768 pri-

2258 4925 2730 4994 I_Editiones_tres,
2760 4927 2913 4994 Vind.
2963 4930 3079 4979 Am.
3116 4932 3170 4980 et
3190 4931 3294 4980 ~Er.
3329 4944 3341 4982 :
3375 4932 3484 4982 Nec
3512 4933 3658 4994 ipso:
3686 4934 3846 4983 enim

2192 4985 2321 5056 huic
2351 4997 2538 5056 tantae
2574 4990 2907 5056 beatitudini
2937 5002 3302 5053 comparatos,
3350 4995 3497 5056 quod
3535 4985 3743 5044 attinet
3775 4997 3857 5044 ad

2190 5050 2527 5114 rationalem
2561 5052 2643 5098 rel
2673 5050 3104 5102 intellectualem
3127 5050 3466 5114 creaturam,
3497 5057 3674 5106 beatos
3696 5074 3856 5108 nun-

2191 5112 2478 5207 cupandos.
2490 5119 2777 5174 putamus.
2808 5116 3135 5166 Emendandi
3166 5121 3293 5167 sunt
3322 5119 3390 5168 ad
3418 5112 3543 5170 Lev.
3576 5123 3629 5170 et
3657 5122 3784 5170 Mss.

2256 5175 2264 5190 ⁸
2298 5173 2477 5207 'Nnchn
2516 5188 2697 5207 nmnnc
2749 5179 3006 5207 ,νηί-μηνὶ.
3041 5195 3137 5207 ...η-
3171 5180 3443 5207 Annon“)-
3495 5183 3546 5207 1t

2256 5173 2716 5240 2'Ngstrifornnes,
2747 5179 3006 5240 quamvis
3035 5195 3140 5228 sua
3169 5180 3462 5230 beatitudo.
3495 5183 3562 5231 M.

2253 5239 2328 5295 (α)
2358 5238 3026 5312 Βθδξὶῑιιᾱὶηςηιᾞςίίηἱθιιθ
3057 5246 3304 5312 vet_ere_s._
3326 5246 3525 5294 statum
3542 5245 3864 5312 perfectum

2191 5301 2244 5369 et
2271 5301 2505 5369 numeris
2535 5303 2782 5369 omnibus
2812 5305 3069 5354 bonorum
3101 5307 3424 5364 absolutum,
3463 5301 3642 5369 qui-in
3674 5309 3859 5358 solum

2189 5361 2355 5433 psum
2407 5364 2618 5433 videtur
2651 5366 2854 5433 cadere,
2911 5369 3062 5433 cujus
3093 5361 3504 5433 participatione
3559 5373 3615 5419 et
3659 5371 3859 5433 Angeli

2191 5423 2334 5474 beati
2364 5429 2489 5474 sunt
2516 5429 2569 5475 et
2597 5423 3053 5480 homines'sanéti.
3091 5423 3206 5480 Lua.
3239 5423 3403 5481 Vivus.

2253 5488 2324 5549 (ὁ)
2353 5489 2473 5555 yid.
2500 5490 2593 5555 lib.
2626 5491 2689 5555 de
2718 5490 3054 5555 Correptione
3087 5495 3140 5542 et
3169 5493 3369 5552 Gratia,
3408 5509 3462 5546 n.
3488 5494 3570 5554 26,
3601 5498 3732 5545 tom.
3768 5495 3854 5546 10.

2256 5556 2325 5620 (ο).
2353 5551 2592 5620 Yid._lib.
2629 5552 2682 5620 lt
2719 5551 2940 5620 deﬁeri.
2973 5557 3039 5620 ad
3060 5556 3211 5620 μη..
3237 5571 3337 5620 nn.
3360 5551 3445 5620 ’24,
3475 5556 3555 5606 25.

2198 5612 2510 5725 “(agona
2542 5617 2741 5679 passim
2764 5617 2938 5672 libros
2969 5619 3031 5671 de
3059 5618 3204 5671 Dono
3233 5612 3445 5673 Per-sev;
3466 5620 3597 5670 etde
3616 5619 3872 5696 φατι-θυι.
