4128 6184
1511 288 1613 347 DE
1655 284 2004 347 ClVl'l‘ATE
2048 283 2201 356 DEI,
2249 286 2317 346 S.
2361 288 2780 352 AUGUSTINI
3729 297 3850 358 332

2197 424 2285 473 est
2317 426 2534 475 natura:
2577 424 2759 476 bonae.
2784 425 2890 479 Sed
2925 425 3079 480 Deus
3111 424 3263 480 sicut
3287 429 3628 482 naturarum
3662 427 3850 484 bona-

2193 515 2319 553 rum
2353 505 2610 570 optimus
2643 510 2867 559 creator
2895 511 3005 569 est,
3041 508 3115 559 ita
3152 505 3439 561 malarum
3475 506 3846 564 voluntatum

2183 579 2556 649 justissimus
2587 584 2916 652 ordinator;
2951 595 3012 639 ut
3071 602 3200 640 cum
3253 585 3403 640 male
3453 586 3564 640 illis
3599 593 3846 642 utuntur

2193 662 2418 715 naturis
2453 663 2637 729 bouis,
2672 663 2794 733 ipse
2831 666 2974 721 bene
3009 671 3201 720 utatur
3232 668 3403 720 etiam
3437 655 3882 730 voluntatibusi

447 293 560 352 331

442 428 542 480 sed
576 425 630 478 in
656 424 760 478 hac
795 437 961 493 poena
996 425 1117 491 post
1149 423 1443 490 peccatum
1487 418 1818 473 ordinatum
1850 419 1944 487 (a).
1972 416 2086 471 lni-

439 508 585 562 tium
615 522 749 576 ergo
782 507 907 573 ejus
938 504 1283 571 figmentum
1318 509 1407 554 est
1440 499 1670 554 Domini
1709 516 1722 553 :
1761 516 1874 552 non
1923 499 2080 552 enim

439 599 518 645 est
553 588 669 641 ulla
701 594 900 640 natura
931 586 1103 639 etiam
1141 585 1196 638 in
1247 583 1520 636 extremis
1571 581 1911 650 inﬁmisque
1954 581 2080 635 bes-

436 670 615 732 tiolis,
667 683 842 738 quam
897 681 1007 719 non
1057 663 1150 717 ille
1199 663 1521 728 constituit,
1555 679 1586 716 a
1629 678 1742 732 quo
1775 668 1864 715 est
1893 661 2083 715 omnis

439 751 668 815 modus,
723 747 914 802 omnis
964 746 1208 816 species,
1241 746 1434 800 omnis
1484 748 1646 809 ordo,
1687 745 1813 797 sine
1864 745 2078 813 quibus

437 831 582 888 nihil
614 845 802 885 rerum
834 827 1082 881 inveniri
1132 826 1216 880 vel
1268 827 1508 896 cogitari
1560 831 1796 896 potest:
1861 829 2078 896 quanto

436 911 620 980 magis
669 907 924 976 angelica
964 914 1247 971 creatura,
1299 923 1425 977 quas
1472 906 1672 960 omnia
1711 910 1917 960 caetera
1949 921 2080 975 qua

435 993 583 1045 Deus
615 987 895 1054 condidit,
938 992 1158 1042 natura
1191 985 1471 1057 dignitate
1513 986 1782 1057 praecedit
1806 983 1832 1037 ‘t

430 1169 658 1225 CAPUT
688 1167 836 1224 XVI.
869 1200 936 1209 —
963 1170 1031 1224 De
1058 1168 1328 1240 gradibus
1357 1171 1406 1222 et
1431 1167 1760 1236 di/ferentiis
1787 1170 2077 1220 creatura-

500 1268 644 1316 rum,
676 1249 816 1320 quod
845 1249 1019 1304 aliter
1049 1248 1198 1303 endit
1230 1252 1244 1282 ί
1280 1263 1410 1302 usus
1446 1245 1728 1312 utilitatis,
1753 1246 1918 1300 aliter
1945 1246 2074 1300 ordo

501 1335 753 1387 rationis.

501 1471 563 1523 In
597 1465 686 1521 his
719 1466 870 1520 enim
904 1482 1032 1536 quae
1063 1481 1297 1536 quoquo
1326 1465 1494 1518 modo
1527 1467 1684 1530 sunt,
1713 1468 1769 1518 et
1793 1480 1904 1518 non
1929 1470 2069 1518 sunt

428 1552 581 1620 quod
612 1548 764 1603 Deus
811 1552 894 1601 est
935 1565 966 1602 a
1019 1563 1131 1618 quo
1165 1547 1312 1600 facta
1344 1550 1497 1613 sunt,
1534 1549 1952 1616 praeponuntur
1978 1544 2070 1597 vi~

425 1632 618 1683 ventia
650 1644 761 1681 non
796 1628 1156 1692 viventibus;
1191 1627 1338 1680 sicut
1385 1642 1450 1680 ea
1503 1641 1630 1695 quas
1686 1624 1898 1678 habent
1949 1624 2065 1678 vim

427 1707 700 1777 gignendi
733 1706 818 1759 vel
854 1705 1024 1759 etiam
1074 1703 1402 1775 appetendi,
1437 1702 1528 1757 his
1576 1717 1695 1772 quea
1747 1703 1858 1757 isto
1906 1708 2068 1756 motu

425 1792 642 1842 carent.
681 1787 745 1839 Et
777 1786 831 1839 in
854 1783 943 1838 his
977 1801 1098 1851 quae
1122 1787 1340 1849 vivunt,
1369 1790 1787 1854 praaponuntur
1808 1782 2064 1837 sentien-

422 1869 503 1921 tia
535 1884 647 1922 non
683 1866 1086 1933 sentientibus,
1119 1867 1272 1920 sicut
1319 1863 1625 1918 arboribus
1671 1863 1968 1917 animalia.
1999 1861 2067 1914 Et

421 1948 478 2002 in
532 1946 623 2001 his
682 1963 807 2015 qua:
867 1946 1148 2012 sentiunt,
1208 1949 1628 2016 przsponuntur
1683 1943 2065 2012 intelligentia

421 2043 532 2083 non
587 2025 1072 2096 intelligentibus,
1105 2025 1256 2079 sicut
1304 2023 1568 2078 homines
1617 2023 1944 2091 pecoribus.
1996 2022 2065 2076 Et

417 2106 476 2160 in
533 2107 623 2160 his
656 2123 784 2175 quae
834 2105 1192 2174 intelligunt,
1245 2108 1665 2174 praeponuntur
1714 2101 2063 2157 immortalia

418 2186 788 2252 mortalibus,
823 2185 974 2240 sicut
1003 2186 1202 2252 Angeli
1242 2185 1600 2238 hominibus.
1632 2182 1741 2238 Sed
1774 2183 1888 2238 ista
1921 2201 2061 2251 prte-

418 2271 720 2338 pnnuntnr
752 2271 967 2320 naturis
1017 2265 1262 2321 ordine:
1323 2270 1411 2320 est
1453 2269 1646 2318 autem
1698 2262 1848 2318 alius
1889 2269 2061 2332 atque

414 2346 566 2401 alius
599 2363 699 2417 pro
749 2362 856 2400 suo
905 2347 1193 2415 cujusque
1247 2362 1352 2399 usu
1386 2343 1792 2398 aestimationis
1826 2345 2057 2412 modus,

415 2445 529 2498 quo
561 2428 626 2481 ﬁt
658 2434 715 2481 ut
755 2427 1015 2497 quaedam
1041 2442 1211 2481 sensu
1247 2424 1502 2479 carentia
1533 2425 1887 2497 quibusdam
1921 2440 2063 2478 sen-

413 2509 696 2562 tientibus
747 2522 1172 2576 praeponamus,
1205 2506 1263 2560 in
1314 2511 1544 2560 tantum
1598 2511 1661 2560 ut
1709 2505 1758 2559 si
1807 2509 2061 2573 potestas

413 2594 586 2655 esset,
621 2603 688 2641 ea
722 2603 959 2658 prorsus
991 2587 1060 2640 de
1094 2593 1301 2640 natura
1353 2602 1542 2640 rerum
1598 2586 1825 2641 auferre
1875 2584 2060 2638 velle-

415 2685 569 2734 mus,
603 2669 720 2722 sive
761 2683 931 2737 quem
967 2667 1024 2720 in
1076 2681 1140 2720 ea
1172 2665 1360 2720 locum
1412 2666 1666 2720 habeant
1698 2668 2054 2736 ignorantes,

413 2751 530 2802 sive
563 2749 790 2802 etiamsi
823 2746 1093 2810 sciamus,
1129 2748 1343 2801 nostris
1379 2763 1444 2800 ea
1476 2748 1798 2800 commodis
1833 2756 2058 2816 postpo-

413 2834 637 2883 nentes.
681 2827 820 2889 Quis
868 2833 1022 2882 enim
1077 2845 1188 2881 non
1241 2828 1394 2882 domi
1444 2844 1566 2881 suae
1603 2844 1808 2896 panem
1847 2827 2055 2885 habere

413 2924 586 2978 quam
638 2924 854 2975 mures,
903 2924 1176 2961 nummos
1209 2923 1382 2976 quam
1437 2909 1658 2976 pulices
1711 2905 1916 2960 malit?
1944 2909 2051 2960 Sed

412 2988 549 3057 quid
588 2985 822 3048 mirum,
857 3003 988 3040 cum
1041 2986 1296 3054 ipsorum
1339 2987 1512 3040 etiam
1561 2985 1860 3040 hominum
1908 2987 2055 3039 testi-

414 3069 683 3133 matione,
718 3082 965 3136 quorum
1000 3076 1150 3119 certe
1184 3072 1388 3119 natura
1421 3070 1595 3119 tanta;
1619 3065 2049 3136 estdignitatis,

411 3146 751 3218 plerumque
783 3147 968 3200 cirius
999 3151 1370 3214 comparetur
1402 3161 1588 3215 equus
1619 3161 1793 3215 quam
1828 3161 2050 3210 servus,

409 3247 636 3298 gemma
669 3245 845 3300 quam
888 3225 1151 3281 famula?
1182 3227 1267 3280 Ita
1301 3227 1561 3282 libertate
1585 3228 1886 3297 judicandi
1924 3226 2053 3296 plu-

409 3325 622 3363 rimum
657 3312 833 3363 distat
865 3310 1012 3362 ratio
1063 3307 1487 3362 considerantis
1518 3325 1550 3362 a
1584 3309 1925 3363 necessitate
1957 3309 2053 3362 in-

411 3390 684 3460 digentis,
719 3405 816 3443 seu
875 3389 1173 3457 voluptate
1225 3389 1536 3459 cupientis,
1569 3405 1702 3442 cum
1753 3389 1862 3442 ista
1911 3388 2048 3458 quid

407 3486 509 3540 per
539 3487 599 3524 se
631 3472 824 3541 ipsum
851 3469 910 3523 in
946 3485 1135 3524 rerum
1162 3469 1438 3539 gradibus
1464 3470 1696 3540 pendat,
1732 3470 2050 3524 necessitas

412 3564 604 3614 autem
638 3559 776 3629 quid
812 3563 1042 3629 propter
1075 3558 1212 3627 quid
1245 3563 1493 3627 expetat,
1527 3557 1820 3626 cogitet”;
1854 3562 1910 3612 et
1941 3558 2051 3611 ista

405 3638 544 3710 quid
594 3655 788 3693 verum
842 3639 958 3693 luci
1011 3638 1222 3692 mentis
1275 3643 1570 3709 appareat,
1608 3639 1870 3709 voluptas
1917 3653 2048 3692 vero

403 3719 540 3786 quid
600 3717 932 3786 jucundum
1007 3715 1264 3786 corporis
1331 3717 1602 3770 sensibus
1689 3717 2045 3783 blandiatur,

403 3797 671 3867 exquirat
701 3795 741 3849 δ.
777 3796 886 3850 Sed
921 3801 1144 3850 tantum
1201 3799 1349 3851 valet
1385 3797 1442 3850 in
1496 3797 1716 3851 naturis
1748 3795 2046 3850 rationali-

402 3877 514 3930 bus
553 3877 848 3946 quoddam
907 3875 1077 3930 velati
1121 3879 1346 3947 pondus
1377 3877 1693 3932 voluntatis
1724 3881 1779 3930 et
1808 3877 2044 3944 amoris,

404 3963 467 4012 ut
516 3974 644 4011 cum
697 3957 899 4009 ordine
933 3964 1148 4009 naturis
1200 3958 1398 4027 Angeli
1463 3958 1824 4021 hominibus,
1858 3965 2043 4011 tamen

401 4038 528 4107 lege
553 4035 798 4103 justitiai
833 4034 965 4086 boni
1020 4034 1289 4090 homines
1349 4036 1520 4091 malis
1569 4035 1795 4107 angelis
1843 4037 2044 4106 praefe-

398 4122 622 4172 rantur.

399 4263 620 4320 CAPUT
652 4262 805 4320 XVII.
843 4295 904 4305 -—
933 4266 1132 4322 Vitium
1180 4269 1416 4324 malitia?
1454 4284 1561 4323 non
1609 4276 1868 4321 naturam
1905 4281 2040 4333 esse,

467 4345 559 4401 sed
588 4353 772 4400 contra
800 4355 1081 4417 naturam,
1113 4348 1206 4404 cui
1249 4349 1317 4402 ad
1353 4347 1694 4419 peccandum
1737 4362 1847 4402 non
1896 4346 2040 4401 Con-

468 4427 611 4482 ditor
638 4443 804 4482 causa
835 4431 933 4496 est,
965 4428 1054 4485 sed
1087 4429 1363 4486 voluntas.

471 4565 707 4636 Propter
766 4574 1024 4620 naturam
1059 4567 1256 4636 igitur,
1293 4582 1406 4620 non
1458 4569 1691 4636 propter
1749 4563 2034 4621 malitiam

397 4647 635 4712 diaboli,
670 4647 891 4700 dictum
923 4654 1073 4702 recte
1105 4647 1508 4716 intelligimus,
1558 4648 1664 4700 Hoc
1702 4651 1780 4701 est
1810 4646 2038 4702 initium

404 4728 648 4799 ﬁgmenti
687 4731 901 4783 Domini
933 4729 1053 4798 (Job
1098 4745 1186 4792 χι,
1225 4729 1308 4793 14,
1341 4744 1446 4781 sec.
1484 4727 1631 4798 LXX)
1667 4744 1678 4781 :
1727 4730 1862 4797 quia
1913 4729 2038 4783 sine

397 4812 574 4863 dubio
611 4811 705 4863 ubi
737 4817 889 4862 esset
923 4811 1120 4863 vitium
1162 4807 1416 4867 malitiae,
1452 4815 1653 4862 natura
1687 4825 1799 4862 non
1835 4809 2038 4861 vitiata

394 4893 711 4960 praecessit.
752 4891 968 4942 Vitium
1006 4897 1201 4942 autem
1245 4888 1323 4941 ita
1374 4895 1572 4942 contra
1624 4895 1891 4942 naturam
1926 4891 2033 4954 est,

395 4976 459 5024 ut
491 4989 600 5025 non
642 4970 824 5040 possit
856 4969 964 5020 nisi
996 4985 1198 5022 nocere
1232 4975 1475 5022 naturae.
1505 4970 1629 5023 Non
1657 4972 1852 5038 itaque
1885 4973 2036 5022 esset

391 5054 595 5106 vitium
653 5051 917 5102 recedere
957 5067 990 5102 a
1022 5048 1156 5116 Deo,
1193 5051 1304 5104 nisi
1347 5061 1584 5118 naturae,
1631 5053 1798 5118 cujus
1845 5051 1900 5104 id
1947 5048 2034 5103 vi-

389 5133 538 5188 tium
588 5137 696 5196 est,
753 5131 942 5200 potius
982 5137 1329 5200 competeret
1372 5148 1494 5186 esse
1541 5147 1674 5185 cum
1707 5131 1842 5187 Deo.
1885 5132 2036 5195 Qua-

389 5224 626 5286 propter
661 5213 830 5267 etiam
869 5214 1131 5266 voluntas
1183 5214 1334 5266 mala
1365 5213 1582 5280 grande
1631 5214 2030 5267 testimonium

457 5402 471 5432 ι
505 5398 563 5445 In
602 5397 676 5452 Β..
702 5395 915 5456 pendet.
951 5393 1320 5456 Iliorel,iEIem.
1369 5393 1514 5456 Crit.,
1545 5408 1594 5456 p.
1636 5393 1740 5450 110,
1776 5395 2029 5453 restiutit,

382 5461 600 5520 pendit,
627 5459 680 5505 id
703 5455 804 5512 est.
838 5457 1100 5520 aestimat.
1126 5455 1202 5520 lli.

453 5522 474 5554 ²
503 5517 673 5569 NoStri
704 5523 846 5578 Mss,
875 5519 1094 5579 cogitat.
1126 5517 1191 5566 M.

456 5587 477 5617 3
506 5585 676 5631 Nostri
706 5584 846 5632 Mss.
884 5587 1175 5640 exspectat.
1205 5579 1272 5627 Μ.

449 5649 532 5709 (α)
558 5645 671 5691 Vid.
702 5645 793 5691 lib.
830 5647 878 5691 11
915 5646 977 5694 de
1008 5643 1133 5692 Gen.
1167 5642 1234 5691 ad
1263 5642 1407 5702 Litt.,
1437 5657 1529 5692 nn.
1559 5643 1639 5700 29,
1664 5643 1742 5703 30,
1774 5646 1850 5702 34,
1883 5648 1960 5696 35.

2193 741 2380 794 malis.
2436 742 2634 813 Itaque
2667 744 2794 799 fecit
2847 750 2906 799 ut
2957 745 3224 800 diabolus
3274 746 3642 802 institutione
3676 748 3839 804 illius

2188 819 2396 887 bonus,
2430 824 2725 878 voluntate
2755 842 2864 880 sua
2903 827 3112 888 malus,
3156 826 3213 880 in
3248 825 3619 881 inferioribus
3665 829 3837 882 ordi-

2187 906 2360 956 natus
2395 902 2733 960 illuderetur
2764 906 2835 960 ab
2885 907 3124 977 Angelis
3173 907 3321 977 ejus,
3356 906 3411 959 id
3454 912 3567 973 est,
3602 914 3665 962 ut
3697 925 3839 978 pro-

2186 981 2302 1035 sint
2347 985 2695 1040 tcntationes
2739 987 2866 1054 ejus
2920 987 3162 1051 sanctis,
3212 987 3432 1057 quibus
3476 1002 3576 1041 eas
3625 988 3839 1045 obesse

2184 1061 2496 1118 desiderat.
2548 1064 2615 1117 Et
2667 1066 2937 1136 quoniam
2980 1066 3132 1122 Deus
3182 1083 3312 1120 cum
3359 1082 3492 1120 eum
3533 1069 3835 1138 conderet,

2185 1142 2389 1196 futura:
2434 1143 2815 1214 malignitatis
2847 1149 2974 1216 ejus
3009 1163 3122 1202 non
3154 1153 3278 1201 erat
3327 1147 3531 1218 utique
3570 1148 3832 1217 ignarus,

2182 1227 2237 1275 et
2269 1223 2619 1291 przevidebat
2647 1242 2771 1296 qua:
2808 1227 2958 1280 bona
2991 1227 3059 1282 de
3108 1227 3281 1281 malis
3330 1228 3458 1296 ejus
3507 1233 3663 1282 esset
3705 1230 3834 1300 ipse

2183 1303 2437 1380 facturus
2473 1321 2484 1356 :
2520 1311 2821 1375 propterea
2869 1305 3135 1361 Psalmus
3177 1308 3278 1372 ait,
3311 1309 3486 1362 Draco
3517 1308 3632 1372 hic,
3666 1325 3833 1380 quem

2178 1379 2394 1448 ﬁnxisti
2423 1383 2491 1436 ad
2521 1384 2865 1440 illudendum
2913 1387 2966 1441 ei
3013 1387 3182 1456 (Psal.
3218 1402 3344 1452 cui,
3374 1386 3490 1458 26),
3541 1393 3604 1442 ut
3653 1379 3713 1443 in
3764 1406 3832 1446 eo

2178 1461 2301 1529 ipso
2335 1463 2487 1532 quod
2539 1479 2672 1518 eum
2725 1466 2908 1532 ﬁnxit,
2963 1466 3094 1520 licet
3144 1483 3239 1536 per
3287 1483 3452 1522 suam
3505 1469 3830 1525 bonitatem

2178 1541 2548 1612 honum,jam
2583 1560 2684 1615 per
2710 1562 2874 1600 suam
2909 1546 3327 1617 praescientiam
3362 1564 3716 1618 prmparasse
3739 1549 3831 1606 in-

2179 1620 2480 1694 telligatur
2512 1627 2808 1696 quomodo
2842 1626 2942 1682 illo
2977 1633 3240 1682 uteretur
3269 1633 3326 1683 et
3349 1628 3524 1685 malo.

2174 1765 2410 1821 CAPUT
2453 1766 2656 1822 XVIII.
2707 1801 2775 1810 —
2824 1771 2897 1824 De
2951 1770 3359 1840 pulchritudine
3409 1772 3824 1843 universitatis,

2243 1869 2359 1925 quae
2387 1870 2486 1924 per
2517 1854 2917 1912 ordinationem
2967 1859 3062 1913 Dei
3093 1858 3262 1913 etiam
3302 1875 3372 1914 ex
3409 1861 3828 1918 contrariorum

2243 1935 2305 2002 ﬁt
2333 1937 2670 2005 oppositione
2700 1937 3052 1994 luculentior.

2242 2042 2440 2113 Neque
2469 2044 2620 2099 enim
2672 2044 2824 2100 Deus
2871 2048 3077 2116 ullum,
3112 2064 3227 2103 non
3268 2047 3396 2104 dico
3444 2050 3822 2120 Angelorum,

2170 2123 2270 2177 sed
2304 2123 2392 2176 vel
2437 2123 2743 2181 hominum
2790 2132 3026 2194 crearet,
3061 2145 3229 2198 quem
3285 2127 3505 2184 malum
3555 2132 3822 2188 futurum

2169 2219 2298 2258 esse
2339 2205 2678 2274 praescisset,
2714 2207 2823 2262 nisi
2867 2207 3080 2278 pasiter
3111 2214 3306 2264 nosset
3335 2210 3551 2281 quibus
3583 2228 3677 2267 eos
3710 2213 3820 2268 bo-

2170 2301 2376 2340 norum
2412 2287 2607 2342 usibus
2639 2289 3052 2355 commodaret,
3076 2298 3249 2360 atque
3279 2291 3361 2345 ita
3400 2293 3662 2347 ordinem
3710 2311 3820 2349 saa-

2167 2364 2429 2420 culorum
2480 2372 2757 2440 tanquam
2814 2369 3274 2440 pnleberrimum
3325 2387 3557 2426 carmen
3611 2375 3684 2442 (a)
3743 2391 3814 2430 ex

2167 2446 2516 2515 quibusdam
2573 2449 2736 2520 quasi
2776 2451 3074 2505 antithetis
3108 2451 3466 2507 honestaret.
3518 2454 3816 2509 Antitheta

2166 2526 2320 2580 enim
2358 2545 2484 2598 qua:
2532 2527 2920 2600 appellantur,
2965 2529 3024 2584 in
3064 2531 3423 2586 ornamentis
3465 2531 3812 2590 elocutionis

2166 2612 2304 2660 sunt
2349 2610 2785 2671 decentissima,
2829 2626 2955 2680 quae
3008 2611 3184 2665 latine
3223 2611 3593 2681 appellantur
3623 2629 3810 2685 oppo-

2164 2687 2276 2739 sita
2307 2688 2345 2754 ¹,
2392 2688 2477 2742 vel
2527 2690 2682 2759 quod
2731 2691 3060 2760 expressius
3111 2691 3345 2756 dicitur,
3386 2695 3810 2763 contraposita.

2162 2765 2285 2819 Non
2317 2774 2402 2822 est
2426 2773 2575 2838 apud
2611 2786 2716 2824 nos
2748 2770 2926 2840 hujus
2959 2770 3222 2824 vocabuli
3256 2774 3638 2838 consuetudo,
3673 2790 3810 2830 cum

2164 2853 2356 2901 tamen
2390 2849 2607 2903 eisdem
2659 2851 3014 2904 ornamentis
3047 2849 3354 2905 locutionis
3401 2851 3573 2906 etiam
3605 2869 3807 2910 sermo

2164 2927 2375 2982 latinus
2410 2935 2627 2994 utatur,
2663 2930 2778 2983 imo
2808 2929 3020 3001 linguis
3054 2932 3309 2986 omnium
3357 2934 3637 3001 gentium.
3695 2935 3802 2989 His

2162 3005 2465 3061 antithetis
2496 3013 2552 3062 et
2581 3009 2795 3063 Paulus
2845 3010 3140 3078 apostolus
3188 3009 3246 3063 in
3296 3011 3554 3065 secunda
3584 3011 3655 3065 ad
3691 3012 3806 3066 Co-

2163 3087 2409 3141 rinthios
2444 3087 2722 3159 Epistola,
2764 3089 2928 3144 illum
2974 3091 3166 3144 locum
3217 3094 3472 3144 suaviter
3518 3091 3798 3162 explicat,

2164 3165 2258 3220 ubi
2293 3168 2427 3222 dicit
2461 3185 2472 3222 :
2511 3175 2615 3224 Per
2641 3185 2798 3224 arma
2829 3170 3058 3230 iustitia
3088 3187 3121 3224 a
3150 3169 3359 3224 dextris
3389 3174 3439 3225 et
3462 3188 3499 3226 α
3531 3171 3809 3241 sinistris,

2158 3262 2254 3317 per
2282 3249 2518 3315 gloriam
2547 3259 2596 3304 et
2635 3250 3054 3320 ignobilitatem,
3085 3267 3182 3320 per
3214 3251 3510 3321 infamiam
3541 3256 3592 3306 et
3614 3253 3818 3308 bonam

2157 3333 2368 3400 famam
2387 3346 2408 3390 ,·
2441 3337 2498 3383 ut
2527 3330 2856 3396 seductores,
2887 3336 2936 3386 et
2967 3347 3181 3386 veraces
3203 3348 3224 3392 ,'
3258 3335 3317 3385 ul
3349 3333 3444 3403 qui
3468 3334 3816 3403 ignoramur,

2157 3419 2206 3464 et
2234 3411 2649 3477 cognoscimur;
2681 3413 2840 3482 quasi
2868 3414 3182 3473 morientes.
3214 3416 3266 3466 et
3294 3427 3414 3468 ecce
3446 3413 3720 3476 vivimus;
3753 3419 3816 3470 ut

2157 3490 2396 3554 coerciti,
2428 3495 2478 3545 et
2507 3507 2616 3546 non
2642 3491 2970 3560 mortiﬁcati
2989 3509 3008 3552 ;
3043 3498 3100 3546 ut
3136 3494 3340 3558 tristes,
3371 3509 3586 3560 semper
3621 3504 3813 3549 autem

2155 3571 2482 3638 gaudentes;
2529 3571 2670 3626 sicut
2698 3573 2875 3640 egeni,
2907 3573 3107 3627 multos
3145 3578 3332 3627 autem
3362 3573 3602 3628 ditantes
3623 3590 3644 3634 ,·
3673 3581 3811 3628 tan-

2158 3669 2322 3722 quam
2370 3652 2517 3707 nihil
2547 3652 2824 3720 habentes,
2856 3656 2905 3707 el
2953 3652 3140 3708 omnia
3180 3653 3515 3724 possidentes
3563 3654 3638 3725 (II
3677 3654 3806 3712 Cor.

2155 3748 2228 3799 vr,
2267 3734 2449 3802 7-10.)
2483 3735 2644 3788 Sicut
2674 3749 2807 3801 ergo
2840 3734 2952 3788 ista
3000 3735 3292 3788 contraria
3334 3734 3646 3789 contrariis
3698 3752 3809 3806 op-

2156 3815 2342 3882 posita
2373 3815 2662 3868 sermonis
2698 3814 3186 3884 pulchritudinem
3217 3814 3508 3869 reddunt:
3542 3815 3624 3870 ita
3657 3832 3804 3886 qua-

2155 3892 2311 3961 dam,
2347 3910 2459 3948 non
2493 3893 2817 3957 verborum,
2852 3894 2950 3949 sed
2987 3911 3176 3950 rerum
3211 3894 3546 3967 eloquentia
3578 3902 3810 3951 contra-

2156 3973 2370 4030 riorum
2394 3976 2758 4045 oppositione
2786 3975 2983 4030 sazculi
3005 3975 3375 4044 pulchritudo
3409 3977 3804 4046 componitur.

2153 4056 2532 4124 Apertissime
2565 4055 2670 4109 hoc
2695 4055 2950 4124 positum
2982 4064 3066 4109 est
3091 4056 3148 4109 in
3182 4054 3329 4110 libro
3362 4056 3803 4122 Ecclesiastico,

2153 4133 2261 4189 hoc
2295 4137 2462 4190 modo
2493 4154 2512 4190 :
2545 4135 2744 4190 Contra
2779 4136 2984 4190 malum
3016 4137 3219 4190 bonum
3247 4142 3346 4202 est,
3369 4141 3420 4191 et
3440 4142 3640 4192 contra
3662 4152 3806 4192 mor-

2150 4225 2256 4271 tem
2285 4218 2440 4271 vita:
2469 4219 2548 4271 sic
2576 4225 2765 4271 contra
2793 4219 2947 4287 pium
2985 4226 3249 4288 peccator.
3285 4219 3350 4273 Et
3379 4217 3460 4273 sic
3491 4221 3706 4274 intuere
3741 4218 3806 4273 in

2148 4297 2333 4349 omnia
2378 4310 2540 4364 apere
2588 4294 2878 4361 Altissimi,
2923 4299 3054 4352 bina
3098 4301 3152 4352 et
3200 4296 3354 4363 bina,
3401 4313 3576 4352 unum
3605 4304 3804 4354 contra

2148 4391 2321 4430 unum
2349 4375 2538 4444 (Eccli.
2570 4390 2767 4441 xxxiii,
2807 4376 2916 4446 15.)

2147 4509 2377 4566 CAPUT
2418 4479 2574 4566 XIX.
2625 4541 2691 4550 —
2744 4509 2884 4578 Quid
2938 4511 3277 4566 sentiendum
3327 4511 3580 4566 videatur
3628 4511 3695 4568 de
3742 4528 3801 4569 eo

2214 4591 2351 4662 quod
2397 4592 2663 4662 scriptum
2693 4596 2790 4659 est,
2845 4591 3042 4647 Divisit
3093 4591 3246 4647 Deus
3301 4591 3452 4646 inter
3499 4590 3690 4646 lucem
3745 4599 3800 4648 et

2218 4674 2508 4728 tenebras.

2215 4779 2484 4844 Quamvis
2515 4777 2710 4849 itaque
2740 4777 2918 4833 divini
2943 4778 3231 4833 sermonis
3265 4777 3593 4834 obscuritas
3616 4778 3794 4834 etiam

2143 4860 2216 4914 ad
2249 4862 2354 4914 hoc
2404 4859 2480 4914 sit
2512 4860 2690 4926 utilis,
2725 4859 2876 4929 quod
2928 4858 3125 4929 plures
3167 4859 3487 4914 sententias
3530 4860 3796 4924 veritatis

2145 4943 2294 5012 parit
2324 4948 2381 4996 et
2412 4944 2468 4996 in
2500 4941 2687 4996 lucem
2725 4941 2936 4996 notitiae
2967 4942 3254 5011 producit,
3287 4942 3428 4996 dum
3463 4941 3615 4996 alius
3652 4957 3793 4996 eum

2142 5024 2246 5090 sic,
2279 5023 2427 5076 alius
2459 5024 2537 5076 sic
2571 5021 2876 5090 intelligit;
2929 5021 3006 5075 ita
3049 5027 3246 5076 tamen
3280 5027 3341 5076 ut
3373 5022 3526 5092 quod
3561 5021 3620 5075 in
3654 5024 3792 5077 obs~

2142 5119 2279 5157 curo
2313 5102 2434 5156 loco
2488 5101 2853 5171 intelligitur,
2887 5099 2970 5156 vel
3019 5103 3384 5158 attestatione
3430 5117 3621 5156 rerum
3667 5117 3790 5155 ma-

2144 5183 2507 5249 nit‘estarum,
2527 5181 2612 5235 vel
2633 5181 2761 5235 aliis
2785 5181 2925 5236 locis
2957 5182 3194 5236 minime
3221 5181 3413 5237 dubiis
3439 5188 3784 5250 asseratur;

2141 5265 2258 5319 sive
2290 5280 2420 5319 cum
2456 5262 2636 5318 multa
2670 5269 3014 5332 tractantur,
3050 5266 3116 5318 ad
3150 5265 3206 5318 id
3232 5279 3461 5334 quoque
3493 5264 3794 5334 pervenia-

2205 5459 2219 5491 ι
2253 5456 2434 5505 Plures
2462 5468 2570 5503 non
2609 5453 2884 5504 deterioris
2926 5456 3080 5503 notae
3130 5453 3269 5511 Mss,
3307 5466 3450 5515 quae
3497 5451 3678 5501 latine
3727 5461 3794 5504 ut

2137 5519 2494 5578 appellentur
2521 5517 2785 5578 opposita.

2201 5577 2269 5640 (α)
2324 5581 2494 5629 Simili
2540 5577 2932 5642 comparatione
2973 5581 3144 5629 utitur
3185 5578 3335 5641 epist.
3389 5577 3496 5642 138,
3546 5591 3600 5627 n.
3650 5579 3702 5634 5.
3735 5582 3791 5630 et

2140 5642 2246 5701 166,
2279 5659 2329 5692 n.
2365 5643 2438 5692 l3.
