4128 6184
317 315 426 376 333

313 454 421 518 tur,
455 450 608 520 quod
643 449 830 506 sensit
859 449 954 506 ille
987 450 1083 521 qui
1136 450 1411 519 scripsit;
1453 449 1572 506 sive
1623 450 1675 506 id
1729 452 1963 522 quidem

312 529 508 595 lateat,
532 531 630 585 sed
665 547 732 586 ex
764 532 1065 586 occasione
1095 535 1407 586 tractandae
1434 533 1727 602 profundae
1761 534 1966 588 obscu.

320 610 505 665 ritatis
535 611 648 666 alia
679 613 943 682 quaedam
978 628 1110 666 vera
1139 613 1408 667 dicantur
1443 628 1455 665 :
1492 628 1604 665 non
1632 612 1770 666 mihi
1807 614 1967 674 vide:

321 696 411 745 tur
437 693 508 746 ab
540 692 813 761 operibus
845 692 942 747 Dei
976 693 1228 747 absurda
1269 694 1582 756 sententia,
1614 694 1662 746 si
1706 710 1836 748 cum
1874 694 1968 749 lux

320 769 412 826 illa
446 773 633 842 prima
663 774 811 826 facta
841 777 947 837 est,
990 772 1189 837 Angeli
1222 772 1394 825 creati
1448 772 1879 842 intelliguntur,
1911 778 1968 827 et

312 851 458 908 inter
487 857 718 906 sanctos
747 852 1000 922 Angelos
1043 858 1098 906 et
1146 853 1482 907 immundos
1527 854 1704 906 fuisse
1750 853 1965 907 di~cre-

315 938 458 996 tum,
496 933 595 985 ubi
646 934 863 986 dictum
898 943 1008 1000 est,
1043 934 1106 986 Et
1133 932 1322 988 divisit
1364 934 1498 986 Deus
1529 932 1680 986 inter
1718 933 1888 987 lucem
1919 941 1969 988 et

307 1013 551 1068 tenebras
571 1028 592 1072 ;
615 1017 667 1068 et
697 1013 910 1068 vocavit
946 1015 1088 1067 Deus
1123 1013 1296 1068 lucem
1325 1014 1488 1071 diem.
1525 1019 1575 1066 et
1596 1015 1850 1067 tenebras
1881 1029 1966 1068 vo-

311 1096 454 1147 cavit
484 1092 888 1146 noctem.Solus
913 1093 1128 1162 quippe
1153 1092 1247 1146 ille
1271 1092 1385 1145 ista
1409 1093 1734 1146 discernere
1758 1093 1964 1162 potuit,

316 1174 407 1244 qui
442 1172 629 1243 potuit
663 1173 841 1228 etiam
887 1174 1229 1243 priusquam
1263 1174 1539 1227 caderent
1569 1173 1836 1242 praescire
1867 1189 1963 1227 ca-

319 1269 509 1319 suros,
540 1257 598 1306 et
623 1251 846 1307 lumine
877 1252 1134 1323 privatos
1165 1251 1422 1307 veritatis
1444 1252 1500 1305 in
1536 1252 1842 1306 tenebrosa
1873 1268 1968 1306 su-

315 1332 512 1403 perbia
543 1348 938 1388 remansuros.
971 1331 1116 1386 Nam
1151 1331 1302 1387 inter
1325 1332 1497 1386 istum
1533 1331 1697 1386 nobis
1729 1332 1964 1387 notissi-

313 1429 468 1468 mum
499 1412 651 1468 diem
701 1417 758 1469 et
785 1416 1038 1478 noctem,
1071 1412 1126 1466 id
1173 1416 1262 1467 est
1317 1411 1470 1467 inter
1499 1411 1650 1466 hanc
1681 1411 1868 1467 lucem
1911 1415 1968 1466 et

314 1493 413 1548 has
445 1494 733 1560 tenebras,
766 1491 1174 1563 vulgatissima
1216 1491 1488 1547 sensibus
1532 1492 1745 1546 nostris
1790 1491 1964 1546 lumi-

313 1574 472 1628 naria
499 1572 621 1630 cceli
656 1577 723 1628 ut
753 1573 1096 1641 dividerent,
1128 1572 1429 1643 imperavit
1467 1588 1479 1625 :
1529 1573 1716 1638 Fiant,
1749 1572 1963 1643 inquit,

315 1653 618 1709 luminaria
657 1656 715 1709 in
755 1653 1099 1723 ﬁrmamento
1128 1654 1270 1722 caeli,
1301 1657 1361 1707 ut
1409 1654 1627 1708 luceant
1657 1669 1824 1723 super
1849 1663 1965 1707 ter-

315 1753 463 1800 ram,
497 1743 548 1791 et
572 1735 824 1791 dividant
854 1738 998 1791 inter
1017 1735 1160 1790 diem
1175 1745 1225 1790 et
1246 1745 1474 1790 noctem.
1501 1735 1568 1789 Et
1589 1736 1765 1789 Paulo
1797 1739 1960 1804 post:

311 1820 377 1873 Et
401 1819 548 1885 fecit,
575 1818 782 1888 inquit,
817 1817 956 1873 Deus
984 1817 1090 1871 duo
1132 1811 1444 1872 luminaria
1495 1832 1736 1886 magna;
1787 1817 1964 1870 lumi-

312 1915 450 1954 nare
476 1900 657 1970 majus
689 1901 745 1954 in
770 1900 1048 1970 principia
1080 1900 1094 1933 ¹
1130 1899 1262 1964 diei,
1294 1902 1343 1953 et
1370 1896 1653 1952 luminare
1684 1896 1871 1952 minus
1902 1898 1964 1952 in

306 1982 585 2051 principia
617 1981 789 2034 noctis
817 1995 838 2040 ;
862 1984 913 2034 el
959 1978 1184 2034 stellas:
1214 1988 1266 2033 et
1306 1981 1488 2049 posuit
1536 1978 1636 2031 illa
1662 1978 1684 2011 ³
1733 1978 1872 2032 Deus
1902 1979 1963 2032 in

306 2061 649 2129 ﬁrmamento
679 2061 824 2122 caeli,
857 2060 1040 2113 lucere
1073 2076 1238 2128 super
1261 2067 1487 2124 terram,
1515 2065 1565 2112 et
1587 2073 1819 2127 praeesse
1845 2058 1966 2112 diei

311 2145 366 2196 et
395 2142 560 2204 nocti,
593 2144 642 2194 et
672 2141 928 2194 dividere
956 2139 1105 2194 inter
1137 2140 1312 2193 lucem
1358 2146 1413 2193 et.
1445 2137 1699 2193 tenebras
1731 2138 1884 2208 (Gen.
1921 2155 1960 2208 ι,

310 2221 369 2288 4,
392 2223 448 2286 5,
479 2221 560 2284 14,
588 2222 670 2283 16,
706 2220 818 2289 18).
855 2220 1006 2273 [nter
1034 2220 1188 2272 illam
1214 2235 1348 2274 vero
1372 2219 1581 2285 lucem,
1601 2235 1727 2288 quae
1761 2223 1964 2272 sancta

312 2301 567 2355 societas
616 2298 964 2369 Angelorum
1013 2304 1096 2351 est
1143 2296 1530 2351 illustratione
1579 2296 1840 2350 veritatis
1871 2297 1963 2350 in-

313 2377 703 2448 telligibititer
736 2375 979 2445 fulgens,
1010 2384 1061 2430 et
1106 2376 1156 2431 ei
1205 2376 1528 2430 contrarias
1574 2378 1868 2444 tenebras,
1905 2375 1962 2429 id

306 2467 403 2521 est
438 2456 721 2511 malorum
756 2457 1094 2526 angelorum
1127 2470 1465 2510 aversorum
1505 2471 1537 2508 a
1563 2453 1961 2525 lucejustitiai

305 2537 644 2600 teterrimae
682 2543 919 2602 mentes,
953 2537 1075 2606 ipse
1130 2534 1382 2589 dividere
1424 2535 1632 2604 potuit,
1666 2534 1752 2588 cui
1785 2535 1962 2590 etiam

299 2619 598 2683 futurum,
646 2632 759 2671 non
817 2621 1057 2677 naturai,
1092 2615 1193 2670 sed
1247 2614 1566 2669 voluntatis
1601 2613 1833 2681 malum,
1869 2630 1959 2670 oc-

296 2699 532 2756 cultum
565 2700 666 2751 aut
695 2697 982 2751 incertum
1004 2711 1125 2750 esse
1159 2711 1273 2749 non
1307 2693 1511 2764 potuit.

297 2791 537 2852 CAPUT
568 2789 692 2846 ΧΧ.
723 2821 790 2830 -
830 2791 903 2845 De
933 2805 992 2845 eo
1029 2789 1172 2858 quod
1212 2797 1331 2859 post
1373 2789 1770 2843 discretionem
1816 2790 1958 2845 lucis

377 2880 542 2946 atque
571 2872 922 2928 tenebrarum
953 2870 1161 2926 dictum
1184 2872 1286 2936 est,
1319 2869 1385 2924 Et
1407 2868 1550 2924 vidit
1578 2869 1951 2937 Deuslucem,

379 2955 516 3026 quia
547 2955 698 3009 bona
723 2959 835 3008 est.

379 3037 630 3105 Denique
683 3051 786 3089 nec
825 3032 971 3088 illud
1028 3036 1116 3088 est
1170 3031 1640 3103 praetereundum
1692 3029 1949 3096 silentio,

296 3118 460 3189 quod
494 3115 592 3171 ubi
626 3115 770 3169 dixit
806 3115 1100 3175 Deus,Fiat
1131 3114 1249 3179 lux,
1283 3121 1337 3167 et
1363 3114 1509 3181 facta
1531 3116 1612 3166 est
1638 3112 1774 3173 lux;
1806 3128 1954 3166 con-

297 3200 472 3254 tinuo
496 3197 878 3266 subjunctum
912 3195 1090 3261 est,Et
1121 3195 1260 3248 vidit
1290 3194 1423 3246 Deus
1447 3193 1624 3246 lucem
1655 3194 1784 3262 quia
1808 3193 1952 3246 bona

297 3285 410 3336 est:
450 3295 562 3333 non
599 3283 977 3349 posteaquam
1001 3275 1292 3346 separavit
1316 3273 1668 3328 interlucem
1696 3279 1751 3329 et
1787 3278 1950 3328 tene-

293 3361 481 3425 bras;
515 3364 573 3413 et
602 3359 827 3412 vocavit
855 3357 1044 3410 lucem
1076 3355 1253 3417 diem.
1281 3359 1338 3408 et
1379 3356 1649 3407 tenebras
1695 3357 1948 3416 noctem,

301 3456 381 3496 ne
411 3437 590 3493 simul
623 3453 752 3492 cum
788 3437 910 3490 luce
939 3436 1112 3490 etiam
1141 3434 1355 3488 talibus
1385 3433 1642 3487 tenebris
1687 3432 1950 3486 testimo-

296 3520 468 3574 nium
516 3517 710 3588 placiti
751 3516 842 3572 sui
893 3514 1250 3585 perhibuisse
1293 3512 1612 3567 videretur.
1663 3510 1808 3564 Nam
1853 3509 1948 3564 ubi

289 3600 554 3655 tenebras
587 3595 970 3667 inculpabiles
1001 3600 1162 3656 sunt,
1193 3594 1345 3647 inter
1380 3607 1527 3660 quas
1558 3594 1614 3644 et
1645 3588 1831 3644 lucem
1867 3589 1950 3642 is-

289 3690 418 3735 tam
463 3679 556 3734 bis
600 3678 784 3732 oculis
831 3677 1205 3746 conspicuam
1255 3670 1570 3726 luminaria
1620 3671 1746 3723 cceli
1798 3670 1951 3724 divi-

287 3763 469 3828 dunt,
506 3776 621 3814 non
660 3764 812 3824 ante,
857 3757 954 3811 sed
1016 3761 1140 3824 post
1186 3755 1447 3817 infertur,
1504 3753 1563 3805 Et
1614 3751 1752 3805 vidit
1810 3752 1948 3804 Deus

287 3842 431 3914 quia
463 3845 665 3896 bonum
695 3843 790 3894 est.
820 3839 884 3891 Et
912 3839 1093 3907 posuit
1126 3835 1255 3902 illa,
1290 3833 1501 3902 inquit,
1538 3837 1592 3914 in
1627 3832 1951 3914 ﬁrmamen,-

286 3910 352 3977 ἑο
375 3923 521 3983 creti.
557 3920 735 3974 lucere
764 3935 931 3981 super
962 3927 1188 3983 terram,
1219 3923 1268 3968 et
1297 3929 1523 3983 praeesse
1553 3910 1666 3966 diei
1695 3917 1746 3964 et
1779 3912 1947 3977 nocti,

285 4011 346 4058 et
372 4017 636 4067 separare
666 3998 815 4054 inter
862 3999 1035 4052 lucem
1084 4004 1135 4052 et
1180 3996 1450 4051 tenebras.
1507 3993 1567 4046 Et
1624 3991 1763 4046 vidit
1811 3992 1949 4046 Deus

288 4086 436 4154 quia
496 4082 694 4136 bonum
752 4087 851 4135 est.
904 4079 1227 4147 Utrumque
1277 4075 1431 4130 enim
1493 4072 1735 4154 placuit,
1775 4071 1948 4154 _quia

293 4151 616 4233 utrumque
647 4162 773 4216 sine
807 4164 1038 4230 peceato
1074 4170 1179 4214 est.
1213 4157 1316 4212 Ubi
1360 4160 1554 4209 autem
1607 4153 1751 4207 dixit
1774 4151 1947 4219 Deus,

287 4246 428 4301 Fiat
463 4245 583 4310 lux,
611 4251 661 4297 et
693 4246 842 4314 facta
873 4248 951 4295 est
983 4241 1100 4294 lux.
1139 4239 1198 4291 Et
1234 4237 1368 4291 vidit
1413 4243 1550 4288 Heus
1582 4234 1780 4300 lucem,
1812 4234 1948 4314 quia

288 4324 441 4379 bona
471 4333 587 4383 est;
621 4327 676 4376 et
696 4313 1078 4392 postmodum
1113 4319 1378 4381 infertur,
1405 4317 1471 4369 Et
1500 4313 1775 4376 separavit
1810 4313 1949 4367 Deus

284 4405 454 4460 inter
505 4403 686 4459 lucem
741 4413 794 4458 et
851 4401 1147 4464 tenebras;
1203 4399 1517 4468 vocavitque
1574 4397 1714 4450 Deus
1771 4395 1948 4449 lucem

284 4485 466 4551 diem,
499 4493 552 4539 et
595 4483 843 4538 tenebras
882 4482 1093 4537 vocavit
1137 4487 1352 4534 noctem
1398 4476 1554 4547 (Gen.
1603 4493 1642 4540 Ι,
1693 4475 1808 4535 3-5,
1860 4475 1946 4541 17,

285 4566 425 4636 18);
462 4580 580 4619 non
614 4563 723 4618 hoc
755 4563 880 4618 loco
913 4563 1168 4616 additum
1199 4563 1304 4624 est,
1337 4559 1400 4612 Et
1454 4557 1593 4612 vidit
1633 4557 1774 4610 Deus
1816 4557 1948 4625 quia

281 4645 503 4700 bonum
533 4647 652 4704 est;
685 4658 754 4698 ne
785 4647 1100 4711 utrumque
1130 4637 1516 4709 appellaretur
1549 4637 1790 4700 bonum,
1817 4650 1947 4688 cum

277 4729 454 4782 esset
482 4723 695 4779 horum
736 4721 983 4777 alterum
1038 4720 1280 4786 malum,
1331 4716 1468 4771 vitio
1521 4714 1777 4786 preprio,
1831 4729 1944 4768 non

279 4813 528 4861 natura.
564 4803 632 4858 Et
662 4803 793 4857 ideo
823 4801 942 4856 sola
965 4801 1042 4855 ibi
1066 4798 1163 4853 lux
1187 4794 1715 4868 placuitConditori
1746 4808 1758 4846 :
1787 4796 1950 4848 tene~

276 4886 415 4940 brae
448 4888 644 4940 autem
675 4882 974 4954 angelicas,
1006 4881 1115 4935 etsi
1164 4880 1390 4933 fuerant
1421 4873 1778 4940 ordinandas,
1832 4888 1946 4927 non

277 4971 496 5022 tamen
519 4967 753 5020 fuerant
782 4961 1170 5034 approbandze
1205 4958 1216 5012 Ξ

274 5069 534 5128 CAPUT
567 5069 722 5125 XXI.
761 5099 830 5110 —
858 5069 931 5123 De
959 5077 1170 5124 aeterna
1197 5069 1250 5120 et
1282 5061 1730 5119 incommutabili
1768 5063 1946 5117 scien-

359 5153 450 5208 tia
485 5153 581 5206 Dei
610 5166 674 5206 ac
703 5150 1002 5215 voluntate,
1034 5164 1141 5219 qua
1168 5161 1377 5216 semper
1417 5145 1510 5198 illi
1539 5145 1803 5198 universa
1829 5157 1946 5213 quae

350 5237 522 5305 fecit,
555 5234 634 5287 sic
660 5232 990 5303 placuerunt
1009 5228 1284 5299 facienda,
1307 5224 1761 5297 quemadmodum
1777 5225 1942 5292 facta.

355 5324 518 5389 Quid
554 5326 640 5379 est
675 5323 832 5377 enim
863 5320 1020 5376 aliud
1083 5315 1530 5387 intelligendum
1581 5315 1638 5368 in
1691 5329 1757 5368 eo
1791 5312 1943 5382 quod

345 5494 367 5528 ι
403 5491 593 5540 Plures
621 5487 973 5549 manuscripti
1001 5487 1101 5536 hoc
1127 5488 1179 5534 et
1209 5485 1374 5549 altero
1402 5483 1543 5549 loco,
1561 5480 1624 5549 in
1642 5479 1947 5549 principio.

262 5555 390 5604 Sed
443 5555 647 5604 excusis
693 5541 1023 5612 suffragatur
1059 5560 1247 5610 graeca
1295 5541 1662 5607 interpretatio
1710 5541 1835 5591 LXX
1868 5542 1947 5590 eis

261 5618 650 5732 argutas.
693 5679 776 5727 At.
810 5675 957 5732 editi,
990 5674 1140 5726 illas.
1173 5673 1326 5738 Apud
1353 5670 1479 5720 LXX
1507 5672 1603 5730 est,
1633 5678 1850 5718 autous.

1639 319 1877 382 LIBER
1921 323 2396 390 UNDECIMUS.

3599 342 3716 406 334

2075 473 2177 541 per
2221 460 2418 516 omnia
2445 461 2675 530 dicitur,
2709 465 2851 522 Vidit
2883 470 3025 523 Deus
3060 472 3189 541 quia
3221 472 3419 530 bonum
3457 489 3539 531 est
3567 494 3587 532 :
3629 479 3718 534 ni-

2076 539 2124 631 si
2172 543 2363 631 operis
2395 547 2754 631 approbatiq
2789 539 3115 607 secnndum
3173 562 3352 610 artem
3399 559 3554 627 facti,
3589 577 3717 631 qua:

2076 620 2368 690 Sapientia
2400 624 2497 678 Dei
2533 628 2674 682 est?
2725 628 2880 683 Deus
2930 638 3123 687 autem
3164 651 3348 704 usque
3400 620 3554 692 adeo.
3603 620 3716 697 non

2076 717 2208 754 cum
2244 705 2456 787 factum
2491 714 2602 775 est,
2638 714 2776 763 tunc
2807 709 3013 765 didicit
3060 712 3271 768 bonum
3325 717 3424 787 (α),
3472 727 3530 772 ut
3574 721 3720 776 nihil

2077 796 2275 867 eorum
2312 785 2564 867 fieret,si
2599 788 2648 842 ei
2701 791 2906 844 fuisset
2952 791 3335 862 incognitum.
3386 785 3535 854 Dum
3586 817 3718 867 ergo

2074 861 2232 950 videt
2262 868 2399 934 quia
2430 866 2648 950 bonum
2679 875 2782 950 est,
2816 873 2968 940 quod
3004 861 3114 926 nisi
3135 875 3374 929 vidisset
3396 861 3716 950 antequam

2077 940 2256 1007 ﬁeret,
2293 961 2406 998 non
2442 948 2637 1018 utique
2680 949 2872 1016 fieret;
2922 952 3090 1007 docet
3145 955 3358 1009 bonum
3411 940 3568 1022 esse;
3605 978 3717 1015 non

2078 1023 2277 1110 discit.
2330 1025 2394 1080 Et
2452 1029 2611 1083 Plato
2657 1031 2888 1100 quidem
2949 1035 3082 1102 plus
3140 1053 3319 1090 ausus
3371 1045 3458 1092 est
3505 1042 3715 1110 dicere,

2077 1102 2293 1192 elatum
2327 1123 2455 1192 esse
2485 1111 2706 1165 scilicet
2739 1111 2918 1166 Deum
2953 1115 3187 1183 gaudio,
3240 1118 3440 1172 mundi
3487 1102 3720 1175 univer;

2076 1188 2524 1270 sitate‘perfecta
2558 1191 2642 1260 (In
2693 1192 2926 1263 Timwo).
2962 1193 3068 1249 Ubi
3107 1201 3164 1250 et
3203 1197 3327 1267 ipse
3375 1215 3489 1253 non
3531 1216 3718 1270 usque

2078 1266 2593 1350 adeo_desipiebat,
2631 1279 2687 1327 ut
2718 1283 2936 1343 putaret
2963 1276 3147 1331 Deum
3196 1266 3282 1332 sui
3326 1281 3515 1350 cperis
3559 1266 3719 1336 novi-

2077 1346 2441 1427 tateifactum
2476 1350 2792 1409 beatiorem
2827 1371 2839 1409 :
2884 1356 2985 1410 sed
3038 1357 3117 1412 sic
3166 1346 3471 1414 ostendere
3512 1359 3718 1427 voluit,

2077 1426 2284 1510 artifici
2317 1445 2423 1483 suo
2459 1429 2743 1500 placuisse
2765 1435 2888 1502 jam
2935 1436 3173 1503 factum,
3222 1438 3380 1507 quod
3420 1426 3720 1510 placuerat

2166 1514 2298 1608 arte.
2319 1513 2683 1608 faciendum;
2720 1534 2832 1608 nqn
2867 1521 3019 1608 quod
3046 1520 3367 1608 ullomodo
3400 1506 3496 1578 Dei
3531 1524 3721 1608 scien-

2076 1591 2152 1642 tia
2183 1591 2451 1658 varietur,
2489 1600 2550 1648 ut
2581 1595 2736 1651 aliud
2768 1591 2830 1651 in
2864 1615 2930 1652 ea
2978 1600 3222 1655 faciant‘
3275 1619 3400 1672 quae
3452 1604 3714 1658 nondum

2076 1675 2236 1753 sunt,
2261 1672 2418 1728 aliud
2451 1691 2573 1745 qua
2599 1678 2723 1746 jam
2750 1684 2909 1745 sunt,
2942 1679 3097 1735 aliud
3132 1699 3259 1753 quas
3303 1685 3552 1739 fuerunt.
3592 1683 3718 1739 Non

2075 1751 2228 1840 enim
2265 1769 2422 1840 more
2454 1762 2650 1840 nostro
2675 1757 2772 1813 ille
2805 1759 2891 1814 vel
2939 1762 3092 1830 quod
3139 1751 3397 1818 futurum
3434 1770 3522 1819 est
3560 1781 3719 1836 pros-

2075 1832 2236 1916 picit,
2269 1833 2353 1888 vel
2389 1837 2543 1906 quod
2575 1855 2826 1906 praesens
2857 1846 2948 1896 est
2979 1841 3208 1912 aspicit,
3239 1843 3327 1898 vel
3369 1845 3523 1915 quod
3560 1832 3714 1916 prai-

2073 1913 2312 1968 teritum
2347 1921 2432 1970 est
2463 1919 2735 1988 respicit;
2768 1921 2867 1975 sed
2902 1920 3014 1976 alio
3047 1925 3216 1977 modo
3241 1913 3490 1994 quod—am
3526 1913 3716 1981 a'nos-

2073 1996 2293 2074 trarum
2326 1995 2745 2063 cogitationum
2778 2003 3202 2056 consuetudine
3239 2002 3410 2074 longe
3448 2003 3723 2074 alteque'

2076 2073 2328 2129 diverso.
2358 2075 2458 2129 Ille
2489 2078 2704 2148 quippe
2739 2096 2851 2133 non
2884 2096 2951 2134 ex
2986 2081 3089 2135 hoc
3122 2083 3178 2135 in
3222 2073 3367 2135 illud
3408 2073 3719 2154 cogitatio-

2077 2168 2147 2208 ne
2197 2159 2441 2218 mutata,
2501 2157 2598 2210 sed
2646 2159 2884 2212 omnino
2931 2160 3485 2215 incommutabiliter
3529 2163 3718 2229 videt;

2074 2230 2155 2287 ita
2190 2243 2250 2287 ut
2283 2234 2381 2288 illa
2407 2235 2639 2305 quidem
2674 2254 2800 2306 quas
2849 2239 3242 2308 temporaliler
3275 2241 3442 2308 ﬁunt,
3476 2250 3529 2296 et
3563 2242 3720 2296 futu-

2075 2329 2134 2367 ra
2168 2315 2424 2369 nondum
2459 2315 2596 2382 sint,
2631 2324 2686 2372 et
2718 2320 3024 2387 praesentia
3048 2321 3163 2387 jam
3193 2320 3329 2385 sint,
3364 2327 3420 2376 et
3453 2323 3720 2389 prseteri-

2073 2397 2131 2448 ta
2153 2397 2279 2463 jam
2326 2412 2436 2450 non
2480 2395 2615 2462 sint,
2653 2401 2776 2468 ipse
2807 2413 2940 2453 vero
2991 2399 3112 2454 haec
3159 2401 3354 2456 omnia
3403 2402 3600 2457 stabili
3654 2419 3720 2459 ac

2073 2476 2430 2545 sempiterna
2478 2479 2782 2548 presentia
2839 2479 3331 2550 comprehendat:
3395 2498 3498 2537 nec
3555 2482 3720 2538 aliter

2073 2557 2278 2624 oculis,
2313 2555 2479 2611 aliter
2517 2563 2740 2623 mente;
2789 2575 2902 2614 non
2935 2559 3090 2614 enim
3141 2577 3210 2615 ex
3251 2561 3449 2616 animo
3486 2566 3717 2617 constat

2071 2640 2126 2692 et
2157 2654 2428 2706 corpore:
2463 2655 2566 2693 nec
2598 2638 2765 2693 aliter
2804 2657 2980 2707 nunc,
3022 2641 3190 2696 aliter
3227 2647 3420 2708 antea,
3452 2648 3510 2697 et
3551 2643 3717 2697 aliter

2071 2726 2302 2789 postea;
2334 2718 2606 2789 quoniam
2642 2736 2756 2774 non
2789 2722 2940 2776 sicut
2971 2727 3187 2787 nostra,
3225 2723 3300 2776 ita
3331 2723 3456 2792 ejus
3480 2738 3713 2793 quoque

2069 2799 2311 2852 scientia
2362 2799 2534 2853 trium
2580 2803 2931 2869 temporum,
2986 2801 3284 2870 praesentis
3330 2803 3596 2857 videlicet
3653 2805 3711 2858 et

2065 2877 2337 2946 praeteriti
2372 2880 2460 2931 vel
2484 2879 2688 2944 futuri,
2710 2879 2985 2935 varietate
3006 2885 3298 2935 mutatur:
3320 2883 3471 2951 apud
3533 2897 3708 2951 quem

2065 2972 2175 3012 non
2235 2961 2325 3011 est
2396 2957 2746 3026 immutatio,
2811 2976 2916 3015 nec
2991 2960 3272 3015 momenti
3335 2962 3708 3016 obumbratio

2065 3037 2273 3108 (Jacobi
2301 3053 2341 3105 I,
2377 3037 2485 3108 l7).
2521 3037 2718 3110 Neque
2749 3039 2903 3094 enim
2947 3041 3073 3109 ejus
3101 3040 3346 3095 intentio
3379 3041 3448 3094 de
3481 3040 3706 3112 cogita-

2064 3119 2222 3172 tione
2253 3118 2309 3171 in
2344 3119 2749 3188 cogitationem
2783 3120 3016 3182 transit,
3060 3120 3117 3173 in
3163 3121 3331 3189 cujus
3371 3120 3708 3188 incorporeo

2064 3200 2328 3253 contuitu
2380 3199 2558 3253 simul
2614 3201 2831 3252 adsunt
2880 3205 3091 3255 cuncta
3141 3216 3266 3267 quae
3315 3201 3510 3254 novit:
3565 3215 3706 3267 quo-

2065 3279 2223 3332 niam
2257 3284 2520 3348 tempora
2565 3280 2645 3333 ita
2690 3280 2848 3332 novit
2892 3279 3068 3334 nullis
3113 3279 3233 3333 suis
3283 3282 3708 3350 temporalibus

2065 3359 2428 3425 notionibus,
2505 3357 2998 3428 quemadmodum
3083 3361 3428 3428 temporalia
3516 3363 3710 3413 movet

2068 3437 2245 3491 nullis
2290 3438 2412 3491 suis
2463 3437 2887 3504 temporalibus
2936 3436 3214 3490 motibus.
3259 3438 3345 3490 Ibi
3385 3453 3520 3503 ergo
3566 3439 3711 3492 vidit

2064 3517 2283 3570 bonum
2316 3532 2439 3570 esse
2470 3518 2622 3585 quod
2658 3517 2810 3582 fecit,
2856 3517 2954 3569 ubi
3002 3517 3222 3573 bonum
3268 3532 3396 3570 esse
3447 3515 3592 3569 vidit
3645 3521 3708 3569 ut

2063 3596 2292 3650 faceret.
2328 3597 2439 3649 Nec
2471 3597 2608 3664 quia
2642 3597 2856 3649 factum
2890 3594 3054 3658 vidit,
3091 3594 3397 3647 scientiam
3441 3594 3708 3662 duplica-

2062 3677 2161 3741 vit,
2199 3675 2282 3729 vel
2324 3691 2388 3728 ex
2433 3675 2630 3743 aliqua
2681 3684 2842 3742 parte
2899 3674 3080 3738 auxit,
3131 3677 3406 3743 tanquam
3461 3671 3706 3728 minoris

2064 3755 2316 3810 scientiae
2363 3755 2536 3807 fuerit
2585 3753 2918 3824 priusquam
2971 3755 3183 3806 faceret
3224 3753 3375 3821 quod
3439 3752 3703 3808 videret:

2063 3837 2160 3907 qui
2193 3841 2308 3888 tam
2345 3835 2593 3904 perfecte
2617 3851 2730 3887 non
2760 3839 3114 3904 operaretur,
3150 3833 3261 3886 nisi
3298 3837 3412 3886 tam
3453 3834 3707 3901 perfecta

2061 3917 2326 3979 scientia,
2383 3914 2476 3968 cui
2539 3914 2681 3968 nihil
2740 3931 2806 3968 ex
2862 3914 2990 3984 ejus
3039 3915 3312 3981 operibus
3369 3914 3698 3966 adderetur.

2061 3997 2442 4066 QuaprOpter,
2493 3995 2541 4049 si
2591 3995 2990 4049 tantummodo
3040 3994 3206 4048 nobis
3276 3993 3702 4048 insinuandum

2061 4084 2217 4132 esset
2267 4075 2398 4146 quis
2450 4075 2642 4130 fecerit
2684 4074 2894 4139 lucem,
2947 4074 3243 4128 sufficeret
3289 4074 3502 4136 dicere,
3554 4073 3705 4127 Deus

2065 4159 2197 4213 fecit
2230 4156 2439 4210 lucem.
2474 4155 2529 4209 Si
2567 4161 2760 4209 autem
2797 4171 2909 4208 non
2943 4155 3133 4208 solum
3182 4153 3313 4225 quis
3357 4151 3575 4217 fecerit,
3616 4168 3706 4207 ve-

2064 4253 2192 4291 rum
2227 4236 2400 4290 etiam
2436 4251 2537 4304 per
2567 4236 2703 4304 quid
2741 4234 2972 4300 fecerit;
3015 4233 3157 4288 satis
3202 4241 3357 4288 esset.
3397 4233 3479 4287 ita
3519 4249 3706 4287 enun-

2063 4318 2216 4383 tiari,
2250 4317 2311 4370 Et
2343 4314 2488 4369 dixit
2518 4316 2676 4380 Deus,
2699 4316 2827 4369 Fiat
2882 4314 3000 4382 lux,
3033 4318 3082 4369 et
3131 4318 3278 4382 facta
3326 4321 3407 4369 est
3453 4313 3590 4374 lux;
3644 4315 3709 4368 ut

2063 4413 2177 4452 non
2211 4401 2442 4451 tantum
2477 4395 2684 4464 Deum,
2719 4395 2820 4451 sed
2853 4397 3028 4450 etiam
3079 4411 3180 4466 per
3219 4395 3474 4450 Verbum
3515 4392 3706 4449 lucem

2063 4478 2268 4533 fecisse
2301 4493 2624 4533 nossemus.
2661 4477 2806 4542 Quia
2837 4493 2967 4532 vero
3002 4476 3112 4531 tria
3151 4475 3412 4545 quaedam
3453 4475 3706 4530 maxime

2062 4558 2297 4613 scienda
2327 4558 2397 4613 de
2427 4563 2694 4613 creatura
2735 4557 2902 4612 nobis
2946 4557 3204 4627 oportuit
3241 4557 3525 4624 intimari,
3575 4556 3706 4624 quis

2061 4653 2187 4692 eam
2221 4636 2434 4698 fecerit,
2470 4653 2566 4709 per
2598 4636 2734 4707 quid
2773 4637 2989 4702 fecerit,
3039 4651 3218 4704 quare
3280 4633 3476 4690 fecerit
3518 4649 3532 4686 :
3565 4635 3706 4688 Deus

2060 4717 2232 4779 dixit,
2273 4718 2483 4788 inquit,
2538 4717 2658 4772 Fiat
2705 4716 2825 4781 lux,
2867 4723 2918 4770 et
2967 4718 3115 4784 [acta
3158 4721 3236 4768 est
3286 4714 3403 4767 lux.
3459 4713 3525 4764 Et
3565 4711 3705 4766 vidit

2065 4798 2196 4853 Deus
2229 4797 2418 4864 lucem,
2453 4799 2585 4867 quia
2627 4796 2763 4850 bona
2792 4799 2890 4849 est.
2930 4793 2988 4847 Si
3032 4807 3166 4861 ergo
3210 4791 3529 4859 quaerimus
3569 4790 3702 4859 quis

2061 4879 2279 4943 fecerit,
2316 4883 2457 4932 Deus
2486 4885 2588 4930 est.
2622 4874 2680 4929 Si
2713 4889 2816 4943 per
2845 4873 2984 4942 quid
3019 4871 3236 4936 fecerit,
3261 4869 3436 4935 Dixit,
3468 4869 3608 4934 Fiat,
3650 4871 3702 4924 et

2058 4958 2207 5026 facta
2235 4965 2336 5011 est.
2370 4955 2428 5010 Si
2462 4969 2642 5024 quare
2676 4952 2892 5014 fecerit,
2932 4948 3074 5019 Quia
3105 4949 3244 5006 bona
3274 4958 3374 5005 est.
3410 4949 3523 5005 Nec
3560 4964 3704 5004 auc-

2060 5041 2148 5092 tor
2186 5044 2271 5091 est
2328 5034 2702 5090 excellentior
2756 5032 2894 5100 Deo,
2949 5047 3053 5086 nec
3105 5048 3200 5086 ars
3257 5029 3550 5086 efficacior
3604 5027 3702 5084 Dei

2061 5116 2268 5184 Verbo,
2303 5133 2407 5172 nec
2437 5132 2616 5171 causa
2649 5113 2854 5170 melior
2885 5129 3062 5186 quam
3110 5118 3174 5168 ut
3204 5114 3422 5168 bonum
3471 5126 3700 5167 creare-

2059 5204 2153 5254 tur
2181 5215 2214 5254 a
2246 5199 2358 5254 Deo
2385 5199 2555 5252 bono.
2593 5196 2752 5251 Hauc
2783 5197 2960 5250 etiam
2995 5194 3157 5250 Plato
3187 5209 3419 5250 causam
3453 5193 3704 5248 conden-

2060 5280 2117 5335 di
2151 5279 2356 5334 mundi
2383 5279 2774 5348 justissimuin
2810 5276 2970 5344 dicit,
3016 5283 3076 5330 ut
3124 5292 3157 5330 a
3189 5276 3338 5331 bono
3388 5275 3499 5330 Deo
3551 5272 3705 5328 bona

2123 5477 2138 5510 ¹
2171 5474 2255 5523 Sic
2282 5472 2436 5520 Vind.
2468 5471 2581 5518 Am.
2613 5471 2667 5518 et
2693 5470 2816 5518 Mss.
2846 5471 2928 5518 At.
2962 5468 3046 5517 Er.
3075 5471 3128 5517 et
3155 5469 3300 5520 Lov..
3334 5466 3496 5527 ﬁant.

2124 5537 2146 5572 ³
2175 5538 2258 5585 Er.
2288 5537 2434 5586 Lov..
2465 5535 2700 5595 lateque.
2735 5532 2936 5582 Caeteri
2955 5531 3104 5595 libri.
3127 5529 3370 5595 alteque.

2118 5601 2192 5660 (ai
2227 5599 2374 5647 Istud
2402 5587 2927 5660 nempe‘objiciebant
2953 5587 3275 5643 Manichaeif
3294 5590 3438 5641 Cont.
3456 5588 3551 5642 lib.
3585 5587 3608 5637 1
3638 5589 3704 5639 de

2060 5658 2186 5713 Gen.
2219 5664 2356 5711 cont.
2389 5658 2598 5710 Manicb
2626 5696 2637 5716 ,
2668 5673 2719 5706 n.
2758 5658 2832 5710 t3.
