4158 6192
477 312 592 372 335

471 460 641 516 opera
690 442 896 527 tierent
946 440 1036 509 (In
1087 438 1351 527 'Ijimnzo):
1399 435 1514 490 sive
1561 436 1686 527 ista.
1719 436 1942 527 legerit,
1997 436 2118 493 sive

471 528 542 582 ab
592 523 682 578 his
723 523 822 592 qui
873 521 1130 591 legerant
1185 519 1326 572 forte
1361 519 1734 588 cognoverit;
1785 519 1904 572 sive
1955 533 2118 573 acer-

470 607 618 661 rimo
668 603 901 673 ingenio
957 597 1274 654 invisibilia
1330 597 1450 689 Dei,
1484 614 1614 689 .per
1653 613 1738 689 ea.
1770 613 1904 689 qua:
1947 599 2118 689 facta

470 693 628 752 sunt,
677 681 972 738 intellecta
1019 680 1403 751 conspexerit,
1451 679 1566 734 sive
1621 682 1693 734 ab
1726 679 1818 734 his
1860 679 1958 750 qui
2007 679 2118 734 ista

470 767 889 836 conspexerant
941 771 993 817 et
1036 761 1162 833 ipse
1209 759 1498 816 didicerit.

467 927 700 985 CAPUT
735 928 913 982 XXII.
948 956 1017 966 —
1048 925 1122 980 De
1149 925 1236 980 his
1271 925 1468 996 quibus
1507 926 1572 980 in
1611 925 1980 980 universitate
2022 941 2114 981 re-

535 1027 658 1064 rum
691 1026 724 1063 a
756 1009 889 1064 bona
923 1007 1170 1062 Creatore
1202 1008 1330 1062 bene
1359 1008 1705 1062 conditarum
1730 1010 1982 1078 quaedam
2006 1008 2117 1062 dis-

535 1091 764 1162 plicent,
815 1094 866 1145 et
910 1092 1105 1160 putant
1127 1089 1453 1144 nonnullam
1475 1104 1586 1143 esse
1610 1091 1870 1143 naturam
1888 1087 2111 1144 malam.

538 1230 695 1284 Hanc
728 1232 926 1284 tamen
959 1242 1224 1294 causam,
1255 1227 1312 1282 id
1345 1232 1431 1283 est
1461 1228 1530 1282 ad
1565 1226 1714 1283 bona
1741 1229 1990 1284 creanda
2009 1228 2110 1284 bo-

467 1319 706 1375 nitatem
743 1317 884 1387 Dei;
916 1317 1086 1385 hanc,
1142 1317 1402 1387 inquam,
1444 1333 1685 1374 causam
1733 1322 1853 1374 tam
1885 1319 2110 1388 justam

465 1412 639 1478 atque
669 1407 959 1474 idoneam,
997 1423 1124 1477 quin
1161 1406 1471 1497 diligenter
1514 1406 1886 1498 considerata
1927 1416 1980 1462 et
2021 1406 2111 1498 pie

465 1488 716 1559 cogitata
756 1503 956 1542 omnes
1000 1487 1420 1542 controversias
1461 1486 1849 1578 querentium
1905 1487 2110 1578 mundi

467 1569 750 1639 originem
804 1567 1093 1631 terminat,
1154 1567 1390 1637 quidam
1460 1565 1715 1620 haeretici
1779 1583 1891 1621 non
1948 1567 2108 1622 vide-

465 1653 604 1702 runt
637 1662 650 1700 :
684 1648 822 1716 quia
848 1661 1088 1716 egenam
1121 1646 1314 1700 carnis
1351 1645 1522 1715 hujus
1552 1645 1933 1717 fragilemque
1957 1663 2109 1700 mor-

461 1727 768 1789 talitatem,
795 1729 915 1793 jam
947 1728 1017 1780 de
1050 1727 1213 1794 justo
1249 1726 1536 1796 supplicio
1577 1726 1924 1789 venientem,
1965 1728 2103 1781 dum

459 1808 510 1862 ei
547 1822 659 1861 non
693 1806 1062 1871 conveniunt,
1096 1805 1343 1875 plurima
1374 1803 1714 1897 offendunt;
1741 1807 1898 1897 sicut
1926 1806 2102 1897 ignis,

459 1892 559 1940 aut
593 1887 796 1955 frigus,
842 1891 943 1939 aut
987 1889 1105 1939 fera
1157 1887 1362 1952 bestia,
1409 1891 1509 1940 aut
1556 1886 1693 1956 quid
1739 1886 2101 1955 hujusmodi.

457 1965 574 2020 Nec
605 1967 939 2028 attendunt,
972 1982 1142 2035 quam
1175 1964 1265 2019 vel
1313 1965 1372 2020 in
1413 1965 1536 2020 suis
1575 1965 1716 2021 locis
1760 1968 2103 2038 naturisque

457 2045 1084 2117 vigeant,pulchroque
1113 2046 1314 2100 ordine
1354 2045 2100 2117 disponantur;quantum-

457 2143 570 2198 que
602 2125 964 2182 universitati
1012 2142 1203 2180 rerum
1251 2143 1351 2196 pro
1394 2128 1517 2182 suis
1553 2131 1960 2200 portionibus‘
2008 2129 2105 2184 de-

457 2208 608 2264 coris
641 2213 918 2277 tanquam
953 2206 1009 2262 in
1044 2223 1418 2262 communem
1452 2208 1870 2280 rempublicam
1903 2209 2101 2265 confe-

455 2294 610 2358 rant,
662 2287 745 2344 vel
800 2287 968 2343 nobis
1019 2289 1188 2360 ipsis,
1247 2289 1295 2344 si
1353 2289 1436 2344 eis
1483 2296 1872 2361 congruenter
1927 2297 2103 2362 atque

453 2373 708 2428 scienter
739 2378 990 2436 utamur,
1024 2370 1464 2426 commoditatis
1509 2372 1863 2439 attribuant;
1914 2371 1997 2426 ita
2038 2378 2102 2427 ut

455 2466 680 2505 venena
709 2449 858 2518 ipsa,
894 2465 1020 2520 quae
1074 2465 1173 2519 per
1215 2451 1742 2506 inconvenientiam
1777 2452 2103 2522 perniciosa

455 2538 615 2596 sunt,
671 2531 1081 2586 convenienter
1126 2530 1385 2586 adhibita
1442 2533 1498 2586 in
1544 2532 1797 2588 salubria
1845 2533 2093 2588 medica-

457 2618 655 2667 menta
685 2617 985 2664 vertantur
1012 2627 1024 2665 :
1061 2627 1352 2680 quamque
1385 2629 1415 2665 a
1445 2613 1738 2667 contrario
1767 2613 1942 2667 etiam
1977 2613 2099 2668 haec

455 2701 667 2770 quibus
700 2699 1081 2764 delectantur,
1117 2698 1269 2752 sicut
1297 2700 1461 2752 cibus
1487 2705 1544 2754 et
1574 2707 1743 2770 potus
1767 2710 1821 2756 et
1845 2701 1954 2756 ista
1979 2703 2095 2772 lux,

452 2779 837 2833 immoderato
883 2783 939 2830 et
983 2777 1371 2847 inopportuno
1399 2777 1420 2810 ²
1460 2794 1566 2833 usu
1616 2783 1787 2834 noxia
1837 2783 2096 2837 sentian-

452 2865 552 2914 tur
599 2857 700 2927 (a).
769 2857 926 2913 Unde
977 2873 1081 2910 nos
1131 2859 1408 2912 admonet
1453 2859 1650 2914 divina
1711 2862 2092 2931 providentia,

451 2956 567 2995 non
601 2955 690 2992 res
723 2937 1068 3006 insipienter
1102 2937 1452 3006 vituperare,
1503 2942 1602 2994 sed
1647 2941 1955 2994 utilitatem
2005 2959 2095 2997 re-

449 3036 580 3075 rum
629 3017 941 3089 diligenter
985 3016 1310 3087 inquirere;
1365 3026 1418 3072 et
1468 3021 1565 3074 ubi
1619 3027 1884 3075 nostrum
1939 3021 2096 3093 inge-

450 3100 613 3155 nium
648 3096 735 3150 vel
767 3097 1078 3151 inﬁrmitas
1119 3097 1335 3162 deficit,
1379 3097 1461 3152 ita
1501 3100 1734 3155 credere
1779 3100 2091 3170 occultam,

449 3181 604 3234 sicut
631 3183 799 3233 erant
829 3179 1091 3247 quaedam
1133 3193 1260 3248 qua:
1307 3177 1399 3232 vix
1447 3181 1743 3250 potuimus
1793 3182 2090 3238 invenire:

450 3259 592 3330 quia
636 3263 694 3312 et
739 3259 861 3328 ipsa
910 3258 1182 3312 utilitatis
1231 3258 1558 3324 occultatio,
1596 3269 1694 3314 aut
1745 3259 2092 3318 humilitatis

448 3338 780 3395 exercitatio
809 3343 919 3408 est,
952 3345 1054 3394 aut
1082 3339 1350 3396 elationis
1383 3340 1638 3409 attritio;
1679 3357 1812 3396 cum
1853 3345 2092 3400 omnino

453 3429 665 3476 natura
703 3418 865 3474 nulla
912 3421 989 3474 sit
1038 3419 1281 3485 malum,
1331 3437 1652 3491 nomenque
1700 3421 1808 3478 hoc
1859 3440 1974 3479 non
2019 3426 2095 3481 sit

446 3499 561 3556 nisi
596 3497 938 3570 privationis
971 3499 1104 3555 boni
1131 3515 1143 3555 :
1178 3500 1277 3555 sed
1308 3517 1341 3556 a
1375 3501 1618 3556 terrenis
1651 3518 1835 3572 usque
1866 3505 1938 3559 ad
1980 3521 2093 3561 cm-

445 3581 635 3648 lestia,
682 3583 739 3635 et
777 3597 811 3636 a
860 3579 1190 3636 visibilibus
1242 3597 1427 3652 usque
1475 3583 1547 3636 ad
1594 3583 1909 3638 invisibilia
1957 3591 2094 3642 sunt

446 3663 580 3718 aliis
612 3661 726 3716 alia
758 3662 911 3716 bona
943 3661 1216 3731 meliora;
1250 3663 1322 3717 ad
1357 3663 1464 3718 hoc
1505 3663 1838 3734 inaequalia,
1887 3671 1952 3720 ut
1998 3683 2090 3722 es-

445 3748 575 3798 sent
595 3742 814 3798 omnia.
848 3742 999 3798 Deus
1030 3753 1222 3799 autem
1253 3745 1333 3798 ita
1357 3749 1446 3799 est
1476 3745 1675 3798 artifex
1714 3745 2000 3816 magnus3
2029 3749 2089 3802 in

447 3824 698 3893 magnis,
738 3827 802 3877 ut
833 3823 1025 3878 minor
1065 3841 1179 3878 non
1230 3827 1305 3878 sit
1465 3826 1686 3918 parvis:
1739 3842 1865 3918 qua
1917 3843 2091 3918 parva

445 3919 559 3956 non
594 3921 704 3958 sua
735 3902 1247 3972 granditate(nam
1299 3903 1459 3958 nulla
1515 3905 1648 3975 est),
1702 3907 1800 3960 sed
1846 3907 2088 3962 artificis

443 3987 732 4054 Sapientia
763 3985 1056 4038 metienda
1085 3992 1261 4036 sunt:
1297 3985 1445 4038 sicut
1478 3985 1533 4038 in
1567 3988 1757 4054 specie
1801 3986 2086 4044 visibilis‘

437 4062 718 4134 hominis,
754 4063 802 4116 si
839 4078 1020 4115 unum
1050 4065 1290 4116 radatur
1319 4065 1711 4132 supercilium,
1744 4082 1917 4135 quam
1955 4085 2088 4137 pro-

439 4144 754 4210 pemodum
791 4141 932 4194 nihil
965 4143 1214 4210 corpori,
1247 4146 1303 4196 et
1328 4159 1502 4212 quam
1538 4144 1789 4198 multum
1826 4147 2082 4204 detrahi-

439 4225 534 4273 tur
570 4219 1030 4286 pulchritudini;
1065 4222 1340 4290 quoniam
1377 4240 1488 4277 non
1527 4225 1677 4278 mole
1703 4232 1954 4295 constat,
1985 4230 2086 4286 sed

439 4299 730 4368 parilitate
781 4318 844 4353 ac
904 4298 1264 4356 dimensione
1313 4302 1731 4359 membrorum.
1782 4310 1898 4361 Nec
1945 4325 2087 4366 sane

442 4376 689 4434 multum
728 4378 1065 4433 mirandum
1109 4387 1218 4448 est,
1278 4383 1433 4452 quod
1480 4383 1538 4437 hi
1589 4385 1684 4454 qui
1739 4387 2084 4446 nonnullam

445 4457 657 4513 malam
693 4463 900 4530 putant
932 4473 1058 4513 esse
1091 4467 1363 4518 naturam
1411 4481 1518 4519 suo
1560 4467 1813 4534 quodam
1862 4479 2089 4526 contra-

443 4537 528 4593 rio
560 4546 818 4594 exortam
854 4547 1351 4613 propagatamque
1393 4544 1701 4615 principio,
1749 4548 1956 4605 nolunt
1996 4569 2088 4608 ac-

442 4617 635 4690 cipere
684 4620 858 4675 istam
911 4636 1144 4676 causam
1197 4623 1506 4679 creationis
1534 4642 1748 4695 rerum,
1803 4636 1867 4686 ut
1898 4634 2088 4688 bonus

445 4701 601 4757 Deus
625 4703 890 4758 conderet
927 4702 1104 4770 bona;
1131 4705 1430 4760 credentes
1459 4722 1593 4761 eum
1629 4711 1821 4777 potius
1851 4713 1924 4766 ad
1969 4713 2087 4769 hazc

448 4785 751 4838 mundana
786 4783 1088 4839 molimina
1123 4786 1454 4842 rebellantis
1497 4787 1804 4846 adversum
1843 4807 1904 4846 se
1949 4794 2086 4849 mali

440 4863 756 4934 repellendi
782 4865 806 4899 ⁵
831 4873 1089 4920 extrema
1121 4871 1461 4924 necessitate
1492 4869 1862 4940 perductum,
1887 4888 2084 4930 suam-

440 4960 552 5018 que
610 4952 878 5003 naturam
947 4947 1162 5005 bonam
1228 4950 1384 5006 malo
1445 4953 1761 5008 coercendo
1801 4969 2087 5026 superan-

494 5212 509 5246 ι
543 5207 793 5259 Nonnulli
824 5209 968 5264 Mss..
995 5211 1379 5270 positionibus.

491 5273 512 5339 'f’
541 5272 624 5339 §ic
653 5274 848 5339 probae
877 5276 1033 5323 notae
1063 5275 1429 5337 manuscripti.
1460 5275 1528 5324 At
1555 5274 1703 5332 editi,
1738 5277 2077 5339 importuno.

490 5338 511 5370 3
541 5335 724 5384 Plures
754 5337 859 5385 Mss
886 5339 1238 5411 ,‘maxim‘uf;
1335 5335 1353 5337 ﬁ
1393 5400 1403 5410 _
1445 5399 1478 5411 η

487 5399 511 5461 θ
543 5399 695 5461 yind.
726 5400 842 5446 Am.
876 5401 928 5461 et
957 5400 1164 5461 aliquot
1193 5401 1314 5448 Mss.
1349 5399 1582 5448 visibili.

487 5460 507 5493 ι
539 5457 641 5526 Sic_
671 5461 833 5511 codex
863 5460 1005 5526 207M.
1039 5457 1096 5510 In
1127 5463 1239 5512 cod.
1271 5462 1413 5513 2050.
1445 5463 1616 5512 mali:
1641 5464 1982 5526 repellendis.
2017 5471 2076 5518 In

422 5521 500 5576 Β..
532 5521 753 5584 verbum
782 5525 1107 5584 repellendi,
1131 5527 1277 5575 decet
1305 5527 1540 5575 omnino.
1572 5526 1637 5575 Μ.

483 5584 563 5643 (a)
590 5582 784 5633 Contra
810 5582 1160 5640 Manichaeos.
1195 5589 1307 5637 Vid.
1353 5589 1446 5640 lib.
1480 5589 1503 5636 1
1544 5589 1609 5638 de
1639 5588 1768 5640 Gen.
1799 5595 1939 5642 cont.
1970 5594 2075 5644 Ma-

425 5645 589 5708 nlch.,
620 5657 711 5693 nn.
743 5645 820 5710 25,
852 5649 930 5700 26.

1502 304 1604 362 DE
1648 303 2009 362 CIVITATE
2053 304 2206 375 DEI,
2255 306 2318 365 S.
2369 306 2787 370 AUGUSTINI

3759 330 3884 390 336

2228 440 2428 524 doque
2450 441 2955 517 miscuisse,quam
2988 447 3320 519 turpissime
3351 455 3630 524 pollutam
3661 465 3718 516 et
3748 477 3893 518 crn-

2233 519 2908 615 delissimemaptivatam
2939 531 2998 615 et
3034 519 3377 601 oppressam
3417 535 3618 595 labore
3657 559 3888 615 magno

2225 599 2320 654 vix
2369 603 2610 656 mundet
2665 621 2730 660 ac
2787 605 3014 674 liberet,
3072 599 3191 666 non
3238 617 3419 671 totam
3475 625 3708 688 tamen;
3759 599 3888 681 ‘sed

2225 681 2378 770 quod
2413 682 2538 752 ejus
2570 699 2685 740 non
2729 690 2979 774 potuerit
3004 688 3076 744 ab
3126 691 3223 774 illa
3269 681 3702 767 inquinatione'
3734 720 3888 774 pur-

2223 761 2368 830 gari,
2403 768 2632 833 tegmen
2667 781 2732 820 ac
2791 767 3087 826 vinculum
3125 761 3381 831 futurum
3415 777 3605 836 husds
3637 761 3778 839 vicit
3825 791 3889 841 et

2224 839 2455 930 inclusi.
2506 843 2599 899 Sic
2625 847 3191 930 ‘autemiManichtei
3245 870 3357 911 non
3404 859 3738 930 desiperent
3788 839 3885 921 vel

2222 922 2415 991 potius
2447 925 2866 1012 insanirent,si
2921 930 3022 986 Dei
3073 939 3360 1007 naturam,
3412 922 3582 996 sicuti
3632 950 3744 1012 est,
3794 947 3888 1002 in-

2221 1005 2696 1062 commutabilem
2717 1015 2891 1080 atque
2921 1013 3158 1070 omnino
3194 1005 3692 1091 incorruptibilem
3729 1005 3878 1083 vere-

2220 1084 2442 1153 derent,
2475 1087 2566 1141 cui
2601 1105 2804 1146 nocere
2834 1091 2994 1148 nulla
3026 1109 3118 1151 res
3158 1099 3382 1168 possit:
3428 1084 3682 1161 animam
3730 1125 3879 1166 vero

2219 1179 2342 1233 quae
2386 1166 2682 1252 voluntate
2717 1173 2930 1227 mutari
2970 1174 3028 1229 in
3065 1166 3323 1234 deterius
3361 1185 3419 1236 et
3463 1190 3694 1252 peccato
3733 1200 3878 1244 cor-

2219 1245 2412 1328 rumpi
2456 1249 2663 1318 potuit,
2707 1255 2880 1322 atque
2920 1252 3002 1310 ita
3051 1245 3550 1320 incommutabilis
3607 1269 3881 1328 veritatis

2217 1323 2349 1380 luce
2409 1329 2642 1399 privari,
2689 1347 2805 1388 non
2855 1333 2956 1390 Dei
3013 1341 3259 1408 partem,
3307 1357 3413 1398 nec
3456 1345 3585 1415 ejus
3640 1355 3878 1406 natura

2216 1421 2346 1476 quae
2372 1407 2477 1504 Dei
2509 1415 2598 1504 est
2622 1409 2662 1504 ιτ
2697 1413 2815 1504 sed.
2848 1415 2920 1504 ab
2971 1415 3070 1472 illo
3111 1421 3411 1504 conditam
3456 1407 3627 1499 longe
3672 1431 3879 1504 impa-

2216 1501 2337 1541 rem
2370 1489 2662 1547 Conditori
2695 1493 3019 1553 christiana
3039 1499 3290 1558 sanitate
3318 1489 3626 1565 sentirent.

2213 1645 2449 1704 CAPUT
2479 1650 2682 1708 XXIII.
2716 1685 2783 1696 —
2813 1656 2888 1712 De
2914 1673 3114 1726 errore,
3146 1660 3207 1716 in
3238 1680 3342 1735 quo
3375 1666 3632 1737 Origeni:
3660 1671 3875 1732 doctri-

2803 1753 2878 1791 na
2908 1740 3257 1812 inculpatur.

2284 1861 2332 1916 1.
2395 1863 2752 1959 Sedumulto
2796 1875 2900 1959 _est
2963 1875 3299 1959 mirandum
3356 1883 3632 1954 amplius,
3695 1891 3867 1959 quod

2209 1941 2384 1997 etiam
2416 1945 2676 2014 quidam,
2708 1952 2808 2021 qui
2843 1970 3025 2011 unum
3060 1957 3364 2016 nobiscum
3398 1941 3644 2024 credunt
3671 1941 3872 2028 oinni-

2210 2039 2305 2078 um
2368 2043 2560 2084 rerum
2612 2046 2734 2088 esse
2787 2035 3162 2109 principium,
3214 2042 3511 2118 ullamque
3561 2058 3864 2122 naturam,

2208 2121 2333 2175 qua:
2367 2125 2480 2166 non
2513 2117 2604 2166 est
2636 2115 2788 2184 quod
2821 2116 2976 2174 Deus
3007 2125 3115 2189 est,
3151 2125 3261 2179 nisi
3303 2127 3375 2182 ab
3417 2115 3512 2186 illo
3549 2115 3864 2195 conditore

2209 2202 2337 2243 esse
2382 2207 2495 2245 non
2548 2209 2755 2264 posse;
2797 2198 3114 2256 noluerunt
3152 2208 3350 2262 tamen
3395 2208 3561 2267 istam
3603 2229 3860 2274 causam

2209 2267 2532 2361 fabricandi
2563 2276 2770 2361 mundi
2804 2281 2922 2334 tam
2956 2280 3168 2338 bonam
3218 2302 3282 2341 ac
3333 2267 3863 2361 simplicemvbeﬂt;

2208 2363 2275 2434 ac
2327 2351 2670 2419 simpliciter
2713 2361 2962 2424 credere,
3009 2367 3073 2416 ut
3119 2363 3272 2421 Deus
3331 2351 3514 2426 bonus
3573 2351 3861 2434 conderet

2208 2428 2380 2528 bona,
2413 2438 2468 2488 et
2499 2441 2692 2528 essent
2723 2445 2854 2510 post
2889 2442 3066 2498 Deum
3109 2462 3235 2517 quae
3286 2466 3401 2507 non
3451 2428 3853 2528 essentquod

2207 2516 2296 2596 est
2326 2511 2502 2582 Deus,
2537 2515 2689 2571 bona
2719 2527 2908 2576 tamen
2941 2539 3063 2593 qua:
3098 2511 3211 2583 n-on
3261 2529 3474 2586 faceret
3509 2534 3624 2590 nisi
3665 2511 3854 2596 bonus

2205 2589 2375 2688 Deus.
2407 2597 2516 2650 Sed
2548 2600 2773 2688 animas
2804 2589 3024 2670 dicunt,
3059 2622 3173 2688 non
3212 2611 3454 2680 quidem
3496 2589 3847 2688 partesHDe‘i;

2204 2673 2512 2768 sed‘factas
2543 2693 2576 2731 a
2605 2677 2740 2749 Deo,
2778 2697 3048 2768 peccasse
3077 2703 3108 2741 a
3138 2673 3445 2748 Conditore
3485 2673 3844 2768 recedendi);

2202 2757 2258 2806 et
2303 2753 2561 2848 diversis.
2601 2763 3006 2848 progressibus
3057 2783 3156 2836 pro
3206 2769 3542 2830 diversitate
3586 2753 3847 2848 peccato:

2202 2847 2354 2896 rum,
2385 2835 2597 2891 acmlis
2630 2855 2816 2910 usque
2863 2845 2932 2898 ad
2977 2835 3184 2918 terras,
3231 2861 3283 2904 et
3331 2854 3559 2911 diversa
3586 2835 3847 2930 .corpora

2201 2913 2363 2980 quasi
2400 2915 2631 2973 vincula
2667 2922 2989 2980 meruisse:
3023 2931 3079 2981 et
3131 2913 3282 2985 hunc
3341 2947 3471 2990 esse
3530 2913 3845 3007 mundrum,

2199 3007 2444 3062 eamque
2495 3010 2729 3053 causam
2784 3005 2988 3058 mundi
3037 3006 3219 3064 fuisse
3276 3011 3546 3082 faciendi,
3617 3035 3728 3074 non
3780 3005 3848 3076 ut

2198 3072 2583 3156 conderentur
2615 3078 2785 3148 bona,
2820 3085 2916 3137 sed
2955 3090 3014 3139 ut
3044 3087 3198 3143 mala
3227 3072 3654 3152 cohiberentur.
3690 3098 3843 3156 Hinc

2198 3149 2947 3250 I()t~igene's,j‘ure_culpatur_.
2984 3165 3044 3250 In
3078 3167 3244 3226 libris
3273 3175 3428 3230 enim
3460 3149 3843 3250 quos—appe-l:

2196 3228 2275 3330 in
2320 3228 2805 3330 napi.'ApuxtBl,_i.-d
2855 3248 2964 3330 est,
3016 3247 3084 3302 de
3117 3228 3443 3322 Principiis,
3471 3228 3605 3312 'iio'c'
3639 3228 3858 3330 Ξὲἓὲῖἷι,

2197 3309 2306 3403 hoc
2340 3313 2617 3403 scripsit.
2667 3317 2770 3403 Ubi
2820 3309 2955 3403 plus
3005 3341 3180 3396 quam
3239 3309 3351 3386 dici
3404 3309 3610 3403 potest,

2198 3389 2490 3478 hominem
2527 3397 2585 3451 in
2644 3389 3052 3461 ecclesiasticis
3097 3408 3308 3468 litteris
3339 3389 3453 3468 tant
3501 3389 3850 3478 doctum-et

2195 3475 2596 3542 exercitatum,
2653 3495 2768 3534 non
2822 3485 3167 3556 attendisse,
3214 3493 3467 3562 primum
3507 3514 3678 3568 quam
3728 3475 3849 3559 hoc

2197 3557 2752 3642 esset-contrarium
2796 3562 3104 3634 Scriptura:
3145 3557 3327 3642 hujus
3373 3557 3544 3632 tanta;
3587 3557 3848 3636 auctori;

2197 3634 2330 3688 tatis
2362 3633 2692 3731 intentioni,
2727 3657 2854 3712 quae
2887 3633 2988 3714 per
3007 3633 3409 3722 omnia'opera
3448 3655 3546 3712 Dei
3589 3633 3844 3731 subjun-

2194 3730 2383 3815 geus,
2399 3718 2462 3772 Ει
2493 3719 2628 3815 uidi!
2659 3723 3215 3815 Deuquuiatonum
3248 3718 3366 3796 est;
3417 3718 3841 3815 completisque

2195 3797 2469 3852 omnibus
2492 3799 2764 3870 inferens,
2795 3806 2865 3857 Et
2897 3806 3034 3862 vidit
3084 3811 3223 3865 Deus
3284 3818 3488 3886 omnia,
3513 3797 3638 3889 qua:
3682 3797 3837 3891 fecit,

2191 3883 2242 3959 et
2269 3891 2386 3959 ecce
2403 3878 2553 3959 liena
2583 3881 2738 3936 valde
2784 3883 2937 3951 (Gen.
2970 3887 3010 3957 ι)
3046 3905 3059 3942 :
3103 3891 3317 3948 nullam
3359 3878 3540 3954 aliam
3597 3878 3838 3959 causam

2191 3953 2444 4038 faciendi
2476 3960 2676 4013 mundi
2735 3953 3228 4038 intelligi'voluit,
3279 3977 3391 4030 nisi
3444 3953 3840 4038 utrbona‘l—i-e:

2191 4044 2321 4127 rent
2349 4052 2381 4090 a
2412 4036 2728 4127 bono-Deo.
2767 4040 2869 4127 Ubi
2903 4047 2951 4099 si
3001 4064 3168 4105 nemo
3202 4036 3516 4127 peccasset,
3563 4036 3836 4118 tantum—-

2192 4116 2360 4169 modo
2395 4119 2616 4172 naturis
2647 4121 2812 4176 bonis
2834 4132 2988 4182 esset
3024 4116 3276 4188 mundus
3325 4116 3566 4195 ornatus
3612 4146 3670 4196 et
3721 4142 3841 4212 plc-

2190 4210 2339 4281 nus_:
2365 4202 2422 4250 et
2460 4200 2598 4268 quia
2631 4208 2927 4271 peccatum
2961 4215 3070 4276 est,
3105 4228 3218 4268 non
3260 4215 3386 4273 ideo
3432 4225 3642 4276 cuncta
3696 4200 3841 4281 s'unt

2188 4275 2433 4367 impleta
2461 4282 2733 4372 peccatis,
2775 4300 2903 4342 cum
2954 4288 3241 4350 bonorum
3287 4296 3458 4370 longe
3500 4304 3688 4372 major
3730 4321 3842 4360 nu-

2191 4371 2389 4411 merus
2418 4356 2476 4443 in
2510 4359 2841 4443 caelestibus
2889 4383 3002 4424 sua:
3053 4377 3272 4431 natura:
3315 4356 3834 4443 ordinem'servet.

2189 4435 2305 4492 Nec
2345 4437 2499 4523 mala
2530 4439 2817 4514 voluntas,
2847 4451 2986 4518 quia
3029 4461 3246 4511 naturae
3289 4459 3556 4518 ordinem
3601 4481 3834 4523 servare

2190 4517 2401 4606 noluit,
2435 4519 2559 4606 ideo
2583 4524 2730 4592 justi
2762 4517 3045 4603 Deiileges
3075 4539 3274 4594 omnia
3318 4541 3465 4599 bene
3505 4517 3838 4606 ordinantis

2189 4600 2409 4672 eﬂ‘ngil.
2443 4601 2730 4698 Quoniam
2757 4609 2911 4664 sicut
2951 4600 3177 4683 pictura
3223 4634 3358 4677 cum
3400 4600 3886 4700 colorenigro:1

2193 4683 2314 4738 loco
2347 4699 2452 4738 suo
2475 4685 2684 4753 posita,
2717 4687 2796 4744 ita
2829 4693 3170 4752 universitas
3201 4717 3420 4772 rerum,
3453 4707 3500 4762 si
3530 4709 3666 4778 quis
3697 4683 3834 4780 δοες

2189 4765 2266 4820 sit
2296 4763 2529 4836 intueri,
2581 4767 2755 4824 etiam
2810 4788 2936 4827 cum
2979 4763 3676 4858 peccatoribus'pulcbra
3697 4763 3831 4856 (est,

2191 4849 2460 4920 quamvis
2492 4865 2592 4920 per
2622 4868 2683 4907 se
2715 4854 2873 4925 ipsos
2905 4859 3300 4921 consideratos
3349 4849 3454 4924 sua
3494 4849 3834 4931 deformitas

2188 4932 2401 4998 turpet.

2258 5009 2312 5061 2.
2346 5008 2562 5102 Deinde
2591 5011 2783 5106 videre
2818 5016 3348 5106 debu_it_0rigenes,
3381 5034 3438 5086 et
3471 5031 3833 5106 quicumque

2187 5089 2267 5144 ita
2313 5091 2568 5160 sapiunt,
2621 5093 2671 5148 i
2719 5095 2842 5151 haec
2881 5099 3079 5166 opinio
3125 5089 3262 5163 vvera
3305 5089 3506 5181 esset;
3537 5089 3830 5173 mundum

2187 5173 2318 5228 ideo
2352 5174 2580 5241 factum,
2631 5183 2694 5230 ut
2749 5179 2954 5235 animae
3011 5201 3114 5255 pro
3174 5191 3397 5248 meritis
3455 5173 3828 5264 peccatorum

2187 5271 2423 5344 suorum
2455 5259 2735 5326 tanquam
2781 5265 3081 5330 ergastula
3131 5270 3345 5339 quibus
3391 5259 3697 5344 pmnaliter
3746 5279 3834 5333 in-

2184 5333 2873 5424 cluderenturtcorpora
2919 5333 3271 5424 acciperent,
3318 5333 3620 5424 superiora
3655 5362 3711 5413 et
3754 5357 3832 5413 le-

2181 5414 2342 5470 viora
2371 5431 2498 5486 qute
2533 5417 2746 5490 minus,
2780 5414 3061 5482 inferiora
3102 5445 3234 5486 vero
3259 5414 3341 5488 vet
3382 5414 3649 5506 graviora
3695 5454 3826 5512 qua

2245 5662 2258 5695 ι
2293 5657 2579 5710 Nonnnulli
2606 5659 2750 5718 Msa.
2779 5678 2920 5727 quae
2957 5667 3104 5720 Dem
3130 5679 3227 5724 est.
