4128 6184
275 339 388 398 337
1599 336 1823 396 LIBER
1865 333 2338 398 UNDECIMUS.
3554 339 3671 402 338

273 470 529 542 amplius
582 476 997 542 peccaverunt;
1049 470 1344 527 demones
1394 469 1612 541 quibus
1659 467 1915 524 deterius

273 553 415 609 nihil
442 558 550 618 est,
582 559 815 608 terrena
845 567 1086 622 corpora
1129 552 1348 622 quibus
1397 551 1644 606 inferius
1682 554 1740 604 et
1785 567 1915 614 gra-

271 634 394 688 vius
426 633 571 687 nihil
605 637 713 697 est,
749 633 942 702 potius
974 647 1152 703 quam
1186 631 1458 686 homines
1489 632 1663 686 etiam
1696 628 1915 685 malos‘

272 712 480 768 habere
511 711 804 768 debuisse.
838 710 1002 765 Nunc
1037 727 1166 766 vero
1193 717 1254 764 ut
1295 711 1758 781 intelligeremus
1799 710 1921 764 ani-

273 808 498 850 marum
557 794 765 846 merita
813 807 928 846 non
991 790 1377 862 qualitatibus
1429 805 1739 860 corporum
1794 805 1920 844 esse

274 873 591 945 pensanda,
621 871 845 927 aerium
881 873 1172 942 pessimus
1203 871 1454 936 damon,
1501 873 1672 926 homo
1723 875 1918 926 autem

273 959 325 1010 et
374 969 531 1008 nunc
581 952 716 1008 licet
768 951 977 1018 malus,
1030 951 1200 1022 longe
1263 951 1504 1007 minoris
1551 951 1923 1022 mitiorisque

279 1035 540 1101 malitiae,
583 1039 639 1089 et
679 1042 832 1089 certe
881 1039 1014 1090 ante
1073 1037 1375 1104 peccatum
1426 1039 1626 1088 tamen
1693 1033 1919 1089 luteum

273 1131 482 1184 corpus
529 1115 768 1186 accepit.
823 1113 974 1179 Quid
1021 1119 1216 1168 autem
1263 1113 1501 1169 stultius
1549 1113 1664 1168 dici
1716 1120 1920 1185 potest,

272 1211 452 1267 quam
494 1196 635 1267 per’
667 1196 844 1250 istum
889 1192 1094 1258 solem,
1130 1199 1194 1249 ut
1222 1193 1281 1248 in
1326 1211 1441 1249 uno
1486 1193 1704 1249 mundo
1771 1209 1922 1250 unus

271 1281 446 1343 esset,
478 1292 595 1331 non
645 1274 838 1331 decori
885 1273 1364 1345 pulchritudinis,
1394 1275 1480 1329 vel
1532 1274 1704 1329 etiam
1745 1273 1923 1330 saluti

269 1373 464 1414 rerum
516 1357 908 1428 corporalium
971 1354 1344 1411 consuluisse
1399 1355 1682 1411 artificem
1735 1360 1918 1411 Deum

271 1440 370 1511 (a),
405 1438 505 1494 sed
539 1437 647 1494 hoc
681 1437 874 1508 potius
903 1436 1190 1501 evenisse.
1231 1436 1370 1506 quia
1423 1451 1539 1490 una
1587 1436 1782 1490 anima
1838 1438 1922 1491 sic

266 1523 623 1589 peccaverat,
657 1526 718 1572 ut
748 1516 849 1571 tali
884 1531 1125 1586 corpore
1157 1526 1475 1572 mereretur
1519 1515 1788 1570 includi?
1838 1520 1917 1570 Ac

268 1613 372 1668 per
403 1598 510 1652 hoc
541 1595 588 1652 si
621 1596 983 1665 contigisset,
1008 1600 1072 1651 ut
1099 1613 1213 1652 non
1259 1613 1396 1663 una,
1437 1596 1536 1651 sed
1585 1597 1748 1661 dum;
1801 1595 1918 1650 imo

268 1694 381 1734 non
407 1679 556 1743 dum,
589 1677 691 1732 sed
725 1677 950 1746 decem,
983 1676 1069 1731 vel
1103 1680 1360 1744 centum,
1395 1675 1662 1731 similiter
1683 1676 1917 1748 aequali-

270 1765 468 1827 terque
534 1765 893 1828 peccassent,
964 1761 1202 1812 centum
1276 1757 1430 1812 soles
1503 1757 1744 1813 haberet
1824 1755 1918 1811 hic

269 1839 552 1894 mundus.
585 1838 747 1902 Quod
783 1843 846 1892 ut
875 1853 990 1891 non
1023 1837 1209 1902 fieret,
1243 1853 1356 1892 non
1386 1837 1614 1908 Opificis
1646 1837 1919 1907 provisio-

269 1935 338 1973 ne
373 1918 626 1972 mirabili
658 1917 733 1973 ad
784 1933 976 1973 rerum
1019 1917 1410 1989 corporalium
1454 1917 1698 1972 salutem
1745 1920 1917 1972 deco-

268 2015 512 2070 remque
559 1997 895 2054 consultum
937 2003 1056 2067 est;
1091 1999 1193 2054 sed
1243 1999 1485 2069 contigit
1517 1998 1707 2070 potius
1761 2007 1921 2053 tanta

268 2084 446 2133 unius
493 2080 698 2134 animm
741 2081 1145 2150 progressione
1180 2080 1494 2148 peccantis,
1531 2084 1588 2133 ut
1625 2079 1749 2134 sola
1793 2094 1918 2133 cor-

269 2177 384 2232 pus
416 2159 531 2215 tale
555 2164 894 2215 mereretur.
930 2163 1054 2215 Non
1087 2159 1260 2231 plane
1289 2160 1639 2226 animarum,
1673 2162 1742 2214 de
1787 2159 1920 2229 qui-

265 2241 382 2294 bus
419 2243 691 2295 nesciunt
721 2241 861 2311 quid
895 2240 1230 2310 loquantur,
1275 2242 1371 2295 sed
1415 2256 1614 2295 eorum
1659 2240 1919 2311 ipsorum

272 2321 376 2390 qui
411 2319 551 2374 talia
581 2319 834 2390 sapiunt,
869 2319 1120 2374 multum
1155 2321 1324 2390 longe
1354 2337 1387 2374 a
1414 2321 1660 2375 veritate
1696 2325 1754 2374 et
1800 2336 1919 2374 me-

268 2399 390 2453 rito
425 2403 513 2453 est
541 2400 860 2454 coercenda
892 2399 1240 2470 progressio.
1273 2399 1405 2454 Haec
1453 2415 1590 2472 ergo
1642 2399 1756 2454 tria
1795 2416 1919 2470 quas

266 2478 543 2547 superius
573 2479 1002 2546 commendavi,
1025 2494 1159 2535 cum
1189 2479 1247 2533 in
1281 2495 1632 2551 unaquaque
1658 2485 1921 2534 creatura

265 2558 675 2627 requiruntur,
718 2560 854 2631 quis
903 2576 1031 2614 eam
1093 2560 1310 2626 fecerit,
1357 2577 1458 2630 per
1499 2561 1638 2631 quid
1699 2560 1916 2624 fecerit,

265 2654 451 2710 quare
483 2638 702 2703 fecerit,
740 2643 803 2692 ut
835 2638 1280 2709 respondeatur,
1316 2639 1485 2707 Deus,
1520 2656 1620 2711 per
1641 2639 1914 2709 Verbum,

269 2720 420 2784 Quia
454 2719 607 2772 bona
654 2719 803 2784 est’,
856 2723 1052 2773 utrum
1097 2718 1405 2774 altitudine
1450 2720 1694 2791 mystica
1753 2721 1920 2776 nobis

263 2801 396 2872 ipsa
425 2797 675 2854 Trinitas
707 2797 1034 2865 intimatur,
1070 2798 1181 2854 hoc
1221 2807 1305 2853 est
1351 2803 1513 2854 Pater
1544 2805 1599 2854 et
1641 2800 1821 2854 Filius
1863 2805 1920 2856 et

267 2879 521 2947 Spiritus
551 2881 824 2945 sanctus;
859 2894 932 2932 an
964 2877 1182 2947 aliquid
1214 2880 1666 2950 occurrat,quod
1709 2880 1768 2934 in
1810 2878 1917 2934 hoc

270 2959 395 3015 loco
426 2958 856 3028 Scripturarum
890 2957 946 3012 id
980 2958 1384 3028 accipiendum
1434 2975 1558 3014 esse
1590 2959 1914 3029 prohibeat,

272 3039 449 3094 multi
479 3037 764 3095 sermonis
809 3043 899 3093 est
929 3038 1193 3110 quastio,
1237 3055 1341 3094 nec
1373 3038 1571 3094 omnia
1612 3055 1726 3094 uno
1760 3039 1914 3095 volu-

269 3122 428 3176 mine
461 3123 526 3176 ut
553 3119 911 3190 explicemus
943 3119 1270 3192 urgendum
1302 3123 1409 3176 est.

263 3299 494 3357 CAPUT
525 3299 712 3358 XXIV.
737 3331 804 3342 ——
825 3301 902 3355 De
932 3299 1202 3356 Trinitate
1227 3299 1435 3369 divina,
1467 3315 1594 3372 qua
1619 3316 1720 3372 per
1739 3302 1918 3358 omnia

393 3398 565 3453 opera
591 3399 696 3438 sua
723 3379 1150 3452 signiﬁcationis
1176 3396 1296 3438 suae
1321 3384 1525 3453 sparsit
1555 3381 1780 3437 indicia.

328 3535 662 3604 Credimus,
717 3537 772 3589 et
807 3537 1093 3603 tenemus,
1143 3536 1202 3588 et
1244 3532 1488 3588 fideliter
1517 3533 1917 3604 praedicamus,

266 3617 418 3688 quod
457 3615 623 3671 Pater
652 3615 920 3687 genuerit
960 3613 1236 3680 Verbum,
1280 3613 1388 3667 hoc
1426 3617 1511 3666 est
1542 3611 1923 3684 Sapientiam,

265 3712 566 3769 perquam
625 3697 776 3750 facta
831 3699 965 3750 sunt
1015 3696 1237 3759 omnia,
1292 3693 1652 3764 unigenitum
1687 3693 1922 3762 Filium,

271 3794 425 3834 unus
481 3793 693 3844 unum,
739 3780 992 3832 aiternus
1041 3779 1414 3840 coaeternum,
1469 3790 1697 3830 summe
1735 3774 1924 3830 bonus

272 3857 577 3932 equaliter
607 3859 824 3912 bonum
861 3875 876 3926 ;
920 3859 978 3911 et
1007 3857 1158 3927 quod
1199 3855 1450 3927 Spiritus
1482 3858 1724 3911 sanctus
1752 3854 1927 3910 simul

281 3945 335 3995 et
364 3939 560 3995 Patris
591 3942 649 3994 et
682 3937 808 3993 Filii
830 3937 904 3991 sit
952 3935 1225 4007 Spiritus,
1276 3939 1334 3989 et
1385 3935 1508 4005 ipse
1551 3935 1928 3990 consubstan-

280 4020 438 4075 tialis
468 4023 527 4074 et
564 4023 884 4074 coaeternus
929 4015 1198 4072 ambolus
1233 4031 1246 4070 :
1279 4019 1450 4086 atque
1499 4016 1609 4071 hoc
1655 4020 1839 4070 totum
1873 4020 1932 4073 et

258 4099 540 4156 'Trinitas
578 4099 654 4155 sit
695 4103 933 4171 pr0pter
981 4095 1395 4170 proprietatem
1443 4111 1844 4166 personarum,
1876 4100 1934 4150 et

286 4198 438 4237 unus
461 4186 615 4236 Deus
638 4185 872 4252 propter
901 4177 1352 4248 inseparabilem
1375 4176 1757 4244 divinitatem,
1782 4179 1934 4232 sicut

285 4275 438 4317 unus
478 4260 848 4331 omnipotens
899 4263 1131 4329 propter
1177 4257 1628 4329 inseparabilem
1669 4257 1935 4328 omnipo-

285 4343 568 4398 tentiam:
602 4340 682 4394 ita
712 4347 904 4395 tamen
937 4347 998 4393 ut
1029 4336 1200 4393 etiam
1233 4354 1366 4392 cum
1397 4339 1467 4392 de
1498 4338 1752 4410 singulis
1782 4354 1932 4410 quaa-

286 4422 454 4489 ritur,
507 4419 919 4492 unusquisque
963 4433 1161 4473 eorum
1205 4423 1261 4472 et
1290 4417 1446 4473 Deus
1479 4423 1533 4474 et
1564 4419 1937 4490 omnipotens

287 4515 408 4556 esse
441 4501 903 4569 respondeatur;
936 4514 1069 4554 cum
1120 4513 1256 4553 vero
1300 4499 1372 4552 de
1421 4498 1696 4552 omnibus
1735 4497 1938 4565 simul,

289 4595 396 4635 non
433 4585 554 4634 tres
585 4577 667 4632 dii
698 4577 784 4634 vel
816 4584 935 4633 tres
979 4580 1427 4648 omnipotentes,
1469 4577 1567 4632 sed
1604 4594 1756 4632 unus
1788 4577 1939 4632 Deus

289 4659 892 4730 omnipotens;tanta
943 4655 1023 4711 ibi
1072 4661 1159 4711 est
1207 4656 1267 4710 in
1317 4659 1500 4712 tribus
1532 4655 1939 4726 inseparabilis

291 4740 508 4806 unitas,
542 4755 666 4810 quae
706 4739 792 4795 sic
833 4754 895 4794 se
934 4736 1114 4793 voluit
1156 4738 1474 4808 praedicari.
1509 4735 1713 4792 Utrum
1743 4744 1938 4793 autem

294 4818 424 4876 boni
474 4821 664 4875 Patris
711 4824 768 4874 et
815 4819 950 4875 boni
1001 4818 1125 4872 Filii
1175 4818 1431 4887 Spiritus
1488 4824 1747 4884 sanctus,
1802 4818 1941 4888 quia

296 4901 628 4956 communis
676 4899 941 4955 ambolus
988 4903 1099 4964 est,
1146 4904 1298 4954 recte
1345 4897 1574 4952 bonitas
1615 4897 1727 4951 dici
1759 4898 1942 4966 possit

297 4982 762 5054 amborum,uon
794 4981 979 5038 audeo
1010 4979 1380 5036 temerariam
1410 4978 1771 5051 praecipitare
1801 4995 1942 5034 sen-

363 5274 378 5308 ί
409 5272 556 5330 Μεσ..
605 5270 775 5320 etiam
813 5272 994 5322 bonos.
1045 5271 1130 5321 Sic
1159 5270 1320 5320 etiam
1349 5271 1502 5322 Vind.
1533 5275 1587 5322 et
1613 5273 1730 5322 Am.
1762 5270 1860 5320 Sed
1889 5271 1946 5320 hi

304 5333 406 5384 duo
452 5333 585 5384 editi
632 5337 768 5397 post,
813 5335 982 5384 etiam
1027 5334 1234 5385 bonos;
1277 5334 1500 5392 addunt,
1540 5335 1731 5396 potius
1777 5334 1945 5383 etiam

303 5411 470 5457 quam
499 5397 695 5445 malos.

304 5459 386 5522 __’
432 5459 719 5520 Particnla,
755 5474 878 5520 per,
913 5460 1062 5510 abest
1106 5472 1140 5508 a
1187 5459 1564 5522 manuscriptis
1609 5461 1661 5508 et
1696 5459 1764 5510 ab
1793 5459 1949 5510 editis

303 5519 455 5570 Vind.
487 5526 602 5572 Am.
636 5525 690 5574 et
708 5519 799 5572 Er.
1428 5581 1430 5583 ,

365 5583 386 5618 ³
417 5583 503 5635 Sic
531 5583 692 5634 Vind.
721 5585 838 5634 Am.
869 5587 922 5635 et
950 5584 1072 5634 Mss.
1093 5585 1157 5633 At
1176 5583 1259 5631 Er.
1273 5586 1326 5633 et
1348 5584 1490 5635 Lov..
1511 5585 1648 5643 quia
1663 5584 1834 5633 bonus
1850 5593 1946 5632 est.

363 5648 442 5702 (at
481 5647 631 5698 Coni.
661 5647 756 5696 lib.
810 5648 878 5698 ad
920 5646 1065 5698 Oros.
1121 5649 1289 5698 contr.
1335 5646 1716 5698 Priscillianist.
1758 5650 1811 5696 et
1844 5646 1952 5695 Ori-

309 5709 515 5770 genist.,
545 5725 600 5762 ιι.
633 5709 710 5760 11.

2027 470 2262 526 tentiam
2297 487 2310 526 :
2342 476 2723 529 verumlatem
2769 475 3076 531 amborum
3117 490 3244 530 eum
3278 474 3472 532 dicere
3504 492 3670 532 sanc-

2025 550 2251 606 titatem
2301 553 2525 608 facilius
2573 572 2753 610 ausus
2789 555 2970 619 fuero,
3012 573 3126 610 non
3177 557 3471 612 amborum
3507 559 3672 628 quasi

2027 633 2393 702 qualitatem,
2446 636 2542 689 sed
2597 635 2831 706 ipsum‘
2885 653 3116 706 quoque
3165 639 3584 703 substantiam,
3617 642 3676 693 et

2026 715 2261 768 tertiam
2304 716 2361 769 in
2410 717 2688 771 Trinitate
2733 733 3059 786 personam.
3110 719 3189 772 Ail
3247 717 3354 771 hoc
3393 718 3546 772 enim
3582 735 3674 773 me

2027 794 2386 862 probabilius
2423 798 2604 863 ducit,
2641 797 2792 867 quod
2836 813 2968 851 cum
3023 795 3095 851 sit
3137 803 3192 851 et
3235 797 3398 850 Pater
3432 798 3676 866 spiritus

2025 881 2078 929 et
2110 875 2284 930 Filius
2315 877 2579 946 spiritus,
2611 882 2668 930 et
2709 877 2875 931 Pater
2914 884 3174 943 sanctus,
3202 881 3259 930 et
3288 876 3468 932 Filius
3509 893 3675 932 sanc-

2025 959 2140 1023 tus,
2183 959 2409 1026 proprie
2443 965 2631 1011 tamen
2681 957 2802 1028 ipse
2842 964 3081 1010 vocatur
3121 957 3371 1026 Spiritus
3413 963 3672 1018 sanctus,

2026 1040 2306 1106 tanquam
2332 1040 2611 1092 sanctitas
2643 1037 3047 1091 substantialis
3076 1041 3132 1092 et
3153 1037 3674 1090 consubstantialis

2028 1117 2350 1172 amborum.
2401 1118 2512 1172 Sed
2562 1118 2610 1172 si
2662 1117 2807 1171 nihil
2854 1119 3008 1170 aliud
3070 1123 3156 1171 est
3213 1115 3442 1170 bonitas
3482 1115 3678 1170 divina

2028 1212 2204 1266 quam
2239 1197 2540 1266 sanctitas,
2592 1198 2845 1268 profecto
2875 1201 2932 1251 et
2960 1195 3063 1249 illa
3094 1194 3398 1266 diligentia
3432 1193 3677 1248 rationis

2026 1283 2132 1342 est,
2182 1292 2297 1332 non
2351 1277 2820 1349 praesumptionis
2871 1276 3136 1340 audacia,
3185 1281 3247 1330 ut
3294 1276 3353 1330 in
3403 1274 3678 1343 operibus

2028 1358 2124 1414 Dei
2171 1365 2392 1415 secreto
2448 1360 2697 1430 quodam
2754 1358 3028 1430 loquendi
3089 1357 3282 1421 modo,
3334 1372 3445 1427 quo
3478 1359 3680 1411 nostra

2026 1446 2362 1497 exerceatur
2391 1441 2657 1511 intentio,
2691 1441 2892 1496 eadem
2936 1440 3103 1496 nobis
3134 1439 3432 1495 insinuata
3461 1436 3680 1492 intelli-

2027 1526 2193 1594 gatur
2217 1523 2490 1588 Trinitas,
2517 1537 2990 1592 unamquamque
3022 1525 3346 1576 creaturam
3373 1517 3506 1590 quis
3532 1519 3682 1573 fece-

2027 1605 2120 1670 rit,
2164 1619 2266 1674 per
2316 1603 2457 1674 quid
2506 1603 2723 1668 fecerit,
2777 1605 3006 1672 propter
3058 1599 3196 1670 quid
3250 1599 3679 1652 fecerit..Pater

2026 1682 2240 1754 quippe
2297 1683 2642 1753 intelligitur
2697 1680 2880 1747 Verbi,
2939 1679 3038 1750 qui
3097 1677 3261 1745 dixit,
3311 1679 3456 1733 Fiat.
3513 1678 3674 1743 Quod

2027 1769 2217 1818 autem
2268 1763 2368 1818 illo
2417 1765 2646 1818 dicente
2694 1762 2908 1817 factum
2957 1766 3066 1827 est,
3118 1759 3316 1829 procul
3362 1757 3538 1812 dubio
3580 1773 3676 1826 per

2024 1844 2280 1899 Verbum
2314 1845 2529 1899 factum
2563 1848 2672 1898 est.
2708 1843 2770 1897 In
2804 1858 2871 1896 eo
2902 1857 3031 1895 vero
3073 1839 3226 1910 quod
3260 1838 3495 1893 dicitur.
3529 1837 3678 1892 Vidit

2025 1927 2165 1982 Deus
2187 1925 2317 1996 quia
2348 1925 2547 1980 bonum
2578 1930 2694 1985 est;
2725 1923 2866 1976 satis
2899 1921 3280 1984 significatur,
3300 1919 3481 1972 Deum
3517 1916 3679 1972 nulla

2027 2007 2392 2073 necessitate,
2439 2005 2603 2059 nulla
2651 2019 2768 2058 sua:
2817 2003 3160 2072 cujusquam
3209 1998 3482 2052 utilitatis
3523 1997 3677 2050 indi—

2026 2087 2241 2156 gentia,
2273 2087 2371 2140 sed
2408 2085 2530 2140 sola
2579 2082 2837 2137 bonitate
2888 2081 3091 2135 fecisse
3133 2078 3281 2148 quod
3319 2079 3532 2130 factum
3566 2081 3674 2142 est,

2027 2169 2083 2222 id
2117 2171 2225 2232 est,
2269 2167 2403 2238 quia
2447 2166 2663 2219 bonum
2717 2171 2838 2219 est:
2891 2158 3046 2233 quod
3095 2161 3244 2225 ideo,
3297 2162 3675 2226 posteaquam

2029 2249 2246 2304 factum
2272 2254 2382 2313 est,
2407 2248 2644 2311 dicitur,
2668 2250 2732 2298 ut
2763 2259 2854 2297 res
2887 2259 3016 2313 qua:
3050 2241 3201 2296 facta
3225 2243 3334 2305 est,
3359 2252 3674 2306 congruere

2028 2328 2274 2384 bonitati
2323 2332 2557 2399 propter
2605 2339 2780 2395 quam
2833 2324 2979 2376 facta
3026 2326 3133 2388 est,
3180 2319 3492 2399 indicetur.
3541 2318 3674 2399 Quae

2028 2409 2257 2464 bonitas
2283 2395 2339 2462 si
2363 2395 2619 2475 Spiritus
2669 2407 2908 2457 sanctus
2947 2404 3098 2453 recte
3141 2396 3512 2467 intelligitur,
3544 2395 3675 2449 uni-

2027 2507 2192 2546 versa
2233 2489 2400 2545 nobis
2439 2485 2699 2542 Trinitas
2749 2484 2806 2538 in
2858 2482 2984 2536 suis
3021 2478 3296 2550 operibus
3343 2477 3670 2532 intimatur.

2029 2573 2167 2628 Inde
2204 2577 2291 2627 est
2319 2567 2569 2627 civitatis
2617 2569 2850 2627 sanctae,
2901 2577 3029 2632 quae
3077 2561 3134 2614 in
3183 2558 3402 2612 sanctis
3442 2554 3674 2627 Angelis

2028 2668 2260 2709 sursum
2302 2655 2409 2718 est,
2456 2654 2512 2704 et
2553 2647 2734 2715 origo,
2776 2649 2834 2698 et
2880 2639 3234 2706 informatio,
3266 2643 3322 2693 et
3352 2636 3669 2718 beatitudo,

2032 2733 2172 2790 Nam
2214 2734 2262 2788 si
2294 2715 2584 2802 quaeratur
2625 2727 2779 2781 unde
2809 2723 2906 2786 sit,
2939 2721 3090 2776 Deus
3119 2735 3246 2774 eam
3278 2716 3540 2802 condidit
3574 2733 3586 2770 :
3621 2715 3672 2802 si

2029 2813 2182 2868 unde
2219 2795 2589 2880 sit-sapiens,
2635 2823 2669 2861 a
2708 2805 2824 2860 Deo
2864 2802 3286 2880 illuminaturit
3313 2797 3358 2851 si
3402 2795 3553 2850 unde
3597 2795 3676 2848 sit

2027 2894 2183 2960 felix,
2235 2892 2350 2947 Deo
2407 2878 2668 2944 fruitur:
2712 2885 3044 2941 subsistens
3093 2878 3486 2960 modiﬁcatur,
3541 2890 3676 2929 con-

2025 2959 2318 3040 templans
2379 2969 2729 3035 illustratur,
2783 2965 3072 3020 inhaerens
3125 2959 3514 3030 jucundatur;
3566 2961 3674 3040 est,

2023 3033 2199 3122 videt,
2228 3055 2419 3120 amat;
2449 3051 2509 3104 in
2540 3033 2852 3104 aeternitate
2873 3042 2974 3100 Dei
3006 3041 3177 3114 viget,
3210 3041 3269 3096 in
3301 3039 3543 3095 veritate
3577 3033 3674 3090 Dei

2025 3135 2200 3204 lucet,
2234 3135 2292 3189 in
2325 3132 2582 3188 bonitate
2604 3129 2701 3184 Dei
2735 3127 2974 3200 gaudet.

2025 3300 2258 3358 CAPUT
2289 3295 2460 3353 XXV.
2501 3324 2570 3340 —-
2633 3295 2704 3348 De
2759 3287 3041 3423 tripzzrtita
3100 3283 3268 3341 totius
3313 3275 3674 3354 philosophiae

2693 3373 2861 3423 discin
2889 3368 3009 3423 ina.

2693 3368 3009 3440 disciplina.

2102 3517 2393 3579 Quantum
2445 3508 2694 3579 intelligi
2753 3507 2948 3569 datur,
3009 3501 3142 3554 hinc
3199 3494 3532 3579 philosophi
3590 3509 3678 3579 sa-

2033 3575 2266 3668 pientia;
2323 3575 2692 3662 disciplinain
2753 3583 3100 3668 tripartitam
3161 3593 3286 3668 esse
3337 3575 3678 3668 voluerunt:

2032 3653 2152 3733 imo
2227 3653 2583 3745 tripertitam
2641 3683 2769 3720 esse
2837 3653 3299 3745 animadvertere
3369 3653 3682 3745 potuerunt

2037 3730 2246 3837 ineque
2289 3730 2440 3812 enim
2491 3750 2597 3821 ipsi
2650 3747 3029 3837 instituerunt
3061 3745 3125 3793 ut
3155 3739 3232 3790 ita
3263 3742 3434 3802 esset,
3468 3730 3685 3837 sequi-ta

2039 3807 2795 3912 esse—potiusinvenerunt)
2831 3841 2843 3878 :
2877 3825 3048 3891 cujus
3072 3830 3385 3912 ‘unanpars
3426 3807 3684 3912 a‘ppella-

2039 3895 2493 3992 retur‘pbysica,
2528 3912 2706 3967 altera
2740 3895 2948 3992 logica,
2981 3895 3686 3992 tertiaethicg:

2044 3975 2283 4060 n'ominla
2315 3975 2510 4052 “latina
2541 3993 2664 4062 jam
2718 3985 3028 4064 multorum
3079 3975 3692 4064 litteris-frequentata

2044 4054 2320 4148 ut
2375 4054 2678 4137 naturalis,
2741 4054 3473 4148 rationalis-morsusque
3522 4065 3691 4148 voca.-

2045 4136 2244 4222 rentur
2272 4178 2285 4216 :
2319 4174 2466 4231 quas
2496 4136 2670 4210 etiam
2724 4150 2784 4231 in
2830 4151 3029 4231 octavo
3071 4136 3498 4231 librqbreviter
3529 4145 3692 4231 pere.-

2043 4208 2602 4311 ir’ina‘imu‘si’C—apJ
2629 4227 2972 4311 seqq.).Non_
2991 4223 3142 4294 quod
3171 4218 3247 4311 sit
3273 4208 3692 4311 consequens",

2047 4292 2353 4383 stitia};
2387 4292 2498 4376 his.
2522 4292 2975 4380 tribus'aliquid
3009 4292 3354 4388 secundum.
3392 4297 3590 4388 Deum
3623 4292 3695 4349 de

2047 4381 2331 4464 Trinitate
2361 4398 2756 4474 cogitaverint.
2781 4387 3053 4456 Quamvis
3085 4381 3502 4474 Plato.primu‘s.
3526 4381 3692 4474 istam

2050 4459 2516 4544 distributione?"
2559 4477 2844 4550 reperisse
2877 4477 2933 4527 et
2962 4459 3695 4551 commendasseOdicatur,

2051 4571 2142 4625 cui
2184 4583 2372 4638 neque
2412 4538 2750 4619 naturaium
2807 4551 3069 4638 omnium
3130 4551 3332 4601 auctor
3386 4540 3496 4594 nisi
3544 4538 3698 4630 Deus

2051 4651 2214 4704 visus
2244 4631 2354 4714 est,
2383 4659 2565 4714 neque
2598 4635 2995 4706 intelligentiae
3028 4631 3215 4690 dator,
3242 4637 3435 4714 neque
3457 4634 3696 4714 amoris,

2053 4756 2168 4811 quo
2212 4709 2356 4792 bene
2405 4709 2682 4801 beateque
2735 4724 2962 4786 vivitur,
2986 4801 2998 4811 .
3025 4716 3357 4811 inspirator.
3389 4709 3702 4811 AS-ec‘fgr-ti:

2213 4783 2375 4874 ’ἐξ-ΗΘ
2634 4821 2850 4867 rerum,
2884 4783 3039 4853 et—de
3072 4783 3292 4847 ratione
3322 4783 3704 4879 indaganda:

2057 4873 2334 4965 vei-italis,
2368 4904 2424 4950 et
2454 4897 2524 4948 de
2557 4890 2690 4945 boni
2723 4888 2845 4965 ﬁne
2877 4881 2946 4936 ad
2992 4891 3161 4965 quem
3191 4873 3556 4965 cuncta

2054 4950 2429 5040 mitsreierre
2460 4975 2766 5032 debemus,
2795 4957 3009 5016 diversi
3048 4955 3272 5040 diversa
3306 4950 3563 5040 sentiant
3593 4961 3608 4999 :
3641 4950 3701 5036 in

2056 5031 2375 5118 iiii'téiiién
2405 5054 2596 5110 tribus
2623 5031 2853 5116 magnis
2883 5045 2938 5096 et
2967 5031 3334 5118 generalibus
3366 5031 3704 5118 quaestioni-

2057 5112 2170 5198 bus
2186 5112 2386 5195 omnis
2409 5147 2612 5189 eorum
2638 5112 2898 5183 versatur
2926 5116 3195 5174 intentio.
3221 5112 3302 5167 lta
3326 5123 3458 5165 cum
3481 5112 3704 5198 innima

2059 5185 2547 5296 quaque—earn
2562 5185 2565 5186 ν
2585 5209 2724 5296 quid
2742 5291 2753 5296 Δ
2775 5205 3026 5278 quisque
3068 5185 3700 5296 sectettierult-lp‘l-e:

2061 5272 2558 5372 sli't‘djiscrepantia
2598 5272 2962 5365 opinionum,
3017 5296 3145 5338 esse
3198 5285 3390 5334 tamen
3441 5272 3699 5342 aliquam

2133 5585 2146 5618 ί
2177 5581 2262 5629 Sic
2286 5577 2410 5626 Mss.
2435 5572 2576 5622 Editi
2601 5582 2756 5635 vero._
2779 5566 2978 5635 ipsum.
3229 5618 3238 5627 θ

2132 5646 2150 5678 ‘3
2180 5625 2418 5691 Vibia
2447 5635 2682 5699 plerique
2711 5632 2886 5699 Mss..:
2914 5625 3042 5699 {\‘on‘
3061 5636 3166 5699 quo
3190 5625 3263 5666 sit
3293 5625 3640 5676 consequens.

2132 5711 2153 5742 ³
2407 5686 2565 5752 notae
2593 5686 2712 5746 Mss.
2749 5686 3126 5741 inveniendus.

3795 1 3976 10 "——
