4158 6192
439 288 556 352 339

434 427 655 480 θείω-ω
686 440 949 493 causam,
999 423 1257 480 scientias
1297 426 1564 496 formam,
1597 430 1723 485 vitae
1755 448 2074 498 summam,

432 520 602 559 nemo
654 510 979 560 cunctatur.
1031 504 1166 558 Tria
1213 507 1388 562 etiam
1448 519 1583 564 sunt
1639 529 1766 582 quae
1819 514 1872 566 in
1928 529 2069 566 uno-

430 601 660 656 quoque
689 585 921 640 homine
961 585 1182 640 artifice
1221 594 1576 656 spectantur,
1612 599 1676 646 ut
1706 593 1926 661 aliquid
1957 593 2076 647 efﬁ-

428 665 583 731 ciat;
618 671 848 729 natura,
891 665 1175 730 doctrina,
1223 681 1400 722 usus:
1438 683 1644 726 natura
1682 673 1931 740 ingenio,
1969 674 2077 727 do-

429 746 612 800 ctrina
643 746 906 809 scientia,
943 763 1084 799 usus
1137 751 1322 802 fructu
1369 751 1778 819 dijudicandus
1819 760 1927 808 est.
1962 759 2074 809 Nec

425 823 630 896 ignoro
663 826 816 895 quod
851 825 1075 894 pr0prie
1118 828 1340 883 fructus
1384 831 1650 897 i'ruentis,
1686 850 1828 888 usus
1860 833 2073 887 utentis

425 907 540 970 sit;
574 913 744 974 atque
778 905 882 958 hoc
925 905 1207 961 interesse
1246 909 1530 974 videatur,
1573 915 1721 982 quod
1759 929 1824 967 ea
1858 930 1916 968 re
1957 914 2072 968 frui

423 981 694 1048 dicimur,
728 999 853 1053 quis
897 1001 1001 1039 nos
1047 1001 1160 1039 non
1212 989 1282 1040 ad
1333 987 1486 1043 aliud
1541 981 1840 1047 referenda
1882 1010 1983 1063 per
2011 1009 2074 1048 se

420 1059 644 1132 ipsam‘
670 1062 953 1144 delectat;
980 1064 1061 1118 uti
1087 1081 1215 1120 vero
1237 1082 1303 1120 ea
1334 1084 1414 1136 re,
1441 1086 1614 1139 quam
1649 1059 2069 1144 propter—aliud

421 1143 741 1212 querimus
771 1145 869 1213 (a).
905 1143 1068 1199 Unde
1119 1147 1535 1216 temporalibus
1576 1154 1761 1223 magis
1792 1155 2070 1210 utendum

416 1231 524 1290 est,
569 1238 744 1291 quam
789 1223 1129 1288 fruendum,
1180 1232 1244 1280 ut
1295 1227 1404 1282 frui
1455 1245 1778 1287 mereamur
1817 1235 2068 1292 aeternis.

413 1298 539 1354 Non
591 1301 742 1355 sicut
791 1304 1067 1369 perversi,
1118 1304 1219 1374 qui
1270 1306 1379 1360 l'rui
1427 1307 1628 1363 volunt
1679 1327 1942 1380 nummo,
1987 1315 2070 1368 uti

414 1385 612 1434 autem
647 1385 760 1434 Deo
788 1397 801 1446 ;
829 1383 1105 1450 quoniam
1142 1401 1254 1440 non
1289 1402 1598 1443 nummum
1624 1396 1856 1460 propter
1885 1392 2068 1449 Deum

416 1457 791 1529 impendunt,
825 1462 925 1515 sed
982 1461 1160 1516 Deum
1212 1473 1444 1535 propter
1493 1457 1800 1525 nummum
1851 1472 2067 1528 colunt.

411 1540 821 1594 Verumtamen
869 1557 936 1596 eo
988 1543 1260 1612 loquendi
1315 1548 1508 1615 modo,
1541 1565 1715 1618 quem
1761 1551 1890 1622 plus
1921 1553 2068 1608 obti-

413 1619 540 1670 nuit
571 1621 954 1686 consuetudo,
1005 1628 1062 1675 et
1114 1624 1400 1680 fructibus
1461 1631 1709 1699 utimur,
1757 1619 1814 1685 et
1862 1635 2070 1688 usibus

412 1697 681 1752 fruimur.
709 1703 853 1753 Nam
878 1708 934 1754 et
970 1703 1183 1758 fructus
1209 1707 1328 1773 jam
1361 1712 1591 1780 proprie
1616 1697 1888 1766 dicuntur
1909 1730 2068 1784 agro-

409 1793 565 1844 rum,
602 1779 817 1849 quibus
873 1783 1075 1852 utique
1125 1801 1328 1840 omnes
1381 1779 1782 1858 temporaliter
1823 1779 2063 1854 utimur.

411 1859 529 1911 Hoc
593 1860 788 1928 itaque
841 1862 1039 1915 more’
1099 1880 1270 1919 usum
1326 1869 1567 1922 dixerim
1620 1872 1675 1925 in
1729 1871 1820 1927 bis
1877 1873 2066 1930 tribus

409 1953 536 2007 quaa
578 1938 637 1992 in
682 1939 920 1994 homine
979 1947 1296 2012 spectanda
1339 1953 1699 2018 commonui,
1751 1969 1879 2024 quae
1927 1959 2066 2009 sunt

412 2022 639 2083 natura,
709 2019 992 2089 doctrina,
1056 2039 1210 2080 usus.
1261 2026 1342 2082 Ex
1391 2027 1481 2082 his
1521 2019 2064 2100 propter-obtinen-

409 2095 836 2186 darrpbeatam
897 2102 1442 2186 vitam,_tripartita,
1500 2095 1563 2164 ut
1615 2095 1751 2178 dixi,
1803 2131 1836 2168 a
1868 2114 2065 2186 philo-

411 2175 615 2246 sOpbis
681 2179 910 2268 inventa
959 2187 1049 2268 est
1100 2183 1447 2257 disciplina;
1499 2175 1785 2249 naturalis
1834 2175 2066 2268 propter

416 2260 711 2324 naturam,
773 2261 1071 2316 rationalis
1129 2275 1364 2336 propter
1429 2270 1774 2341 doctrinam,
1827 2260 2063 2334 moralis

419 2350 658 2437 propter
688 2362 883 2402 usum.
916 2350 970 2402 Si
1004 2366 1139 2422 ergo
1172 2359 1378 2410 natura
1408 2365 1604 2414 nostra
1635 2368 1785 2417 esset
1812 2381 1844 2418 a
1876 2367 2061 2437 nobis,

413 2426 670 2494 proiecto
700 2431 755 2482 et
792 2434 1047 2484 nostram
1095 2449 1200 2488 nos
1241 2438 1652 2506 genuissemus
1685 2426 2059 2515 sapientiam,

411 2521 518 2561 nec
547 2522 672 2562 eam
716 2509 1001 2580 doctrina,
1047 2514 1100 2567 id
1134 2523 1222 2570 est
1267 2518 1501 2576 aliunde
1544 2509 1840 2592 discendo,
1877 2509 2058 2598 perci;

412 2601 550 2658 pere
582 2603 923 2644 curaremus
947 2608 961 2656 ;
984 2597 1041 2647 et
1062 2602 1258 2650 noster
1289 2615 1455 2654 amor
1485 2619 1517 2655 a
1548 2604 1715 2660 nobis
1750 2597 2057 2675 profectus,

409 2673 463 2720 et
490 2668 560 2755 ad
596 2684 699 2722 nos
737 2671 980 2755 relatus,
1025 2674 1102 2755 _ad
1165 2676 1326 2731 beate
1379 2680 1682 2738 vivendum
1745 2668 2058 2755 sufﬁceret,

409 2760 516 2800 nec
548 2747 697 2835 bon-0
730 2748 842 2803 alio
875 2767 983 2820 quo
1017 2753 1345 2812 frueremur
1389 2758 1504 2816 ullo
1545 2762 1868 2835 indigeret:
1904 2747 2057 2826 nunc

408 2839 542 2878 vero
573 2825 708 2894 quia
739 2834 947 2884 natura
981 2840 1193 2899 nostra,
1221 2841 1282 2890 ut
1309 2847 1482 2906 esset,
1508 2825 1893 2901 Deumubabet
1921 2865 2058 2904 auc-

409 2905 629 2994 torem;
655 2908 865 2994 procul
913 2909 1091 2994 dubio
1125 2921 1182 2966 ut
1212 2930 1343 2969 vera
1373 2905 1695 2988 sapiamus,
1725 2921 1918 2994 ipsum
1954 2930 2059 2980 de-

410 2981 621 3039 bemus
653 2983 864 3041 babere
907 2989 1199 3046 doctorem
1226 3009 1239 3059 ;
1275 2981 1465 3066 ipsum
1498 2981 1769 3058 etiam'ut
1798 3005 1950 3062 beati
1979 3007 2058 3061 si-

406 3078 557 3130 mus,
591 3067 898 3124 suavitatis
927 3071 1149 3128 intimas
1180 3074 1539 3147 largitorem.

403 3240 634 3297 CAPUT
663 3241 865 3336 'XXVI.
898 3275 968 3288 ~—
987 3248 1061 3336 De
1093 3250 1333 3336 imagine
1352 3269 1586 3314 summa?
1618 3259 1918 3330 Trinitatis,
1939 3281 2057 3336 qua

473 3322 772 3377 secundum
803 3327 1092 3395 quemdam
1145 3331 1364 3387 modum
1406 3338 1463 3390 in
1495 3347 1699 3395 natura
1729 3322 2053 3403 etiamnec-

475 3399 605 3456 dum
635 3403 928 3473 beatiﬁcati
957 3407 1199 3465 hominis
1231 3415 1531 3472 invenitur.

475 3534 544 3590 Et
574 3539 948 3632 noslquidem
986 3542 1043 3597 in
1081 3547 1268 3632 nobis,
1315 3554 1546 3608 tametsi
1597 3573 1708 3612 non
1754 3561 2055 3632 aequalem,

403 3613 522 3670 imo
608 3617 774 3674 valde
832 3620 1118 3707 longeque
1183 3613 1521 3696 distantem,
1585 3613 2056 3707 neque

405 3711 562 3792 nam,
622 3707 679 3752 et
733 3715 844 3768 quo
895 3701 1126 3760 brevius
1176 3713 1362 3766 totum
1421 3713 1630 3770 dicitur
1651 3701 1693 3786 3,
1738 3737 1849 3776 non
1897 3725 2057 3792 ejus-

403 3775 930 3872 deniIsubstantiae,
979 3786 1148 3872 cujus
1198 3795 1282 3843 est
1325 3791 1498 3860 Deus,
1543 3775 1737 3854 tamen
1789 3775 2056 3872 qua—“Deo

407 3855 662 3947 nihilsit
685 3860 743 3912 in
762 3863 952 3953 rebus
983 3865 1054 3920 ab
1092 3883 1157 3922 eo
1191 3870 1357 3926 factis
1404 3855 1614 3932 natura
1645 3855 2054 3953 propinqui—us,

407 3933 722 4028 imaginem
760 3941 881 4010 Dei,
937 3945 1038 3999 hoc
1097 3954 1187 4002 est
1236 3967 1480 4007 summa:
1531 3933 1686 4012 illiu‘s
1731 3933 2056 4028 'frinitatis:

407 4017 800 4088 agnoscimus,
837 4024 1024 4078 adhuc
1073 4028 1482 4087 reformatione
1526 4040 1963 4108 perficiendam,
1998 4051 2059 4098 ut

407 4097 488 4149 sit
516 4100 688 4152 etiam
745 4103 1138 4161 similitudine
1199 4114 1459 4178 proxima
1482 4097 1541 4170 ⁴.’
1569 4117 1711 4173 Nam
1745 4128 1800 4175 et
1830 4097 2056 4190 sumus,

410 4181 466 4272 et
490 4191 594 4272 nLos
623 4194 750 4234 esse
784 4191 1074 4253 novimus,
1101 4194 1156 4242 et
1187 4189 1238 4243 id
1261 4194 1423 4249 esses
1444 4211 1510 4249 ac
1543 4213 1709 4254 nosse
1733 4181 2054 4272 diligimus:

410 4252 474 4307 In
509 4253 599 4344 bis
632 4271 820 4344 autem
876 4252 1064 4320 tribus
1113 4287 1238 4340 quas
1296 4276 1435 4344 dixi,
1481 4279 1639 4334 nulla

411 4335 750 4435 verisimilis
782 4345 994 4398 turbat.
1021 4335 1148 4402 Non
1174 4355 1321 4408 enim
1351 4335 1435 4422 ea,
1462 4361 1611 4414 sicut
1643 4363 1738 4418 illa
1770 4381 1895 4435 quae
1921 4371 2059 4427 foris

413 4419 573 4510 snpt,
608 4416 724 4510 pilo
763 4436 938 4476 sensu
988 4432 1248 4510 corporis
1301 4441 1614 4510 tangimus,
1649 4416 1803 4499 velut
1838 4449 2059 4507 colores

409 4493 683 4561 videndo,
732 4515 910 4598 sonos
963 4493 1274 4598 audiendo,
1327 4493 1528 4574 odores
1573 4493 1920 4598 o'lfaciendo,
1961 4549 2055 4588 sa-

414 4589 586 4669 pores
616 4584 927 4651 gustando,
962 4583 1108 4669 dura
1139 4597 1195 4646 et
1236 4596 1430 4654 mollia
1469 4583 1887 4667 contrectando'
1909 4583 2056 4669 ’δεξιῖ-

417 4660 614 4759 uniti-3,
647 4675 895 4759 quorum
937 4668 1302 4731 sensibilium
1350 4681 1522 4738 etiam
1557 4683 1837 4759 imagines
1865 4693 1948 4748 eis
1980 4695 2061 4750 si-

416 4735 848 4841 millimas,‘nec
878 4747 994 4818 iam
1028 4766 1351 4826 corporeae,
1379 4735 1724 4834 cogitationoe
1746 4785 2057 4841 versamus,

418 4828 704 4912 memoria
733 4828 1022 4912 tenemus,
1073 4838 1129 4889 et
1172 4854 1274 4908 per
1323 4828 1479 4912 ipsas
1530 4846 1586 4898 in
1631 4847 1877 4904 istorum
1913 4828 2060 4909 desi:

417 4897 578 4955 deria
607 4907 964 4968 concitamur
995 4897 1017 4970 τ⁷
1044 4917 1143 4971 sed
1172 4897 1322 4978 nsine
1498 4897 2058 4996 phantasiar-umwv'el

478 5170 496 5244 ξ
525 5167 708 5244 {iures
738 5171 882 5244 M881,
911 5175 1026 5244 nisi
1047 5193 1150 5244 per
1178 5195 1235 5228 se
1266 5185 1464 5244 ipsamt.

475 5227 497 5311 ξ
527 5230 800 5311 gavisa:
829 5227 944 5311 Ain.
981 5227 1181 5311 et‘iytss.
1214 5227 1494 5296 nfesta
1523 5250 1666 5311 Lov.,
1697 5256 1868 5306 modo.

475 5288 497 5359 ξ
528 5291 838 5359 ξριαλθάίιίο
866 5299 1012 5359 Lov.,
1049 5288 1286 5356 ἀεοάὶιὶῖαζ

478 5350 1023 5445 :uH'i'cni-ncipitjaput
1065 5350 1382 5427 vigesimum
1428 5373 1711 5436 septimum
1754 5381 1810 5430 in
1850 5387 2060 5445 praeci-

411 5423 826 5486 puishmanuscri
831 5423 954 5486 ptis.

475 5475 929 5552 f~§icnltilssJuEditi
957 5502 1100 5547 vero,
1132 5501 1180 5540 et
1213 5505 1468 5547 nostrum
1501 5517 1628 5552 esse.

474 5535 706 5626 gigni/tcto
733 5546 825 5626 up.
861 5535 977 5603 {iis
1000 5535 1178 5626 ῇᾲὁιὲῖ
1205 5535 1638 5622 ὃιῖἰνὶἐιῗ,”ἱι.“ὲῖἒ’.
1683 5574 1736 5619 et
1784 5572 1873 5622 lib.
1911 5573 1968 5623 ιο
1995 5577 2059 5626 de

413 5597 622 5658 Trinit.,
654 5616 705 5651 n.
736 5607 810 5666 12,
842 5597 1122 5678 ιζτᾶιῖοἲῖιῖξ

1495 295 1595 356 DE
1640 297 2006 358 ClVI'l‘ATl')
2054 296 2204 375 DEI,
2250 300 2313 358 S.
2363 299 2785 364 AUGUSTINI

3717 313 3837 373 340

2191 433 2668 503 phantasmatum
2729 440 3147 512 imaginatione
3223 441 3632 514 ludificatoria,
3689 451 3838 506 mihi

2191 529 2316 568 esse
2349 532 2462 581 me,
2493 517 2669 589 idque
2719 538 2886 575 nosse
2931 531 2984 576 et
3033 538 3229 577 amare
3278 527 3671 582 certissimum
3719 539 3836 588 est.

2191 592 2361 647 Nulla
2393 596 2449 649 in
2502 597 2594 652 his
2644 602 2792 655 veris
2832 601 3306 657 Academicorum
3356 619 3696 663 argumenta
3724 611 3843 664 for-

2192 673 2371 738 mido,
2406 675 2744 757 dicentium.
2802 681 2971 748 Quid,
3003 681 3052 734 si
3080 681 3341 736 falleris?
3369 683 3428 738 Si
3459 688 3615 741 enim
3647 689 3839 757 lallor,

2190 767 2343 806 sum.
2378 754 2521 810 Nam
2547 759 2646 827 qui
2679 775 2790 813 non
2823 767 2927 828 est,
2975 762 3177 832 utique
3211 779 3311 816 nec
3348 765 3467 818 falli
3500 774 3690 836 potest
3722 787 3734 824 :
3767 754 3843 826 ac

2191 849 2291 903 per
2323 835 2430 889 hoc
2462 854 2617 904 sum,
2668 841 2715 893 si
2769 841 2949 895 fallor.
3005 843 3144 906 Quia
3195 859 3332 914 ergo
3377 835 3511 901 sum
3551 849 3600 903 si
3651 850 3843 918 fallor,

2189 915 2479 982 quomodo
2528 935 2655 973 esse
2705 936 2792 975 me
2838 922 3020 988 fallor,
3071 922 3302 992 quando
3355 934 3575 982 certum
3618 937 3701 984 est
3745 915 3843 987 me

2187 1006 2330 1076 esse,
2384 994 2697 1076 siitallor?
2743 998 2888 1062 Quia
2943 1000 3118 1072 igitur
3172 1018 3362 1058 essem
3425 1009 3523 1074 qui
3581 1007 3838 1076 fallerer,

2186 1071 2412 1127 etiamsi
2449 1075 2704 1138 fallerer;
2750 1080 2948 1148 procul
2976 1071 3166 1136 dubio
3198 1083 3256 1136 in
3287 1099 3352 1137 eo
3385 1071 3540 1155 quod
3577 1105 3670 1143 me
3703 1091 3835 1144 novi

2187 1167 2337 1220 esse,
2372 1171 2484 1209 non
2520 1157 2706 1213 fallor.
2759 1159 3132 1232 Consequens
3173 1168 3261 1218 est
3311 1171 3528 1231 autem,
3564 1176 3625 1222 ut
3655 1171 3838 1226 etiam

2186 1230 2244 1286 in
2279 1249 2343 1288 eo
2387 1238 2536 1304 quod
2573 1253 2664 1291 me
2696 1241 2826 1293 novi
2878 1230 3073 1309 nosse,
3105 1259 3219 1297 non
3253 1243 3442 1299 fallar.
3483 1230 3646 1303 Sicut
3675 1251 3837 1305 enim

2186 1314 2317 1368 novi
2355 1331 2446 1370 me
2475 1333 2624 1384 esse,
2653 1318 2735 1374 ita
2767 1321 2896 1375 novi
2927 1323 3101 1377 etiam
3135 1322 3244 1378 hoc
3274 1325 3486 1395 ipsum,
3514 1344 3686 1385 nosse
3718 1347 3842 1387 me.

2186 1394 2383 1464 anue
2414 1397 2530 1452 duo
2579 1415 2711 1453 cum
2770 1417 2923 1465 amo,
2977 1403 3244 1458 eumdem
3292 1394 3526 1476 quoque
3573 1426 3843 1467 amorem

2183 1476 2462 1545 quiddam
2505 1481 2764 1543 tertium,
2823 1497 2928 1535 nec
2984 1482 3232 1552 imparis
3284 1487 3716 1557 aestimationis,
3748 1493 3840 1548 eis

2182 1570 2326 1624 quas
2351 1557 2478 1612 novi
2514 1560 2686 1614 rebus
2717 1561 2994 1632 adjungo.
3020 1561 3216 1633 Neque
3244 1567 3399 1620 enim
3433 1568 3602 1622 fallor
3634 1588 3842 1627 amare

2181 1650 2294 1701 me,
2328 1653 2455 1691 cum
2504 1639 2559 1692 in
2612 1640 2702 1694 his
2751 1658 2877 1710 qua-
2924 1659 3053 1697 amo
3095 1661 3207 1697 non
3243 1644 3409 1700 fallar
3444 1662 3458 1699 :
3491 1665 3834 1720 quanquam

2179 1719 2287 1772 etsi
2317 1717 2419 1772 illa
2449 1719 2592 1774 falsa
2618 1728 2837 1788 essent,
2889 1723 3034 1778 falsa
3082 1741 3171 1780 me
3202 1741 3396 1780 amare
3426 1745 3623 1784 verum
3659 1717 3836 1789 esset.

2177 1795 2320 1852 Nam
2355 1815 2469 1869 quo
2501 1808 2667 1870 pacto
2703 1809 2852 1857 recte
2885 1805 3335 1875 reprehenderer
3363 1813 3419 1862 et
3451 1815 3601 1863 recte
3635 1816 3840 1882 probi-

2178 1877 2343 1932 berer
2372 1881 2443 1932 ab
2482 1897 2678 1936 amore
2711 1882 3012 1953 falsorum,
3047 1887 3096 1939 si
3139 1901 3227 1940 me
3257 1885 3356 1941 illa
3386 1904 3580 1945 amare
3614 1877 3828 1948 falsum

2176 1959 2370 2012 esset?
2398 1958 2541 2014 Cum
2574 1977 2706 2016 vero
2735 1970 2794 2016 et
2830 1962 2931 2018 illa
2961 1980 3090 2019 vera
3121 1971 3296 2036 atque
3329 1975 3486 2022 certa
3515 1973 3654 2038 sint,
3690 1975 3828 2042 quis

2177 2036 2404 2093 dubitet
2442 2041 2594 2110 quod
2637 2057 2866 2108 eorum,
2917 2045 3384 2112 cumfamantur,
3417 2053 3475 2102 et
3503 2036 3834 2120 ipse'amor

2173 2133 2344 2173 verus
2375 2125 2432 2174 et
2460 2128 2652 2176 certus
2681 2132 2766 2176 est
2785 2123 2813 2177 ?
2839 2123 2979 2179 Tam
3032 2142 3202 2196 porro
3251 2143 3424 2182 nemo
3449 2136 3540 2184 est
3569 2134 3666 2200 qui
3689 2149 3824 2189 esse

2176 2214 2238 2253 se
2271 2198 2437 2264 nolit,
2465 2217 2636 2272 quam
2673 2219 2845 2258 nemo
2877 2211 2964 2260 est
2994 2205 3096 2275 qui
3127 2223 3240 2261 non
3275 2208 3474 2264 beatus
3504 2198 3631 2266 esse
3660 2212 3822 2270 velit.

2174 2279 2468 2344 Quomodo
2499 2282 2655 2337 enim
2686 2288 2875 2354 potest
2908 2285 3110 2340 beatus
3139 2302 3287 2352 esse,
3319 2288 3370 2343 si
3402 2289 3548 2344 nihil
3581 2292 3704 2347 sit?

2173 2477 2406 2535 CAPUT
2434 2479 2662 2535 XXVII.
2697 2512 2764 2520 —
2797 2481 2866 2536 De
2904 2482 3143 2537 essentia
3170 2491 3221 2538 et
3246 2483 3506 2554 scicntia,
3538 2491 3590 2543 et
3620 2491 3834 2546 utrius-

2832 2577 2932 2632 que
2959 2579 3168 2619 amore.

2241 2722 2292 2776 4.
2329 2723 2411 2778 Ita
2443 2739 2574 2779 vero
2605 2723 2656 2777 vi
2687 2724 2935 2795 quadam
2967 2725 3214 2780 naturali
3242 2725 3435 2798 ipsum
3469 2733 3834 2802 essejucun-

2168 2803 2302 2858 dum
2337 2809 2444 2871 est,
2482 2809 2545 2858 ut
2594 2821 2706 2859 non
2761 2805 2833 2860 ob
2883 2805 3040 2859 aliud
3089 2812 3147 2860 et
3193 2805 3248 2860 hi
3303 2811 3400 2877 qui
3457 2811 3653 2865 miseri
3686 2821 3835 2869 sunt

2169 2883 2356 2938 nolint
2406 2885 2664 2949 interire,
2713 2889 2770 2940 et
2817 2902 2950 2940 cum
2993 2901 3056 2940 se
3098 2886 3341 2942 miseros
3379 2905 3499 2944 esse
3530 2891 3824 2966 sentiunt,

2168 2980 2280 3019 non
2315 2981 2377 3020 se
2408 2965 2562 3034 ipsos
2593 2967 2663 3020 de
2696 2965 2888 3034 rebus,
2939 2968 3037 3020 sed
3088 2967 3381 3024 miseriam
3417 2986 3579 3024 suam
3616 2965 3822 3042 potius

2167 3045 2378 3099 auferri
2411 3044 2607 3100 velint.
2643 3045 2764 3100 Illis
2796 3047 2966 3101 etiam
3001 3048 3099 3117 qui
3133 3052 3188 3101 et
3219 3048 3324 3102 sibi
3360 3049 3672 3105 miserrimi
3705 3069 3822 3124 ap—

2168 3132 2388 3194 parent,
2421 3130 2475 3178 et
2507 3124 2677 3195 plane
2708 3131 2868 3191 sunt,
2909 3130 2965 3180 et
2997 3143 3110 3180 non
3143 3127 3330 3182 solum
3366 3146 3397 3183 a
3429 3131 3820 3200 sapientibus,

2167 3208 2444 3275 quoniam
2478 3206 2664 3273 stulti,
2698 3222 2893 3260 verum
2927 3211 2983 3262 et
3020 3206 3091 3263 ab
3131 3207 3224 3262 his
3253 3209 3353 3280 qui
3386 3226 3446 3264 se
3477 3211 3677 3266 beatos
3709 3230 3820 3284 pu-

2167 3295 2309 3355 tant,
2352 3289 2546 3343 miseri
2573 3287 2936 3358 judicantur,
2970 3288 3107 3360 quia
3139 3306 3420 3360 pauperes
3453 3296 3628 3362 atque
3661 3310 3825 3349 men-

2165 3372 2277 3427 dici
2324 3375 2483 3436 sunt,
2508 3369 2554 3423 si
2585 3369 2714 3439 quis
2764 3370 3262 3424 immortalitatem
3318 3372 3504 3439 daret,
3557 3389 3679 3443 qua
3711 3392 3818 3430 nec

2166 3453 2296 3523 ipsa
2345 3450 2583 3506 miseria
2639 3456 2979 3517 moreretur,
3016 3450 3306 3521 proposito
3345 3451 3452 3506 sibi
3497 3454 3654 3524 quod
3685 3456 3730 3509 si
3765 3456 3820 3510 in

2166 3538 2362 3589 eadem
2398 3530 2627 3586 miseria
2665 3547 2896 3600 semper
2943 3547 3071 3585 esse
3132 3530 3371 3596 nollent,
3419 3533 3568 3587 nulli
3600 3541 3656 3588 et
3688 3552 3820 3591 nus-

2165 3631 2341 3686 quam
2363 3617 2558 3667 essent
2585 3612 2784 3678 futuri,
2802 3613 2895 3665 sed
2917 3611 3254 3666 omnimodo
3277 3613 3545 3682 perituri,
3564 3616 3821 3683 profecto

2165 3696 2519 3749 exsultarent
2568 3693 2789 3757 laetitia,
2841 3701 2893 3744 et
2942 3691 3022 3745 sic
3061 3708 3293 3760 semper
3341 3693 3620 3764 eligerent
3668 3712 3817 3764 esse,

2166 3791 2343 3847 quam
2375 3773 2614 3829 omnino
2649 3790 2762 3826 non
2794 3788 2940 3827 esse.
2975 3773 3162 3840 Hujus
3205 3773 3280 3826 rei
3314 3778 3479 3828 testis
3507 3781 3596 3830 est
3628 3779 3816 3832 notis-

2165 3859 2353 3912 simus
2385 3871 2586 3909 sensus
2635 3853 2892 3908 illorum.
2934 3851 3098 3908 Unde
3145 3853 3301 3907 enim
3345 3855 3491 3909 mori
3525 3863 3816 3925 metuunt,

2163 3945 2222 3994 et
2252 3936 2479 3992 malunt
2509 3937 2566 3990 in
2600 3934 2697 3989 illa
2727 3951 2986 3988 aerumna
3017 3935 3222 4000 vivere,
3264 3953 3433 4006 quam
3467 3952 3595 3991 eam
3632 3947 3819 3996 morte

2166 4019 2353 4086 finire,
2379 4018 2489 4071 nisi
2519 4017 2648 4088 quia
2681 4016 2820 4069 satis
2851 4021 3091 4085 apparet
3119 4032 3292 4086 quam
3332 4018 3579 4089 refugiat
3611 4028 3819 4076 natura

2166 4115 2280 4152 non
2311 4098 2480 4151 esse?
2508 4099 2691 4166 Atque
2739 4095 2866 4148 ideo
2911 4110 3042 4148 cum
3077 4111 3140 4149 se
3181 4096 3443 4150 noverint
3472 4113 3598 4152 esse
3640 4099 3816 4154 mmi-

2167 4185 2352 4245 turos,
2389 4193 2487 4246 pro
2523 4191 2730 4245 magno
2782 4173 3057 4228 beneficio
3089 4175 3198 4228 sibi
3233 4174 3382 4229 hanc
3410 4175 3668 4246 impendi
3703 4181 3815 4233 mi-

2167 4258 2542 4312 sericordiam
2575 4254 2930 4319 desiderant,
2963 4261 3022 4308 ut
3054 4255 3351 4324 aliquanto
3383 4259 3721 4326 productius
3755 4260 3814 4314 in

2166 4337 2364 4394 eadem
2401 4335 2636 4389 miseria
2667 4336 2877 4400 vivant,
2920 4335 3263 4405 tardiusque
3299 4338 3640 4392 moriantur.
3676 4338 3814 4394 Pro-

2168 4417 2260 4473 cul
2316 4416 2489 4470 dubio
2547 4431 2680 4485 ergo
2740 4416 3003 4469 indicant
3050 4415 3546 4470 immortalitalem
3599 4419 3815 4474 saltem

2167 4498 2338 4552 talem
2373 4511 2495 4565 quis
2529 4511 2642 4549 non
2679 4494 2886 4549 habeat
2925 4495 3099 4550 ﬁnem
3149 4496 3558 4565 mendicitatis,
3594 4504 3820 4569 quanta

2167 4575 2552 4651 gratulatione
2600 4574 2982 4644 susciperent.
3041 4575 3242 4640 Quid?
3297 4575 3575 4633 animalia
3616 4583 3822 4635 omnia.

2167 4648 2340 4714 etiam
2369 4654 2752 4719 irrationalia,
2776 4654 2987 4724 quibus
3023 4655 3220 4709 datum
3255 4672 3368 4710 non
3402 4662 3490 4711 est
3519 4659 3630 4712 ista
3656 4659 3822 4731 cogi-

2166 4747 2306 4805 tare,
2359 4737 2432 4794 ab
2482 4736 2790 4792 immensis
2836 4735 3192 4792 draconibus
3237 4753 3424 4808 usque
3469 4739 3538 4792 ad
3571 4741 3820 4811 exiguos

2166 4818 2538 4884 vermiculos,
2582 4834 2774 4873 nonne
2823 4833 2886 4872 se
2924 4832 3048 4872 esse
3078 4817 3244 4885 velle,
3276 4827 3448 4889 atque
3478 4819 3550 4873 ob
3583 4819 3693 4876 hoc
3727 4822 3816 4876 in-

2165 4903 2402 4958 teritum
2456 4903 2650 4971 fugere
2698 4899 2974 4953 omnibus
3013 4898 3225 4968 quibus
3275 4910 3524 4969 possunt
3555 4901 3817 4958 motibus

2166 4983 2479 5038 indicant?
2507 4981 2650 5044 Quid
2673 4981 2702 5033 ?
2748 4980 2992 5033 arbusta
3043 4995 3361 5047 omnesque
3393 4981 3654 5047 frutices,
3687 4983 3820 5054 qui-

2167 5065 2275 5119 bus
2309 5061 2507 5117 nullus
2539 5067 2626 5116 est
2656 5077 2862 5115 sensus
2893 5061 2962 5114 ad
3004 5059 3296 5115 vitandam
3345 5061 3650 5116 manifesta
3682 5079 3814 5119 mo-

2165 5146 2322 5199 tione
2345 5141 2678 5212 perniciem,
2705 5155 2897 5196 nonne
2926 5140 3079 5195 utin
3113 5157 3286 5196 auras
3317 5146 3510 5196 tutum
3535 5142 3818 5199 culminis

2165 5240 2403 5297 germen
2453 5221 2745 5287 emittant,
2802 5222 2977 5276 altius
3031 5229 3194 5278 terra:
3253 5223 3476 5279 radices
3520 5225 3814 5295 atﬁgunt‘

2229 5523 2244 5556 1
2277 5517 2362 5570 Sic
2392 5519 2544 5569 Vind.
2577 5522 2690 5570 Am.
2727 5522 2780 5570 et
2823 5519 3070 5570 nonnulli
3115 5517 3238 5570 Mss.
3289 5518 3393 5568 Alii
3440 5520 3647 5570 veteres
3687 5519 3814 5572 libri

2164 5583 2379 5650 habent,
2410 5583 2574 5632 aliud
2601 5593 2784 5650 terrae
2827 5583 3035 5650 radici:
3062 5585 3326 5646 ofﬁgunt.
3365 5585 3432 5632 At
3465 5583 3546 5632 Er.
3579 5585 3632 5632 et
3662 5584 3771 5634 ιον
3797 5627 3810 5650 ι

2163 5647 2328 5696 aliud
2359 5656 2542 5695 terrae
2563 5648 2775 5696 radices
2804 5649 3080 5710 afﬁgunt.
