4158 6192
325 342 444 402 341

321 491 444 547 quo
477 478 820 536 alimentum
851 480 1104 545 trahant,
1134 483 1308 553 atque
1359 480 1442 537 ita
1484 480 1679 536 suuml
1703 478 1985 552 quodam-

321 559 508 614 modo
565 575 694 616 esse
743 561 1127 618 conservent?
1183 561 1314 630 Ipsa
1371 568 1663 633 postremo
1721 573 1980 631 corpora,

319 639 547 707 quibus
578 657 690 696 non
722 641 907 696 solum
951 657 1183 705 sensus,
1225 643 1322 697 sed
1367 658 1471 695 nec
1516 642 1636 696 ulla
1666 643 1869 696 saltem
1901 654 1985 692 se-

319 717 569 775 minalis
598 728 687 776 est
707 723 840 787 vita,
866 722 944 776 ita
970 728 1164 776 tamen
1195 722 1282 776 vel
1315 721 1597 778 exsiliunt
1620 724 1676 776 in
1712 736 1984 792 superna,

310 797 401 851 vel
441 799 500 853 in
539 801 655 855 ima
686 801 1070 867 descendunt,
1121 803 1206 856 vel
1241 802 1534 857 librantur
1567 805 1625 857 in
1660 801 1888 865 mediis,
1923 805 1984 854 ut

310 879 638 934 essentiam
672 898 864 945 suam,
912 881 1012 936 ubi
1062 883 1391 938 secundum
1426 889 1694 938 naturam
1737 884 1985 953 possunt

312 974 472 1025 esse,
509 963 858 1017 custodiant.

384 1041 448 1094 2.
480 1041 614 1096 Jam
650 1060 782 1098 vero
835 1059 1006 1099 nosse
1039 1049 1322 1115 quantum
1378 1047 1624 1107 ametur,
1685 1058 1980 1114 quamque

312 1120 447 1175 falli
475 1122 622 1177 nolit
654 1123 911 1179 humana
936 1131 1166 1187 natura,
1190 1124 1279 1178 vel
1312 1123 1448 1178 hinc
1489 1124 1735 1193 intelligi
1770 1129 1975 1195 potest,

311 1201 482 1271 quod
513 1202 820 1259 lamentari
845 1205 1096 1276 quisque
1121 1221 1267 1259 sana
1299 1210 1492 1260 mente
1525 1205 1765 1270 mavult,
1799 1219 1977 1274 quam

311 1280 508 1335 laetari
534 1283 589 1337 in
621 1285 895 1338 amentia.
931 1290 1070 1351 Qum
1114 1285 1200 1339 vis
1233 1301 1442 1356 magna
1484 1289 1662 1356 atque
1695 1285 1977 1338 mirabilis

314 1361 702 1430 mortalibus,
767 1370 978 1434 preter
1033 1364 1330 1431 homini‘,
1375 1364 1776 1418 animantibus
1816 1361 1977 1418 nulla

307 1447 406 1496 est
449 1459 464 1508 ;
499 1442 634 1498 licet
661 1460 866 1498 eorum
899 1444 1252 1515 quibusdam
1287 1445 1356 1498 ad
1394 1445 1566 1498 istam
1611 1443 1797 1498 lucem
1831 1459 1975 1497 con-

305 1523 598 1580 tuendam
635 1527 821 1580 multo
855 1542 1021 1596 quam
1061 1525 1229 1580 nobis
1261 1526 1338 1580 sit
1388 1525 1576 1580 acrior
1596 1540 1803 1578 sensus
1835 1539 1971 1578 ocu-

299 1600 505 1656 lorum
543 1619 555 1657 :
590 1603 690 1657 sed
727 1603 918 1658 lucem
979 1603 1140 1657 illam
1199 1605 1602 1675 incorpoream
1637 1606 1974 1672 contingere

304 1688 646 1751 nequeunt,
663 1700 777 1753 qua
799 1699 959 1738 mens
977 1689 1174 1738 nostra
1196 1685 1616 1754 quodammodo
1640 1685 1972 1750 irradiatur,

299 1767 372 1815 ut
408 1762 484 1814 de
520 1761 609 1816 his
662 1764 935 1818 omnibus
997 1769 1148 1818 recte
1175 1764 1443 1833 judicare
1476 1764 1790 1835 possimus.
1824 1764 1968 1817 Nam

297 1841 364 1895 in
399 1846 696 1912 quantum
728 1859 854 1898 eam
881 1843 1245 1912 capimus,iu
1280 1850 1508 1898 tantum
1547 1845 1603 1897 id
1641 1859 1969 1914 possumus.

307 1921 735 1978 Verumtamen
770 1925 923 1978 inest
952 1926 1225 1979 sensibus
1249 1924 1671 1979 irrationalium
1703 1925 1970 1978 animan-

308 2005 495 2064 tium.
548 2004 650 2057 etsi
700 2003 946 2059 scientia
995 2003 1156 2059 nullo
1203 2008 1393 2071 modo,
1427 2011 1485 2058 at
1523 2010 1675 2059 certe
1706 2002 1969 2074 quaedam

309 2081 579 2136 scientias
611 2081 955 2138 similitudo.
987 2084 1204 2140 Caetera
1249 2090 1448 2140 autem
1480 2100 1672 2138 rerum
1697 2099 1970 2151 corpora-

313 2162 494 2230 lium,
531 2179 643 2218 non
671 2165 811 2234 quia
835 2166 1119 2232 sentiunt,
1151 2166 1248 2220 sed
1284 2166 1420 2234 quia
1449 2171 1807 2228 sentiuntur,
1842 2178 1972 2216 sen-

315 2243 524 2298 sibilia
564 2254 895 2316 nuncupata
928 2250 1082 2300 sunt.
1117 2246 1374 2310 Quorum
1429 2244 1489 2298 in
1547 2244 1805 2298 arbustis
1863 2241 1971 2296 hoc

313 2323 518 2379 simile
559 2329 647 2380 est
702 2325 1000 2395 sensibus,
1065 2326 1222 2397 quod
1273 2325 1514 2380 aluntur
1560 2329 1614 2378 et
1664 2323 1968 2394 gignunt”.

313 2404 733 2460 Verumtamen
755 2414 808 2460 et
840 2405 962 2459 haec
984 2409 1040 2460 et
1068 2404 1267 2460 omnia
1289 2401 1612 2474 corporalia
1643 2403 1888 2458 latentes
1911 2401 1970 2456 in

309 2489 527 2539 natura
585 2501 795 2540 causas
852 2484 1067 2539 habent
1109 2501 1123 2551 ;
1159 2485 1260 2540 sed
1290 2486 1508 2540 formas
1547 2501 1706 2552 suas,
1756 2484 1969 2554 quibus

305 2566 522 2620 mundi
559 2564 737 2634 hujus
784 2565 1032 2620 visibilis
1069 2571 1363 2620 structura
1395 2567 1648 2620 formosa
1691 2572 1802 2630 est,
1834 2582 1966 2620 sen-

308 2646 556 2700 tiendas
599 2645 869 2701 sensibus
900 2647 1176 2716 praebent,
1230 2651 1294 2700 ut
1321 2663 1424 2717 pro
1480 2662 1547 2700 eo
1606 2646 1760 2718 quod
1795 2661 1966 2702 nosse

311 2740 439 2779 non
475 2730 743 2794 possunt,
789 2725 957 2796 quasi
1017 2727 1381 2782 innotescere
1438 2726 1582 2781 velle
1630 2727 1961 2781 videantur.

300 2804 428 2859 Sed
462 2820 632 2859 nosse
662 2821 729 2860 ea
757 2822 932 2860 sensu
968 2807 1225 2876 corporis
1257 2807 1338 2861 ita
1368 2808 1656 2876 capimus,
1693 2812 1755 2860 ut
1783 2807 1963 2862 dehis

301 2901 426 2939 non
489 2899 666 2938 sensu
726 2887 984 2954 corporis
1025 2886 1382 2955 judicemus.
1445 2886 1738 2942 Habemus
1803 2887 1960 2942 enim

305 2965 494 3020 alium
533 2965 826 3021 interioris
863 2967 1114 3022 hominis
1165 2984 1401 3023 sensum
1436 2969 1547 3023 isto
1581 2968 1747 3036 longe
1780 2985 1960 3038 praes-

303 3046 646 3109 tantiorem,
680 3063 794 3117 quo
816 3047 981 3116 justa
1011 3052 1068 3102 et
1116 3047 1339 3118 injuste
1393 3048 1680 3103 sentimus
1715 3066 1727 3103 :
1776 3049 1956 3119 iusta,

303 3143 414 3198 per
447 3126 873 3199 intelligibilem
917 3129 1168 3199 speciem
1204 3147 1217 3197 ;
1251 3129 1490 3200 injusta,
1533 3145 1634 3200 per
1677 3129 1803 3200 ejus
1839 3130 1956 3200 pri-

302 3209 628 3264 vationem.
679 3211 759 3264 Ad
823 3209 1001 3280 hujus
1051 3227 1257 3266 sensus
1315 3213 1575 3267 officium
1629 3228 1744 3266 non
1802 3211 1956 3266 acies

305 3289 572 3360 pupillze,
609 3305 722 3343 non
774 3289 1034 3345 foramen
1098 3292 1390 3357 auriculas,
1432 3309 1546 3346 non
1598 3293 1955 3361 spiramenta

305 3371 570 3436 narium,
603 3388 717 3426 non
751 3377 960 3443 gustus
991 3372 1270 3436 faucium,
1305 3391 1420 3428 non
1456 3373 1611 3427 ullus
1644 3389 1953 3441 corporeus

304 3456 504 3506 tactus
536 3451 774 3507 accedit.
810 3452 890 3507 Ibi
929 3469 1018 3507 me
1047 3458 1104 3508 et
1134 3469 1261 3508 esse
1291 3459 1348 3508 et
1395 3454 1504 3509 hoc
1537 3469 1709 3506 nosse
1762 3458 1954 3506 certus

300 3546 463 3595 sum,
497 3535 550 3585 et
583 3531 703 3587 haec
726 3548 855 3588 amo
887 3531 910 3565 ³
940 3538 1114 3603 atque
1133 3549 1324 3588 amare
1353 3549 1444 3588 me
1473 3531 1741 3587 similiter
1761 3536 1953 3586 certus

303 3625 456 3666 sum.

303 3769 537 3826 CAPUT
573 3770 816 3827 XXVIII.
856 3801 923 3811 —-
951 3772 1031 3826 An
1061 3770 1230 3826 etiam
1261 3773 1443 3842 ipsum
1474 3787 1738 3839 amorem,
1771 3789 1874 3844 quo
1903 3777 1955 3830 et

376 3867 492 3907 esse
548 3861 597 3907 et
651 3855 798 3908 scire
851 3851 1166 3925 diligimus,
1215 3852 1449 3922 diligere
1490 3854 1803 3921 debeamus,
1854 3871 1954 3927 qua

378 3932 558 4002 magis
589 3933 796 3989 divine
827 3934 1116 3988 Trinitatis
1149 3934 1392 4002 imagini
1417 3933 1878 4004 propinquamus.

375 4079 486 4133 Sed
522 4079 588 4131 de
617 4078 845 4133 duobus
875 4078 1014 4146 illis,
1049 4079 1302 4134 essentia
1363 4079 1589 4134 scilicet
1636 4087 1688 4134 et
1722 4079 1952 4144 notitia,

308 4162 598 4230 quantum
659 4164 930 4213 amentur
997 4162 1055 4214 in
1108 4159 1299 4224 nobis,
1340 4165 1398 4214 et
1455 4161 1950 4231 quemadmodum

307 4239 480 4293 etiam
517 4238 739 4293 caeteris
786 4239 959 4293 rebus
984 4257 1114 4310 quas
1146 4240 1298 4294 intra
1331 4247 1486 4307 sunt,
1521 4256 1722 4294 eorum
1785 4255 1954 4307 repe-

308 4319 511 4386 riatur,
571 4320 682 4375 etsi
733 4319 1024 4387 differens,
1055 4321 1316 4392 quaedam
1353 4327 1544 4375 tamen
1605 4320 1948 4387 similitudo,

306 4410 592 4469 quantum
630 4403 884 4470 suscepti
915 4402 1091 4471 hujus
1123 4401 1315 4470 operis
1348 4403 1493 4456 ratio
1526 4401 1648 4455 visa
1703 4409 1785 4456 est
1821 4419 1948 4469 pos-

304 4482 514 4542 tulere,
543 4482 682 4534 satis
700 4482 978 4535 diximus:
1007 4483 1075 4535 de
1097 4498 1293 4535 amore
1315 4489 1503 4535 autem
1526 4499 1642 4552 quo
1661 4489 1947 4551 amantur,

308 4569 504 4616 utrum
568 4566 624 4614 et
679 4561 804 4632 ipse
862 4578 1030 4616 amor
1081 4569 1328 4628 ametur,
1392 4580 1500 4616 non
1565 4563 1780 4616 dictum
1842 4573 1946 4618 est.

306 4645 553 4696 Amatur
588 4649 827 4697 autem:
861 4648 919 4697 et
949 4643 1082 4696 hinc
1115 4645 1453 4712 probamus,
1489 4645 1640 4714 quod
1670 4643 1726 4696 in
1763 4643 1948 4697 homi-

306 4723 482 4776 nibus
514 4721 616 4792 qui
654 4725 872 4777 rectius
918 4726 1190 4776 amantur
1218 4721 1258 4788 ⁴,
1293 4722 1416 4793 ipse
1474 4723 1659 4792 magis
1699 4728 1944 4775 amatur.

303 4804 501 4874 Neque
532 4803 688 4857 enim
712 4803 800 4858 vir
829 4804 1016 4858 bonus
1050 4802 1255 4858 merito
1287 4803 1502 4858 dicitur
1533 4802 1630 4874 qui
1659 4801 1763 4856 scit
1795 4803 1946 4872 quod

307 4883 522 4939 bonum
547 4886 653 4948 est,
677 4883 776 4938 sed
801 4883 896 4954 qui
930 4882 1135 4956 diligit.
1169 4887 1282 4937 (iur
1302 4899 1407 4954 ego
1439 4888 1496 4936 et
1524 4881 1582 4936 in
1608 4881 1774 4936 nobis
1803 4881 1946 4952 ipsis

306 4981 418 5021 non
449 4969 507 5022 et
535 4964 732 5037 ipsum
783 4981 1036 5021 amorem
1083 4981 1188 5019 nos
1238 4980 1434 5019 amare
1467 4964 1777 5030 sentimus,
1830 4979 1944 5034 quo

367 5269 521 5343 i__Er.,
553 5270 607 5317 et
624 5269 1113 5343 ‘Iiovxnfznom‘ines;
1153 5269 1586 5343 dissentientibus
1628 5274 1782 5322 editis
1822 5275 1943 5324 aliis

305 5333 355 5381 et
381 5333 503 5380 Mss.
533 5357 594 5368 --
624 5332 718 5381 Ms.
752 5331 892 5393 2050,
925 5333 1220 5382 hominem.
1253 5334 1316 5381 M.

365 5393 384 5427 ³
408 5393 680 5458 ίδὶοίῩὶηᾶ.
714 5397 827 5443 Am.
861 5399 912 5443 et
941 5396 1059 5444 Mss.
1092 5400 1156 5446 At
1189 5395 1271 5444 Er.
1303 5399 1357 5445 et
1392 5396 1539 5458 Lov.,
1568 5395 1910 5458 gignuntur.

363 5458 384 5490 ³
403 5457 484 5506 Ita
511 5457 636 5506 Mss.
668 5458 806 5507 Editi
834 5471 977 5512 vero,
1007 5467 1056 5507 et
1077 5458 1171 5506 hoc
1199 5473 1339 5507 amo.

359 5518 381 5552 ⁴
410 5518 554 5594 _Sola
605 5520 767 5570 editio
821 5521 966 5578 Lov.,
1015 5521 1160 5584 quod
1207 5520 1522 5569 hominibus
1566 5536 1696 5584 quae
1737 5525 1938 5574 rectius

301 5591 586 5631 amantur.

1656 345 1885 407 LIBER
1930 340 2407 403 UNDECIMUS.

3616 348 3733 408 342

2097 491 2368 532 amamus
2389 479 2666 552 quidquid
2697 481 2829 537 boni
2854 495 3104 536 amamus
3124 482 3152 535 ?
3171 484 3264 534 Est
3287 480 3440 536 enim
3466 485 3520 536 et
3541 497 3727 550 amor,

2095 571 2205 626 quo
2237 566 2468 614 amatur
2497 567 2553 616 et
2583 564 2731 633 quod
2784 564 3100 616 amandum
3135 579 3247 616 non
3281 568 3405 616 est:
3441 568 3496 616 et
3551 563 3728 617 istum

2091 654 2342 692 amorem
2365 642 2484 695 odit
2511 642 2568 696 in
2599 660 2678 709 se,
2708 644 2802 712 qui
2835 643 2999 696 illum
3033 643 3245 710 diligit,
3281 659 3394 712 quo
3417 643 3468 695 id
3503 648 3732 697 amatur

2091 719 2242 786 quod
2277 722 2597 776 amandum
2653 730 2760 777 est.
2797 722 3047 776 Possunt
3099 727 3255 776 enim
3317 729 3484 775 ambo
3517 738 3639 775 esse
3667 723 3725 777 in

2089 814 2202 852 uno
2253 799 2508 868 homine,
2569 808 2624 856 et
2684 804 2791 857 hoc
2857 804 3068 856 bonum
3130 808 3217 856 est
3256 802 3502 868 homini,
3535 807 3598 856 ut
3629 803 3726 857 illo

2086 879 2420 947 proficiente
2461 900 2577 952 quo
2637 884 2782 938 bene
2830 885 3104 948 vivimus,
3165 883 3269 936 iste
3327 884 3557 937 deliciat
3614 901 3726 950 quo

2085 959 2235 1014 male
2274 962 2546 1029 vivimus,
2583 965 2763 1018 donec
2791 966 2860 1017 ad
2898 966 3213 1033 perfectum
3249 969 3510 1028 sanetur,
3559 971 3615 1017 et
3665 966 3724 1020 in

2084 1037 2303 1094 bonum
2331 1049 2723 1097 commutetur
2752 1061 2924 1098 omne
2957 1045 3111 1114 quod
3155 1044 3422 1096 vivimus.
3459 1043 3515 1096 Si
3567 1045 3723 1097 enim

2085 1133 2291 1188 pecora
2313 1137 2598 1187 essemus,
2618 1124 2903 1178 carnalem
2939 1131 3110 1177 Vitam
3143 1128 3196 1177 et
3229 1124 3376 1192 quod
3401 1123 3724 1177 secundum

2083 1213 2318 1253 sensum
2353 1201 2478 1269 ejus
2508 1207 2593 1256 est
2628 1219 2962 1257 amaremus
2989 1220 3002 1259 :
3029 1203 3203 1272 idque
3235 1209 3391 1256 esset
3422 1201 3722 1256 sufficiens

2083 1276 2296 1333 bonum
2327 1286 2617 1347 nostrum,
2643 1289 2696 1336 et
2718 1286 3037 1338 secundum
3074 1283 3180 1338 hoc
3204 1299 3339 1336 cum
3371 1286 3523 1336 esset
3556 1283 3724 1336 nobis

2081 1357 2248 1424 bene,
2304 1361 2448 1415 nihil
2507 1363 2665 1417 aliud
2727 1380 3140 1434 quaereremus.
3199 1363 3339 1417 Item
3392 1363 3440 1417 si
3489 1363 3724 1417 arbores

2077 1451 2363 1506 essemus,
2392 1441 2533 1494 nihil
2560 1445 2792 1513 quidem
2817 1445 3108 1498 sentiente
3129 1450 3282 1498 motu
3309 1457 3505 1496 amare
3531 1458 3725 1512 posse-

2077 1536 2232 1587 mus,
2255 1529 2653 1578 verumtamen
2696 1526 2749 1578 id
2812 1526 2978 1595 quasi
3041 1530 3314 1595 appetere
3373 1523 3720 1584 videremur,

2076 1616 2192 1667 quo
2250 1602 2498 1656 feracius
2555 1620 2821 1658 essemus
2875 1604 3231 1674 uberiusque
3292 1605 3620 1657 fructuosae.
3665 1603 3722 1655 Si

2075 1696 2340 1736 essemus
2397 1683 2638 1753 lapides,
2713 1689 2816 1738 aut
2880 1684 3114 1748 fluctus,
3168 1689 3268 1736 aut
3333 1689 3564 1744 ventus,
3624 1686 3724 1736 aut

2076 1767 2330 1826 flamma,
2363 1765 2450 1818 vel
2482 1767 2616 1834 quid
2642 1767 2950 1832 eiusmodi,
2984 1767 3110 1820 sine
3144 1765 3258 1820 ullo
3291 1765 3522 1834 quidem
3545 1780 3717 1818 sensu

2074 1855 2243 1914 atque
2276 1846 2412 1910 vita,
2447 1864 2556 1900 non
2595 1857 2782 1902 lumen
2817 1848 2982 1902 nobis
3013 1848 3241 1901 deesset
3271 1847 3437 1916 quasi
3483 1846 3718 1913 quidam

2076 1932 2411 1980 nostrorum
2472 1927 2728 1980 locorum
2771 1937 2938 1996 atque
2961 1927 3184 1982 ordinis
3231 1929 3538 1997 appetitus.
3573 1925 3719 1980 Nam

2075 2005 2230 2058 velut
2252 2023 2480 2061 amores
2517 2024 2820 2076 corporum
2849 2015 3144 2063 momenta
3192 2013 3331 2062 sunt
3372 2008 3719 2076 ponderum,

2076 2085 2197 2138 sive
2230 2087 2498 2140 deorsum
2549 2090 2848 2158 gravitate,
2899 2090 3018 2144 sive
3067 2104 3304 2142 sursum
3355 2087 3579 2141 levitate
3640 2086 3721 2138 ni-

2079 2170 2296 2218 tantur.
2363 2167 2441 2220 lta
2487 2168 2641 2220 enim
2685 2183 2896 2237 corpus
2953 2167 3224 2238 pondere,
3277 2165 3430 2220 sicut
3488 2165 3718 2219 animus

2077 2259 2276 2299 amore
2331 2247 2534 2310 fertur,
2593 2263 2961 2316 quocumque
3031 2247 3214 2300 fertur
3271 2246 3370 2314 (α).
3432 2245 3716 2309 Quoniam

2076 2322 2256 2394 igitur
2277 2324 2543 2380 homines
2566 2328 2877 2393 sumus,ad
2901 2326 3384 2379 nostriCreatoris
3405 2324 3716 2394 imaginem

2075 2404 2273 2472 creati,
2306 2405 2476 2474 cujus
2535 2411 2624 2460 est
2679 2421 2807 2459 vera
2849 2404 3162 2472 aeternitas,
3216 2412 3427 2457 aeterna
3478 2403 3716 2470 veritas,

2074 2490 2286 2539 aeterna
2318 2490 2374 2539 et
2430 2501 2561 2540 vera
2595 2485 2869 2552 charilas,
2905 2491 3105 2556 estque
3164 2484 3336 2553 ipsa‘
3401 2488 3616 2538 aeterna
3661 2489 3717 2538 et

2072 2581 2206 2620 vera
2235 2571 2290 2621 et
2329 2566 2506 2622 chara
2544 2567 2817 2633 Trinitas,
2860 2581 3046 2638 neque
3077 2568 3338 2632 confusa,
3376 2581 3564 2636 neque
3625 2582 3717 2621 se-

2070 2652 2276 2716 parata
2309 2663 2322 2712 ;
2369 2649 2426 2700 in
2460 2647 2532 2702 iis
2589 2648 2821 2718 quidem
2859 2647 3030 2702 rebus
3076 2663 3201 2718 quae
3233 2647 3380 2700 infra
3413 2663 3519 2700 nos
3553 2652 3712 2713 sunt,

2069 2728 2346 2799 quoniam
2373 2734 2436 2781 et
2455 2729 2584 2798 ipsa
2605 2744 2708 2782 nec
2729 2727 2923 2798 aliquo
2946 2730 3115 2782 modo
3137 2732 3354 2795 essent,
3389 2743 3493 2780 nec
3517 2727 3714 2798 aliqua

2065 2808 2262 2878 specie
2322 2808 2780 2871 continerentur,
2845 2823 2950 2862 nec
2999 2807 3249 2878 aliquem
3311 2807 3569 2861 ordinem
3625 2807 3709 2861 vel

2063 2894 2422 2958 appeterent,
2454 2888 2537 2942 vel
2569 2893 2852 2954 tenerent,
2906 2887 3015 2942 nisi
3058 2888 3130 2943 ab
3185 2888 3284 2942 illo
3327 2888 3475 2942 facta
3517 2893 3712 2944 essent

2062 2970 2156 3036 qui
2189 2983 2421 3022 summe
2453 2973 2558 3032 est,
2585 2968 2684 3038 qui
2704 2984 2935 3022 summe
2958 2969 3191 3030 sapiens
3215 2973 3322 3035 est,
3350 2967 3448 3037 qui
3480 2983 3709 3021 summe

2060 3047 2252 3102 bonus
2284 3052 2372 3102 est
2406 3064 2418 3102 :
2455 3052 2731 3119 tanquam
2768 3065 2870 3119 per
2897 3050 3094 3102 omnia
3123 3065 3250 3119 quae
3286 3048 3414 3102 fecit
3449 3047 3702 3101 mirabili

2059 3129 2371 3182 stabilitate
2429 3135 2755 3195 currentes,
2822 3128 2988 3198 quasi
3049 3131 3312 3198 quaedam
3375 3129 3504 3194 ejus
3565 3127 3703 3180 alibi

2058 3210 2259 3276 magis,
2311 3208 2448 3263 alibi
2478 3211 2662 3264 minus
2723 3211 3012 3280 impressa
3042 3210 3283 3279 vestigia
3315 3208 3698 3278 colligamus;

2057 3291 2115 3344 in
2161 3291 2328 3346 nobis
2375 3298 2558 3345 autem
2610 3293 2752 3361 ipsis
2809 3292 2937 3360 ejus
2973 3290 3286 3360 imaginem
3331 3295 3694 3353 contuentes,

2054 3375 2334 3441 tanquam
2375 3371 2564 3426 minor
2602 3373 2700 3426 ille
2730 3373 3100 3440 evangelicus
3133 3371 3289 3424 ﬁlius
3335 3370 3409 3424 ad
3442 3379 3700 3425 nosmet-

2056 3451 2214 3520 ipsos
2239 3452 2442 3506 reversi
2497 3467 2818 3521 surgamus
2840 3452 2993 3518 (ιω.
3026 3466 3119 3512 xv,
3155 3452 3260 3518 18).
3287 3456 3348 3502 ut
3377 3450 3397 3483 ⁸
3428 3452 3497 3503 ad
3532 3449 3698 3504 illum

2057 3532 2382 3596 redeamus,
2415 3549 2447 3586 a
2477 3549 2590 3601 quo
2623 3535 2914 3601 peccando
2966 3545 3410 3584 recesseramus.
3458 3529 3538 3581 lbi
3573 3545 3700 3582 esse

2057 3617 2323 3665 nostrum
2357 3627 2471 3665 non
2507 3611 2740 3665 habebit
2790 3615 3058 3674 mortem,
3092 3609 3167 3663 ibi
3231 3623 3398 3662 nosse
3433 3613 3698 3660 nostrum

2058 3708 2173 3746 non
2211 3691 2444 3745 habebit
2495 3705 2773 3752 errorem,
2805 3689 2884 3742 ibi
2916 3704 3110 3744 amare
3157 3693 3420 3742 nostrum
3457 3702 3567 3739 non
3605 3685 3700 3738 ha-

2057 3771 2215 3826 bebit
2263 3770 2666 3824 olfensioncm.
2702 3768 2867 3821 Nunc
2918 3772 3111 3822 autem
3173 3768 3284 3820 ista
3341 3766 3451 3819 tria
3502 3769 3700 3819 nostra

2057 3851 2321 3923 quamvis
2366 3854 2521 3904 certa
2579 3854 2912 3910 teneamus,
2956 3863 3059 3902 nec
3106 3847 3235 3902 aliis
3284 3862 3352 3901 ea
3399 3847 3704 3899 credamus

2055 3933 2329 3997 testibus,
2361 3930 2462 3986 sed
2496 3948 2601 3985 nos
2636 3930 2745 4001 ipsi
2793 3929 3098 3999 praesentia
3154 3928 3495 3992 sentiamus,
3530 3935 3702 3997 atque

2057 4015 2329 4068 interiore
2386 4011 2763 4066 veracissimo
2816 4026 3124 4065 cernamus
3185 4013 3444 4079 aspectu,
3505 4013 3699 4060 tamen

2059 4094 2340 4164 quamdiu
2372 4091 2586 4159 futura,
2615 4091 2698 4144 vel
2733 4097 2928 4144 utrum
2977 4106 3275 4160 nunquam
3319 4089 3608 4151 defutura,
3643 4090 3702 4141 et

2059 4189 2172 4244 quo
2214 4175 2260 4227 si
2296 4175 2460 4236 bene,
2509 4188 2620 4238 quo
2672 4176 2865 4224 autem
2898 4171 2944 4225 si
2981 4170 3125 4225 male
3155 4175 3424 4240 agantur,
3459 4183 3697 4239 perven-

2057 4261 2189 4309 tura
2221 4253 2362 4321 sint,
2393 4254 2665 4318 quoniam
2703 4268 2802 4320 per
2826 4267 2931 4305 nos
2963 4252 3118 4320 ipsos
3151 4267 3326 4305 nosse
3360 4266 3471 4303 non
3504 4264 3702 4318 possu-

2059 4349 2209 4395 mus,
2243 4333 2387 4387 alios
2411 4333 2745 4385 hinctestes
2780 4329 2861 4384 vel
2889 4331 3228 4400 querimus,
3261 4328 3347 4382 vel
3379 4327 3693 4395 habemus;

2056 4418 2124 4468 de
2174 4430 2422 4483 quorum
2480 4412 2588 4465 lide
2621 4427 2723 4464 cur
2758 4410 2918 4464 nulla
2949 4411 3156 4464 debeat
3199 4426 3327 4464 esse
3385 4408 3696 4477 dubitatio,

2058 4512 2169 4549 non
2202 4500 2290 4547 est
2332 4494 2459 4555 iste,
2495 4494 2591 4544 sed
2631 4489 2912 4556 posterior
2944 4490 3052 4544 erit
3113 4490 3451 4560 diligentius
3509 4489 3698 4543 disse-

2057 4576 2218 4628 rendi
2255 4573 2519 4627 locus.ln
2571 4572 2673 4626 hoc
2728 4580 2921 4624 autem
2967 4571 3108 4624 libro
3167 4570 3237 4624 de
3294 4570 3524 4624 civtiate
3575 4569 3694 4634 Dei,

2056 4671 2186 4726 quae
2218 4671 2329 4707 non
2366 4653 2756 4721 peregrinatur
2809 4652 2864 4704 in
2911 4652 3086 4716 huius
3135 4650 3262 4703 vitae
3323 4650 3694 4712 mortalitate,

2055 4735 2155 4790 sed
2192 4733 2540 4788 immortalis
2573 4748 2804 4802 semper
2836 4731 2890 4784 in
2918 4731 3076 4784 cmlis
3098 4736 3204 4796 est,
3241 4731 3293 4782 id
3329 4734 3433 4792 est,
3477 4730 3546 4782 de
3576 4731 3694 4782 An-

2053 4816 2200 4890 gelis
2257 4816 2476 4872 sanctis
2526 4815 2640 4869 Deo
2693 4813 3143 4877 cohaerentibus,
3193 4811 3292 4880 qui
3327 4826 3429 4865 nec
3464 4812 3694 4864 fuerunt

2053 4914 2334 4969 unquam,
2367 4913 2470 4950 nec
2505 4895 2684 4948 futuri
2743 4899 2877 4946 sunt
2909 4892 3250 4956 desertores,
3283 4890 3432 4944 inter
3460 4905 3604 4969 quos
3635 4892 3691 4943 et

2051 4968 2184 5033 illos
2211 4977 2307 5048 qui
2341 4980 2610 5028 aeternam
2661 4972 2845 5025 lucem
2883 4969 3232 5048 deserentes,
3265 4969 3518 5048 tenebris
3555 4968 3685 5048 facti

2051 5045 2424 5121 sunt,vDeum
2475 5047 2745 5120 primitus
2794 5047 3064 5102 divisisse
3093 5047 3220 5118 jam
3281 5047 3552 5112 diximus,
3585 5045 3686 5102 illo

2048 5135 2358 5206 adjuvanle
2380 5130 2532 5202 quod
2557 5129 2855 5201 coepimus,
2883 5133 2948 5184 ut
2971 5144 3288 5199 possumus
3309 5125 3682 5198 explicemus.

2114 5409 2129 5474 ξ
2161 5401 2398 5474 ἓὶριῇίεδέ
2428 5399 2880 5474 Δίς-,θὸἰιὶεοεεεςμε
2910 5395 3049 5474 ipse.
3091 5459 3206 5474 mu
3237 5456 3354 5474 ἐι-2

2111 5468 2132 5501 2
2162 5466 2318 5521 Editi,
2349 5472 2397 5512 et
2429 5481 2446 5523 ;
2475 5458 2910 5512 disentientibus
2941 5459 3208 5523 veteribus
3237 5458 3404 5506 libris.

2111 5530 2186 5590 (α)
2203 5527 2317 5576 Vid.
2351 5521 2443 5574 lib.
2478 5525 2535 5574 13
2564 5525 2816 5580 Contess.,
2847 5537 2960 5584 cap.
2991 5521 3037 5569 9.
