4138 6192
358 348 479 408 343

359 482 592 540 CAPUT
622 479 815 536 XXIX.
849 509 916 520 ——
951 479 1021 532 De
1047 484 1358 531 sanctorum
1386 472 1720 541 Angelorum
1740 466 1995 530 scientia,

429 582 538 637 qua
598 562 913 617 Trinitatem
967 561 1024 613 in
1057 561 1176 627 ipsa
1222 557 1340 626 ejus
1397 554 1597 637 deitate
1632 553 1919 614 noverunt,
1951 549 2004 601 et

429 635 535 717 qua
566 659 789 710 operum
819 655 1018 694 causas
1045 641 1204 707 prius
1235 637 1292 690 in
1325 635 1603 704 aperanti:
1660 642 1799 698 arte,
1833 642 2002 700 quam

433 728 493 779 in
521 724 655 794 ipsis
688 722 940 792 Operibus
969 717 1202 787 artiﬁcis
1231 718 1537 770 intuentur.

435 858 756 928 llliquippe
789 854 982 924 Angeli
1007 853 1191 908 sancti
1227 870 1340 907 non
1378 869 1477 923 per
1531 850 1705 906 verba
1734 844 2008 904 sonantia

367 946 546 996 Deum
581 938 810 992 discunt
839 960 852 1002 ;
885 937 982 990 sed
1022 951 1120 1003 per
1175 934 1354 1002 ipsam
1393 933 1754 1003 praesentiam
1789 930 2008 982 immu-

365 1021 561 1075 tabilis
584 1018 863 1081 veritatis,
897 1017 1005 1071 hoc
1035 1021 1140 1083 est,
1177 1014 1418 1070 Verbum
1443 1015 1570 1081 ejus
1601 1009 2005 1081 unigenitum:

364 1112 418 1155 et
450 1101 646 1170 ipsum
702 1097 957 1153 Verbum
999 1104 1056 1151 et
1087 1101 1316 1150 Patrem
1377 1100 1662 1150 eteorum
1722 1090 2009 1160 Spiritum

364 1184 638 1234 sanctum
677 1197 689 1246 ;
721 1194 966 1248 eamque
997 1192 1122 1232 esse
1145 1173 1600 1246 inseparabilem
1633 1171 2007 1237 Trinitatem,

361 1258 744 1331 singulasque
761 1259 819 1313 in
839 1273 906 1313 ea
929 1271 1210 1327 personas
1234 1270 1360 1310 esse
1376 1270 1553 1308 unam
1575 1248 2009 1315 substantiam;

366 1346 424 1396 et
471 1346 668 1395 tamen
700 1353 904 1393 omnes
937 1352 1050 1391 non
1109 1340 1225 1390 tres
1281 1335 1420 1389 deos
1474 1349 1624 1400 esse,
1680 1332 1777 1386 sed
1827 1343 2010 1383 unum

363 1427 568 1487 Deum,
603 1423 680 1474 ita
712 1422 1012 1485 noverunt,
1046 1421 1111 1470 ut
1143 1414 1226 1469 eis
1257 1413 1443 1486 magis
1493 1413 1626 1476 ista,
1677 1427 1854 1484 quam
1906 1423 2012 1463 nos

365 1501 478 1574 ipsi
504 1502 670 1556 nobis
701 1498 918 1570 cogniti
940 1513 1164 1552 sumus.
1201 1496 1392 1567 Ipsam
1424 1511 1658 1566 quoque
1686 1497 2010 1579 creaturam

367 1584 574 1640 melius
609 1582 710 1646 ibi,
755 1581 862 1634 hoc
905 1586 994 1634 est
1052 1579 1112 1633 in
1153 1577 1438 1648 sapientia
1472 1577 1589 1642 Dei,
1640 1581 1918 1646 tanquam
1953 1577 2010 1624 in

365 1670 488 1719 arte
519 1679 634 1734 qua
667 1663 810 1716 facta
841 1665 949 1725 est,
986 1675 1161 1728 quam
1196 1661 1254 1711 in
1287 1674 1354 1711 ea
1384 1656 1513 1725 ipsa
1546 1655 1740 1710 sciunt
1772 1671 1870 1708 :ac
1913 1665 2014 1722 per

373 1743 480 1797 hoc
510 1751 567 1796 et
589 1759 652 1796 se
683 1741 840 1808 ipsos
861 1738 937 1793 ibi
963 1740 1171 1792 melius
1195 1752 1370 1807 quam
1407 1752 1462 1789 In
1496 1751 1557 1790 se
1588 1735 1754 1804 ipsis,
1789 1747 2014 1787 verum-

364 1831 563 1880 tamen
597 1828 653 1874 et
686 1821 741 1874 in
766 1836 828 1874 se
863 1819 1026 1888 ipsis.
1053 1821 1205 1871 Facti
1226 1824 1366 1872 sunt
1396 1816 1574 1879 enim,
1607 1822 1666 1870 et
1695 1815 1853 1869 aliud
1879 1819 2016 1872 sunt

371 1921 548 1976 quam
584 1903 680 1955 ille
711 1901 810 1972 qui
845 1900 994 1954 fecit.
1031 1900 1112 1953 Ibi
1143 1914 1280 1969 ergo
1303 1907 1581 1968 tanquam
1605 1896 1665 1952 in
1687 1897 2017 1965 cognitione

372 1986 602 2051 diurna,
634 1983 696 2036 in
729 1999 791 2037 se
828 1981 974 2052 ipsis
1006 1985 1197 2034 autem
1234 1987 1514 2048 tanquam
1550 1978 1607 2032 in
1662 1977 2014 2048 vespertina,

371 2065 524 2120 sicut
579 2079 758 2133 supra
798 2063 917 2132 jam
970 2060 1229 2115 diximus
1262 2058 1417 2129 (Cap.
1448 2060 1526 2129 7).
1562 2056 1810 2112 Multum
1859 2059 2018 2111 enim

374 2146 567 2200 dili'ert
600 2150 794 2198 utrum
824 2144 882 2197 in
914 2158 984 2196 ea
1014 2142 1237 2196 ratione
1268 2144 1652 2210 cognoscatur
1683 2137 1902 2210 aliquid
1936 2154 2020 2194 se-

374 2224 634 2281 cundum
697 2239 873 2294 quam
937 2222 1149 2276 factum
1181 2224 1290 2287 est,
1321 2237 1393 2274 an
1456 2219 1512 2274 in
1547 2235 1611 2274 se
1661 2218 1809 2290 ipso.
1861 2218 2023 2274 Sicut

375 2307 545 2364 aliter
596 2305 782 2361 scitur
813 2303 1103 2359 rectitudo
1145 2302 1428 2356 linearum
1463 2317 1566 2356 seu
1606 2301 1819 2356 veritas
1875 2301 2021 2370 figu-

374 2403 598 2454 rarum,
625 2401 757 2442 cum
816 2384 1113 2440 intellecta
1154 2381 1534 2454 conspicitur,
1595 2382 1767 2438 aliter
1798 2397 1929 2436 cum
1961 2381 2020 2438 in

382 2467 620 2541 pulvere
667 2465 942 2522 scribitur
992 2465 1095 2536 (a),
1125 2471 1176 2519 et
1210 2464 1381 2518 aliter
1403 2463 1636 2534 justitia
1687 2463 1744 2517 in
1785 2463 2025 2518 veritate

382 2545 873 2613 incommutabili,
922 2545 1091 2600 aliter
1121 2544 1180 2598 in
1238 2543 1435 2598 anima
1485 2543 1654 2613 justi.
1689 2543 1784 2598 Sic
1815 2543 2025 2598 deinde

387 2634 615 2693 cetera,
638 2625 792 2682 sicut
822 2626 1260 2680 ﬁrmamentum
1295 2626 1445 2679 inter
1485 2641 1668 2694 aquas
1699 2624 2026 2694 superiores

385 2711 445 2764 et
497 2705 820 2773 inferiores,
881 2707 1038 2776 quod
1090 2704 1297 2758 cretum
1355 2706 1623 2757 vocatum
1675 2707 1764 2757 est
1809 2717 1824 2768 ;
1877 2702 2028 2757 sicut

387 2789 654 2845 deorsum
685 2801 967 2857 aquarum
1019 2785 1310 2854 congeries
1341 2787 1624 2853 terra-que
1671 2782 1932 2850 nudatio,
1971 2785 2028 2837 et

388 2869 705 2924 herbarum
739 2864 1028 2921 institutio
1059 2871 1230 2936 atque
1254 2865 1543 2935 lignorum
1581 2883 1595 2930 ;
1630 2863 1784 2918 sicut
1809 2865 1954 2918 solis
1971 2865 2028 2916 et

385 2947 540 3004 luna
594 2947 1012 3017 stellarumque
1045 2945 1302 3000 conditio
1337 2963 1351 3011 ;
1404 2943 1556 2998 sicut
1581 2959 1648 2998 ex
1680 2942 1849 3014 aquis
1896 2941 2028 2996 ani-

389 3028 657 3097 malium,
688 3026 992 3081 volucrum
1027 3024 1250 3080 scilicet
1305 3029 1480 3093 atque
1526 3023 1776 3094 piscium
1810 3023 2029 3077 bellua-

385 3123 636 3179 rumque
693 3107 1020 3161 natantium
1071 3121 1084 3168 ;
1145 3105 1299 3158 sicut
1346 3104 1908 3173 quorumcumque1
1969 3102 2028 3156 in

384 3191 540 3244 terra
571 3185 966 3258 gradientium
997 3189 1173 3255 atque
1213 3182 1565 3253 repentium,
1595 3187 1652 3237 et
1690 3182 1874 3251 ipsius
1926 3181 2032 3238 ho-

385 3267 587 3336 minis,
619 3267 720 3340 qui
751 3264 976 3321 cunctis
1000 3266 1057 3319 in
1092 3270 1245 3318 terra
1275 3264 1450 3318 rebus
1469 3262 1791 3318 excelleret.
1824 3264 2031 3320 Omnia

389 3347 512 3404 haec
543 3349 713 3403 aliter
743 3346 802 3400 in
832 3345 1022 3400 Verbo
1071 3344 1171 3400 Dei
1203 3349 1636 3416 cognoscuntur
1664 3343 1735 3398 ab
1768 3346 2030 3416 Angelis,

389 3429 490 3486 ubi
504 3429 721 3485 habent
742 3443 950 3482 causas
967 3429 1337 3496 rationesque
1355 3441 1518 3490 suas,
1536 3425 1591 3478 id
1607 3428 1696 3480 est
1709 3427 2032 3481 secundum

389 3525 538 3580 quas
572 3511 725 3564 facta
768 3512 930 3573 sunt,
988 3505 1552 3561 incommutabiliter
1599 3512 2032 3576 permanentes,

392 3591 562 3646 aliter
590 3589 650 3645 in
709 3603 770 3642 se
803 3587 946 3657 ipsis
982 3603 996 3654 ;
1044 3586 1164 3642 illic
1212 3585 1480 3650 clariore,
1523 3584 1616 3640 hic
1648 3587 1983 3641 obscuriore
2011 3586 2032 3620 ³

392 3671 749 3743 cognitione,
800 3665 959 3724 velut
988 3668 1130 3724 artis
1160 3674 1335 3740 atque
1357 3683 1599 3738 cperum
1635 3684 1648 3723 :
1682 3685 1810 3739 quas
1842 3677 2034 3722 tamen

391 3768 564 3822 opera
595 3767 726 3806 cum
762 3751 832 3806 ad
893 3751 1079 3819 ipsius
1128 3747 1418 3804 Creatoris
1463 3747 1694 3802 laudem
1720 3747 2030 3802 veneratio-

391 3847 643 3903 nemque
693 3832 1044 3895 reteruntur,
1105 3835 1382 3900 tanquam
1448 3843 1620 3884 mane
1680 3826 1923 3882 lucescit
1976 3824 2037 3880 in

390 3911 689 3967 mentibus
721 3908 1270 3981 contemplantium.

392 4068 628 4127 CAPUT
665 4067 851 4122 XXX.
885 4096 953 4107 —
986 4067 1059 4120 De
1086 4067 1299 4120 senarii
1316 4063 1537 4116 numeri
1561 4062 1925 4131 perfectione,
1948 4061 2043 4132 qui

499 4148 713 4218 prima:
737 4149 988 4216 partium
1017 4160 1246 4198 suarum
1273 4143 1582 4213 quantitate
1610 4140 1933 4210 completur.

468 4283 600 4338 Hec
622 4289 812 4336 autem
839 4285 1072 4352 propter
1101 4278 1312 4332 senarii
1347 4276 1575 4330 numeri
1609 4275 2042 4348 perfectionem,

400 4362 604 4417 eodem
639 4360 730 4414 die
753 4361 940 4414 sexies
975 4359 1239 4429 repetito,
1273 4373 1372 4412 sex
1407 4357 1614 4411 diebus
1649 4358 1896 4424 perfecta
1921 4377 2048 4414 nar-

400 4445 646 4496 rantur:
681 4455 796 4494 non
830 4441 968 4511 quia
999 4438 1114 4494 Deo
1149 4440 1471 4493 necessaria
1506 4437 1679 4492 fuerit
1712 4455 1871 4493 mora
1900 4446 2043 4494 tem-

400 4535 632 4592 porum,
668 4521 835 4592 quasi
869 4520 969 4591 qui
1005 4535 1120 4574 nou
1145 4519 1398 4589 potuerit
1419 4535 1611 4574 creare
1629 4519 1827 4574 omnia
1845 4518 2044 4588 simul,

403 4619 534 4676 qua:
567 4602 845 4674 deinceps
901 4602 1176 4673 congruis
1225 4602 1478 4656 motibus
1512 4608 1854 4672 peragerent
1901 4607 2051 4658 tem-

401 4699 577 4758 pora;
600 4683 700 4738 sed
735 4683 874 4755 quia
905 4699 1005 4752 per
1025 4682 1318 4737 senarium
1353 4697 1666 4736 numerum
1690 4687 1776 4736 est
1806 4698 2049 4752 operum

399 4766 724 4836 significata
783 4765 1082 4836 perfectio.
1160 4763 1454 4820 Numerus
1511 4762 1729 4834 quippe
1788 4764 2053 4818 senarius

395 4850 619 4921 primus
650 4847 977 4920 completur
1023 4847 1147 4902 suis
1204 4845 1497 4918 partibus,
1523 4845 1581 4899 id
1615 4848 1727 4911 est,
1765 4847 1924 4898 sexta
1961 4843 2052 4898 sui

470 5045 486 5079 1
519 5041 580 5089 In
606 5039 748 5090 Mss..
780 5053 1146 5102 quorumque.

474 5103 496 5136 2
525 5103 667 5156 Mss..
705 5100 834 5150 illac
864 5103 1122 5157 clariore,
1154 5100 1254 5149 hac
1283 5101 1618 5149 obscuriore.

475 5169 550 5222 (α)
579 5165 784 5212 Certius
814 5164 1107 5224 meliusque
1135 5164 1302 5210 scitur
1347 5166 1459 5210 tota
1496 5163 1632 5210 ratio
1674 5163 1937 5210 linearum
1966 5175 2060 5210 su-

412 5227 850 5292 perticierumque
898 5239 963 5274 ex
1009 5226 1270 5292 dogmatis
1313 5225 1718 5292 mathematicis.
1776 5237 1938 5292 quam
1982 5236 2060 5292 _ex

413 5285 638 5353 pictura,
669 5285 806 5351 quae
835 5285 1111 5353 nunquam
1159 5290 1266 5335 tam
1295 5289 1481 5335 exacta
1509 5290 1604 5353 est.
1636 5289 1696 5334 ut
1730 5285 1854 5334 ante
1881 5285 2061 5353 oculos

412 5347 525 5402 rem
553 5347 742 5414 ipsum.
774 5354 834 5399 ut
862 5364 917 5399 se
945 5347 1124 5414 habet.
1155 5353 1416 5410 exponat;
1445 5349 1740 5414 meliusque
1771 5350 1946 5414 mente
1974 5347 2061 5414 inf

413 5411 673 5474 telligi‘tur
712 5417 908 5462 rectam
944 5425 1056 5461 esse
1082 5412 1278 5459 lineam
1306 5425 1443 5472 quae
1472 5425 1504 5459 a
1533 5414 1659 5459 nota
1686 5411 1742 5458 in
1772 5413 1952 5459 notam
1981 5411 2061 5458 est

411 5476 746 5533 brevissima,
777 5479 838 5523 ut
866 5476 942 5523 ait
971 5475 1226 5532 Euclides,
1276 5478 1369 5521 aut
1410 5475 1578 5522 lineas
1611 5488 1793 5522 omnes
1821 5487 1853 5521 a
1881 5476 2059 5520 centro

413 5539 481 5586 ad
509 5539 707 5585 circum
735 5541 816 5586 est
841 5550 1013 5600 pares,
1045 5550 1111 5585 ex
1138 5539 1428 5598 praeceptis
1450 5538 1778 5600 geometriae,
1811 5547 1971 5600 quam
1993 5549 2060 5600 ex

415 5600 766 5660 descriptione
789 5597 898 5649 non
930 5600 1086 5649 modo
1115 5597 1368 5660 pulveris,
1417 5600 1506 5647 sed
1553 5613 1620 5648 ne
1651 5597 1915 5647 Parrhasii
1944 5597 2059 5659 qui-

415 5663 536 5712 dem
564 5664 659 5710 aut
689 5662 904 5723 Apellis.
937 5663 1053 5711 Ltm.
1087 5661 1244 5711 Viue.

1419 337 1518 396 DE
1562 330 1929 396 CIVITATE
1970 324 2122 392 DEI,
2169 327 2232 385 S.
2284 323 2703 388 AUGUSTINI

3647 325 3762 387 344

2111 466 2299 532 parte,
2330 466 2388 516 et
2427 462 2622 527 tertia,
2656 464 2714 516 et
2769 460 3034 526 dimidia,
3067 477 3195 532 quas
3253 465 3394 517 sunt
3434 479 3644 533 unum,
3706 474 3765 525 et

2115 541 2254 610 duo,
2285 548 2343 597 et
2372 544 2530 598 tria:
2582 559 2710 614 quae
2742 541 2801 597 in
2842 558 3135 597 summam
3194 543 3387 611 ducta,
3431 561 3529 600 sex
3583 547 3762 602 ﬁunt.

2109 620 2308 676 Partes
2373 634 2566 677 autem
2601 623 2658 676 in
2693 622 2801 676 hac
2859 622 3321 678 consideratione
3379 640 3761 683 numerorum

2109 701 2219 756 illa:
2253 701 2640 772 intelligendas
2672 708 2831 769 sunt,
2861 718 2985 772 quae
3019 708 3206 772 quota:
3243 702 3361 758 sint
3384 707 3494 760 dici
3531 713 3756 777 potest:

2111 783 2265 835 sicut
2286 783 2554 851 dimidia,
2583 785 2773 846 tertia,
2803 788 3032 853 quarta,
3057 786 3113 836 et
3141 783 3414 855 deinceps
3445 786 3517 839 ab
3565 787 3765 859 aliquo

2113 878 2356 917 numero
2389 864 2796 918 denominatre.
2832 863 3029 932 Neque
3061 864 3240 932 enim,
3272 866 3522 936 exempli
3553 872 3761 936 gratia,

2113 944 2252 1013 quia
2283 947 2340 998 in
2401 945 2710 998 novenario
2761 959 3004 999 numero
3061 949 3319 1015 quatuor
3376 961 3510 1016 pars
3554 950 3759 1020 aliqua

2115 1026 2245 1092 ejus
2302 1028 2413 1090 est,
2458 1025 2584 1080 ideo
2639 1025 2751 1080 dici
2800 1030 2993 1096 potest
3022 1031 3202 1096 quota
3248 1027 3379 1096 ejus
3409 1029 3534 1083 sit:
3578 1045 3760 1086 unum

2114 1108 2308 1158 autem
2344 1110 2554 1175 potest,
2587 1121 2722 1161 nam
2756 1122 2908 1161 nona
2953 1106 3082 1176 ejus
3129 1110 3216 1161 est
3249 1124 3262 1173 ;
3311 1112 3369 1162 et
3410 1109 3522 1164 tria
3553 1115 3768 1181 potest,

2117 1199 2252 1238 nam
2295 1185 2470 1240 tertia
2525 1185 2652 1256 ejus
2683 1192 2790 1240 est.
2853 1186 3198 1254 Conjunctaa
3253 1202 3388 1243 vero
3448 1189 3576 1244 ista:
3637 1193 3770 1247 dum

2118 1271 2310 1333 partes
2330 1265 2482 1334 ejus,
2508 1282 2666 1321 nona
2685 1265 2910 1320 scilicet
2940 1271 3118 1337 atque
3144 1267 3330 1337 tertia,
3362 1267 3420 1323 id
3452 1275 3558 1336 est,
3580 1287 3763 1329 unum

2115 1347 2172 1399 et
2201 1344 2330 1414 tria,
2384 1344 2557 1416 longe
2599 1351 2740 1400 sunt
2767 1362 2800 1400 a
2829 1350 2952 1400 tota
2999 1362 3236 1402 summa
3283 1348 3432 1418 eius,
3491 1352 3646 1420 quod
3681 1353 3778 1409 est

2117 1439 2343 1482 novem.
2380 1425 2639 1496 Itemque
2661 1426 2718 1480 in
2751 1426 2989 1481 denario
3012 1427 3423 1497 quaternarius
3453 1435 3542 1486 est
3571 1430 3775 1503 aliqua

2118 1521 2254 1576 pars
2283 1506 2406 1575 ejus
2439 1523 2453 1574 ;
2485 1507 2586 1561 sed
2617 1511 2795 1578 quota
2838 1510 2915 1561 sit
2952 1507 3062 1562 dici
3126 1525 3241 1563 non
3299 1515 3492 1580 potest
3523 1528 3535 1566 :
3581 1529 3768 1571 unum

2116 1592 2307 1640 autem
2344 1590 2530 1655 potest
2563 1603 2577 1653 ;
2611 1603 2744 1640 nam
2779 1587 3003 1641 decima
3034 1603 3140 1659 par
3168 1589 3325 1659 sejus
3360 1600 3461 1648 est.
3497 1591 3684 1648 Habet
3714 1599 3776 1650 et

2119 1668 2408 1736 quintam,
2443 1667 2597 1736 quod
2620 1672 2754 1720 sunt
2783 1668 2938 1721 duo:
2974 1667 3148 1722 habet
3176 1676 3229 1723 et
3260 1669 3592 1737 dimidiam,
3616 1676 3772 1744 quod

2121 1748 2260 1800 sunt
2314 1745 2588 1815 quinque.
2622 1746 2732 1800 Sed
2768 1745 2853 1799 has
2877 1751 2996 1800 tres
3031 1753 3223 1816 partes
3281 1750 3429 1817 ejus,
3464 1750 3694 1805 decima
3725 1759 3783 1807 et

2119 1833 2325 1904 quinta
2354 1839 2411 1886 et
2439 1833 2706 1897 dimidia,
2739 1834 2798 1888 id
2827 1840 2916 1888 est
2949 1851 3132 1890 unum
3163 1841 3220 1890 et
3249 1837 3364 1892 duo
3390 1843 3446 1892 et
3475 1839 3758 1910 quinque,

2123 1910 2299 1966 simul
2329 1911 2516 1966 ductae
2540 1929 2648 1967 non
2670 1913 2967 1980 complent
2997 1915 3186 1968 decem
3221 1931 3235 1969 τ
3268 1921 3407 1970 sunt
3436 1917 3591 1971 enim
3618 1928 3768 1976 octo.

2123 1990 2474 2046 Duodenarii
2498 2009 2628 2048 vero
2659 1999 2852 2064 partes
2885 1995 3110 2048 numeri
3137 1993 3194 2049 in
3229 2011 3522 2051 summam
3557 1998 3774 2064 ductas,

2122 2074 2436 2126 transeunt
2465 2087 2597 2127 eum
2635 2089 2648 2128 :
2684 2073 2858 2128 habet
2916 2073 3071 2128 enim
3130 2074 3559 2144 duodecimam,
3613 2081 3768 2150 quod

2123 2155 2215 2205 est
2265 2166 2471 2218 unum;
2532 2152 2709 2206 habet
2739 2158 2985 2218 sextam,
3035 2169 3164 2224 qum
3221 2160 3358 2210 sunt
3388 2157 3503 2212 duo
3543 2177 3557 2226 ;
3592 2158 3776 2215 habet

2127 2241 2414 2303 quartam,
2446 2248 2576 2303 quae
2607 2239 2746 2288 sunt
2777 2234 2886 2288 tria
2918 2251 2933 2301 ;
2967 2234 3144 2290 habet
3192 2237 3422 2291 tertiam
3456 2253 3578 2308 quas
3636 2247 3777 2294 sunt

2127 2319 2376 2383 quatuor
2410 2331 2423 2380 ;
2458 2314 2632 2368 bahet
2660 2320 2716 2369 et
2746 2314 3067 2378 dimidiam.
3104 2332 3234 2387 qua:
3251 2325 3387 2372 sunt
3417 2334 3514 2374 sex
3546 2335 3770 2376 :unum

2125 2399 2318 2448 autem
2351 2398 2408 2448 et
2435 2394 2552 2448 duo
2581 2399 2641 2450 et
2696 2395 2811 2449 tria
2837 2400 2894 2450 et
2925 2402 3176 2466 quatuor
3205 2402 3263 2451 et
3293 2413 3415 2466 sex,
3478 2416 3590 2454 non
3623 2400 3775 2455 duo-

2128 2471 2337 2540 decim,
2371 2473 2471 2528 sed
2523 2473 2801 2544 amplius,
2831 2473 2888 2528 id
2948 2479 3055 2543 est,
3115 2477 3406 2533 sexdecim
3456 2479 3624 2535 ﬁunt.
3659 2480 3778 2535 Hoc

2129 2552 2379 2608 breviter
2407 2555 2988 2609 commemorandum
3033 2556 3227 2626 putavi
3252 2556 3326 2612 ad
3353 2560 3775 2616 commendan-

2130 2632 2266 2688 dam
2301 2633 2514 2688 senarii
2546 2635 2775 2688 numeri
2819 2635 3260 2705 perfectionem,
3303 2637 3402 2708 qui
3436 2638 3682 2709 primus,
3714 2644 3777 2695 ut

2131 2714 2272 2782 dixi,
2306 2715 2568 2785 partibus
2600 2715 2723 2770 suis
2752 2715 2812 2770 in
2844 2732 3136 2771 summam
3173 2718 3418 2773 redactis
3460 2721 3582 2789 ipse
3641 2736 3776 2789 per-

2131 2795 2327 2850 ﬁcitur
2363 2813 2377 2850 :
2412 2797 2469 2849 in
2502 2813 2619 2866 quo
2651 2796 2893 2866 perfecit
2925 2796 3078 2852 Deus
3109 2813 3284 2869 opera
3313 2815 3420 2854 sua
3475 2801 3571 2868 (a).
3610 2800 3777 2857 Unde

2133 2875 2280 2929 ratio
2313 2877 2540 2930 numeri
2571 2879 3001 2932 contemnenda
3036 2894 3150 2933 non
3179 2883 3287 2944 est,
3321 2894 3448 2950 quas
3479 2881 3536 2933 in
3572 2881 3782 2936 multis

2133 2958 2468 3009 sanctarum
2499 2954 2936 3024 Scripturarum
2971 2955 3138 3023 locis,
3170 2973 3341 3026 quam
3382 2958 3577 3027 magni
3612 2959 3784 3014 essti-

2135 3035 2345 3088 manda
2363 3036 2460 3098 sit,
2480 3033 2667 3090 elucet
2687 3036 2996 3106 diligenter
3019 3039 3403 3094 intuentibus.
3425 3037 3542 3094 Nec
3564 3040 3784 3096 frustra

2133 3115 2192 3170 in
2226 3115 2498 3172 laudibus
2530 3117 2627 3170 Dei
2661 3118 2885 3172 dictum
2942 3123 3048 3180 est,
3079 3120 3281 3175 Omnia
3335 3121 3396 3174 in
3442 3137 3704 3178 mensura
3735 3132 3786 3179 et

2132 3213 2361 3254 numero
2381 3203 2435 3252 et
2463 3199 2701 3268 pondere
2731 3199 3054 3272 disposuisti
3083 3201 3239 3273 (Sap.
3272 3218 3353 3269 x1,
3383 3203 3493 3272 21).

2135 3386 2368 3444 CAPUT
2399 3385 2606 3442 XXXI.
2638 3418 2709 3426 —
2740 3387 2812 3442 De
2839 3386 2928 3442 dic
2954 3388 3200 3458 septimo,
3235 3390 3294 3443 in
3341 3404 3445 3461 quo
3502 3388 3784 3462 plenitudo

2559 3470 2607 3522 ct
2656 3469 2874 3540 requies
2915 3469 3346 3526 commendatur.

2210 3630 2273 3683 In
2335 3629 2582 3700 septimo
2615 3633 2806 3684 autem
2841 3630 2954 3696 die,
2988 3630 3042 3686 id
3077 3635 3166 3687 est
3195 3631 3401 3686 eodem
3447 3631 3544 3688 die
3573 3631 3790 3702 septies

2140 3708 2404 3780 repetito,
2439 3710 2535 3779 qui
2570 3727 2852 3766 numerus
2885 3711 3058 3766 etiam
3103 3713 3225 3783 ipse
3255 3712 3370 3768 alia
3401 3712 3623 3768 ratione
3655 3729 3794 3784 per-

2140 3790 2323 3846 fectus
2353 3797 2461 3851 est,
2495 3792 2596 3847 Dei
2631 3793 2859 3863 requies
2893 3795 3362 3858 commendatur,
3398 3794 3455 3848 in
3501 3809 3618 3866 qua
3668 3794 3793 3865 pri-

2138 3885 2292 3924 mum
2321 3873 2707 3928 sanctiﬁcatio
2739 3878 2904 3928 sonat
2935 3872 3089 3944 (Gen.
3124 3889 3190 3940 ιι,
3220 3877 3274 3941 2,
3316 3873 3369 3943 3)
3393 3874 3488 3946 (ὁ).
3524 3876 3607 3929 Ita
3639 3873 3794 3930 Deus

2141 3951 2330 4006 noluit
2359 3951 2537 4007 istum
2570 3953 2722 4007 diem
2757 3954 2817 4008 in
2850 3952 2983 4008 ullis
3041 3953 3168 4008 suis
3221 3955 3494 4022 operibus
3538 3953 3797 4008 sanctiﬁ-

2141 4046 2290 4099 care,
2324 4033 2419 4087 sed
2454 4033 2512 4086 in
2546 4034 2746 4104 requie
2779 4049 2905 4101 sua,
2937 4051 3068 4098 qua:
3092 4050 3207 4088 non
3241 4034 3416 4088 habet
3446 4049 3792 4104 vesperam:

2144 4127 2332 4181 neque
2351 4112 2506 4165 enim
2532 4111 2647 4166 ulla
2678 4119 2945 4168 creatura
2965 4120 3075 4180 est,
3098 4115 3350 4169 utetiam
3381 4114 3508 4184 ipsa
3537 4114 3611 4186 (ι’)
3627 4113 3799 4170 aliter

2143 4191 2202 4247 in
2235 4192 2332 4247 Dei
2366 4193 2574 4262 Verbo,
2607 4194 2770 4250 aliter
2800 4197 2858 4250 in
2892 4212 2954 4251 se
2974 4196 3225 4268 cognita,
3247 4195 3418 4251 faciat
3439 4195 3610 4251 aliam
3635 4196 3800 4252 velut

2145 4271 2437 4337 diurnam,
2497 4273 2674 4327 aliam
2718 4275 2876 4330 velut
2945 4277 3331 4346 vespertinam
3383 4276 3672 4331 notitiam.
3717 4276 3800 4332 De

2149 4351 2454 4420 septenarii
2495 4367 2662 4421 porro
2723 4355 2951 4410 numeri
2989 4356 3342 4426 perfectione
3399 4355 3512 4409 dici
3563 4356 3800 4426 quidem

2149 4430 2316 4502 plura
2348 4439 2587 4499 possunt
2624 4449 2637 4488 :
2673 4435 2769 4488 sed
2805 4443 2858 4490 et
2905 4435 3052 4490 liber
3086 4439 3194 4491 iste
3216 4438 3338 4507 jam
3375 4435 3631 4506 prolixus
3663 4440 3756 4491 est
3785 4453 3801 4504 ;

2151 4514 2208 4564 et
2241 4525 2434 4565 vereor
2468 4528 2538 4568 ne
2570 4515 2876 4569 occasione
2922 4521 3238 4584 comperta,
3272 4513 3636 4570 scientiolam
3670 4531 3806 4571 nos-

2151 4593 2300 4644 tram
2325 4589 2526 4646 leviter
2559 4595 2748 4664 magis
2801 4611 2977 4664 quam
3039 4593 3257 4649 utiliter
3281 4595 3505 4665 jactare
3537 4593 3685 4650 velle
3716 4594 3807 4650 vi-

2153 4672 2414 4726 deamur.
2448 4672 2726 4729 Habenda
2781 4679 2868 4729 est
2924 4673 3120 4746 itaque
3177 4676 3323 4729 ratio
3384 4673 3806 4730 moderationis

2156 4761 2327 4823 atque
2357 4755 2679 4824 gravitatis,
2714 4769 2785 4809 ne
2817 4755 2963 4810 forte
2995 4771 3126 4810 cum
3162 4755 3231 4810 de
3263 4770 3504 4810 numero
3539 4755 3800 4812 multum

2157 4830 2473 4903 loquimur,
2508 4850 2840 4890 mensuram
2875 4840 2931 4890 et
2963 4835 3193 4905 pondus
3227 4833 3518 4906 negligere
3573 4835 3804 4904 judice-

2159 4927 2312 4966 mur.
2373 4913 2490 4968 Hoc
2552 4914 2748 4985 itaque
2779 4913 2924 4969 satis
2979 4913 3057 4969 sit
3085 4914 3420 4978 admonere,
3453 4914 3610 4986 quod
3642 4919 3806 4972 totus

2159 4993 2350 5064 impar
2409 4995 2635 5062 primus
2695 5011 2976 5049 numerus
3035 4997 3324 5049 ternarius
3366 5001 3473 5062 est,
3509 4999 3670 5050 totus
3702 5012 3810 5066 par

2160 5073 2569 5142 quaternarius
2631 5089 2644 5127 :
2703 5089 2772 5130 ex
2841 5076 3056 5144 quibus
3135 5075 3369 5130 duobus
3434 5075 3810 5144 septenarius

2159 5407 2199 5455 Π
2202 5346 2313 5456 1)(ai‘
2327 5344 2478 5456 Cong
2505 5344 2599 5456 13).
2629 5346 2658 5392 4
2687 5346 2751 5393 de
2781 5345 2909 5396 Gen.
2939 5346 3007 5394 ad
3035 5344 3179 5407 Litt.,
3211 5359 3268 5394 n:
3296 5343 3344 5403 2,
3374 5344 3423 5406 7,
3455 5345 3507 5393 et
3535 5344 3600 5394 de
3618 5342 3814 5392 Trlnit.

2243 5447 2252 5456 .
2321 5445 2332 5456 .
2362 5421 2398 5456 ιι
2485 5445 2496 5456 .
2564 5444 2574 5455 .

2243 5421 2574 5467 4,111.9.

2162 5471 2290 5580 37(ὁ)
2323 5472 2432 5518 Lib.
2466 5470 2496 5518 5
2523 5471 2586 5519 de
2617 5469 2743 5520 Gen.
2774 5471 2842 5518 ad
2871 5471 3012 5526 Litt.,
3062 5483 3116 5517 n.
3175 5469 3219 5528 1,
3265 5467 3311 5528 3,
3349 5471 3403 5518 et
3439 5467 3531 5517 lib.
3565 5470 3615 5532 4,
3644 5483 3700 5518 ιι.
3731 5468 3818 5525 31,

2223 5569 2302 5704 ('c)t
2344 5595 2472 5655 Ipsa
2523 5595 2721 5645 scilicet
2767 5595 2975 5658 requies
3022 5595 3132 5656 Dei,
3184 5607 3322 5657 quae
3366 5607 3471 5644 non
3521 5595 3602 5643 est
3631 5594 3823 5657 aliqua

2223 5670 2281 5704 ea
2301 5670 2422 5704 .ura.

2162 5670 2403 5707 creatura
2412 5695 2422 5704 .
