4138 6192
233 360 337 422 345

237 493 473 548 constat.
532 489 666 544 Ideo
708 503 809 558 pro
855 486 1122 542 universo
1171 501 1325 557 saepe
1384 483 1638 553 ponitur,
1695 479 1865 536 sicuti

236 579 330 638 est,
363 568 571 640 Septies
599 567 750 623 cadet
769 568 978 638 justus,
1009 569 1336 640 etresurget
1368 562 1862 640 (Prov._‘x_x1v‘,t6).:

236 644 283 698 id
313 633 936 712 est,'qnotiescumque
967 633 1265 704 ceciderit,
1293 633 1407 693 non
1444 635 1669 706 peribit.
1702 633 1864 699 Quod

237 739 342 778 non
387 723 459 777 de
519 719 953 791 iniquitatibus,
1014 717 1118 773 sed
1149 719 1219 773 de
1275 715 1747 772 tribulationibus
1791 712 1862 766 ad

235 800 617 858 humilitatem
697 798 1152 869 perducentibus
1212 797 1455 867 intelligi
1516 794 1713 849 voluit.
1776 792 1861 855 Et,

231 882 430 951 Septies
481 883 540 935 in
569 878 658 934 die
703 880 934 934 laudabo
981 884 1031 934 te
1061 879 1231 948 (Psat.
1291 876 1661 945 cxvm,164).
1708 873 1865 939 Quod

233 963 360 1020 alibi
395 961 507 1018 alio
540 962 711 1016 modo
742 961 962 1017 dictum
995 967 1085 1016 est
1117 977 1130 1017 :
1189 962 1414 1030 Semper
1464 960 1584 1014 laus
1636 959 1752 1026 eius
1803 954 1866 1011 in

231 1061 318 1101 ore
349 1059 464 1098 meo
494 1043 666 1114 (Psat.
694 1058 891 1106 χχχιιι,
910 1041 990 1114 2).
1017 1041 1085 1096 Et
1116 1040 1300 1096 multa
1330 1038 1665 1110 hujusmodi
1686 1038 1746 1091 in
1777 1036 1864 1090 di-

233 1125 380 1180 vinis
409 1122 852 1180 auctoritatibus
911 1122 1299 1194 reperiuntur,
1341 1121 1400 1175 in
1435 1121 1650 1192 quibus
1681 1121 1871 1188 septe-

233 1205 433 1261 narius
466 1220 767 1273 numerus,
801 1208 866 1258 ut
895 1203 1035 1269 dixi,
1070 1219 1173 1275 pro
1205 1203 1492 1273 cujusque
1524 1201 1603 1256 rei
1638 1199 1871 1253 univer-

233 1288 400 1343 sitate
432 1285 569 1357 poni
598 1285 764 1341 solet.
797 1290 1041 1356 Propter
1070 1284 1180 1340 hoc
1209 1285 1412 1340 eodem
1442 1299 1594 1353 saepe
1632 1296 1871 1336 numero

231 1367 594 1439 significatur
621 1365 868 1437 Spiritus
893 1368 1137 1422 sanctus
1169 1365 1269 1437 (a),
1325 1364 1395 1420 de
1427 1379 1542 1436 quo
1588 1362 1872 1416 Dominus

231 1447 329 1512 ait,
352 1446 576 1503 Docebit
606 1461 696 1503 vos
723 1461 942 1502 omnem
970 1447 1261 1501 veritatem
1293 1445 1471 1517 (Joan.
1503 1459 1616 1508 ινι,
1648 1440 1755 1512 t3).
1787 1440 1871 1495 lbi

233 1530 466 1600 requies
487 1528 611 1594 Dei,
631 1544 745 1600 qua
773 1526 1148 1598 requiescitur
1173 1526 1231 1581 in
1257 1528 1386 1582 Deo.
1411 1527 1473 1580 In
1495 1529 1614 1580 toto
1634 1522 1870 1594 quippe,

229 1611 278 1664 id
303 1618 394 1664 est
427 1609 483 1663 in
507 1608 677 1679 plena
697 1608 1064 1677 perfectione,
1092 1606 1320 1678 requies
1347 1626 1362 1675 ;
1395 1606 1454 1662 in
1488 1609 1651 1676 parte
1681 1607 1870 1658 autem

226 1689 412 1744 labor.
450 1690 582 1744 Ideo
615 1688 974 1751 laboramus,
1009 1688 1287 1758 quamdiu
1321 1704 1389 1742 ex
1427 1691 1587 1758 parte
1615 1685 1872 1752 scimus;

225 1771 326 1826 sed
363 1785 498 1825 cum
533 1769 750 1824 venerit
773 1770 922 1839 quod
950 1771 1266 1840 perfectum
1291 1775 1399 1837 est,
1434 1769 1588 1840 quod
1617 1783 1687 1822 ex
1716 1772 1875 1836 parte

220 1855 308 1906 est
344 1849 729 1905 evacuabitur
761 1848 802 1915 (Ι
836 1852 952 1905 Cor.
1013 1865 1135 1917 xm,
1166 1850 1222 1917 9,
1258 1850 1366 1921 10).
1401 1849 1548 1904 Hinc
1596 1854 1685 1904 est
1715 1849 1871 1919 quod

221 1934 401 1987 etiam
426 1930 760 2001 Scripturas
783 1931 926 1986 istas
954 1946 1088 1985 cum
1120 1932 1318 1985 labore
1337 1931 1642 1987 rimamur.
1678 1928 1873 1983 Sancti

221 2025 358 2065 vero
393 2011 621 2081 Angeli,
653 2011 725 2065 ad
761 2013 776 2046 ¹
811 2025 1054 2081 quorum
1109 2011 1441 2066 societatem
1474 2017 1532 2066 et
1559 2024 1877 2080 congrega-

221 2090 451 2146 tionem
484 2091 544 2146 in
588 2092 697 2146 hac
755 2091 1218 2162 peregrinatione
1247 2089 1708 2146 laboriosissime
1743 2105 1875 2144 sns-

218 2171 514 2240 piramus,
547 2171 701 2227 sicut
722 2171 940 2225 habent
962 2172 1336 2240 permanendi
1367 2169 1774 2236 aeternitatem,
1795 2167 1879 2223 ita

218 2253 624 2323 cognoscendi
658 2251 997 2307 facilitatem
1019 2261 1074 2306 et
1095 2251 1495 2322 requiescendi
1520 2250 1875 2305 felicitatem.

212 2331 369 2386 Sine
411 2331 760 2386 difficultate
791 2332 1006 2402 quippe
1063 2348 1170 2386 nos
1224 2331 1554 2401 adjuvant;
1599 2327 1877 2399 quoniam

207 2409 644 2544 spirtitualibus
703 2411 958 2466 motibus
1014 2409 1178 2482 puris
1226 2419 1281 2466 et
1311 2409 1508 2467 liberis
1561 2425 1679 2464 non
1721 2407 1880 2464 labo-

213 2506 333 2544 ran
373 2531 390 2544 .

213 2506 390 2546 rant.

211 2699 460 2756 CAPUT
489 2698 719 2754 XXXII.
753 2703 922 2756 —De
949 2701 1216 2769 opinione
1265 2715 1456 2756 eorum
1501 2701 1596 2772 qui
1643 2699 1881 2770 Angelo-
1964 2716 1966 2718 '

282 2779 820 2912 rumdcreationem
873 2779 1209 2836 anteriorem
1266 2780 1459 2835 volunt
1523 2795 1655 2850 esse,
1715 2793 1884 2850 quam

285 2875 432 2912 mun
475 2876 515 2912 ι.

285 2875 515 2915 munaz.

289 3027 383 3083 Ne
415 3025 549 3097 quis
580 3029 774 3081 autem
806 3024 1137 3096 contendat,
1189 3027 1244 3080 et
1285 3024 1438 3079 dicat
1476 3040 1591 3078 non
1647 3027 1884 3079 sanctos

219 3107 486 3180 Angelos
512 3123 632 3163 esse
662 3107 1036 3179 significatos,
1069 3106 1126 3161 in
1160 3121 1226 3163 eo
1271 3105 1426 3177 quod
1459 3106 1739 3176 scriptum
1772 3111 1885 3172 est,

221 3192 350 3246 Fiat
377 3190 505 3256 tux,
537 3193 588 3245 et
617 3189 776 3258 facta
804 3193 879 3245 est
911 3189 1044 3251 tux;
1067 3189 1166 3243 sed
1191 3188 1512 3260 quamlibet
1532 3185 1721 3242 lucem
1747 3191 1885 3242 tunc

223 3272 499 3343 primum
536 3269 743 3325 factam
771 3286 900 3324 esse
929 3284 1264 3340 corpoream
1316 3273 1416 3323 aut
1462 3267 1754 3337 cpinetur,
1786 3269 1888 3321 aut

223 3354 435 3408 doceat
464 3368 478 3407 :
511 3351 762 3420 Angelos
793 3359 988 3406 autem
1021 3350 1181 3421 prius
1212 3366 1339 3405 esse
1371 3351 1575 3415 factos,
1611 3365 1723 3403 non
1757 3353 1886 3402 tan-

225 3440 355 3488 tum
390 3437 531 3487 ante
560 3431 1013 3501 firmamentum,
1045 3432 1198 3502 quod
1232 3429 1384 3484 inter
1414 3445 1594 3499 aquas
1623 3435 1679 3482 et
1707 3443 1891 3498 aquas

227 3515 488 3576 factum,
520 3511 873 3584 appellatum
909 3517 998 3566 est
1026 3511 1260 3577 coelum,
1295 3510 1392 3566 sed
1417 3518 1547 3563 ante
1569 3507 1711 3562 illud
1736 3507 1891 3576 quod

221 3594 465 3648 dictum
500 3594 696 3662 est,1n
726 3592 1001 3660 principio
1021 3594 1151 3662 fecit
1182 3592 1318 3646 Deus
1346 3591 1539 3644 caelum
1571 3592 1625 3641 et
1644 3590 1852 3642 terram
1873 3601 1892 3640 :

225 3682 415 3747 atque
451 3673 596 3728 illud
631 3676 781 3741 quod
833 3673 1054 3727 dictum
1088 3676 1197 3735 est,
1229 3673 1292 3726 In
1324 3671 1614 3738 principio,
1667 3683 1778 3722 non
1814 3666 1894 3720 ita

225 3757 462 3810 dictum
500 3759 774 3822 tanquam
809 3754 1064 3824 primum
1099 3753 1207 3806 hoc
1239 3753 1449 3806 factum
1483 3750 1582 3812 sit,
1602 3763 1732 3800 cum
1763 3751 1898 3801 ante

227 3836 440 3891 fecerit
474 3836 731 3905 Angelos
755 3852 769 3902 ;
792 3836 887 3890 sed
924 3836 1061 3905 quia
1093 3831 1290 3888 omnia
1320 3832 1376 3885 in
1429 3829 1713 3900 sapientia
1744 3825 1896 3889 fecit,

231 3919 401 3988 quod
437 3922 533 3972 est
560 3915 807 3971 Verbum
838 3917 984 3985 ejus,
1017 3920 1076 3969 et
1119 3914 1309 3985 ipsum
1361 3910 1654 3982 Scriptura
1687 3907 1900 3988 princi-

231 3985 408 4070 pium
449 3995 811 4063 nominavit;
863 3997 1012 4050 sicut
1054 3992 1177 4063 ipse
1224 3993 1284 4047 in
1329 3988 1638 4061 Evangelio
1684 3985 1902 4070 Judaeis

233 4067 652 4150 quaerentibus
680 4079 811 4148 quis
840 4079 1014 4142 esset,
1049 4072 1351 4146 respondit
1399 4086 1459 4126 so
1512 4084 1638 4125 esse
1683 4067 1903 4139 princi-

232 4163 409 4232 pium
446 4160 632 4218 (Joan.
664 4175 784 4226 vni,
815 4157 928 4228 25).
959 4157 1083 4211 Non
1116 4170 1146 4210 e
1175 4152 1462 4209 contrario
1494 4150 1737 4232 referam
1768 4163 1904 4202 con-

235 4229 602 4304 tentionem,
620 4238 871 4293 maxime
892 4237 1031 4308 quia
1048 4236 1156 4291 hoc
1179 4251 1269 4290 me
1293 4233 1540 4288 delectat
1562 4229 1904 4306 plurimum,

234 4323 403 4392 quod
442 4319 620 4375 etiam
653 4319 710 4374 in
745 4333 980 4374 summo
1001 4316 1232 4371 exordio
1255 4314 1442 4370 sancti
1462 4311 1594 4366 libri
1618 4310 1907 4366 Geneseos

232 4391 515 4458 Trinitas
547 4401 1008 4457 commendatur.
1053 4399 1199 4454 Cum
1251 4397 1402 4451 enim
1450 4395 1530 4450 ita
1577 4393 1810 4456 dicitur,
1844 4391 1907 4446 1n

231 4485 535 4554 principio
564 4481 694 4549 fecit
725 4482 863 4536 Deus
893 4479 1085 4534 caelum
1107 4479 1156 4532 et
1181 4481 1406 4542 terram,
1434 4481 1492 4528 ut
1514 4474 1680 4554 Pater
1703 4471 1911 4554 fecisse

237 4552 624 4633 intelligatur
651 4563 710 4617 in
744 4561 912 4626 Filio,
945 4559 1095 4614 sicut
1135 4561 1440 4612 attestatur
1488 4552 1775 4613 Psalmus,
1812 4552 1912 4605 ubi

235 4643 503 4717 legitur,
534 4644 709 4713 Quam
738 4642 1098 4711 magniﬁcata
1123 4640 1253 4692 sunt
1298 4651 1465 4707 opera
1494 4633 1916 4717 tua,_Dominc!

233 4714 448 4782 omnia
493 4725 555 4780 in
598 4725 884 4796 sapientia
938 4721 1120 4792 fecisti
1161 4718 1337 4792 (Psat.
1389 4732 1510 4782 cm,
1551 4714 1683 4796 24):
1716 4727 1914 4796 conve-

237 4806 638 4864 nientissime
669 4791 844 4876 paulo
877 4791 1006 4874 post
1035 4791 1525 4856 commemoratur
1576 4794 1747 4848 etiam
1779 4791 1919 4876 Spi—

239 4889 407 4945 ritus
463 4870 722 4943 sanctus.
773 4870 919 4939 Cum
976 4881 1133 4937 enim
1184 4879 1406 4934 dictum
1452 4878 1627 4939 esset,
1688 4870 1917 4941 qualem

240 4979 482 5026 terram
530 4968 685 5024 Deus
744 4963 1014 5038 primitus
1072 4960 1290 5027 fecerit,
1336 4957 1423 5013 vel
1480 4967 1657 5038 quam
1711 4949 1917 5038 molem

243 5049 646 5104 materiamve
696 5030 901 5101 futura:
951 5038 1404 5098 constructionis
1455 5032 1657 5091 mundi
1706 5030 1835 5087 coeli
1865 5033 1922 5085 et

238 5135 432 5186 terras
450 5127 689 5184 nomine
714 5123 1157 5196 nuncupaverit,
1173 5115 1536 5189 subjiciendo
1557 5111 1916 5196 etaddendo,

241 5210 429 5265 Terra
463 5214 650 5264 autem
685 5213 805 5263 erat
845 5195 1152 5260 invisibilis
1193 5206 1245 5255 et
1295 5201 1572 5269 imposita,
1604 5197 1656 5250 et
1684 5195 1920 5248 tenebrw

239 5301 423 5349 erant
457 5304 623 5362 super
650 5289 904 5360 abyssum
929 5301 948 5338 :
983 5298 1112 5339 mox
1142 5287 1201 5336 ut
1227 5278 1527 5334 Trinitatis
1566 5286 1920 5330 commemo-

311 5587 329 5620 ι
369 5581 510 5631 Mss.
541 5579 801 5629 omittunt
827 5573 1158 5638 particulam,
1193 5569 1316 5638 _ad
1366 5568 1419 5617 et
1463 5578 1530 5615 ex
1559 5563 1646 5612 his
1677 5560 1926 5611 nonnulli

238 5645 491 5702 habent,
526 5641 774 5692 societati
803 5631 853 5702 et
883 5631 1319 5702 congregationi.

309 5709 400 5770 (a)
439 5698 594 5756 eam.
624 5717 783 5755 eam.
815 5701 866 5764 8,
887 5714 943 5750 ιι.
975 5698 1050 5749 13.

1522 351 1750 412 LIBER
1794 346 2272 410 UNDECIMUS.

3499 351 3616 410 346

1976 479 2125 534 ratio
2157 479 2557 550 compleretur.
2593 483 2658 534 Et
2685 478 2917 550 spiritus
2943 478 3156 550 inquit,
3183 481 3278 536 Dei
3303 485 3616 554 superfere-

1975 559 2138 614 batur
2165 576 2328 631 super
2363 576 2562 631 aquam
2593 562 2744 629 (Gen.
2779 577 2819 628 ι,
2857 561 3004 630 1-3).
3055 560 3302 617 Proinde
3351 568 3414 618 ut
3467 565 3619 620 volet

1973 643 2222 711 quisque
2251 641 2518 711 accipiat,
2553 641 2706 712 quod
2756 640 2838 695 ita
2883 641 3235 711 profundum
3282 647 3507 710 est,,ut
3545 645 3616 700 ad

1972 720 2412 776 exrcitationem
2443 721 2761 791 legentium
2795 738 2828 775 a
2858 720 2991 776 fidei
3040 723 3239 790 regula
3282 738 3397 778 non
3452 725 3618 778 aber-

1973 808 2163 855 rantes
2207 801 2407 872 plures
2468 802 2653 872 possit
2727 817 3001 873 generare
3059 802 3416 857 sententias:
3477 804 3616 859 dum

1972 883 2168 934 tamen
2214 880 2470 952 Angelos
2513 885 2747 936 sanctos
2804 881 2860 934 in
2915 879 3269 936 sublimibus
3318 882 3618 953 sedibus‘,

1972 975 2087 1015 non
2121 962 2356 1031 quidem
2391 962 2505 1016 Deo
2537 967 2874 1031 coaeternos,
2906 961 3006 1015 sed
3039 965 3234 1015 tamen
3255 962 3326 1016 de
3349 979 3453 1016 sua
3474 979 3623 1018 sem-

1976 1041 2199 1112 piterna
2244 1048 2298 1098 et
2347 1059 2482 1098 vera
2526 1043 2801 1098 felicitate
2870 1058 3103 1098 securos
3151 1047 3206 1097 et
3246 1047 3435 1098 certos
3476 1059 3621 1114 esse,

1977 1137 2148 1177 nemo
2194 1122 2473 1192 ambigat.
2518 1123 2602 1178 Ad
2654 1140 2901 1195 quorum
2953 1123 3285 1179 societatem
3334 1124 3625 1193 pertinere

1976 1201 2247 1272 parvulos
2297 1219 2435 1258 suos
2469 1203 2747 1258 Dominus
2795 1205 3030 1270 docens,
3064 1219 3181 1258 non
3239 1203 3428 1258 solum
3477 1203 3624 1258 illud

1977 1283 2077 1352 ait,
2124 1285 2300 1339 Erunt
2337 1285 2572 1356 mquales
2619 1285 2849 1357 Angelis
2909 1284 3006 1338 Dei
3049 1283 3240 1338 Matth.
3297 1300 3440 1352 xxn,
3491 1284 3624 1356 30):

1977 1379 2176 1419 verum
2207 1365 2317 1436 ipsi
2352 1383 2583 1438 quoque
2615 1365 2814 1437 Angeli
2847 1380 2956 1436 qua
2986 1363 3477 1434 contemplatione
3505 1365 3622 1419 fru-

1981 1447 2172 1512 antur,
2207 1445 2478 1514 ostendit,
2505 1446 2603 1501 ubi
2636 1446 2735 1515 ait,
2759 1446 2936 1501 Videte
2960 1461 3030 1499 ne
3068 1445 3435 1500 contemnatis
3455 1461 3627 1499 unum

1979 1526 2292 1596 expusittis
2314 1528 2471 1582 istis:
2505 1527 2624 1582 dico
2653 1526 2802 1582 enim
2846 1526 2994 1581 vobis
3038 1528 3165 1596 quia
3211 1525 3408 1593 Angeti
3436 1542 3624 1582 eorum

1979 1608 2040 1660 in
2083 1605 2236 1660 cretis
2283 1622 2497 1674 semper
2541 1607 2719 1662 vident
2759 1609 2962 1677 faciem
3010 1607 3194 1661 Patris
3239 1606 3371 1672 mei,
3422 1607 3522 1676 qui
3566 1607 3627 1661 in

1978 1686 2130 1742 cretis
2151 1695 2230 1742 est
2261 1687 2360 1759 (Id.
2394 1705 2554 1756 xvm,
2589 1689 2694 1760 10).

1981 1813 2208 1870 CAPUT
2237 1814 2500 1871 XXXIII.
2533 1844 2602 1856 --
2631 1816 2704 1870 De
2733 1813 2942 1869 duabus
2980 1814 3306 1884 Angelorum
3349 1812 3630 1868 societati-

2055 1896 2151 1949 bus
2179 1893 2414 1950 diversis
2443 1904 2606 1966 atque
2652 1895 2992 1964 disparibus,
3043 1911 3160 1964 quae
3189 1909 3298 1948 non
3328 1894 3630 1962 incongrue

2054 1973 2452 2043 intettiguntur
2482 1974 2620 2031 lueis
2658 1983 2708 2031 et
2755 1977 3109 2031 tenebrarum
3137 1973 3452 2029 nominibus
3481 1989 3628 2027 nun-

2055 2058 2285 2124 cupatae.

2057 2167 2335 2218 Peccasse
2382 2167 2572 2218 autem
2621 2162 2900 2232 quosdam
2952 2161 3213 2232 angelos,
3268 2164 3324 2215 et
3366 2159 3428 2214 in
3457 2159 3635 2228 hujus

1985 2241 2189 2295 mundi
2221 2241 2338 2296 ima
2368 2243 2659 2311 detrusos,
2691 2241 2792 2312 qui
2823 2241 2907 2297 eis
2925 2241 3082 2295 velut
3111 2255 3303 2296 carcer
3324 2243 3433 2307 est,
3459 2254 3636 2307 usque

1985 2321 2056 2377 ad
2092 2321 2340 2376 futuram
2375 2322 2434 2376 in
2477 2323 2571 2377 die
2601 2322 2811 2392 judicii
2864 2321 3130 2376 ultimam
3180 2321 3635 2384 damnationem,

1985 2401 2284 2472 apostolus
2316 2407 2517 2458 Petrus
2545 2403 2915 2472 apertissime
2945 2402 3216 2468 ostendit,
3237 2401 3454 2465 dicens,
3485 2401 3636 2470 quod

1987 2484 2143 2540 Deus
2173 2485 2399 2556 angelis
2430 2482 2804 2555 peccantibus
2849 2498 2964 2537 non
2994 2481 3341 2553 ’pepercerit,
3374 2480 3476 2534 sed
3507 2492 3641 2534 car-

1989 2565 2224 2620 ceribus
2269 2564 2537 2636 caliginis
2597 2564 2764 2618 iuferi
2804 2564 2824 2597 ²
2876 2563 3182 2617 retrudens
3221 2559 3523 2616 tradiderit
3581 2558 3639 2612 in

1986 2646 2208 2718 judicio
2240 2647 2565 2716 puniendos
2616 2644 2899 2700 reservari
2931 2643 3008 2708 (II
3059 2645 3206 2698 Petr.
3252 2658 3310 2709 ιι,
3357 2641 3432 2712 4).
3487 2643 3642 2696 Inter

1990 2727 2097 2782 hos
2127 2743 2261 2795 ergo
2291 2733 2348 2780 et
2377 2725 2528 2791 illos,
2563 2725 2746 2779 Deum
2796 2723 2882 2779 vel
2921 2722 3282 2793 preescientia
3334 2720 3419 2776 vel
3471 2735 3643 2791 opere

1992 2806 2260 2861 divisisse
2277 2807 2411 2876 quis
2435 2804 2703 2860 dubitet?
2731 2803 2982 2874 illosque
3001 2803 3190 2857 lucem
3216 2802 3421 2857 merito
3444 2799 3642 2872 appel-

1993 2887 2123 2953 lari,
2156 2887 2284 2955 quis
2316 2884 2728 2940 contradicat?
2779 2883 3254 2955 quandoquidem
3302 2898 3409 2937 nos
3456 2881 3644 2937 adhuc

1993 2967 2052 3022 in
2088 2968 2197 3021 fide
2229 2965 2510 3033 viventes,
2543 2975 2594 3020 et
2621 2980 2824 3020 eorum
2855 2964 3245 3035 aequalitatem
3298 2961 3490 3017 adhuc
3520 2977 3620 3031 spe

1993 3051 2212 3113 rantes,
2248 3047 2447 3118 utique
2483 3047 2744 3101 nondum
2789 3049 3078 3112 tenentes,
3122 3045 3246 3114 jam
3278 3042 3372 3098 lux
3405 3042 3542 3097 dicti
3572 3041 3644 3096 ab

1991 3127 2268 3199 Apostolo
2320 3142 2563 3182 sumus:
2616 3125 2819 3180 Fuistis
2868 3128 3036 3190 enim,
3085 3124 3293 3195 inquit.
3343 3120 3644 3194 aliquando

1995 3208 2251 3273 tenebrx,
2305 3222 2453 3261 nunc
2500 3216 2682 3261 autem
2732 3207 2831 3261 tua:
2877 3205 2936 3260 in
2968 3208 3199 3261 Domino
3231 3203 3445 3276 (Ephes,
3480 3219 3535 3266 v,
3565 3202 3644 3273 8).

1994 3288 2140 3343 Istos
2185 3304 2318 3342 vero
2367 3288 2710 3352 desertores,
2762 3287 3036 3341 tenebras
3084 3284 3450 3355 apertissime
3497 3298 3647 3336 nun-

1996 3367 2218 3436 cUpari,
2253 3368 2508 3437 profecto
2545 3368 2873 3431 advertunt,
2899 3366 3000 3436 qui
3035 3367 3262 3434 pejores
3301 3379 3427 3417 esse
3465 3360 3647 3416 homi-

1999 3448 2174 3500 nibus
2221 3445 2556 3499 infidelibus
2607 3444 2728 3500 sive
2787 3443 3146 3513 intelligunt,
3209 3442 3326 3494 sive
3383 3441 3644 3494 credunt.

2000 3529 2382 3594 Quapropter,
2435 3525 2547 3578 etsi
2598 3523 2713 3578 alia
2761 3523 2857 3576 lux
2913 3523 2971 3575 in
3012 3521 3120 3574 isto
3152 3521 3325 3588 hujus
3361 3519 3494 3571 libri
3527 3520 3648 3572 loco

2000 3601 2381 3672 intelligenda
2411 3606 2517 3667 est,
2550 3603 2649 3656 ubi
2685 3601 2954 3671 legimus,
2985 3598 3138 3653 Dixit
3185 3602 3351 3660 Deus,
3384 3596 3503 3650 Fiat
3532 3595 3650 3661 tux,

2000 3687 2050 3741 et
2079 3685 2228 3753 facta
2259 3685 2335 3736 est
2361 3682 2495 3741 tux;
2517 3686 2573 3735 et
2601 3681 2726 3735 alia:
2756 3679 3006 3734 tenebrae
3044 3676 3382 3747 significata:
3423 3677 3562 3729 sunt
3591 3673 3652 3727 in

2005 3779 2070 3819 eo
2100 3763 2250 3832 quod
2284 3761 2567 3831 scriptum
2608 3764 2716 3829 est,
2767 3759 2961 3814 Divisit
3011 3758 3145 3812 Deus
3195 3755 3341 3810 inter
3385 3754 3558 3832 lucem
3604 3755 3656 3808 et

2007 3831 2256 3900 tenebras
2285 3840 2637 3911 (Gen.i,3,/t)
2663 3857 2676 3895 :
2712 3855 2817 3893 nos
2847 3843 3036 3892 tamen
3065 3837 3166 3891 has
3188 3836 3333 3889 duas
3365 3831 3656 3904 angelicas

2007 3925 2333 3989 societates,
2369 3937 2546 3976 unam
2579 3921 2862 3975 fruentem
2896 3917 3032 3986 Deo,
3063 3916 3304 3972 alteram
3337 3917 3656 3968 tumentem

2008 4003 2223 4078 typho”
2254 4005 2330 4073 (a)
2359 4018 2371 4058 :
2409 4018 2584 4056 unam
2620 3999 2711 4055 cui
2741 3999 2973 4068 dicitur,
3007 3998 3239 4054 Adorate
3262 4011 3429 4078 eum,
3459 4007 3657 4078 omnes

2009 4074 2204 4154 [nacti
2233 4086 2348 4154 ejus
2395 4082 2570 4152 (Psal.
2610 4097 2758 4150 xc",
2802 4080 2894 4151 8);
2945 4079 3118 4134 aliam
3179 4077 3344 4146 cujus
3385 4074 3659 4154 princeps

2011 4153 2172 4233 dicit,
2205 4153 2324 4220 Hac
2347 4162 2536 4220 omnia
2567 4162 2668 4217 tibi
2697 4161 2856 4228 dabo,
2901 4160 2952 4215 si
2981 4162 3296 4231 prostratus
3346 4153 3661 4211 adoraveris

2012 4263 2097 4303 me
2125 4245 2332 4314 (Matth.
2368 4261 2444 4311 1v,
2475 4244 2563 4313 9):
2598 4258 2779 4298 unam
2813 4240 2912 4297 Dei
2943 4244 3141 4296 sancto
3173 4254 3367 4293 amore
3399 4235 3659 4306 ﬂagran—

2011 4332 2150 4396 tem,
2183 4326 2423 4382 alteram
2456 4325 2700 4396 prepriaa
2727 4322 3096 4379 celsitudinis
3129 4319 3434 4376 immundo
3466 4333 3664 4374 amore

2018 4410 2374 4465 fumantem:
2407 4411 2464 4462 et
2495 4405 2800 4476 quoniam,
2848 4403 3001 4459 sicut
3051 4403 3334 4472 scriptum
3376 4408 3483 4471 est,
3527 4401 3667 4455 Deus

2015 4488 2265 4562 superbis
2293 4486 2518 4555 resistit,
2545 4485 2842 4541 humilibus
2871 4489 3058 4539 autem
3087 4482 3181 4538 dat
3203 4485 3439 4552 gratiam
3460 4478 3666 4562 (Jacobi

2019 4560 2094 4637 iv,
2126 4570 2195 4636 6;
2230 4567 2251 4622 Ι
2285 4570 2434 4624 Petr.
2467 4583 2522 4634 v,
2553 4567 2630 4638 5),
2663 4565 2823 4622 illam
2879 4565 2938 4620 in
2986 4563 3147 4620 cmlis
3195 4564 3472 4619 cmlorum
3504 4560 3665 4616 babi-

2020 4656 2262 4718 tantem,
2294 4650 2469 4706 istam
2501 4649 2639 4704 inde
2669 4649 2954 4718 dejectam
3003 4646 3062 4698 in
3112 4643 3221 4700 hoc
3268 4645 3472 4698 infimo
3511 4641 3665 4695 aerio

2021 4732 2165 4790 caelo
2195 4733 2690 4786 tumultuantem:
2723 4727 2881 4782 illam
2915 4723 3205 4780 luminosa
3250 4723 3462 4792 pietate
3494 4724 3665 4774 tran-

2025 4814 2294 4886 quillam,
2325 4812 2500 4868 istam
2527 4808 2854 4865 tenebrosis
2886 4802 3311 4886 cupiditatibus
3351 4798 3664 4886 turbulen-

2024 4876 2142 4948 tam
2170 4910 2182 4947 :
2214 4876 2374 4947 illam
2399 4892 2497 4946 Dei
2522 4893 2668 4942 nutu
2693 4886 3005 4939 clementer
3025 4879 3486 4944 subvenientem,
3507 4876 3670 4945 justo

2026 4971 2436 5036 ulciscentem;
2469 4967 2641 5022 istam
2674 4979 2780 5019 suo
2810 4961 2954 5016 fastu
3004 4957 3293 5014 subdendi
3342 4961 3400 5011 et
3428 4956 3674 5036 nocendi

2025 5051 2270 5107 libidine
2313 5034 2770 5105 exaestuantem:
2827 5040 3014 5111 illam,
3085 5044 3149 5094 ut
3205 5043 3492 5109 quantum
3551 5034 3674 5090 vult

2027 5132 2308 5196 consulat,
2342 5131 2438 5186 Dei
2469 5126 2757 5184 bonitati‘
2775 5123 3143 5188 ministram;
3169 5121 3364 5188 istam,
3391 5133 3462 5174 ne
3484 5132 3670 5189 quan-

2097 5309 2111 5342 ι
2144 5302 2300 5353 Editi.
2331 5299 2454 5349 σανζὶ
2477 5296 2717 5346 sedibus.
2750 5292 2928 5348 Abest,
2959 5290 3101 5355 cali,
3132 5301 3164 5337 θ.
3191 5288 3319 5355 _M_s_s.
3425 5345 3436 5355 ⁸
3493 5345 3512 5355 _
3581 5343 3593 5355 ,

2093 5367 2114 5401 2
2145 5345 2544 5418 XET‘E'rI'L‘on,
2577 5357 2813 5417 inferni.
2846 5345 2929 5403 At.
2964 5345 3116 5402 Vind.
3157 5352 3209 5399 et
3237 5349 3381 5407 Mss,
3415 5345 3611 5406 inferi.

2096 5431 2115 5464 ³
2148 5428 2298 5476 Vind.
2331 5429 2445 5474 Am.
2477 5426 2530 5472 et
2558 5422 2733 5484 plures
2761 5420 2865 5484 Mss
2891 5454 2914 5484 ,_
2941 5425 3084 5479 typo.

2093 5491 2116 5526 ι
2145 5491 2229 5540 Sic
2258 5490 2378 5537 Mss.
2412 5489 2478 5534 At
2507 5479 2652 5544 editi,
2680 5479 2960 5544 bonitatis.

2094 5533 2612 5615 (αῐῗίὀᾶὲῖὲιίὲείδο
2641 5533 2835 5615 utitur
2865 5533 3677 5615 Αυεξιειὶηξιὲἒίιῇεὲ,βρὶιὲεέεὲν

2035 5597 2243 5679 οδῖξὶῖ
2255 5597 2428 5664 ὀῖιὶΰ.
2456 5612 2648 5679 πρίῃ).
2680 5608 2728 5665 9,
2760 5607 2828 5657 ad
2853 5597 3251 5667 exprimendam
3271 5597 3472 5647 scilicet
3499 5610 3680 5664 super-

2037 5675 2178 5730 biam
2205 5681 2260 5728 et
2287 5675 2660 5730 armaanttam.
