4136 6190
437 311 553 375 347

433 451 560 503 tum
588 445 710 500 vult
740 444 962 506 noceat,
984 440 1084 495 Dei
1109 440 1390 509 potestate
1416 436 1695 490 frenatam
1723 453 1734 491 :
1760 434 1915 490 illam
1946 435 2083 492 huic

435 527 801 590 illudentem,
836 527 899 576 ut
931 519 1131 574 nolens
1164 518 1342 588 prosit
1393 515 1891 584 persecutionibus
1922 515 2081 582 suis;

438 609 586 663 hanc
616 605 697 659 illi
733 602 1110 666 invidentem,
1145 614 1274 653 cum
1305 596 1644 668 peregrinos
1665 597 1884 667 colligit
1907 611 2080 651 suos:

437 704 545 742 nos
573 701 707 755 ergo
743 685 846 738 has
879 682 1022 735 duas
1051 680 1354 733 societates
1385 677 1672 745 angelicas
1696 677 1846 731 inter
1875 693 1936 732 se
1967 676 2084 730 dis.

439 783 611 839 pares
642 774 815 835 alque
839 760 1182 825 contrarias,
1225 774 1400 813 unam
1433 763 1487 812 et
1518 762 1730 839 natura
1764 759 1998 825 bonam,
2030 759 2088 839 et

440 836 733 902 voluntate
783 846 1032 907 rectam;
1068 841 1240 894 aliam
1291 855 1421 894 vero
1471 843 1674 892 natura
1724 838 1955 902 bonam,
1987 836 2085 890 sed

436 927 731 983 voluntate
764 937 1119 994 perversam,
1155 919 1284 974 aliis
1318 917 1810 973 manifestioribus
1862 917 2085 971 divina-

439 1023 566 1061 rum
630 1004 1061 1073 Scripturarum
1123 999 1476 1055 testimoniis
1533 998 1871 1060 declaratus,
1933 997 2086 1068 quod

441 1089 617 1141 etiam
650 1085 706 1139 in
742 1085 849 1138 hoc
880 1083 1048 1149 libro,
1075 1082 1163 1135 cui
1199 1097 1404 1134 nomen
1438 1084 1528 1134 est
1557 1079 1822 1144 Genesis,
1846 1079 1990 1132 lucis
2013 1083 2092 1132 te-

444 1167 877 1235 nebrarumque
908 1162 1203 1218 vocabulis
1232 1160 1588 1231 signiﬁcatas
1609 1158 2086 1222 existimavimus,

441 1247 674 1306 etiamsi
707 1245 861 1300 aliud
888 1243 1070 1300 sensit
1099 1243 1207 1297 hoc
1236 1241 1360 1297 loco
1393 1241 1535 1296 forte
1566 1241 1669 1312 qui
1698 1240 1948 1310 scripsit,
1975 1255 2091 1294 non

443 1335 530 1385 est
563 1326 846 1384 inutiliter
877 1325 1205 1380 obscuritas
1246 1323 1424 1393 hujus
1474 1327 1820 1392 pertractata
1851 1329 2090 1376 senten-

445 1411 566 1465 tiae:
602 1408 737 1478 quia
769 1406 879 1461 etsi
910 1404 1263 1460 voluntatem
1288 1403 1540 1458 auctoris
1572 1402 1702 1456 libri
1729 1403 1908 1471 hujus
1933 1402 2091 1456 inda-

442 1506 577 1561 gare
628 1487 1018 1558 nequivimus,
1051 1503 1084 1540 a
1115 1484 1315 1555 regula
1369 1490 1561 1538 tamen
1611 1483 1766 1548 ﬁdei,
1819 1499 1943 1552 quae
1995 1498 2096 1554 per

443 1571 589 1625 alias
622 1569 884 1638 ejusdem
921 1566 1288 1621 aucturitatis
1319 1580 1513 1618 sacras
1564 1563 1811 1618 Litteras
1844 1563 1984 1616 satis
2017 1562 2092 1615 ﬁ-

446 1650 675 1707 delibus
710 1653 841 1702 nota
871 1651 980 1713 est,
1008 1663 1118 1701 non
1145 1646 1543 1700 aberravimus
1570 1643 1610 1699 ⁴.
1646 1643 1763 1698 Etsi
1789 1642 1941 1698 enim
1973 1659 2096 1698 cor-

446 1729 666 1802 poralia
711 1729 801 1783 hic
831 1733 1284 1782 commemorate
1335 1730 1474 1780 sunt
1522 1739 1694 1795 Opera
1729 1724 1845 1782 Dei,
1881 1723 2097 1777 habent

441 1808 834 1883 proculdubio
853 1805 1193 1862 nonnullam
1213 1805 1664 1860 similitudinem
1684 1804 2093 1875 spiritualium,

447 1891 765 1947 secundum
796 1905 973 1959 quam
1006 1887 1148 1943 dicit
1185 1885 1531 1958 Apostolus:
1563 1885 1758 1940 Omnes
1803 1887 1952 1940 enim
2007 1901 2097 1942 vos

446 1971 558 2043 ﬁlii
589 1971 727 2024 lucis
757 1971 885 2024 estis
916 1973 962 2024 el
992 1968 1102 2037 filii
1130 1967 1273 2029 diei;
1313 1983 1421 2022 non
1471 1983 1660 2022 sumus
1699 1967 1892 2034 noctis,
1925 1982 2098 2037 neque

467 2052 799 2108 enebrarum
830 2051 869 2121 (l
903 2049 1082 2105 Thess.
1114 2066 1171 2116 v,
1192 2051 1270 2122 5).
1295 2049 1349 2102 Si
1374 2053 1564 2104 autem
1587 2049 1696 2104 hoc
1719 2051 1899 2103 sensit
1920 2050 2096 2102 etiam

449 2133 550 2187 ille
605 2132 705 2202 qui
767 2131 1022 2202 scripsit,
1081 2131 1149 2184 ad
1209 2129 1604 2200 perfectiorem
1681 2128 2098 2199 disputationis

453 2213 633 2267 ﬁnem
664 2215 861 2267 nostra
893 2209 1154 2282 pervenit
1192 2209 1470 2265 intentio:
1507 2213 1569 2263 ut
1613 2209 1788 2264 homo
1831 2207 1932 2263 Dei
1981 2217 2096 2262 tam

452 2291 674 2347 eximias
706 2292 1031 2362 divinaeque
1063 2291 1382 2362 sapientiae,
1409 2290 1531 2346 imo
1564 2306 1664 2360 per
1683 2305 1818 2344 eum
1850 2288 2098 2362 Spiritus

451 2371 551 2428 Dei
596 2372 652 2428 in
700 2372 1232 2428 commemorandis
1274 2370 1548 2441 operibus
1598 2370 1721 2436 Dei,
1753 2387 1878 2441 quae
1905 2369 2102 2428 omnia

447 2461 606 2510 sexto
638 2453 730 2509 die
754 2454 892 2508 dicit
935 2468 1063 2508 esse
1106 2452 1378 2522 perfecta,
1427 2451 1588 2508 nullo
1636 2453 1810 2506 modo
1851 2452 2101 2523 Angelos

449 2533 897 2606 praetermisisse
956 2533 1260 2588 credatur:
1322 2533 1441 2587 sive
1495 2533 1558 2588 In
1614 2531 1909 2602 principio,
1965 2532 2103 2603 quia

446 2614 635 2684 primo
670 2614 840 2681 fecit;
875 2613 994 2667 sive
1043 2613 1196 2683 quod
1251 2613 1693 2667 convenientius
1731 2611 2100 2684 intelligitur,

443 2693 514 2748 In
545 2691 1001 2764 principio,quia
1023 2692 1081 2746 in
1102 2693 1288 2747 Verbo
1315 2692 1609 2760 unigenito
1639 2693 1792 2756 fecit,
1815 2693 2100 2763 scriptum

446 2772 544 2835 sit,
576 2774 640 2826 In
667 2772 949 2842 principio
978 2770 1113 2839 fecit
1149 2771 1286 2825 Deus
1314 2771 1509 2824 corium
1538 2783 1590 2825 et
1614 2775 1818 2825 terram
1840 2789 1858 2826 :
1889 2772 2102 2842 quibus

448 2851 790 2904 nominibus
851 2851 1196 2904 universalis
1273 2857 1357 2903 est
1413 2850 1738 2919 significata
1812 2858 2098 2920 creatura,

454 2927 539 2982 vel
572 2929 893 2999 spiritualis
940 2934 997 2982 et
1045 2929 1380 2999 corporalis,
1415 2930 1568 3000 quod
1600 2936 1688 2985 est
1727 2930 2098 2996 credibilius;

449 3008 537 3065 vel
572 3025 798 3079 magna;
831 3010 958 3064 duae
993 3011 1195 3063 mundi
1248 3019 1456 3080 partes,
1501 3011 1714 3080 quibus
1745 3011 1944 3066 omnia
1973 3027 2101 3080 qua

445 3095 641 3146 creata
685 3095 827 3145 sunt
870 3090 1261 3158 continentur,
1315 3095 1376 3143 ut
1426 3090 1700 3160 primitus
1749 3107 1872 3146 eam
1927 3097 2103 3146 totam

449 3174 817 3241 proponeret,
853 3187 916 3225 ac
949 3169 1157 3224 deinde
1190 3177 1380 3240 partes
1413 3172 1537 3241 ejus
1567 3171 1893 3227 secundum
1943 3188 2102 3242 mys-

445 3251 632 3306 ticum
664 3249 890 3305 dierum
925 3267 1234 3305 numerum
1279 3257 1715 3322 exsequeretur.

454 3411 678 3468 CAPUT
707 3411 949 3468 XXXIV.
983 3445 1050 3453 —
1083 3414 1154 3468 De
1196 3429 1256 3470 eo
1307 3413 1446 3486 quod
1491 3413 1724 3484 quidam
1767 3420 1986 3485 putant,
2040 3413 2102 3468 in

521 3493 832 3549 conditione
849 3494 1188 3563 ﬁrmamenti
1207 3511 1481 3566 aquarum
1501 3494 1859 3550 discretarum
1880 3497 2104 3552 nomine

524 3575 757 3646 Angelos
787 3576 1150 3646 signiﬁcatos,
1181 3581 1234 3631 et
1263 3575 1409 3647 quod
1439 3576 1665 3646 quidam
1700 3593 1872 3647 aquas
1900 3578 2102 3633 existi-

526 3659 682 3710 mant
705 3671 815 3711 non
845 3665 1072 3711 creatas.

525 3796 867 3865 Quanquam
904 3793 1170 3850 nonnulli
1202 3795 1526 3865 putaverint
1554 3812 1836 3867 aquarum
1871 3794 2106 3852 nomine

455 3876 607 3946 signi
620 3877 815 3931 ﬁcatos
839 3893 870 3948 q
883 3877 1086 3931 uodam
1099 3878 1266 3930 modo
1293 3875 1535 3945 populos
1552 3876 1835 3949 Angeloru
1849 3893 1900 3930 m
1921 3879 2027 3947 (a);
2052 3881 2108 3931 et

459 3954 565 4009 hoc
596 3969 723 4009 esse
755 3956 905 4026 quod
960 3957 1179 4009 dictum
1213 3960 1321 4019 est,
1356 3955 1478 4009 Fiat
1516 3957 1933 4023 ﬁrmamentum
1964 3959 2108 4011 inter

453 4050 656 4104 aquam
688 4042 737 4088 ει
762 4051 964 4105 aquam
989 4034 1148 4102 (Gen.
1175 4051 1214 4098 1,
1247 4035 1343 4102 6):
1372 4039 1434 4087 ut
1456 4051 1635 4102 supra
1665 4037 2104 4090 firmamentum

521 4211 536 4242 ι
577 4207 750 4255 Nostri
780 4221 979 4264 omnes,
1013 4209 1231 4269 excepto
1260 4207 1381 4256 Cod.
1412 4208 1554 4266 2050,
1585 4208 2006 4257 abhorruimus.
2039 4211 2108 4262 M.

528 4272 600 4327 (α)
630 4270 737 4317 Hoc
763 4273 979 4331 putasse
1012 4271 1123 4331 ipse
1152 4272 1481 4331 Augustinus
1522 4272 1736 4319 videtur
1763 4272 1855 4319 lib.
1891 4271 1948 4318 13
1978 4272 2108 4320 Con-

459 4333 604 4396 iess,2
641 4343 786 4396 capp.
822 4331 880 4378 15
909 4335 962 4379 et
989 4331 1065 4379 32.
1112 4332 1210 4396 Sed
1260 4334 1396 4396 hanc
1443 4335 1760 4381 sententiam
1790 4335 2110 4396 improbavit

464 4393 522 4440 in
547 4393 640 4457 lib.
672 4391 719 4439 2.
752 4394 1001 4457 Iletract.,
1033 4407 1128 4457 cap
1177 4395 1226 4445 6.
1272 4409 1324 4442 η.
1356 4395 1403 4442 2.
1436 4396 1628 4444 Eadem
1657 4397 1836 4457 opinio
1863 4391 1966 4444 fuit
2000 4396 2108 4445 Ori-

461 4453 628 4564 genis,
659 4456 978 4529 reprehensa
1005 4455 1071 4503 ab
1098 4453 1392 4532 Epiphanio
1421 4459 1474 4504 in
1501 4453 1730 4519 Epistola
1758 4461 1824 4508 ad
1853 4462 2110 4509 Joannem

494 4515 987 4564 erosolvmttanum.
1036 4520 1088 4564 et
1142 4520 1209 4564 ab
1247 4521 1584 4564 Iheronvmo.
1615 4523 1680 4564 ad
1715 4521 2107 4564 anmanhinm

494 4515 1005 4584 erosolymitanum,_
1036 4520 1088 4566 et
1142 4515 1212 4584 ab
1232 4515 1584 4584 illieronymo,
1615 4523 1683 4569 ad
1715 4521 2109 4573 Pammachium

463 4580 720 4628 adversus
748 4592 951 4629 errores
978 4581 1198 4630 Joannis
1224 4580 1670 4645 Jerosoljmitani.

1491 302 1592 362 DE
1637 299 2000 362 CIVITA'I‘E
2042 299 2200 372 DEI,
2247 304 2308 361 S.
2357 300 2786 364 AUGUSTINI

3735 316 3878 376 348

2194 436 2395 508 Angeli
2439 435 2863 509 intelligantur,
2896 438 3048 494 infra
3076 455 3211 496 vero
3243 441 3327 497 vel
3361 458 3524 514 aqua
3555 445 3688 503 ἰδίω
3718 449 3873 503 visi-

2193 517 2363 586 biles,
2397 517 2482 572 vel
2518 518 2803 573 malorum
2853 519 3192 587 angelorum
3239 523 3566 596 multitudo,
3598 529 3688 583 vel
3733 546 3874 584 om-

2197 599 2357 654 nium
2407 598 2708 654 hominum
2760 607 2982 671 gentes.
3031 603 3192 667 Quod
3224 603 3272 658 si
3321 605 3397 659 ita
3427 612 3535 675 est,
3573 625 3693 663 non
3743 609 3877 665 illic

2195 688 2436 749 apparet
2479 679 2577 732 ubi
2628 679 2759 734 facti
2811 687 2951 735 sunt
2998 682 3218 752 Angeli,
3281 685 3380 738 sed
3441 687 3539 741 ubi
3587 689 3871 746 discreti.

2197 759 2473 841 Quamvis
2494 765 2552 812 et
2583 776 2786 829 aquas,
2813 761 2972 841 quod,
2994 763 3436 832 perversissimis
3459 772 3636 836 atque
3661 770 3748 823 im
3764 771 3880 841 piae

2197 839 2474 892 vanitatis
2505 848 2609 904 est,
2644 846 2856 910 negent
2882 840 3118 911 quidam
3153 844 3384 898 factasa
3406 845 3542 913 Deo,
3573 839 3877 918 quoniam

2199 935 2491 989 nusquam
2523 921 2805 989 scriptum
2839 927 2948 988 est,
2984 922 3134 975 Dixit
3163 923 3331 990 Deus,
3364 925 3528 979 Fiant
3557 943 3734 997 aqua;
3770 930 3875 999 (α).

2198 1001 2360 1065 Quod
2397 1004 2644 1069 possunt
2675 1001 2851 1054 simili
2885 1001 3141 1056 vanitate
3157 1003 3334 1058 etiam
3359 1005 3430 1059 de
3452 1010 3603 1062 terra
3627 1009 3877 1070 dicere:

2199 1095 2495 1150 nusquam
2529 1080 2684 1134 enim
2717 1079 2950 1149 legitur,
2989 1083 3140 1135 Dixit
3167 1087 3339 1148 Deus,
3365 1084 3488 1139 Fiat
3510 1091 3684 1141 terra.
3730 1089 3878 1152 Sed,

2200 1161 2497 1230 inquiunt,
2557 1159 2844 1230 scriptum
2906 1165 3015 1227 est,
3077 1163 3140 1214 1n
3194 1161 3482 1233 principio
3537 1167 3673 1235 fecit
3729 1168 3882 1223 Deus

2200 1241 2394 1296 caelum
2441 1247 2495 1294 et
2543 1248 2769 1295 terram.
2830 1240 2952 1295 Illic
2993 1256 3129 1312 ergo
3179 1247 3237 1296 et
3284 1259 3437 1314 aqua
3473 1244 3884 1318 intelligenda

2200 1325 2324 1377 est:
2360 1336 2473 1375 uno
2504 1321 2658 1374 enim
2709 1324 2940 1375 nomine
2996 1327 3313 1394 utrumque
3363 1327 3875 1396 comprehensum

2202 1406 2309 1458 est.
2341 1402 2485 1456 Nam
2518 1403 2692 1471 ipsius
2738 1410 2815 1456 est
2855 1418 3030 1469 mare,
3079 1403 3229 1458 sicut
3269 1406 3326 1459 in
3359 1406 3589 1462 Psalino
3624 1410 3878 1480 legitur,

2201 1487 2254 1539 et
2299 1485 2412 1553 ipse
2461 1481 2595 1551 [ecit
2643 1482 2804 1546 illud,
2856 1486 2908 1537 et
2959 1482 3180 1538 aridam
3228 1488 3471 1540 terram‘
3509 1505 3711 1544 manu:
3746 1492 3880 1562 ejus

2203 1563 2484 1633 ﬁnxerunt
2512 1561 2686 1632 (Pent.
2719 1577 2867 1629 χειν,
2897 1563 2974 1630 5).
2998 1565 3101 1617 Sed
3131 1563 3183 1616 hi
3208 1564 3307 1634 qui
3334 1566 3391 1619 in
3417 1568 3656 1623 nomine
3683 1585 3882 1640 aqua-

2204 1660 2331 1699 rum
2361 1659 2484 1713 quae
2515 1658 2694 1713 super
2715 1643 2886 1697 cmlos
2911 1651 3070 1710 sunt,
3095 1646 3344 1716 Angelos
3368 1645 3607 1711 intelligi
3634 1649 3877 1719 volunt,

2206 1724 2560 1796 ponderibus
2610 1721 3035 1778 elementorum
3085 1731 3409 1792 moventur,
3458 1732 3516 1782 et
3566 1728 3694 1784 ideo
3753 1747 3878 1787 non

2206 1811 2416 1878 putant
2463 1819 2741 1874 aquarum
2785 1803 3020 1858 ﬂuidam
3070 1821 3421 1878 gravemque
3472 1813 3751 1864 naturam
3816 1811 3878 1866 in

2205 1885 2605 1957 superioribus
2657 1883 2865 1940 mundi
2912 1883 3057 1940 locis
3105 1887 3365 1954 potuisse
3412 1888 3725 1945 constitui:
3767 1892 3874 1962 qui

2206 1969 2529 2024 secundum
2579 1967 2834 2022 rationes
2880 1981 3020 2020 suas
3066 1965 3115 2020 si
3165 1967 3273 2038 ipsi
3327 1967 3624 2024 hominem
3675 1971 3877 2028 facere

2206 2051 2466 2121 possent,
2501 2063 2615 2102 non
2647 2047 2699 2103 ei
2731 2046 3024 2118 pituitam,
3058 2050 3208 2118 quod
3242 2065 3422 2120 graec
3451 2045 3672 2127 φλέγμα
3698 2052 3870 2107 dici-

2207 2138 2321 2196 tur,
2354 2131 2410 2184 et
2440 2137 2714 2199 tanquam
2749 2130 2806 2183 in
2837 2127 3143 2183 elementis
3173 2130 3430 2200 corporis
3463 2133 3643 2187 nostri
3673 2149 3750 2204 aq
3765 2150 3881 2189 ua-

2208 2226 2340 2266 rum
2394 2209 2575 2264 vicem
2624 2209 2866 2273 obtinet,
2912 2209 2970 2264 in
3010 2209 3200 2280 capite
3250 2217 3548 2281 ponerent.
3583 2213 3664 2267 lbi
3699 2215 3878 2269 enim

2209 2292 2375 2349 sedes
2406 2295 2495 2346 est
2517 2289 2888 2362 phlegmatia,
2939 2291 3262 2346 secundum
3313 2290 3412 2346 Dei
3457 2308 3601 2364 opus
3653 2293 3877 2365 utique

2210 2372 2550 2446 aptissime:
2586 2373 2909 2428 secundum
2942 2373 3185 2427 istorum
3237 2377 3430 2428 autem
3464 2375 3871 2443 conjecturam

2211 2458 2329 2510 tam
2362 2453 2636 2519 absurde,
2671 2457 2735 2508 ut
2759 2453 2807 2508 si
2841 2453 2948 2508 hoc
2979 2453 3364 2521 nesciremus,
3397 2457 3454 2509 et
3485 2455 3542 2508 in
3573 2455 3680 2510 hoc
3712 2454 3867 2512 libro

2213 2533 2481 2590 similiter
2511 2534 2788 2605 scriptum
2821 2541 2993 2601 esset,
3027 2534 3181 2604 quod
3209 2531 3364 2587 Deus
3394 2534 3704 2590 humorem
3738 2536 3881 2590 llui-

2212 2617 2350 2672 dum
2383 2622 2440 2671 et
2471 2616 2768 2687 frigidum,
2795 2632 2859 2670 ac
2892 2632 2993 2686 per
3036 2615 3148 2670 hoc
3189 2630 3441 2680 gravem,
3471 2615 3531 2670 in
3563 2617 3875 2687 superiore

2214 2697 2492 2754 omnibus
2523 2697 2745 2750 caeteris
2797 2695 3041 2751 humani
3092 2696 3350 2766 corporis
3384 2705 3542 2767 parte
3575 2697 3847 2766 posuerit

2213 2779 2311 2833 isti
2342 2777 2720 2832 trutinatores
2768 2777 3186 2832 elementorum
3240 2793 3603 2846 nequaquam
3659 2779 3879 2832 crede-

2215 2862 2384 2923 rent;
2415 2862 2471 2912 et
2501 2857 2548 2911 si
2607 2857 2936 2912 auctoritati
2977 2857 3232 2927 ejusdem
3284 2855 3587 2926 Scriptura;
3635 2857 3879 2912 subditi

2215 2943 2433 3005 essent,
2467 2937 2682 3008 aliquid
2716 2938 2870 2992 aliud
2903 2955 2969 2992 ex
2995 2936 3554 3009 hoeintelligendum
3578 2955 3712 2994 esse
3734 2954 3886 2995 cen-

2215 3023 2427 3074 serent.
2457 3019 2568 3074 Sed
2601 3019 2896 3090 quoniam,
2931 3019 2979 3074 si
3016 3018 3323 3090 diligenter
3370 3017 3602 3088 singula
3641 3026 3880 3076 scrute-

2215 3115 2348 3154 mur
2378 3105 2551 3168 atque
2581 3104 2915 3165 tractemus,
2959 3115 3083 3170 qua:
3133 3101 3190 3152 in
3223 3097 3322 3153 illo
3355 3098 3548 3153 divino
3597 3098 3746 3153 libro
3804 3101 3879 3157 de

2212 3179 2626 3236 constitutione
2660 3179 3094 3250 mundiscripta
3118 3184 3277 3245 sunt,
3302 3183 3360 3234 et
3385 3180 3566 3234 multa
3594 3179 3873 3248 dicenda,

2211 3265 2268 3316 et
2298 3277 2330 3314 a
2362 3259 2655 3330 proposito
2696 3259 2947 3315 instituti
2982 3263 3173 3330 operis
3205 3259 3375 3330 longe
3414 3259 3873 3330 digrediendum

2211 3346 2338 3407 est;
2367 3342 2609 3411 jamque
2641 3341 2710 3395 de
2743 3341 2972 3395 duabus
3006 3341 3133 3395 istis
3165 3340 3584 3395 diversisinter
3606 3356 3667 3394 se
3688 3345 3871 3411 atque

2213 3421 2518 3476 contrariis
2551 3421 2928 3476 societatibus
2966 3419 3345 3492 Angelorum,
3379 3419 3440 3476 in
3485 3421 3700 3491 quibus
3731 3425 3880 3478 sunt

2214 3502 2478 3573 quaedam
2515 3501 2747 3556 exordia
2778 3501 3024 3556 duarum
3065 3499 3231 3557 etiam
3279 3501 3336 3554 in
3387 3501 3565 3555 rebus
3597 3501 3873 3556 humanis

2213 3582 2534 3648 civitatum,
2615 3582 2683 3637 de
2742 3581 2958 3653 quibus
3016 3581 3289 3652 deinceps
3363 3581 3556 3635 dicere
3613 3581 3870 3648 institui,

2215 3669 2500 3736 quantum
2533 3663 2674 3719 satis
2705 3679 2830 3719 esse
2858 3662 3047 3716 visum
3075 3666 3184 3727 est,
3228 3661 3676 3732 disputavimus,
3711 3661 3870 3717 hunc

2217 3759 2450 3815 quoque
2480 3743 2691 3798 librum
2724 3741 3034 3813 aliquando
3066 3742 3436 3796 claudamus.

2283 4027 2299 4060 ι
2337 4023 2491 4072 Vind.
2522 4022 2608 4070 Er.
2637 4023 2692 4070 et
2719 4021 2844 4070 Lov.‘
2875 4021 3148 4075 omittunt,
3201 4027 3427 4068 terram.
3467 4017 3677 4067 Habent
3703 4017 3874 4078 potio-

2216 4100 2301 4135 res
2330 4085 2678 4147 manuscripti
2704 4083 2858 4147 juxta
2877 4097 3122 4147 graecum
3151 4083 3295 4132 LXX.
3325 4082 3493 4147 Habet
3518 4081 3683 4147 etiam
3710 4080 3876 4128 editio

2216 4151 2332 4197 Am.
2366 4150 2455 4197 sed
2485 4143 2619 4196 cum
2635 4143 2996 4194 additamenta
3031 4146 3106 4194 sic
3136 4159 3148 4194 :
3195 4154 3244 4192 et
3272 4144 3514 4199 aridam,
3548 4143 3606 4191 id
3635 4149 3716 4189 est
3764 4150 3874 4188 ter-

2218 4226 2344 4260 ram
2374 4225 2580 4257 manus
2610 4209 2735 4265 ejus
2762 4210 3076 4269 ﬁnxerunt.

2284 4274 2353 4330 (α)
2387 4273 2554 4333 Hujus
2584 4273 2746 4320 etiam
2762 4266 3008 4320 haeresis
3035 4266 3873 4333 meminitlibrodeHaeresibus.

2217 4337 2362 4384 haer.
2393 4329 2480 4388 76;
2505 4348 2600 4382 nec
2631 4337 2805 4382 tamen
2837 4337 3102 4382 auctorem
3133 4333 3392 4380 nominat.
3441 4331 3567 4379 Eam
3613 4329 3876 4377 Andianis

2219 4397 2406 4446 tribuit
2439 4397 2811 4455 Theodoretus,
2851 4395 2986 4445 libro
3014 4397 3041 4443 4
3099 4394 3490 4443 Haereticarum
3545 4392 3875 4441 tabularum.

2218 4459 2547 4520 Epiphanius
2576 4462 2776 4512 contra,
2819 4459 3031 4507 Haeresi
3058 4459 3137 4516 54,
3168 4470 3304 4519 quae
3333 4458 3413 4506 est
3441 4455 3873 4520 Sampsaeorum,

2219 4518 2361 4571 inter
2409 4526 2616 4571 caetera
2667 4523 2762 4570 hos
2826 4521 3119 4570 haereticos
3186 4518 3354 4572 notat,
3427 4519 3570 4581 quod
3639 4518 3876 4567 colerent

2220 4598 2434 4648 aquam,
2465 4588 2519 4634 et
2546 4586 2685 4634 hanc
2716 4585 2887 4633 veluti
2914 4584 3080 4632 Deum
3108 4585 3378 4647 putarent.
3407 4581 3652 4633 Coenus.

1177 4849 1735 4988 LIBER
1867 4846 3122 4990 DUODECIMUS.

464 5058 663 5126 In_quo_
679 5059 841 5126 prius
864 5059 1078 5126 quidem
1106 5061 1170 5108 de
1203 5061 1417 5124 Angelis
1445 5063 1672 5125 inquirit
1700 5064 2047 5126 Augustinus,
2081 5063 2223 5111 unde
2251 5061 2505 5126 nimirum
2523 5060 2657 5126 aliis
2675 5059 2816 5126 bona
2835 5058 3106 5126 voluntas,
3137 5054 3455 5126 mala._
3475 5055 3697 5126 et_qu_ae
3715 5061 3879 5126 causa

525 5114 1183 5186 beatitudinis‘bonorum.
1239 5114 1375 5186 quae
1417 5114 1580 5175 causa
1606 5114 1851 5177 miseriae
1878 5114 2141 5176 malorum
2173 5125 2481 5186 angelorum
2512 5123 2672 5173 fuerit
2716 5121 2927 5186 _Postea
2972 5114 3101 5169 vero
3147 5121 3212 5168 de
3248 5117 3488 5186 hominis
3532 5114 3878 5164 institutione

523 5185 650 5247 agit,
680 5185 935 5248 docetque
964 5200 1085 5236 eum
1113 5199 1221 5235 non
1251 5182 1318 5236 ab
1347 5191 1580 5244 aeterno,
1615 5191 1707 5239 sed
1734 5191 1792 5239 in
1823 5193 2055 5252 tempore
2083 5201 2195 5237 esse
2224 5182 2516 5245 conditum,
2551 5199 2648 5236 nec
2681 5184 2786 5235 alio
2815 5185 3028 5233 auctore
3057 5196 3219 5246 quam
3248 5182 3368 5230 Deo.

1927 5317 2388 5348 ’ν’-Μενη-

465 5432 704 5490 CAPUT
728 5433 1036 5492 PRIMUM.
1067 5467 1137 5476 —
1167 5435 1242 5490 De
1278 5452 1390 5492 una
1441 5437 1704 5494 bonorum
1733 5440 2112 5511 malorumque

996 5517 1321 5586 angelorum
1349 5527 1574 5573 natura.

2221 5437 2465 5492 duarum
2499 5434 2821 5495 civitatum,
2855 5436 3142 5502 quantum
3165 5429 3235 5484 ad
3265 5424 3633 5483 rationalium
3660 5432 3884 5478 morta-

2219 5515 2367 5572 lium
2393 5519 2408 5552 ¹
2444 5531 2630 5587 genus
2652 5513 2878 5579 attinet,
2910 5509 3214 5583 apparebit
3233 5505 3664 5572 exortus,sicut
3693 5517 3876 5575 supe-

545 5651 592 5703 1.
621 5649 944 5720 Antequam
979 5653 1046 5709 de
1074 5651 1440 5709 institutione
1487 5651 1746 5710 hominis
1777 5653 1990 5721 dicam,
2012 5652 2109 5710 ubi
2284 5659 2302 5694 ι
2331 5658 2488 5721 Editi,
2523 5657 2973 5720 mortaliumque.
3016 5657 3194 5709 Abest.
3230 5669 3354 5719 que,
3395 5665 3430 5703 a
3471 5647 3868 5712 manuscriptis.
