4136 6190
235 321 335 383 349

232 459 362 516 riore
393 457 533 512 libro
563 457 896 529 apparuisse
920 459 976 512 iu
999 455 1376 528 Angelisjam
1403 453 1630 508 videtur
1654 467 1668 517 ;
1694 448 1856 520 prius

234 540 359 596 mihi
392 537 650 609 qua-dam
684 540 753 593 de
788 541 930 608 ipSlS
960 538 1195 608 Angelis
1232 538 1395 591 video
1425 552 1552 590 esse
1583 533 1850 600 dicenda,

229 622 420 690 quibus
476 621 931 684 demonstretur,
993 626 1273 689 quantum
1334 635 1366 671 a
1421 617 1592 670 nobis
1644 619 1850 684 potest,

227 717 382 772 quam
414 715 523 753 non
555 699 970 755 inconveniens
1010 717 1200 770 neque
1255 701 1577 768 incongrua
1624 697 1853 750 dicatur

225 796 336 836 esse
380 781 712 834 hominibus
750 782 1104 853 Angelisque
1135 781 1418 836 societas:
1458 784 1520 832 ut
1551 794 1668 832 non
1700 792 1844 846 qua-

221 869 350 926 tuor,
374 863 495 916 duae
516 862 736 916 scilicet
757 865 1108 934 Angelorum
1137 864 1498 929 totidemque
1524 857 1848 922 hominum,

220 947 303 999 sed
336 945 448 995 duas
480 942 676 1012 potius
707 943 987 1009 civitates,
1018 944 1124 997 hoc
1159 949 1247 998 est
1278 941 1605 1004 societates,
1639 939 1847 993 merito

219 1038 330 1080 esse
359 1023 661 1088 dicantur;
699 1039 811 1079 una
848 1023 907 1079 in
943 1025 1131 1091 bonis,
1184 1023 1362 1078 altera
1413 1023 1468 1076 in
1503 1021 1696 1088 malis,
1729 1034 1847 1074 non

218 1105 391 1159 solum
438 1105 702 1174 Angelis,
757 1121 953 1160 verum
1013 1105 1185 1160 etiam
1249 1103 1584 1158 hominibus
1629 1100 1845 1156 consti-

222 1189 362 1240 tutas.

272 1286 320 1339 2.
369 1285 727 1355 Angelorum
787 1287 1066 1341 bonorum
1123 1295 1176 1341 et
1243 1285 1524 1341 malorum
1582 1284 1733 1337 inter
1785 1297 1846 1337 se

212 1367 512 1421 contrarios
561 1369 864 1435 appetitus
934 1384 1048 1422 non
1121 1367 1345 1422 naturis
1427 1365 1846 1436 principiisque

210 1446 447 1508 diversis,
480 1462 620 1501 cum
658 1448 804 1502 Deus
859 1449 1118 1502 omnium
1171 1447 1622 1502 substantiarum
1656 1446 1845 1499 bonus

209 1533 388 1582 auctor
428 1535 480 1580 et
523 1530 796 1582 conditor
847 1533 1128 1600 utrosque
1161 1528 1454 1595 creaverit,
1491 1529 1586 1581 sed
1635 1525 1843 1579 volun-

208 1609 406 1662 tatibus
463 1613 520 1662 et
585 1609 1011 1679 cupiditatibus
1071 1609 1384 1676 exstitisse,
1432 1609 1699 1662 dubitare
1756 1607 1842 1660 fas

210 1707 305 1744 non
336 1695 461 1757 est;
495 1691 646 1745 dum
672 1692 767 1745 alii
800 1691 1205 1745 constanterin
1239 1691 1533 1745 communi
1567 1688 1842 1744 omnibus

210 1770 363 1835 bono,
394 1771 545 1839 quod
589 1771 716 1841 ipse
749 1771 864 1825 illis
907 1771 1060 1826 Deus
1093 1779 1199 1837 est,
1234 1775 1411 1841 atque
1434 1771 1489 1824 in
1522 1771 1649 1840 ejus
1680 1779 1841 1822 arter-

209 1851 388 1914 nitate.
423 1853 692 1920 veritate,
725 1853 1008 1907 charitate
1041 1854 1357 1924 persistunt
1387 1869 1400 1908 :
1432 1851 1529 1905 alii
1578 1866 1687 1904 sua
1737 1866 1842 1920 po-

208 1936 393 1987 testate
445 1935 647 2000 potius
687 1935 976 2002 delectati,
1033 1935 1180 1988 velut
1239 1934 1454 1988 bonum
1506 1949 1680 1988 suum
1731 1931 1841 1986 sibi

207 2012 296 2080 ipsi
345 2023 566 2079 essent,
611 2031 644 2068 a
692 2017 981 2085 superiore
1030 2015 1324 2069 communi
1367 2015 1632 2068 omnium
1668 2013 1844 2068 beati-

204 2091 299 2146 ﬁco
330 2094 479 2149 bono
516 2095 593 2149 ad
625 2097 857 2166 propria
877 2095 1249 2150 deﬂuxerunt
1282 2113 1295 2161 ;
1327 2099 1384 2148 et
1416 2096 1690 2149 habentes
1720 2093 1843 2147 ela-

206 2172 363 2228 tionis
394 2175 615 2228 fastum
644 2192 741 2246 pro
775 2176 1174 2231 excelsissima
1196 2178 1533 2240 aeternitate,
1566 2174 1842 2227 vanitatis

204 2255 462 2309 astutiam
517 2272 621 2326 pro
671 2257 1000 2311 certissima
1047 2256 1308 2323 veritate,
1339 2255 1535 2310 studia
1590 2253 1843 2323 partium

201 2348 288 2402 pro
319 2334 624 2389 individua
674 2335 982 2402 charitate,
1033 2336 1294 2406 superbi,
1356 2335 1614 2398 fallaces,
1664 2333 1843 2386 invidi

194 2412 361 2468 effecti
404 2421 574 2470 sunt.
612 2414 992 2470 Beatitudinis
1025 2415 1204 2484 igitur
1259 2413 1497 2468 illorum
1518 2429 1697 2468 causa
1735 2416 1840 2478 est,

189 2494 475 2551 adhaerere
537 2495 674 2551 Deo.
735 2495 1016 2558 Quocirca
1064 2497 1304 2550 istorum
1359 2495 1607 2550 miseria
1667 2510 1844 2548 causa

193 2590 247 2628 ex
295 2575 604 2630 contrario
633 2581 716 2630 est
747 2574 1142 2643 intelligenda,
1176 2576 1330 2644 quod
1362 2581 1469 2640 est,
1505 2591 1614 2629 non
1649 2573 1843 2628 adhae-

193 2670 305 2710 rere
325 2661 466 2709 Deo.
504 2655 919 2722 Quamobrem,
946 2655 994 2709 si
1044 2671 1172 2710 cum
1221 2657 1506 2725 quaeritur
1547 2669 1724 2724 quare
1755 2653 1840 2708 illi

196 2733 334 2790 beati
384 2734 533 2799 sint,
570 2741 720 2789 recte
754 2735 1154 2804 respondetur,
1189 2736 1324 2804 quia
1356 2733 1656 2788 adhaerent
1687 2733 1840 2800 Deo;

195 2819 401 2869 etcum
458 2815 742 2884 quaeritur
797 2831 900 2869 cur
942 2815 1036 2869 isti
1097 2815 1217 2868 sint
1273 2815 1494 2879 miseri,
1546 2819 1698 2868 recte
1730 2829 1842 2868 res-

200 2896 502 2966 pondetur,
537 2899 678 2964 quia
712 2911 826 2950 non
871 2895 1166 2950 adhaerent
1209 2899 1318 2949 Deo
1354 2911 1366 2949 :
1402 2911 1515 2949 non
1545 2900 1635 2950 est
1681 2911 1836 2949 crea-

200 2978 332 3028 turas
362 2974 673 3028 rationalis
703 2974 792 3029 vel
823 2973 1238 3029 intellectualis
1270 2975 1513 3041 bonum,
1537 2991 1650 3045 quo
1671 2975 1838 3029 beata

158 3108 160 3110 ,
195 3055 277 3121 sit,
309 3057 422 3120 nisi
462 3054 640 3110 Deus.
678 3055 763 3110 lta
793 3056 1057 3124 quamvis
1099 3071 1212 3110 non
1249 3056 1431 3110 omnis
1463 3058 1626 3110 beata
1657 3056 1838 3127 possit

203 3149 315 3191 esse
343 3139 614 3190 creatura
645 3135 858 3206 (neque
878 3136 1033 3190 enim
1057 3135 1164 3190 hoc
1197 3151 1410 3190 munus
1433 3136 1839 3207 adipiscuntur

203 3220 291 3268 aut
339 3214 572 3284 capiunt
609 3217 760 3282 ferae,
794 3214 974 3287 ligna,
1008 3232 1164 3285 saxa,
1197 3220 1254 3270 et
1295 3216 1346 3271 si
1375 3216 1512 3287 quid
1546 3216 1834 3286 ejusmodi

203 3295 317 3366 est),
349 3313 414 3350 ea
467 3301 668 3351 tamen
713 3313 836 3365 quas
878 3301 1083 3366 potest,
1118 3312 1232 3352 non
1265 3313 1333 3352 ex
1371 3313 1436 3352 se
1463 3298 1589 3368 ipsa
1624 3301 1831 3366 potest,

202 3376 321 3443 quia
343 3392 408 3431 ex
443 3376 630 3432 nihilo
661 3381 858 3431 creata
897 3383 985 3432 est
1015 3401 1028 3442 ;
1056 3379 1154 3432 sed
1184 3394 1252 3432 ex
1283 3378 1404 3441 illo,
1438 3395 1470 3432 a
1501 3393 1611 3448 quo
1643 3383 1834 3432 creata

203 3464 290 3510 est.
323 3457 435 3510 Hoc
480 3456 640 3511 enim
701 3458 912 3529 adepto
965 3459 1149 3522 beata,
1185 3473 1296 3527 quo
1352 3459 1568 3512 amisso
1624 3457 1835 3511 misera

199 3541 290 3590 est.
326 3537 425 3592 Ille
457 3553 596 3592 vero
628 3538 726 3608 qui
762 3554 875 3591 non
909 3538 1042 3603 alio,
1077 3536 1178 3592 sed
1210 3554 1272 3592 se
1303 3538 1429 3608 ipso
1463 3539 1610 3591 bono
1633 3539 1834 3591 beatus

199 3624 288 3683 εει,
320 3617 442 3672 ideo
491 3618 622 3688 ipse
673 3618 852 3673 miser
883 3635 995 3672 non
1032 3623 1221 3688 potest
1268 3634 1409 3685 esse,
1445 3620 1582 3687 quia
1625 3632 1739 3671 non
1772 3631 1833 3670 se

200 3700 366 3765 potest
393 3699 691 3754 amittere.

259 3797 304 3850 3.
361 3795 623 3851 Dicimus
674 3795 870 3868 itaque
921 3796 1400 3851 incommutabile
1440 3796 1656 3851 bonum
1717 3811 1831 3850 non

201 3888 327 3944 esse,
372 3877 478 3931 nisi
524 3893 716 3932 unum
786 3894 987 3932 verum
1033 3877 1268 3931 beatum
1319 3878 1494 3932 Deum
1531 3893 1544 3931 :
1580 3893 1645 3931 ea
1695 3892 1829 3931 vero

202 3967 312 4023 quae
358 3956 507 4024 fecit,
547 3957 702 4011 bona
763 3957 996 4028 quidem
1036 3973 1184 4021 esse,
1219 3958 1370 4028 quod
1430 3959 1501 4012 ab
1563 3957 1661 4010 illo
1697 3973 1709 4023 ;
1745 3973 1832 4011 ve-

203 4041 504 4092 rumtamen
562 4037 888 4103 mutabilia,
923 4038 1074 4108 quod
1129 4055 1241 4091 non
1294 4038 1362 4092 de
1420 4036 1538 4106 illo,
1599 4037 1700 4091 sed
1759 4039 1829 4091 de

206 4114 363 4170 nihilo
394 4119 553 4173 facta
573 4123 731 4172 sunt.
765 4119 1106 4189 Quanquam
1131 4134 1266 4189 ergo
1285 4134 1514 4173 summa
1537 4134 1648 4172 non
1673 4119 1826 4186 sint;

206 4197 391 4264 quibus
421 4208 503 4253 est
538 4200 690 4253 Deus
716 4200 906 4269 majus
939 4203 1188 4254 bonum:
1226 4215 1436 4270 magna
1466 4204 1604 4253 sunt
1634 4205 1824 4255 tamen

204 4289 258 4328 ea
284 4279 581 4334 mutabilia
613 4279 781 4345 bona,
814 4297 937 4348 qua:
967 4281 1261 4334 adhaerere
1294 4286 1538 4350 possunt
1571 4285 1625 4334 ut
1661 4281 1829 4335 beata

185 4358 312 4425 sint,
341 4359 695 4415 immutabili
741 4359 938 4427 bono;
991 4363 1144 4431 quod
1190 4376 1371 4433 usque
1416 4360 1557 4416 adeo
1608 4361 1826 4416 bonum

205 4450 376 4494 eorum
425 4447 538 4505 est,
577 4444 636 4494 ut
690 4440 816 4495 sine
850 4440 948 4495 illo
1007 4441 1218 4496 misera
1259 4456 1380 4495 esse
1439 4457 1670 4496 necesse
1728 4443 1824 4496 sit.

206 4517 299 4570 Nec
326 4517 448 4575 ideo
481 4525 695 4575 caetera
728 4522 785 4573 in
831 4519 940 4575 hac
987 4525 1264 4576 creatura:
1296 4521 1665 4576 universitate
1708 4537 1826 4574 me-

205 4592 326 4650 liora
371 4607 528 4667 sunt,
595 4599 732 4668 quia
789 4599 1003 4654 misera
1051 4615 1176 4655 esse
1227 4616 1340 4655 non
1399 4607 1660 4672 possunt.
1719 4603 1829 4656 Ne—

207 4686 298 4742 que
324 4678 470 4733 enim
521 4681 731 4733 caetera
764 4678 1028 4732 membra
1058 4678 1316 4750 corporis
1357 4681 1536 4734 nostri
1585 4678 1713 4734 ideo
1745 4679 1830 4733 di-

208 4755 426 4811 cendum
465 4762 557 4813 est
613 4757 799 4813 oculis
855 4773 980 4812 esse
1039 4757 1296 4825 meliora,
1327 4759 1463 4828 quia
1507 4773 1654 4813 caeca
1705 4774 1827 4813 esse

207 4845 301 4886 non
337 4841 601 4906 possunt.
627 4837 788 4892 Sicut
834 4842 1029 4900 autem
1081 4837 1285 4893 melior
1315 4844 1400 4893 est
1446 4843 1655 4893 natura
1693 4854 1828 4893 sen-

210 4911 334 4971 tiens
364 4923 419 4974 et
466 4935 602 4974 cum
649 4918 824 4988 dolet,
883 4937 1057 4991 quam
1127 4919 1276 4992 lapis
1297 4920 1396 4992 qui
1447 4919 1638 4975 dolere
1670 4919 1827 4976 nullo

209 4999 357 5054 modo
387 5004 578 5072 potest
612 5017 625 5055 :
661 5001 739 5055 ita
771 5000 1068 5056 rationalis
1100 5007 1310 5057 natura
1342 5002 1708 5072 prestantior
1744 5006 1829 5057 est.

209 5078 355 5136 etiam
405 5083 640 5147 misera,
676 5099 850 5154 quam
884 5083 980 5139 illa
1029 5101 1158 5155 quas
1208 5084 1450 5138 rationis
1479 5083 1566 5138 vel
1617 5099 1826 5139 sensus

207 5163 281 5212 est
329 5177 551 5233 expers,
611 5168 668 5218 et
723 5163 853 5218 ideo
903 5164 961 5218 in
1015 5179 1140 5218 eam
1197 5179 1310 5219 non
1360 5163 1513 5219 cadit
1572 5165 1822 5218 miseria.

206 5234 346 5315 Quod
366 5259 496 5298 cum
522 5245 600 5298 ita
630 5243 728 5311 sit,
763 5243 895 5298 huic
924 5250 1165 5308 naturas,
1201 5261 1327 5315 quin
1358 5244 1412 5298 in
1449 5249 1610 5299 tanta
1639 5244 1826 5300 excel-

208 5313 360 5376 lentia
388 5327 579 5378 creata
609 5328 719 5389 est,
754 5332 815 5378 ut
844 5324 973 5379 licet
1019 5324 1144 5395 ipsa
1172 5313 1247 5378 sit
1295 5325 1617 5393 mutabilis,
1650 5324 1826 5378 inhae-

206 5400 362 5454 rendo
400 5407 592 5458 tamen
635 5403 1095 5458 incommutabili
1138 5403 1306 5471 bono,
1338 5405 1395 5460 id
1445 5409 1534 5460 est
1593 5420 1824 5460 summo

205 5475 318 5544 Deo,
353 5481 768 5538 beatitudinem
816 5490 1224 5555 consequatur,
1259 5500 1364 5539 nec
1412 5485 1635 5554 expleat
1669 5483 1823 5538 indi-

207 5561 431 5623 gentiam
454 5581 619 5620 suam
657 5565 760 5619 nisi
790 5565 990 5637 utique
1016 5567 1181 5621 beata
1203 5564 1297 5634 sit,
1328 5565 1499 5636 eique
1527 5565 1824 5636 inplenda:

177 5654 304 5702 tuon
336 5645 580 5703 sufﬁciat
613 5647 723 5704 nisi
757 5647 928 5714 Deus,
965 5646 1219 5719 profecto
1252 5661 1362 5703 non
1389 5645 1472 5702 illi
1505 5646 1819 5717 adhaerere,

1509 316 1738 378 LIBER
1785 311 2182 375 DUODECIM
2196 315 2315 378 US.

3493 323 3609 383 350

1966 447 2169 502 vitium
2202 453 2309 504 est.
2365 449 2547 505 Omne
2576 455 2768 507 autem
2809 452 3014 508 vitium
3058 461 3274 510 naturas
3320 459 3507 523 nocet,
3542 473 3608 512 ac

1965 544 2063 597 per
2110 530 2214 585 hoc
2273 538 2473 586 contra
2517 538 2779 588 naturam
2834 540 2940 588 est.
2975 535 3057 590 Ab
3117 536 3216 590 illa
3271 538 3448 608 igitur
3477 555 3607 609 quas

1959 609 2216 664 adhaeret
2249 610 2385 675 Deo,
2434 629 2547 666 non
2611 620 2819 668 natura
2873 615 3063 670 differt
3121 616 3250 683 ista,
3284 621 3378 672 sed
3421 619 3603 674 vitio:

1957 707 2070 758 quo
2105 697 2300 746 tamen
2353 693 2526 746 etiam
2579 693 2714 749 vitio
2749 693 2910 749 valde
2969 713 3180 767 magna
3238 697 3606 770 multumque

1956 769 2267 825 laudabilis
2337 773 2669 828 ostenditur
2727 775 2850 845 ipsa
2923 784 3153 830 natura.
3201 777 3374 848 Cujus
3449 769 3604 834 enim

1960 855 2114 904 recte
2148 851 2500 922 vituperatur
2548 852 2772 921 vitium,
2809 857 3010 925 procul
3045 856 3221 910 dubio
3255 862 3464 912 natura
3492 859 3609 914 lau-

1955 929 2148 984 datur.
2204 930 2342 986 Nsm
2397 937 2548 988 recta
2610 934 2731 988 vitii
2768 936 3112 1006 vituperatio
3161 943 3266 1004 est,
3301 941 3452 1008 quod
3504 939 3603 994 illo

1953 1009 2372 1066 debonestatur
2430 1017 2638 1068 natura
2688 1015 3021 1072 laudabilis.
3074 1017 3232 1072 Sicut
3284 1034 3417 1089 ergo
3466 1034 3603 1074 cum

1952 1090 2160 1146 vitium
2210 1093 2512 1148 oculorum
2561 1095 2774 1149 dicitur
2833 1098 3079 1158 caecitas,
3133 1098 3188 1152 id
3248 1099 3600 1166 ostenditur,

1953 1173 2105 1242 quod
2135 1173 2205 1228 ad
2241 1179 2508 1230 naturam
2533 1175 2832 1232 oculorum
2868 1179 3116 1247 pertinet
3149 1181 3306 1234 visus
3336 1198 3350 1247 ;
3383 1184 3439 1234 et
3468 1197 3601 1236 cum

1952 1252 2155 1307 vitium
2205 1255 2434 1308 aurium
2481 1257 2696 1311 dicitur
2751 1258 3032 1324 surditas,
3067 1259 3136 1313 ad
3190 1276 3386 1314 earum
3437 1265 3607 1315 natu-

1949 1345 2071 1384 ram
2095 1331 2381 1402 pertinere
2401 1336 2834 1389 demonstratur
2853 1337 3088 1391 auditus
3112 1337 3214 1392 :ita
3239 1353 3370 1392 cum
3395 1339 3600 1393 vitium

1955 1415 2232 1466 creatura:
2267 1414 2541 1484 angelicas
2583 1415 2818 1484 dicitur,
2853 1417 2999 1485 quod
3034 1434 3146 1472 non
3181 1417 3433 1474 adhaeret
3462 1418 3601 1485 Deo,

1949 1489 2085 1545 hinc
2142 1494 2513 1563 apertissime
2544 1494 2893 1562 declaratur,
2936 1498 3060 1567 ejus
3108 1503 3347 1566 naturae,
3383 1507 3442 1553 ut
3487 1500 3600 1554 Deo

1949 1571 2260 1637 adhaereat,
2295 1575 2624 1630 convenire.
2659 1577 2842 1640 Quam
2890 1593 3058 1646 porro
3110 1594 3324 1649 magna
3363 1579 3434 1632 sit
3471 1578 3599 1632 laus

1947 1651 2239 1708 adhaerere
2283 1653 2420 1720 Deo,
2456 1660 2518 1708 ut
2557 1656 2607 1710 ei
2663 1658 2833 1726 vivat,
2866 1657 3001 1711 inde
3040 1658 3248 1728 sapiat,
3293 1657 3389 1712 illo
3444 1674 3596 1729 gau-

1947 1731 2096 1798 deat,
2125 1737 2408 1805 tantoque
2458 1736 2604 1791 bono
2646 1736 2770 1792 sine
2807 1742 3008 1801 morte,
3061 1738 3186 1792 sine
3228 1753 3442 1803 errore,
3467 1738 3596 1793 sine

1948 1813 2214 1868 molestia
2247 1818 2594 1885 perfruatur,
2628 1817 2762 1888 quis
2793 1818 3041 1888 cogitare
3071 1819 3237 1888 digne
3261 1821 3465 1889 possit,
3499 1824 3599 1874 aut

1945 1892 2188 1964 eloqui?
2237 1896 2595 1966 QuaprOpter
2624 1898 2798 1952 etiam
2841 1898 2974 1952 vitio
3023 1899 3311 1953 malorum
3361 1898 3596 1972 angelo-

1946 1988 2100 2041 rum,
2134 1991 2249 2045 quo
2290 1992 2404 2030 non
2445 1976 2741 2032 adhaerent
2790 1977 2927 2046 Deo,
2964 1980 3236 2049 quoniam
3290 1995 3460 2034 omne
3513 1980 3594 2032 vi-

1946 2052 2094 2107 tium
2130 2061 2348 2108 naturaa
2399 2063 2587 2122 nocet,
2621 2058 2766 2112 satis
2811 2057 3222 2112 manifestatur
3265 2059 3442 2114 Deum
3475 2064 3592 2113 tam

1947 2132 2160 2188 bouam
2193 2149 2395 2189 eorum
2427 2151 2657 2192 creasse
2688 2142 2976 2206 naturam,
2998 2139 3090 2192 cui
3116 2138 3351 2193 noxium
3377 2140 3454 2194 sit
3484 2156 3599 2194 non

1947 2227 2074 2267 esse
2105 2228 2238 2267 cum
2271 2213 2407 2267 Deo.

1949 2396 2180 2454 CAPUT
2235 2401 2302 2456 Il.
2359 2432 2418 2442 —
2475 2402 2697 2458 Nullam
2738 2404 3028 2461 essentiam
3071 2407 3175 2463 Deo
3223 2423 3333 2464 esse
3373 2413 3596 2464 contra-

2017 2480 2183 2544 riam,
2218 2482 2349 2550 quia
2379 2482 2446 2536 ab
2471 2498 2534 2537 eo
2566 2482 2661 2552 qui
2688 2500 2900 2539 summe
2930 2491 3008 2540 est
3046 2496 3096 2541 et
3128 2501 3340 2556 semper
3367 2493 3467 2554 est,
3500 2488 3597 2544 hoc

2018 2563 2194 2613 totum
2227 2561 2241 2593 ¹
2271 2560 2488 2616 videtur
2526 2562 2807 2619 diversum
2834 2579 2945 2620 esse
2973 2566 3114 2637 quod
3143 2583 3250 2622 non
3281 2577 3379 2623 est.

2025 2713 2146 2769 Haec
2191 2717 2346 2772 dicta
2403 2717 2538 2786 sint,
2574 2735 2642 2774 ne
2700 2720 3027 2790 quisquam,
3061 2738 3194 2776 cum
3245 2723 3317 2778 de
3369 2721 3595 2794 angelis

1947 2797 2286 2864 apostaticis
2321 2798 2639 2869 loquimur,
2673 2802 2967 2856 existimet
3003 2818 3102 2857 eos
3141 2802 3313 2857 aliam
3338 2804 3497 2858 velut
3526 2821 3593 2859 ex

1946 2874 2060 2928 alio
2119 2878 2404 2946 principio
2446 2879 2657 2934 habere
2700 2883 2960 2950 potuisse
3020 2886 3314 2948 naturam,
3362 2900 3466 2938 nec
3504 2901 3593 2939 eo-

1944 2968 2074 3007 rum
2108 2961 2328 3011 naturas
2360 2966 2656 3015 auctorem
2687 2959 2894 3014 Deum.
2919 2961 3100 3032 Cujus
3134 2966 3349 3019 erroris
3382 2965 3591 3034 impie-

1942 3038 2060 3089 tate
2112 3042 2274 3093 tanto
2325 3040 2572 3110 quisque
2619 3042 2836 3096 carebit
2883 3045 3206 3114 expeditius
3235 3051 3290 3099 et
3339 3045 3588 3112 facilius,

1941 3119 2157 3182 quanto
2209 3118 2601 3188 perspicacius
2634 3121 2957 3191 intelligere
2997 3124 3269 3193 potuerit,
3303 3124 3456 3194 quod
3490 3140 3589 3194 per

1940 3195 2212 3272 angelum
2264 3198 2409 3252 dixit
2455 3202 2625 3267 Dcus,
2661 3202 2897 3270 quando
2931 3201 3165 3272 Moysen
3221 3203 3483 3258 mittebat
3515 3204 3585 3257 ad

1939 3271 2090 3354 ﬁlios
2120 3276 2294 3331 lsrael
2322 3294 2334 3331 :
2368 3279 2476 3347 Ego
2505 3297 2647 3346 sum,
2682 3284 2778 3350 qui
2805 3298 2928 3335 sum
2957 3271 3155 3352 (Emori.
3189 3301 3273 3352 ιιι,
3308 3285 3418 3354 14).
3451 3285 3590 3338 Cum

1939 3353 2090 3406 enim
2122 3355 2269 3410 Deus
2300 3374 2529 3414 summa
2559 3361 2814 3414 essentia
2838 3363 2936 3424 sit,
2971 3363 3080 3416 hoc
3111 3369 3196 3417 est
3228 3353 3455 3418 summe
3489 3364 3586 3432 sit,

1940 3436 1997 3486 et
2051 3433 2175 3488 ideo
2234 3438 2622 3494 immutabilis
2671 3439 2783 3506 sit;
2847 3443 3022 3495 rebus
3082 3459 3226 3512 quas
3276 3461 3345 3498 ex
3403 3444 3586 3499 nihilo

1938 3514 2166 3577 creavit,
2202 3531 2329 3571 esse
2352 3518 2529 3583 dedit,
2553 3521 2652 3574 sed
2690 3536 2801 3574 non
2827 3536 3059 3576 summe
3088 3539 3238 3589 esse,
3271 3526 3421 3577 sicut
3460 3525 3585 3592 ipse

1937 3599 2064 3673 est;
2096 3599 2152 3648 et
2182 3594 2310 3650 aliis
2338 3599 2498 3652 dedit
2527 3616 2657 3655 esse
2687 3602 2962 3670 amplius,
2995 3602 3126 3656 aliis
3159 3605 3353 3658 minus
3375 3620 3388 3668 ;
3413 3609 3585 3673 atque

1937 3672 2018 3728 ita
2063 3681 2303 3731 naturas
2335 3680 2725 3734 essentiarum
2758 3681 3033 3749 gradibus
3083 3683 3392 3738 ordinavit.
3425 3672 3585 3736 Sicut

1937 3753 2090 3808 enim
2122 3756 2192 3810 ab
2225 3771 2291 3810 eo
2319 3759 2472 3827 quod
2506 3764 2594 3813 est
2623 3775 2848 3828 sapere,
2876 3765 3109 3816 vocatur
3132 3762 3418 3832 sapientia
3449 3781 3464 3829 ;
3498 3760 3581 3815 sic

1936 3835 2008 3888 ab
2038 3851 2104 3890 eo
2135 3838 2288 3905 quod
2322 3841 2409 3892 est
2457 3853 2606 3906 esse,
2646 3845 2884 3894 vocatur
2915 3842 3210 3898 essentia:
3263 3859 3408 3897 novo
3453 3841 3584 3912 qui-

1935 3915 2066 3970 dem
2108 3917 2366 3982 nomine,
2399 3934 2508 3987 quo
2541 3920 2626 3975 usi
2681 3925 2900 3974 veteres
2951 3937 3061 3976 non
3103 3929 3240 3977 sunt
3270 3922 3439 3976 latini
3471 3937 3585 3976 ser-

1935 3997 2127 4050 monis
2166 4002 2452 4066 auctores,
2485 4001 2582 4054 sed
2616 4001 2742 4071 jam
2805 4001 3021 4056 nostris
3071 4003 3431 4075 temporibus
3463 4002 3585 4056 usi-

1933 4080 2078 4143 tato,
2113 4093 2183 4132 ne
2230 4081 2455 4134 deesset
2484 4081 2656 4136 etiam
2689 4081 2900 4151 linguas
2951 4087 3182 4153 nostris,
3215 4085 3371 4156 quod
3402 4082 3584 4140 Graeci

1934 4157 2230 4228 appellant
2262 4157 2469 4214 οὐσίαν.
2505 4160 2622 4217 Hoc
2645 4162 2798 4215 enim
2830 4163 3067 4219 verbum
3101 4181 3130 4218 e
3156 4166 3322 4220 verbo
3356 4180 3581 4236 expres-

1934 4252 2062 4291 sum
2095 4247 2202 4306 est,
2240 4246 2301 4294 ut
2333 4240 2624 4295 diceretur
2663 4243 2930 4298 essentia.
2958 4247 3035 4298 Ac
3069 4262 3168 4315 per
3199 4246 3306 4301 hoc
3336 4247 3384 4300 ei
3417 4251 3582 4301 natu-

1933 4334 2029 4385 rae,
2063 4337 2191 4390 qua;
2222 4337 2452 4376 summe
2483 4330 2592 4389 est,
2620 4339 2734 4394 qua
2765 4324 3009 4379 faciente
3041 4331 3178 4380 sunt
3199 4343 3580 4398 quascumque

1933 4407 2090 4468 sunt,
2124 4402 2411 4457 contraria
2464 4408 2670 4458 natura
2702 4420 2815 4458 non
2866 4411 2974 4471 est,
3010 4407 3115 4460 nisi
3167 4425 3291 4478 qua:
3325 4425 3436 4464 non
3471 4414 3577 4463 est.
3613 4411 3618 4436 τ

1932 4479 1994 4534 Ei
2054 4482 2270 4552 quippe
2301 4485 2452 4554 quod
2512 4490 2622 4550 est,
2658 4501 2770 4538 non
2816 4501 2941 4541 esse
2971 4489 3330 4542 contrarium
3371 4495 3478 4544 est.
3513 4490 3582 4544 Et

1935 4579 2236 4644 propterea
2274 4573 2413 4645 Deo,
2454 4576 2509 4630 id
2533 4581 2622 4631 est
2651 4592 2897 4633 summae
2929 4580 3215 4644 essentia,
3265 4586 3322 4634 et
3351 4581 3572 4636 auctori

1932 4653 2190 4708 omnium
2241 4655 2506 4724 qualium
2564 4672 2816 4727 cumque
2862 4659 3272 4727 essentiarum,
3323 4663 3578 4716 essentia

1932 4732 2097 4788 nulla
2126 4736 2411 4791 contraria
2439 4740 2545 4791 est.

1929 4918 2160 4975 CAPUT
2181 4921 2275 4975 III.
2309 4950 2378 4962 —
2408 4921 2484 4974 De
2503 4920 2745 4973 inimicis
2772 4919 2885 4984 Dei,
2916 4934 3025 4974 non
3052 4935 3150 4990 per
3177 4926 3454 4990 naturam,
3486 4920 3579 4976 sed

2000 5017 2098 5070 per
2144 5000 2483 5054 contrariam
2520 4999 2876 5066 voluntatem,
2909 5015 3029 5071 qua?
3085 5017 3209 5055 cum
3240 5001 3371 5070 ipsis
3419 5006 3578 5057 nocet

2008 5084 2156 5136 bonae
2211 5081 2402 5151 utique
2446 5087 2661 5134 natura:
2707 5085 2861 5134 nocet
2892 5098 2910 5134 :
2939 5082 3071 5152 quia
3128 5083 3324 5136 vilium
3366 5084 3422 5138 si
3466 5098 3574 5137 non

2005 5163 2156 5215 nocet
2185 5174 2293 5214 non
2323 5162 2417 5215 est.

2009 5329 2288 5383 Dicuntur
2324 5334 2517 5384 autem
2566 5329 2621 5384 in
2674 5330 2990 5401 Scripturis
3041 5331 3260 5387 inimici
3319 5330 3442 5400 Dei,
3472 5330 3569 5400 qui

1931 5424 2044 5464 non
2076 5414 2302 5475 natura,
2347 5411 2445 5464 sed
2490 5409 2649 5465 vitiis
2680 5412 3059 5467 adversantur
3099 5413 3224 5482 ejus
3274 5411 3517 5486 imperio
3553 5421 3567 5463 :

1997 5658 2008 5690 ί
2043 5653 2266 5714 Quidam
2294 5655 2659 5720 manuscripti,
2691 5655 2785 5706 hoc
2807 5656 2866 5705 in
2894 5662 3018 5707 toto.
