4138 6192
433 315 545 376 331

437 447 582 504 nihil
629 445 681 502 ei
727 443 984 500 valentes
1046 454 1273 508 nocere,
1316 437 1412 492 sed
1467 434 1602 490 sibi.
1646 433 1879 490 Inimici
1935 434 2088 489 enim

437 533 578 585 sunt
621 523 927 581 resistendi
967 522 1286 582 voluntate,
1325 533 1440 572 non
1487 521 1773 588 potestate
1826 513 2087 570 laedendi.

440 609 593 665 Deus
625 619 876 674 namque
907 599 1288 657 immutabilis
1322 602 1430 661 est,
1457 601 1513 651 et
1541 596 1878 652 omnimodo
1907 594 2092 649 incor-

443 686 763 757 ruptibilis.
799 685 1018 739 Idcirco
1067 681 1272 735 vitium
1319 695 1430 749 quo
1483 679 1764 733 resistunt
1810 677 1947 746 Deo,
1990 675 2090 747 qui

443 771 572 840 ejus
627 765 996 838 appellantur
1044 761 1293 824 inimici,
1337 777 1449 815 non
1496 768 1582 814 est
1634 765 1764 828 Deo,
1800 759 1902 813 sed
1950 757 2094 840 ipsis

447 837 691 904 malum.
711 837 921 914 Neque
961 844 1072 898 hoc
1109 841 1180 897 ob
1233 842 1417 908 aliud,
1449 841 1562 895 nisi
1594 841 1730 911 quia
1775 837 2095 908 corrumpit

446 930 506 984 in
538 929 619 982 eis
658 930 878 979 naturis
918 924 1161 978 bonum.
1193 920 1409 976 Natura
1450 921 1629 991 igitur
1678 937 1789 975 non
1824 926 1913 974 est
1949 934 2096 974 con—

448 1007 626 1063 traria
683 1005 820 1071 Deo,
854 1004 954 1058 sed
1011 1004 1238 1057 vitium.
1284 1001 1431 1066 Quia
1489 1001 1645 1071 quod
1707 999 1924 1054 malum
1983 1001 2090 1068 est,

449 1086 802 1142 contrarium
863 1088 953 1140 est
996 1085 1148 1139 bono
1184 1085 1222 1151 ί,
1258 1082 1397 1147 Quis
1444 1086 1636 1134 autem
1689 1083 1860 1151 neget
1915 1079 2096 1134 Deum

450 1182 680 1223 summe
711 1164 963 1220 bonum?
1018 1163 1230 1218 Vitium
1265 1178 1400 1232 ergo
1431 1160 1790 1215 contrarium
1837 1163 1924 1215 est
1955 1158 2097 1225 Deo,

446 1253 726 1317 tanquam
762 1244 977 1300 malum
1010 1244 1182 1298 bono.
1218 1244 1394 1298 Porro
1449 1246 1645 1296 autem
1678 1239 1895 1295 bonum
1927 1243 2015 1293 est
2043 1241 2100 1293 et

449 1335 655 1385 natura
697 1341 867 1396 quam
923 1323 1134 1391 vitiat;
1193 1324 1347 1377 unde
1396 1331 1448 1376 et
1501 1319 1639 1375 huic
1699 1319 1850 1374 bono
1895 1319 2098 1390 utique

450 1407 807 1464 contrarium
857 1409 944 1461 est
996 1423 1009 1463 :
1070 1405 1167 1460 sed
1211 1405 1326 1460 Deo
1358 1403 1769 1458 tantummodo
1814 1407 2097 1472 tanquam

452 1490 602 1544 bono
633 1487 898 1554 malum;
943 1491 1160 1541 naturis
1191 1501 1322 1540 vero
1367 1501 1545 1556 quam
1593 1483 1779 1550 vitiat,
1822 1498 1936 1537 non
1969 1486 2097 1536 tan-

453 1573 579 1624 tum
613 1567 853 1632 malum,
879 1567 979 1622 sed
1015 1566 1186 1621 etiam
1217 1564 1476 1620 noxium.
1511 1562 1678 1618 Nulla
1708 1561 1918 1632 quippe
1947 1559 2100 1615 mala

455 1654 565 1704 Deo
625 1648 815 1715 noxia,
873 1648 973 1701 sed
1049 1645 1432 1700 mutabilibus
1505 1641 2101 1712 cormptibilibusque

453 1728 694 1792 naturis,
729 1728 896 1782 bonis
927 1732 1121 1781 tamen
1170 1726 1433 1796 ipsorum
1482 1739 1714 1795 quoque
1763 1721 2101 1776 testimonio

451 1809 740 1865 vitiorum.
773 1807 828 1861 Si
860 1807 1015 1862 enim
1046 1808 1207 1860 bonae
1233 1822 1347 1860 non
1375 1809 1592 1868 essent,
1616 1803 1698 1857 eis
1727 1802 1863 1856 vitia
1897 1815 2102 1856 nocere

455 1907 568 1946 non
618 1894 874 1961 possent.
909 1890 1051 1943 Nam
1098 1887 1234 1958 quid
1285 1885 1368 1941 eis
1410 1883 1668 1940 nocendo
1714 1883 1955 1950 faciunt,
1989 1881 2100 1936 nisi

455 1970 723 2026 adimunt
779 1969 1199 2039 integritatem,
1252 1965 1766 2038 pulchritudinem,
1827 1964 2100 2032 salutem,

456 2052 750 2116 virtutem,
784 2053 839 2102 et
870 2047 1154 2119 quidquid
1205 2047 1341 2101 boni
1376 2050 1596 2100 natura)
1632 2061 1734 2116 per
1765 2043 1965 2098 vitium
1999 2041 2104 2096 de-

458 2131 610 2187 trahi
645 2131 765 2186 sive
799 2129 979 2184 minui
1012 2129 1361 2183 consuevit?
1392 2127 1553 2194 Quod
1586 2128 1637 2181 si
1668 2127 1905 2182 omnino
1928 2125 2101 2185 desit.

458 2210 604 2267 nihil
648 2211 779 2266 boni
834 2209 1146 2264 adimendo
1181 2226 1295 2263 non
1332 2214 1521 2273 nocet,
1556 2223 1622 2263 ac
1681 2222 1780 2278 per
1836 2206 1943 2260 hoc
2001 2219 2105 2258 nec

455 2291 662 2345 vitium
707 2299 814 2346 est.
845 2290 990 2346 Nam
1047 2305 1177 2345 esse
1217 2289 1444 2357 vitium,
1486 2295 1539 2342 et
1583 2303 1696 2341 non
1731 2301 1956 2351 nocere,
1989 2299 2103 2338 non

459 2376 664 2442 potest.
698 2369 860 2426 Unde
886 2370 1200 2442 colligitur,
1231 2369 1501 2440 quamvis
1531 2383 1644 2421 non
1679 2366 1867 2438 possit
1902 2365 2104 2420 vitium

461 2467 667 2506 nocere
697 2450 1167 2506 incommutabili
1200 2451 1373 2514 bono,
1407 2466 1522 2504 non
1555 2455 1752 2504 tamen
1785 2463 1956 2519 posse
2001 2461 2105 2499 no-

461 2547 586 2587 cere
614 2532 727 2586 nisi
758 2531 909 2586 bono
939 2548 952 2587 :
978 2530 1117 2602 quia
1146 2546 1262 2585 non
1293 2529 1469 2596 inest,
1494 2528 1606 2583 nisi
1640 2527 1737 2582 ubi
1771 2531 1954 2582 nocet.
1990 2524 2107 2580 Hoc

461 2611 634 2667 etiam
682 2611 789 2665 isto
849 2611 1016 2666 modo
1075 2610 1188 2665 dici
1239 2615 1450 2681 potest,
1491 2609 1696 2663 vitium
1747 2624 1870 2662 esse
1911 2621 2017 2661 nec
2048 2605 2104 2659 in

463 2707 696 2747 summo
728 2707 898 2762 posse
945 2693 1118 2757 bono,
1149 2705 1255 2746 nec
1285 2689 1398 2744 nisi
1441 2693 1498 2744 in
1531 2687 1941 2758 aliquobono.
1974 2683 2108 2740 Sola

465 2786 598 2842 ergo
633 2770 782 2825 bona
839 2769 1056 2825 alicubi
1114 2785 1240 2824 esse
1286 2773 1556 2838 possunt,
1589 2767 1712 2822 sola
1760 2765 1914 2820 mala
1965 2779 2105 2818 nus-

465 2868 640 2924 quam
691 2868 705 2906 :
755 2851 1031 2922 quoniam
1084 2858 1300 2904 naturas
1331 2848 1502 2903 etiam
1538 2847 1650 2902 illae
1683 2863 1812 2915 quae
1841 2862 1910 2899 ex
1941 2844 2105 2899 malis

465 2931 784 2988 voluntatis
817 2931 956 2986 vitio
987 2930 1010 2965 ²
1039 2930 1248 2984 vitiatas
1287 2935 1446 2998 sunt,
1479 2928 1539 2983 in
1571 2933 1854 2999 quantum
1884 2924 2108 2980 vitiosas

465 3017 626 3081 sunt,
659 3012 827 3068 malae
857 3017 1034 3078 sunt;
1067 3010 1125 3064 in
1157 3015 1442 3080 quantum
1476 3014 1673 3064 autem
1697 3016 1916 3062 natura:
1947 3008 2106 3073 sunt,

466 3092 630 3148 bonae
663 3097 824 3147 sunt.
855 3092 920 3146 Et
970 3108 1102 3146 cum
1155 3091 1214 3145 in
1271 3089 1457 3159 pinnis
1491 3092 1580 3143 est
1630 3098 1834 3142 natura
1882 3085 2108 3149 vitiosa,

465 3177 704 3244 excepto
735 3189 800 3228 eo
832 3173 984 3243 quod
1019 3175 1226 3226 natura
1265 3177 1374 3234 est,
1407 3171 1582 3224 etiam
1615 3167 1724 3223 hoc
1764 3167 1843 3222 ibi
1893 3167 2110 3222 bonum

465 3259 575 3321 est,
607 3255 762 3326 quod
794 3252 1086 3324 impunita
1118 3267 1232 3306 non
1266 3255 1371 3306 est.
1408 3255 1524 3306 Hoc
1553 3249 1708 3304 enim
1742 3248 2108 3319 estjustum;

465 3339 522 3392 et
559 3350 730 3390 omne
768 3333 998 3404 justum
1032 3331 1232 3402 procul
1283 3331 1461 3386 dubio
1514 3331 1754 3386 bonum.
1785 3328 1914 3384 Non
1955 3327 2112 3382 enim

467 3415 780 3486 quisquam
813 3415 884 3468 de
913 3413 1069 3468 vitiis
1112 3412 1501 3479 naturalibus,
1535 3411 1636 3466 sed
1670 3411 1740 3466 de
1768 3407 2113 3465 voluntariis

469 3511 669 3568 poenas
703 3495 830 3550 luit.
867 3494 1012 3550 Nam
1047 3495 1222 3549 etiam
1253 3494 1407 3565 quod
1439 3492 1642 3547 vitium
1693 3489 2116 3547 consuetudine

473 3577 726 3632 nimiove
785 3590 1093 3646 progressu
1163 3575 1494 3630 rohoratum
1545 3572 1702 3628 velut
1775 3571 2119 3628 naturaliter

470 3657 728 3724 inolevit,
762 3673 795 3711 a
850 3657 1146 3712 voluntate
1191 3657 1450 3727 sumpsit
1479 3654 1804 3710 exordium.
1840 3654 1917 3709 De
1965 3651 2120 3706 vitiis

473 3738 687 3809 quippe
719 3752 874 3792 nunc
904 3736 1205 3810 loquimur
1241 3739 1369 3807 ejus
1402 3736 1750 3803 naturae,cui
1777 3750 1938 3790 mens
1966 3733 2120 3786 inest

473 3835 653 3889 capax
686 3818 1075 3890 intelligibilis
1126 3818 1297 3884 lucis,
1335 3834 1451 3890 qua
1503 3815 1852 3871 discernitur
1891 3814 2120 3882 justum

484 3901 554 3956 ab
585 3899 829 3970 injusto.

485 4090 718 4148 CAPUT
747 4091 844 4146 IV.
877 4121 942 4130 —
973 4091 1047 4144 De
1074 4096 1282 4144 natura
1313 4085 1744 4151 irrationalium,
1772 4089 1870 4140 aut
1891 4083 2004 4140 vita
2033 4100 2127 4140 ca-

556 4169 818 4237 rentium,
845 4184 962 4239 quae
992 4167 1054 4221 in
1096 4184 1193 4221 suo
1222 4181 1421 4235 genere
1465 4172 1626 4236 atque
1667 4164 1857 4222 ordine
1893 4165 1959 4220 ab
2000 4167 2129 4221 uni-

557 4248 829 4303 versitati:
847 4247 1040 4302 decore
1066 4262 1173 4300 non
1203 4246 1490 4317 discrepat.

564 4395 840 4447 Caeterum
879 4391 1020 4447 vitia
1051 4407 1323 4462 pecorum
1355 4397 1411 4448 et
1441 4391 1733 4457 arborum,
1768 4391 2132 4463 aliarumque

493 4487 684 4528 rerum
737 4471 1110 4528 mutabilium
1171 4478 1347 4544 atque
1402 4473 1761 4539 mortalium,
1808 4473 1893 4530 vel
1953 4473 2132 4530 intel-

488 4553 664 4618 lectu,
695 4552 783 4609 vel
826 4568 1022 4623 sensu,
1054 4554 1140 4608 vel
1174 4555 1288 4610 vita
1326 4555 1564 4609 omnino
1623 4556 1965 4625 carentium,
1999 4555 2130 4627 qui-

495 4635 602 4690 bus
635 4649 832 4691 eorum
878 4633 1243 4691 dissolubilis
1275 4641 1484 4691 natura
1526 4637 1941 4705 corrumpitur,
1972 4638 2132 4691 dam-

493 4714 707 4772 nabilia
752 4719 976 4788 putare,
1009 4716 1318 4774 ridiculum
1369 4722 1459 4771 est
1489 4731 1504 4771 :
1539 4731 1674 4772 cum
1702 4715 1828 4771 ist
1859 4722 2132 4772 creaturas

494 4813 630 4852 eum
663 4797 904 4854 modum
937 4801 1080 4854 nutu
1103 4797 1388 4854 Creatorls
1417 4797 1763 4867 acceperint,
1793 4802 1856 4851 ut
1876 4797 2132 4853 cedendo

496 4896 562 4935 ac
592 4879 957 4936 succedendo
1014 4887 1292 4951 peragant
1332 4877 1594 4934 infimam
1638 4877 2136 4949 pulchritudinem

496 4964 828 5032 temporum
888 4960 946 5014 in
997 4975 1208 5030 genere
1264 4976 1371 5016 suo
1418 4959 1588 5015 istius
1640 4959 1841 5016 mundi
1874 4958 2138 5030 partibus

499 5043 942 5110 congruentem.
975 5038 1174 5111 Neque
1215 5040 1370 5095 enim
1406 5039 1744 5097 cmlestibus
1775 5041 2000 5096 fuerant
2028 5044 2140 5096 ter-

497 5135 635 5175 rena
682 5119 1059 5191 coaequanda,
1093 5124 1194 5176 aut
1239 5120 1367 5175 ideo
1409 5120 1772 5176 universitati
1803 5121 2002 5177 deesse
2032 5120 2143 5175 ista

499 5200 847 5269 debuerunt,
881 5199 1158 5270 quoniam
1211 5204 1352 5254 sunt
1404 5199 1505 5255 illa
1537 5199 1797 5256 meliora.
1829 5199 1974 5254 Cum
2006 5215 2140 5269 ergo

497 5278 558 5335 in
591 5279 683 5337 his
740 5277 900 5347 locis,
929 5277 1028 5334 ubi
1079 5278 1217 5334 talia
1272 5293 1396 5334 esse
1446 5280 1838 5351 competebat,
1869 5277 1984 5335 alia
2015 5278 2144 5334 aliis

569 5538 583 5570 ¹
615 5536 864 5600 Nonnulli
893 5537 1035 5588 Mss..
1068 5537 1160 5587 sed
1204 5536 1425 5593 vitium,
1458 5539 1593 5600 quia
1634 5538 1851 5588 malum
1889 5550 1986 5597 est,
2025 5555 2146 5590 oon-

508 5597 750 5646 tran'um
780 5610 856 5649 est
883 5601 1036 5648 bono.

573 5658 594 5692 ²
626 5659 806 5711 Plures
836 5665 888 5713 et
915 5664 1110 5727 probae
1137 5664 1295 5714 notae
1321 5661 1466 5720 Msa,
1500 5661 1682 5713 initio.

1508 305 1608 362 DE
1653 301 2017 364 CIVITATE
2063 300 2214 374 DEI,
2262 299 2325 362 S.
2369 300 2799 366 AUGUSTINI

3730 304 3855 368 352

2201 431 2608 490 deficientibus
2666 434 2958 501 oriuntur,
3019 439 3076 490 et
3140 435 3539 491 succumbunt
3617 435 3855 492 minora

2204 515 2545 586 majoribus,
2573 521 2749 587 atque
2779 518 2836 570 in
2887 517 3199 588 qualitates
3249 516 3653 587 superantium
3688 532 3862 586 supe-

2202 603 2328 650 rata
2357 603 2678 666 vertuntur,
2731 614 2923 652 rerum
2958 604 3044 653 est
3074 599 3212 653 ordo
3256 599 3714 653 transeuntium.
3741 599 3858 653 Cu-

2197 677 2298 748 jus
2329 678 2552 732 ordinis
2581 680 2752 733 decus
2787 685 3084 749 propterea
3109 695 3211 733 nos
3243 695 3356 732 non
3403 679 3669 745 delectat,
3705 695 3856 750 quo-

2206 760 2360 813 niam
2397 761 2544 830 parti
2577 762 2703 828 ejus
2737 777 2836 829 pro
2867 761 3196 814 conditione
3228 766 3430 814 nostra)
3473 759 3857 815 mortalitatis

2207 840 2431 902 intexti,
2467 839 2826 907 universum,
2860 841 2956 896 cui
3005 841 3300 912 particula:
3332 857 3462 911 quae
3510 857 3617 896 nos
3667 841 3856 896 oll‘en-

2207 920 2369 984 dunt,
2421 920 2561 975 satis
2612 926 2743 991 apte
2795 923 3180 992 decenterque
3232 923 3606 985 conveniunt,
3639 924 3858 978 sentire

2207 1016 2322 1055 non
2349 1017 2681 1070 possumus.
2714 1001 2877 1058 Unde
2907 1002 3096 1069 nobis,
3129 1002 3185 1057 in
3212 1003 3426 1073 quibus
3447 1019 3576 1057 eam
3595 1007 3861 1058 contem-

2207 1078 2352 1151 plari
2411 1083 2602 1134 minus
2661 1081 2851 1136 idonei
2901 1098 3124 1150 sumus,
3177 1082 3502 1138 rectissime
3564 1083 3860 1138 credenda

2209 1161 2542 1233 praecipitur
2569 1164 2923 1233 providentia
2953 1163 3300 1230 Conditoris,
3330 1179 3400 1219 ne
3431 1165 3576 1218 tanti
3608 1164 3860 1220 artificis

2209 1257 2354 1311 opus
2387 1241 2444 1295 in
2479 1242 2673 1314 aliquo
2713 1243 3131 1315 reprehendere
3161 1245 3416 1299 vanitate
3463 1243 3737 1299 humanm
3772 1252 3862 1300 te-

2212 1323 2496 1378 meritatis
2552 1324 2895 1380 audeamus.
2954 1325 3300 1396 Quanquam
3359 1328 3418 1380 et
3465 1324 3606 1380 vitia
3664 1341 3863 1380 rerum

2210 1406 2572 1458 terrenarum
2622 1421 2737 1460 non
2781 1404 3126 1472 voluntaria,
3163 1420 3350 1477 neque
3383 1405 3656 1477 pmnalia,
3690 1410 3869 1460 natu-

2210 1501 2307 1539 ras
2329 1485 2508 1555 ipsas,
2541 1501 2787 1556 quarum
2821 1485 2984 1541 nulla
3023 1485 3259 1541 omnino
3291 1491 3402 1551 est,
3433 1487 3606 1556 cujus
3638 1503 3756 1541 non
3788 1485 3866 1542 sit

2210 1569 2413 1618 auctor
2441 1571 2498 1619 et
2528 1567 2790 1620 conditor
2820 1565 2994 1630 Deus,
3029 1565 3078 1619 si
3111 1565 3425 1637 prudenter
3469 1566 3868 1637 attendamus,

2209 1645 2409 1700 eadem
2466 1646 2687 1700 ratione
2733 1646 3150 1702 commendant
3197 1664 3212 1703 :
3262 1647 3398 1716 quia
3427 1651 3484 1702 et
3533 1647 3590 1702 in
3623 1647 3710 1702 eis
3757 1647 3870 1703 hoc

2211 1725 2380 1779 nobis
2431 1742 2529 1795 per
2571 1725 2777 1780 vitium
2823 1725 2945 1781 tolli
3000 1725 3287 1798 displicet,
3322 1729 3476 1798 quod
3527 1727 3587 1782 in
3641 1731 3859 1782 natura

2211 1806 2444 1877 placet:
2481 1805 2594 1861 nisi
2643 1807 2780 1877 quia
2827 1805 3165 1861 hominibus
3224 1807 3396 1862 etiam
3449 1809 3587 1880 ipsa;
3641 1814 3868 1862 natura

2212 1885 2559 1957 plerumque
2603 1887 2935 1957 displicent,
2970 1904 3105 1943 cum
3156 1889 3240 1943 eis
3291 1889 3441 1943 [lunt
3499 1889 3706 1954 noxiis,
3740 1906 3862 1945 non

2211 1981 2310 2022 eas
2367 1968 2898 2034 considerantibus,
2948 1969 3050 2023 sed
3099 1968 3410 2024 utilitatem
3452 1986 3619 2024 suam
3655 1987 3670 2036 ;
3702 1969 3861 2025 sicut

2212 2048 2313 2104 illa
2344 2048 2644 2116 animalia,
2676 2065 2919 2119 quorum
2956 2049 3319 2104 abundantia
3347 2051 3747 2121 Egyptiorum
3771 2066 3871 2105 su-

2214 2129 2409 2200 perbia
2439 2129 2752 2201 vapulavit.
2785 2131 2895 2186 Sed
2929 2130 3044 2186 isto
3089 2131 3258 2184 modo
3291 2136 3538 2201 possunt
3578 2140 3629 2186 et
3660 2130 3850 2186 solem

2213 2211 2574 2280 vituperare;
2609 2212 2878 2280 quoniam
2911 2210 3149 2282 quidam
3183 2219 3501 2279 peccantes,
3531 2210 3614 2266 vel
3645 2211 3851 2265 debita

2214 2307 2330 2346 non
2374 2291 2708 2359 reddentes,
2761 2292 2896 2363 poni
2927 2308 2961 2347 a
2993 2291 3297 2362 judicibus
3346 2291 3624 2363 iubentur
3667 2292 3734 2346 ad
3767 2306 3868 2347 so-

2215 2371 2325 2428 lem
2359 2370 2459 2444 (a).
2502 2375 2624 2426 Non
2657 2371 2848 2443 itaque
2878 2388 2947 2428 ex
2998 2373 3306 2428 commodo
3354 2373 3441 2428 vel
3491 2372 3864 2428 incommodo

2217 2458 2439 2520 nostro,
2475 2453 2572 2508 sed
2605 2469 2704 2521 per
2742 2453 2998 2524 seipsam
3029 2453 3387 2509 considerata
3417 2457 3624 2508 natura
3653 2454 3754 2508 dat
3779 2467 3868 2506 ar-

2215 2533 2356 2588 tiﬁci
2390 2549 2497 2588 suo
2550 2533 2816 2606 gloriam.
2849 2532 2943 2588 Sic
2991 2538 3166 2589 estet
3225 2538 3432 2589 natura
3475 2533 3628 2603 ignis
3665 2531 3870 2589 aeterni

2217 2615 2341 2671 sine
2373 2614 2493 2668 ulla
2515 2614 2883 2669 dubitatione
2909 2613 3243 2680 laudabilis,
3267 2615 3536 2684 quamvis
3570 2614 3869 2668 damnatis

2214 2694 2412 2764 impiis
2463 2695 2657 2750 futura
2693 2695 2959 2765 poenalis.
3005 2693 3152 2758 Quid
3191 2695 3347 2750 enim
3397 2699 3484 2749 est
3519 2695 3655 2765 igne
3698 2693 3871 2748 ﬂam-

2216 2779 2432 2842 mante,
2483 2774 2730 2844 vigente,
2765 2774 2994 2828 lucente
3053 2773 3402 2841 pulchrius?
3460 2774 3601 2844 quid
3656 2771 3872 2828 calefa-

2215 2853 2422 2922 ciente,
2471 2858 2734 2920 curante,
2793 2861 3081 2925 coquente
3146 2852 3404 2908 utilius?
3459 2855 3727 2921 quamvis
3805 2869 3877 2909 eo

2216 2933 2458 2989 nibilsit
2497 2939 2700 2989 urente
2733 2933 3058 2990 molestius.
3092 2936 3246 2990 Idem
3276 2933 3454 3004 igitur
3482 2933 3610 3003 ipse
3644 2931 3818 2987 aliter
3851 2936 3870 2970 ι

2217 3012 2519 3086 appositus
2553 3014 2930 3085 perniciosus,
2959 3015 3060 3086 qui
3110 3014 3514 3070 convenienter
3564 3012 3873 3069 adhibitus

2217 3093 2732 3150 commodissimus
2781 3095 3093 3152 invenitur.
3143 3094 3288 3150 Nam
3336 3095 3465 3164 ejus
3507 3093 3567 3148 in
3600 3093 3877 3149 universo

2216 3174 2435 3230 mundo
2487 3173 2766 3230 utilitates
2812 3175 3006 3230 verbis
3061 3173 3351 3246 explicare
3417 3173 3547 3246 quis
3595 3171 3875 3229 sufﬁcit?

2216 3255 2328 3312 Nec
2385 3255 2655 3310 audiendi
2705 3261 2864 3322 sunt,
2912 3256 3013 3327 qui
3063 3255 3309 3311 laudant
3348 3255 3407 3310 in
3466 3255 3600 3327 igne
3658 3253 3876 3320 lucem,

2218 3337 2483 3392 ardorem
2534 3341 2727 3391 autem
2780 3339 3109 3407 vituperant
3159 3354 3174 3393 :
3220 3336 3487 3392 videlicet
3517 3351 3631 3391 non
3681 3349 3748 3389 ex
3780 3339 3879 3393 sui

2220 3421 2450 3484 natura,
2484 3417 2581 3472 sed
2625 3432 2692 3472 ex
2723 3434 2830 3472 suo
2870 3418 3179 3473 commodo
3216 3415 3305 3473 vel
3355 3416 3746 3472 incommodo.
3775 3413 3881 3468 Vi-

2221 3497 2357 3551 dere
2385 3497 2541 3551 enim
2573 3497 2791 3565 volunt,
2817 3498 3019 3552 ardere
3051 3497 3276 3553 nolunt.
3307 3497 3418 3552 Sed
3447 3511 3647 3566 parum
3680 3498 3880 3548 atten-

2225 3579 2368 3633 dunt
2397 3593 2526 3633 eam
2585 3578 2771 3648 ipsam
2823 3577 3038 3643 lucem,
3075 3593 3202 3648 quae
3244 3581 3399 3633 certe
3426 3581 3484 3632 et
3516 3575 3635 3631 illis
3668 3574 3879 3647 placet,

2224 3659 2405 3714 oculis
2461 3658 2710 3714 inﬁrmis
2769 3675 2870 3730 per
2920 3658 3455 3714 inconvenientiam
3515 3669 3760 3721 nocere;
3817 3659 3878 3710 et

2225 3739 2286 3793 in
2336 3738 2436 3795 illo
2493 3740 2718 3807 ardore,
2769 3740 2868 3811 qui
2926 3738 3010 3793 eis
3056 3739 3343 3810 displicet,
3399 3737 3683 3792 nonnulla
3749 3735 3875 3790 ani-

2227 3819 2403 3875 malia
2433 3837 2534 3892 per
2566 3819 3032 3876 convenientiam
3062 3819 3378 3876 salubriter
3407 3820 3593 3875 vivere
3626 3819 3731 3889 (ὁ).

2228 3984 2452 4042 CAPUT
2480 3984 2546 4042 V.
2581 4015 2648 4028 —-
2679 3985 2836 4053 Quod
2884 3984 2945 4040 in
2985 3986 3140 4040 omni
3166 3992 3379 4040 naturae
3409 3983 3588 4056 specie
3631 3998 3696 4038 ac
3724 3979 3882 4036 modo

2690 4066 2992 4122 laudabilis
3037 4070 3110 4122 sit
3141 4067 3381 4122 Creator.

2304 4202 2536 4258 Naturae
2585 4201 2761 4271 igitur
2807 4219 3031 4271 omnes,
3082 4201 3361 4273 quoniam
3423 4204 3584 4268 sunt,
3639 4202 3697 4253 et
3755 4197 3887 4253 ideo

2235 4283 2447 4339 habent
2510 4285 2747 4338 modum
2798 4300 2996 4352 suum,
3046 4285 3297 4355 speciem
3343 4297 3532 4346 suam,
3583 4283 3639 4335 et
3677 4295 3890 4350 quam-

2236 4366 2370 4420 dam
2406 4381 2602 4420 secum
2639 4381 2836 4436 pacem
2889 4381 3080 4433 suam,
3117 4363 3367 4435 profecto
3417 4363 3579 4416 bona)
3624 4365 3784 4414 sunt.
3819 4358 3889 4413 Et

2237 4463 2369 4506 cum
2402 4446 2480 4501 ibi
2513 4451 2671 4514 sunt,
2697 4445 2795 4500 ubi
2825 4462 2952 4501 esse
2985 4461 3085 4516 per
3110 4450 3324 4499 natura;
3357 4442 3621 4497 ordinem
3653 4439 3890 4508 debent,

2239 4538 2520 4602 quantum
2579 4531 2948 4597 acceperunt,
3006 4540 3179 4580 suum
3238 4539 3367 4578 esse
3415 4520 3781 4578 custodiunt.
3825 4522 3897 4574 Et

2239 4626 2366 4683 quas
2407 4623 2634 4678 semper
2681 4623 2808 4661 esse
2839 4623 2955 4661 non
2987 4611 3355 4675 acceperunt,
3394 4620 3496 4675 pro
3545 4618 3655 4656 usu
3693 4605 3893 4683 motu-

2241 4678 2354 4764 que
2409 4705 2623 4755 rerum,
2654 4687 2870 4759 quibus
2915 4685 3202 4742 Creatoris
3260 4683 3386 4756 lege
3424 4683 3780 4764 subdantur,
3834 4678 3896 4764 in

2242 4759 2452 4827 melius
2482 4767 2802 4825 deteriusve
2845 4772 3166 4831 mutantur,
3202 4764 3260 4820 in
3311 4779 3442 4820 eum
3475 4763 3673 4818 divina
3706 4759 3898 4830 provi-

2243 4853 2437 4909 dentia
2467 4851 2770 4906 tendentes
2814 4848 3058 4912 exitum,
3092 4861 3266 4916 quem
3299 4843 3445 4900 ratio
3493 4840 3895 4916 gubernanda

2244 4929 2639 4989 universitatis
2689 4927 2940 4983 includit
2981 4943 2994 4983 :
3029 4926 3109 4982 ita
3140 4929 3203 4981 ut
3233 4941 3339 4981 nec
3385 4932 3546 4980 tanta
3573 4921 3894 4992 corruptio,

2245 5018 2459 5087 quanta
2514 5026 2695 5082 usque
2751 5009 2823 5065 ad
2898 5007 3198 5063 interitum
3275 5010 3517 5062 naturas
3577 5001 3898 5058 mutabiles

2312 5292 2329 5326 ί
2363 5287 2519 5337 Vind.
2550 5285 2666 5336 Arn.
2698 5285 2753 5336 et
2777 5284 2886 5344 Er.,
2913 5284 3248 5345 poenaliter.

2311 5354 2384 5422 (at
2414 5350 2591 5401 Genus
2618 5350 2720 5422 hoc
2758 5351 2838 5397 est
2875 5341 3065 5422 pinnae
3097 5346 3348 5422 quodnad
3379 5341 3914 5422 intelligam

2249 5402 2427 5476 potius
2454 5427 2617 5475 quam
2658 5402 3056 5476 ad_cruci_atum
3088 5402 3377 5476 réupplicii;
3420 5409 3475 5458 et
3521 5405 3567 5476 sl
3609 5402 3918 5476 pec'deest

2251 5468 2381 5524 suus
2411 5468 2693 5524 cruciatus.
2739 5473 2810 5522 Eo
2856 5468 3275 5521 afficiuntur'in
3318 5468 3572 5533 Hispania
3609 5468 3766 5533 lenae
3810 5478 3919 5515 nu-

2251 5538 2426 5587 mellis
2452 5539 2650 5586 altixae
2683 5537 2737 5584 et
2779 5537 3061 5597 perunctae
3090 5535 3266 5592 melle,
3294 5530 3659 5596 quo—muscae
3687 5530 3746 5579 et
3782 5541 3924 5591 ape.

2254 5603 2309 5650 at
2336 5611 2531 5652 vescae
2556 5599 2831 5648 advolant.
2862 5597 2978 5647 Lua.
3011 5597 3175 5645 Vim.

2318 5663 2387 5726 (ὁ)
2416 5659 2545 5711 Vide
2573 5661 2732 5723 intra,
2758 5660 2852 5716 lib,
2882 5659 2963 5718 21,
2991 5672 3106 5723 cap.
3137 5659 3184 5708 4.
