4138 6192
268 312 362 377 353

268 446 631 519 mortalesque
693 445 978 517 perducit,
1008 444 1092 500 sic
1143 442 1316 498 faciat
1376 459 1491 497 non
1551 458 1678 496 esse
1734 440 1888 513 quod

266 538 385 595 erat,
426 534 491 584 ut
552 545 664 584 non
724 528 857 583 inde
914 526 1015 581 fiat
1072 530 1493 595 consequenter
1551 524 1704 595 quod
1765 537 1893 577 esse

264 614 468 668 debeat.
510 610 643 674 Quas
684 625 817 664 cum
868 608 951 663 ita
995 608 1136 674 sint,
1189 605 1343 660 Deus
1392 604 1491 676 qui
1526 620 1757 659 summe
1786 607 1889 671 est,

264 698 421 763 atque
447 691 522 745 ob
554 690 662 745 hoc
695 690 761 744 ab
791 688 891 743 illo
939 688 1091 743 facta
1123 692 1212 742 est
1242 685 1434 741 omnis
1465 685 1734 752 essentia,
1767 699 1893 754 qua

262 790 361 829 non
394 787 627 826 summe
658 776 745 825 est
777 768 931 840 (quia
982 784 1171 839 neque
1223 766 1305 821 illi
1357 764 1599 837 aequalis
1629 780 1758 819 esse
1792 764 1894 818 de-

262 854 426 918 beret,
461 867 592 923 quae
622 852 694 906 de
752 848 935 905 nihilo
1000 848 1149 903 facta
1205 846 1381 916 esset)
1441 865 1456 915 ;
1528 862 1716 917 neque
1777 843 1896 898 ullo

263 934 419 989 modo
479 949 603 989 esse
655 936 870 1003 posset,
914 930 961 985 si
1026 930 1099 984 ab
1159 927 1257 982 illo
1315 928 1461 981 facta
1518 942 1631 981 non
1696 928 1895 979 esset:

262 1031 353 1071 nec
420 1015 674 1070 ullorum
744 1012 1018 1067 vitiorum
1077 1008 1395 1064 offensione
1455 1004 1896 1078 vituperandus,

262 1100 310 1150 et
335 1093 596 1149 omnium
642 1100 983 1148 naturarum
1036 1088 1505 1146 consideratione
1560 1085 1893 1143 laudandus

258 1179 356 1231 est.

260 1342 479 1399 CAPUT
509 1341 597 1397 VI.
622 1370 691 1382 -
722 1340 851 1410 ουκ
870 1356 1037 1396 causa
1065 1340 1137 1395 u't
1169 1338 1525 1395 beatitudinis
1562 1338 1901 1406 Angelorum

322 1424 607 1491 bonorum,
636 1428 689 1479 et
720 1438 841 1493 qua:
868 1438 1036 1478 causa
1057 1422 1129 1476 sit
1161 1420 1408 1478 miseriae
1437 1420 1760 1492 angelorum
1782 1435 1900 1475 ma-

323 1505 528 1560 lorum.

324 1638 575 1695 Proinde
602 1652 779 1693 causa
810 1636 1181 1692 beatitudinis
1211 1635 1565 1707 Angelorum
1618 1637 1901 1691 bonorum

257 1737 319 1778 ea
370 1719 682 1775 verissima
738 1719 1047 1788 reperitur,
1110 1719 1265 1789 quod
1326 1716 1375 1772 ei
1452 1716 1758 1771 adhaerent
1806 1710 1902 1784 qui

255 1815 487 1857 summe
547 1804 655 1856 est.
714 1799 858 1855 Cum
918 1815 1049 1853 vero
1106 1814 1280 1852 causa
1325 1795 1563 1852 miserisa
1614 1795 1903 1851 malorum

256 1878 595 1952 angelorum
628 1878 928 1949 queritur,
960 1895 1027 1933 ea
1058 1880 1266 1933 merito
1321 1877 1596 1945 occurrit,
1648 1874 1802 1945 quod
1833 1873 1903 1928 ab

250 1961 347 2017 illo
390 1961 493 2032 qui
543 1975 776 2016 summe
806 1965 891 2014 est
920 1959 1126 2025 aversi,
1187 1958 1256 2012 ad
1306 1974 1369 2014 se
1426 1958 1582 2027 ipsos
1640 1952 1906 2011 conversi

254 2048 411 2110 sunt,
432 2041 531 2112 qui
556 2057 671 2095 non
695 2056 923 2095 summe
945 2048 1079 2094 sunt
1105 2056 1118 2094 :
1144 2044 1199 2093 et
1224 2039 1328 2093 hoc
1350 2038 1554 2092 vitium
1578 2038 1716 2106 quid
1747 2033 1907 2089 aliud

252 2139 437 2194 quam
470 2121 740 2193 superbia
774 2125 1145 2191 nuncupatur
1173 2120 1200 2174 ‘i
1233 2118 1458 2174 Initium
1488 2118 1703 2188 quippe
1730 2116 1910 2171 omnis

243 2204 464 2274 peccati
492 2202 752 2273 superbia
782 2202 969 2271 (Ecclt'.
1002 2217 1059 2264 x,
1117 2201 1227 2264 15).
1271 2198 1593 2255 Noluerunt
1647 2212 1783 2266 ergo
1840 2194 1911 2249 ad

243 2284 431 2339 illum
464 2283 759 2337 custodire
782 2281 1179 2335 fortitudinem
1202 2295 1367 2335 suam
1392 2278 1572 2347 (Psal.
1596 2292 1754 2343 LVIII,
1790 2276 1909 2343 10):

234 2369 303 2418 et
341 2362 453 2433 qui
477 2360 664 2431 magis
685 2364 898 2428 essent,
949 2360 998 2414 si
1028 2359 1079 2413 ei
1120 2358 1219 2429 qui
1268 2373 1495 2413 summe
1525 2362 1613 2411 est
1655 2356 1911 2409 adhaere-

236 2454 385 2499 rent
425 2460 440 2510 ;
477 2458 537 2497 se
566 2441 650 2496 illi
684 2440 1058 2513 praaferendo,
1090 2440 1148 2493 id
1174 2441 1325 2511 quod
1359 2438 1556 2493 minus
1587 2445 1672 2491 est
1705 2439 1913 2505 praetu-

235 2524 481 2579 lerunt.
544 2521 646 2575 Hic
680 2522 901 2591 primus
942 2520 1205 2575 defectus
1249 2524 1305 2573 et
1337 2519 1526 2588 prima
1557 2515 1749 2587 inopia
1797 2514 1911 2585 pri-

236 2617 544 2672 mumque
566 2600 769 2655 vitium
805 2603 933 2670 ejus
963 2605 1207 2665 naturae,
1240 2616 1366 2670 quae
1400 2598 1477 2652 ita
1510 2601 1701 2651 creata
1722 2599 1828 2658 est,
1855 2597 1917 2650 ut

240 2700 359 2740 nec
446 2697 680 2736 summe
751 2689 917 2746 esset,
976 2686 1035 2735 et
1091 2685 1280 2735 tamen
1358 2680 1425 2733 ad
1494 2677 1915 2731 beatitudinem

242 2764 621 2829 habendam,
652 2778 719 2816 eo
751 2764 846 2831 qui
890 2776 1124 2816 summe
1166 2769 1250 2814 est
1310 2759 1421 2813 frui
1483 2762 1695 2829 posset,
1731 2774 1763 2811 a
1802 2773 1914 2826 quo

242 2860 487 2909 aversa,
522 2859 636 2897 non
668 2841 903 2913 quidem
926 2840 1106 2903 nulla,
1140 2842 1236 2894 sed
1274 2843 1466 2893 tamen
1502 2838 1694 2891 minus
1736 2840 1915 2903 esset,

240 2931 437 2997 atque
459 2923 531 2977 ob
555 2922 663 2977 hoc
687 2921 902 2975 misera
925 2920 1103 2973 ﬁeret.
1132 2918 1314 2988 Hujus
1338 2934 1504 2986 porro
1529 2917 1691 2997 malae
1715 2914 1915 2997 volun-

240 2995 391 3061 tatis
430 3019 614 3058 causa
670 3002 930 3056 efficiens
962 2999 1010 3055 si
1071 3007 1383 3070 quaeratur,
1418 2996 1561 3050 nihil
1603 2995 1915 3049 invenitur.

244 3087 403 3151 Quid
441 3090 539 3141 est
563 3085 713 3138 enim
748 3084 900 3154 quod
938 3080 1070 3135 facit
1112 3080 1464 3135 voluntatem
1518 3077 1753 3143 malam,
1785 3091 1916 3130 cum

243 3169 381 3239 ipsa
417 3167 602 3221 faciat
624 3181 772 3235 opus
804 3164 1025 3217 malum
1056 3161 1083 3215 ‘I
1113 3163 1190 3215 Ac
1208 3176 1305 3231 per
1336 3159 1442 3213 hoc
1473 3157 1620 3212 mala
1654 3157 1920 3239 voluntas

248 3236 538 3303 efficiens
568 3252 657 3301 est
704 3244 895 3310 cperis
941 3242 1097 3303 mali,
1160 3241 1307 3296 male
1357 3244 1547 3294 autem
1606 3236 1923 3291 voluntatis

244 3327 536 3384 efﬁciens
578 3331 667 3380 est
698 3322 863 3378 nihil.
899 3321 1179 3387 Quoniam
1229 3322 1276 3375 si
1312 3335 1401 3374 res
1432 3318 1623 3389 aliqua
1684 3321 1792 3384 est,
1827 3318 1926 3369 aut

250 3410 438 3464 habet
462 3410 574 3462 aut
595 3422 709 3460 non
740 3403 911 3458 habet
942 3401 1196 3474 aliquam
1231 3399 1618 3455 voluntatem:
1654 3396 1698 3451 si
1733 3396 1927 3461 habet,

247 3499 347 3544 aut
383 3490 621 3544 bonam
648 3486 901 3555 profecto
933 3483 1130 3549 habet,
1164 3487 1265 3536 aut
1299 3478 1508 3534 malam
1545 3493 1557 3531 :
1594 3477 1643 3531 si
1694 3476 1929 3543 bonam,

244 3570 389 3642 quis
426 3570 526 3623 ita
574 3564 844 3635 desipiat,
905 3568 969 3618 ut
1025 3563 1181 3618 dicat
1239 3559 1395 3631 quod
1455 3560 1631 3642 bona
1665 3556 1933 3642 voluntas

244 3634 437 3707 faciat
474 3634 842 3703 voluntatem
903 3642 1176 3698 malam?
1235 3638 1555 3704 Erttenim,
1589 3634 1633 3689 si
1694 3635 1772 3688 ita
1828 3637 1933 3698 est,

241 3731 411 3788 bona
447 3726 737 3784 voluntas
759 3740 930 3781 causa
960 3721 1178 3794 peccati
1215 3737 1226 3775 :
1261 3736 1372 3789 quo
1403 3716 1714 3771 absurdius
1746 3712 1937 3784 putari

247 3810 409 3866 nihil
452 3812 681 3881 potest.
714 3807 770 3860 Si
802 3812 999 3860 autem
1033 3819 1123 3858 res
1154 3801 1266 3856 ista
1296 3816 1426 3881 qua:
1464 3802 1728 3881 putatur
1752 3796 1938 3849 facere

252 3877 651 3947 voluntatem
687 3888 927 3953 malam,
960 3885 1091 3956 ipsa
1118 3897 1351 3954 quoque
1385 3879 1559 3935 habet
1590 3877 1941 3931 voluntatem

248 3974 493 4030 malam
533 3985 551 4037 ;
585 3970 760 4025 etiam
792 3984 916 4023 eam
951 3983 1078 4037 quae
1113 3967 1308 4019 fecerit
1357 3979 1468 4032 res,
1524 3965 1947 4029 concequenter

251 4057 629 4125 interrogo:
663 4056 830 4119 atque
863 4056 922 4103 ut
956 4049 1031 4102 sit
1088 4046 1304 4117 aliquis
1334 4041 1667 4125 inquirendi
1704 4040 1945 4125 modus,

249 4120 547 4192 causam;
582 4131 779 4200 prima:
829 4128 993 4184 malae
1042 4125 1359 4181 voluntatis
1418 4122 1670 4192 inquiro.
1704 4120 1829 4200 Non
1863 4122 1952 4174 est

250 4219 421 4271 enim
467 4199 679 4286 prima
710 4212 974 4265 voluntas
1034 4206 1207 4271 mala,
1254 4219 1429 4277 quam
1491 4202 1623 4257 fecit
1678 4199 1950 4286 voluntas

249 4298 420 4353 mala
460 4280 486 4333 ί
522 4310 551 4349 :
583 4294 679 4348 sed
714 4291 812 4345 illa
844 4290 1027 4360 prima
1058 4292 1165 4353 est,
1199 4302 1374 4357 quam
1416 4283 1575 4337 nulla
1623 4282 1772 4336 fecit.
1808 4280 1949 4337 Nam

252 4380 300 4434 si
335 4373 741 4455 prmoessita
772 4388 883 4440 qua
925 4370 1106 4455 fieret,
1141 4367 1241 4421 illa
1280 4367 1454 4455 _prior
1482 4370 1612 4455 est,‘
1652 4378 1775 4434 qua}
1808 4360 1953 4455 alte-

253 4442 387 4514 rain
428 4456 615 4512 fecit.
645 4454 700 4506 8i
735 4451 1116 4521 respondetur
1144 4448 1296 4519 quod
1331 4462 1457 4502 eam
1492 4442 1654 4499 nulla
1686 4459 1773 4497 res
1806 4442 1955 4495 fece-

251 4539 356 4608 rit,
397 4544 469 4595 et
508 4535 652 4592 ideo
684 4548 907 4602 semper
939 4530 1139 4597 fuerit;
1175 4544 1370 4608 quaero
1422 4531 1617 4608 utrum
1652 4528 1709 4608 in
1762 4522 1959 4592 aliqua

256 4602 498 4674 natura
541 4613 750 4670 fuerit.
778 4611 839 4667 Si
872 4610 1028 4667 enim
1065 4610 1122 4663 in
1154 4607 1317 4663 nulla
1368 4604 1495 4671 fuit,
1548 4602 1784 4659 omnino
1844 4615 1959 4655 non

256 4786 480 4855 pebat,
512 4784 774 4848 eratque
797 4775 882 4829 illi
914 4774 1106 4839 noxia,
1130 4786 1327 4855 ac‘per
1358 4770 1463 4823 hoc
1494 4768 1644 4855 bono
1678 4762 1962 4833 privabat.

255 4846 331 4919 Et
367 4846 529 4919 ideo
572 4861 634 4914 in
670 4846 824 4912 mala
878 4866 1084 4909 natura
1130 4851 1396 4905 voluntas
1459 4846 1610 4900 mala
1666 4859 1792 4897 esse
1852 4856 1963 4895 non

1543 307 1775 368 LIBER
1824 306 2351 371 DUODECIMUS.

3527 320 3644 379 354

2004 444 2269 499 naturale
2302 448 2686 514 praecesserat,
2710 447 2863 516 quod
2901 446 3054 503 mala
3081 449 3351 507 voluntas
3384 453 3644 510 nocendo

2000 530 2198 595 posset
2227 525 2501 580 adimere.
2538 526 2596 581 Si
2626 543 2763 598 ergo
2795 543 2907 582 non
2940 533 3063 583 erat
3102 532 3475 601 sempiterna,
3509 535 3640 604 quis

2001 621 2128 659 eam
2162 606 2376 669 fecerit,
2411 623 2621 677 quaero.
2665 607 2864 663 Restat
2896 619 2952 662 ut
2974 609 3213 678 dicatttr,
3271 614 3421 683 quod
3455 630 3521 668 ea
3551 630 3644 671 res

2002 686 2200 741 fecerit
2232 688 2446 742 malam
2480 688 2853 757 voluntatem,
2885 690 2944 746 in
2992 708 3108 762 qua
3160 693 3322 749 nulla
3379 696 3649 753 voluntas

2002 765 2125 823 fuit.
2161 771 2289 822 Haec
2321 773 2514 823 utrum
2547 770 2815 839 superior
2844 770 2940 837 sit,
2978 772 3236 842 requiro;
3278 791 3351 828 an
3385 774 3647 843 inferior,

2001 862 2072 900 an
2105 846 2361 915 aequalis.
2394 848 2503 903 Sed
2556 849 2605 904 si
2636 851 2922 920 superior,
2958 852 3161 922 utique
3214 852 3451 910 melior:
3506 872 3650 927 quo-

2004 928 2173 982 modo
2194 946 2326 1001 ergo
2359 929 2596 996 nullius,
2618 948 2681 985 ac
2714 948 2828 986 non
2864 934 3055 1002 potius
3088 935 3249 989 bona:
3280 938 3588 991 voluntatis
3624 937 3652 993 ?

2004 1007 2123 1062 Hoc
2156 1008 2309 1063 idem
2343 1010 2595 1079 profecto
2628 1019 2678 1064 et
2701 1011 2941 1081 aequalis
2981 1015 3017 1065 ί.
3063 1012 3189 1068 Duo
3220 1014 3436 1084 quippe
3468 1032 3652 1086 quan-

2005 1087 2102 1143 diu
2135 1100 2270 1143 sunt
2303 1090 2516 1159 pariter
2546 1090 2860 1147 voluntatis
2894 1094 3075 1160 bonae,
3107 1110 3221 1149 non
3256 1094 3559 1150 f'acitalter
3591 1096 3651 1150 in

2007 1168 2189 1225 altero
2250 1174 2607 1226 voluntatem
2658 1172 2892 1227 malam.
2928 1173 3297 1245 Relinquitur
3328 1183 3387 1230 ut
3420 1176 3657 1233 inferior

2006 1265 2120 1317 res,
2153 1250 2247 1305 cui
2280 1249 2439 1305 nulla
2467 1249 2735 1307 voluntas
2752 1261 2857 1317 est,
2885 1254 3079 1309 fecerit
3102 1255 3373 1326 angelicas
3408 1260 3652 1325 naturas,

2007 1345 2134 1400 quas
2166 1332 2352 1398 prima
2381 1331 2655 1400 peccavit,
2680 1332 3038 1389 voluntatem
3062 1336 3301 1391 malam.
3332 1336 3441 1390 Sed
3475 1336 3651 1390 etiam

2007 1427 2100 1465 res
2122 1411 2251 1482 ipsa
2281 1425 2663 1481 quaecumque
2695 1416 2779 1466 est
2803 1413 3040 1470 inferior
3071 1430 3255 1485 usque
3284 1415 3353 1470 ad
3385 1415 3651 1471 infimam

2007 1496 2243 1557 terram,
2278 1492 2557 1561 quoniam
2622 1497 2830 1548 natura
2886 1499 2943 1548 et
2981 1496 3234 1550 essentia
3283 1502 3388 1562 est,
3452 1494 3653 1567 procul

2009 1572 2187 1629 dubio
2220 1573 2371 1628 bona
2401 1581 2508 1637 est,
2550 1573 2772 1630 habens
2806 1575 3041 1630 modum
3085 1581 3142 1630 et
3186 1578 3440 1647 speciem
3484 1592 3653 1631 suam

2010 1654 2066 1709 in
2095 1670 2303 1724 genere
2358 1658 2532 1723 atque
2590 1656 2791 1709 ordine
2841 1672 2965 1711 suo.
3019 1656 3316 1720 Quomodo
3368 1673 3503 1727 ergo
3564 1673 3658 1712 res

2012 1736 2164 1790 bona
2220 1735 2475 1789 efficiens
2533 1740 2621 1790 est
2677 1738 2995 1791 voluntatis
3056 1736 3268 1791 malta?
3341 1738 3655 1808 quomodo,

2013 1816 2276 1885 inquam,
2314 1816 2531 1870 bonum
2563 1822 2651 1871 est
2708 1832 2885 1871 causa
2942 1817 3141 1871 mali?
3189 1821 3329 1872 Cum
3390 1818 3544 1873 enim
3596 1834 3660 1872 se

2014 1898 2280 1951 voluntas
2312 1898 2508 1951 relicto
2558 1897 2851 1966 superiore
2909 1897 2978 1951 ad
3040 1897 3313 1952 inferiora
3354 1898 3655 1965 convertit,

2014 1976 2263 2030 efﬁcitur
2292 1976 2481 2031 mala:
2520 1993 2630 2031 non
2688 1976 2821 2047 quia
2854 1978 3073 2031 malum
3132 1983 3239 2044 est,
3271 1994 3385 2049 quo
3418 1994 3479 2032 se
3528 1994 3664 2032 con-

2016 2056 2221 2121 vertit;
2242 2056 2341 2110 sed
2375 2056 2512 2125 quia
2536 2073 2800 2126 perversa
2821 2060 2909 2111 est
2938 2056 3068 2126 ipsa
3087 2060 3404 2112 conversio.
3440 2058 3661 2111 Idcirco

2019 2151 2132 2190 non
2166 2135 2512 2190 resinferior
2532 2136 2887 2190 voluntatem
2921 2136 3132 2191 malam
3192 2136 3352 2203 fecit;
3393 2137 3493 2190 sed
3542 2151 3663 2189 rem

2018 2215 2349 2270 inferiorem
2384 2230 2552 2283 prave
2582 2224 2757 2285 atque
2797 2216 3123 2270 inordinate
3154 2217 3277 2286 ipsa
3307 2232 3433 2287 quae
3466 2216 3486 2249 ²
3518 2216 3669 2270 facta

2020 2303 2126 2363 est,
2160 2295 2455 2365 appetivit.
2479 2295 2534 2349 Si
2567 2295 2725 2349 enim
2764 2295 2943 2365 aliqui
2969 2297 3082 2350 duo
3132 2296 3434 2365 aequaliter
3478 2296 3669 2351 affecti

2019 2379 2214 2432 animo
2257 2384 2309 2431 et
2340 2393 2579 2447 corpore
2612 2376 2847 2431 videant
2878 2376 3051 2431 unius
3101 2377 3360 2447 corporis
3411 2376 3670 2448 pulchri-

2021 2458 2306 2523 tudinem,
2340 2474 2453 2527 qua
2485 2456 2602 2511 visa
2638 2473 2791 2512 unus
2821 2472 3020 2513 eorum
3046 2456 3119 2511 ad
3148 2456 3350 2511 illicite
3375 2457 3671 2527 perfruen-

2024 2540 2162 2593 dum
2201 2543 2521 2603 moveatur,
2548 2536 2691 2591 alter
2719 2536 2778 2591 in
2837 2537 3137 2593 voluntate
3176 2538 3386 2608 pudica
3443 2536 3672 2592 stabilis

2025 2629 2375 2690 perseveret;
2403 2618 2541 2689 quid
2579 2622 2852 2688 putamus
2882 2634 3008 2673 esse
3068 2634 3259 2673 causa;
3292 2660 3304 2684 ,
3337 2622 3400 2672 ut
3455 2618 3513 2672 in
3572 2616 3672 2673 illo

2027 2700 2145 2766 fiat,
2179 2698 2237 2752 in
2270 2698 2368 2753 illo
2401 2714 2517 2752 non
2549 2697 2647 2750 fiat
2684 2696 2956 2752 voluntas
3006 2697 3201 2752 mala?
3231 2698 3369 2761 Quae
3391 2695 3548 2751 illam
3579 2712 3671 2751 res

2027 2780 2180 2844 fecit,
2210 2779 2268 2833 in
2302 2794 2413 2846 quo
2470 2778 2618 2831 facta
2658 2776 2792 2832 est?
2839 2777 3033 2846 Neque
3091 2777 3247 2831 enim
3300 2776 3671 2845 pulchritudo

2025 2861 2125 2917 illa
2146 2858 2581 2927 corporis,nam
2602 2874 2729 2912 eam
2755 2874 2868 2913 non
2899 2859 3029 2912 fecit
3060 2858 3119 2913 in
3141 2857 3425 2913 ambobus
3453 2874 3465 2910 :
3490 2872 3673 2927 quan-

2027 2939 2339 3011 doquidem
2366 2940 2667 2993 amborum
2693 2954 2804 2992 non
2837 2937 3195 3008 dispariliter
3223 2938 3450 2992 occurit
3482 2952 3670 3007 aspec-

2027 3022 2206 3077 tibus.
2241 3022 2325 3074 An
2356 3035 2486 3073 caro
2519 3018 2800 3073 intuentis
2831 3018 2889 3072 in
2922 3035 3104 3074 causa
3130 3018 3273 3073 est?
3301 3018 3412 3072 Cur
3472 3033 3582 3071 non
3616 3019 3672 3071 et

2028 3100 2243 3157 illius?
2299 3102 2385 3155 An
2434 3116 2564 3156 vero
2624 3101 2855 3155 animus
2886 3101 2913 3155 ‘2
2960 3100 3076 3155 Cur
3129 3117 3244 3155 non
3305 3099 3613 3169 utriusque
3644 3096 3672 3151 τ

2030 3183 2247 3237 Atnbos
2277 3181 2430 3236 enim
2453 3186 2509 3236 et
2539 3182 2733 3237 animo
2756 3188 2812 3236 et
2841 3198 3081 3253 corpore
3102 3180 3406 3253 aequaliter
3436 3181 3677 3235 affectos

2032 3262 2216 3317 fuisse
2292 3262 2687 3332 praediximus.
2740 3266 2823 3317 An
2881 3264 3198 3319 dicendum
3261 3270 3366 3328 est,
3434 3260 3683 3316 alterum

2035 3358 2235 3397 eorum
2267 3342 2492 3396 occulta
2524 3342 2763 3413 maligni
2798 3342 3038 3412 spiritus
3079 3343 3453 3413 suggestione
3487 3344 3683 3395 tenta-

2037 3429 2159 3474 tum
2186 3420 2213 3472 ?
2244 3421 2409 3490 quasi
2432 3437 2543 3475 non
2577 3422 2764 3477 eidem
2795 3422 3153 3491 suggestioui
3178 3426 3235 3474 et
3265 3419 3696 3489 qualicumque

2042 3506 2302 3563 suasioni
2335 3509 2569 3579 prepria
2587 3510 2882 3564 voluntate
2905 3507 3281 3563 consenserit.
3321 3508 3475 3560 Hanc
3509 3507 3689 3576 igitur

2045 3586 2511 3653 consensionem,
2545 3588 2695 3643 hanc
2728 3587 2937 3642 malam
2976 3603 3154 3658 quam
3213 3585 3365 3640 male
3422 3581 3690 3639 suadenti

2046 3667 2315 3723 adhibuit
2341 3666 2717 3733 voluntatem,
2752 3683 2879 3736 qua:
2912 3667 2966 3720 in
3001 3682 3066 3721 eo
3099 3683 3189 3721 res
3222 3664 3445 3733 fecerit,
3484 3661 3699 3733 quaeri-

2051 3765 2198 3804 mus.
2234 3746 2375 3802 Nam
2410 3751 2475 3800 ut
2507 3746 2613 3801 hoc
2642 3762 2877 3818 quoque
2905 3747 3393 3818 impedimentum
3454 3745 3524 3797 ab
3584 3743 3697 3798 ista

2051 3828 2368 3902 quaestione
2397 3825 2653 3894 tollatur,
2694 3827 2742 3881 si
2775 3828 2975 3882 eadem
3014 3826 3335 3881 tentationc
3378 3824 3550 3878 ambo
3582 3827 3703 3879 ten-

2054 3915 2267 3976 tentur,
2326 3916 2377 3961 et
2412 3922 2563 3961 unus
2610 3907 2662 3963 ei
2711 3906 2875 3961 cedat
2932 3912 3103 3976 atque
3153 3904 3499 3972 consentiat,
3562 3902 3704 3957 alter

2053 3990 2207 4046 idem
2246 3987 2342 4059 qui
2376 3992 2558 4041 fuerat
2577 3990 2935 4059 perseveret;
2962 3986 3102 4057 quid
3126 3984 3283 4040 aliud
3308 3988 3574 4055 apparet,
3595 3980 3707 4037 nisi

2058 4084 2241 4126 unum
2277 4066 2550 4133 voluisse,
2585 4065 2831 4121 alterum
2876 4065 3189 4121 noluissea
3237 4065 3504 4119 castitate
3563 4061 3705 4115 defi-

2058 4166 2187 4206 cere
2224 4149 2251 4204 ?
2302 4146 2481 4215 Unde,
2530 4146 2641 4201 nisi
2693 4147 2928 4219 prapria
2987 4146 3308 4211 voluntate,
3365 4142 3463 4197 ubi
3504 4143 3706 4196 eadem

2062 4233 2245 4287 fuerat
2269 4230 2327 4283 in
2361 4235 2607 4299 utroque
2639 4229 2897 4296 corporis
2946 4232 3002 4282 et
3032 4226 3210 4282 animi
3256 4224 3483 4281 affectio
3512 4223 3539 4277 ‘?
3569 4226 3711 4277 Am—

2061 4312 2265 4367 borum
2290 4310 2475 4365 oculis
2510 4309 2726 4375 pariter
2778 4308 2902 4364 visa
2932 4312 3021 4363 est
3049 4313 3249 4363 eadem
3310 4304 3709 4377 pulchritudo,

2064 4394 2348 4450 ambobus
2373 4390 2583 4461 pariter
2603 4390 2821 4445 institit
2850 4390 3076 4445 occulta
3099 4387 3341 4445 tentatio
3366 4403 3379 4441 :
3416 4385 3711 4458 propriam

2068 4476 2247 4546 igitur
2277 4474 2335 4527 in
2369 4489 2484 4527 uno
2515 4488 2717 4527 eorum
2751 4472 3107 4527 voluntatem
3160 4471 3375 4525 malam
3436 4484 3562 4539 qua;
3622 4481 3714 4520 res

2070 4544 2266 4612 fecerit
2295 4555 2440 4609 scire
2476 4553 2826 4621 volentibus,
2872 4554 2920 4609 si
2957 4554 3104 4608 bene
3162 4551 3519 4615 intueantur,
3575 4544 3720 4601 nihil

2071 4637 2342 4694 occurrit.
2376 4634 2432 4689 Si
2463 4636 2618 4691 enim
2643 4636 2965 4690 dixerimus
2988 4633 3143 4703 quod
3174 4631 3299 4700 ipse
3328 4646 3455 4683 eam
3499 4628 3719 4692 fecerit,

2075 4719 2212 4791 quid
2237 4722 2361 4772 erat
2392 4717 2517 4787 ipse
2546 4725 2678 4770 ante
2708 4714 3065 4770 voluntatem
3098 4711 3315 4765 malam
3352 4708 3459 4761 nisi
3511 4711 3721 4759 natura

2076 4786 2439 4870 bona,cujus
2488 4802 2689 4851 auctor
2740 4796 2908 4856 Deus,
2951 4791 3047 4860 qui
3089 4794 3194 4870 est
3240 4786 3719 4870 incommutabile

2077 4884 2294 4937 bonum
2316 4864 2478 4941 ἵν’ουί
2512 4892 2645 4946 ergo
2669 4874 2810 4928 dicit
2838 4886 2971 4927 eum
3005 4869 3101 4938 qui
3132 4866 3415 4946 consentit
3472 4864 3723 4946 tentanti

256 4948 570 5015 poterat;
609 4939 711 4994 sed
736 4939 794 4992 in
828 4938 997 4999 bona,
1047 4928 1315 4986 mutabili
1366 4936 1583 5015 tamen,
1613 4922 1704 4978 cui
1760 4920 1968 5014 vitium

257 5003 378 5081 hoc
421 5003 661 5097 posset
690 5034 915 5076 nocere.
948 5016 1006 5071 Si
1040 5013 1197 5069 enim
1231 5027 1343 5066 non
1377 5008 1600 5097 nocuit,
1635 5021 1749 5061 non
1767 5003 1972 5097 utique

253 5085 508 5162 vitia-tn
575 5100 688 5156 fuit
717 5117 729 5155 :
764 5115 829 5154 ac
874 5112 975 5169 per
1006 5096 1115 5150 hoc
1147 5108 1252 5147 nec
1284 5090 1437 5145 mala
1482 5088 1746 5143 voluntas
1793 5085 1973 5169 fuisse

256 5187 563 5244 dicenda
600 5187 708 5237 est.
743 5155 918 5236 Porro
950 5176 998 5233 si
1036 5174 1254 5235 nocuit.
1290 5175 1503 5228 bonum
1533 5166 1849 5225 auferendo
1882 5155 1972 5217 vel

254 5264 646 5326 minuendo
697 5262 899 5332 utique
949 5258 1168 5314 nocuit.
1194 5254 1316 5309 Non
1366 5253 1547 5332 igitur
1604 5244 1977 5332 esse‘potuit

254 5352 685 5423 sempiterna
715 5327 979 5398 voluntas
1009 5336 1158 5395 male
1197 5336 1255 5391 in
1306 5350 1373 5389 ea
1405 5350 1486 5401 re,
1519 5330 1577 5384 in
1612 5346 1725 5400 qua
1756 5327 1976 5382 bonum

2079 4971 2251 5031 atque
2274 4942 2712 5023 suadenti,‘cui
2746 4966 2857 5005 non
2890 4945 3389 5031 consentit-alius,
3420 4944 3491 4999 ad
3523 4942 3724 5031 illicite

2080 5024 2363 5096 utendum
2396 5034 2639 5105 pulchro
2676 5046 2934 5101 corpore,
2967 5029 3121 5101 quod
3154 5026 3469 5083 videndum
3521 5024 3727 5079 ambo-

2084 5123 2193 5178 bus
2226 5116 2441 5190 pariter
2483 5115 2690 5183 adfuit,
2740 5129 2871 5169 cum
2918 5116 3052 5168 ante
3106 5109 3270 5166 illam
3316 5107 3600 5165 visionem
3660 5120 3727 5161 ac

2152 5450 2167 5484 1
2200 5446 2286 5495 Sic
2309 5445 2429 5494 Mss.
2461 5444 2529 5491 At
2559 5439 2689 5491 editi
2719 5453 2732 5489 :
2776 5440 2894 5490 Hoc
2934 5438 3076 5489 idem
3106 5438 3369 5499 pro/ceto,
3402 5440 3449 5483 et
3479 5429 3732 5495 aequali:

2086 5513 2137 5562 si
2156 5508 2357 5568 fuerit,
2388 5506 2499 5554 dici
2522 5512 2718 5568 potest.

323 5546 344 5581 ί
388 5537 602 5589 Vind.
637 5534 751 5583 Am.
784 5533 838 5581 et
880 5529 1027 5584 Lov.,
1063 5538 1236 5590 quam
1278 5520 1447 5572 nulla
1476 5518 1607 5582 fecit
1647 5518 1773 5581 (vel,
1821 5519 1923 5579 fac:

334 5605 588 5631 ι....η..
628 5598 789 5631 ιηηνη
825 5593 993 5631 Μαῖα,
1028 5588 1366 5631 aestimantur
1393 5598 1459 5631 ex
1488 5584 1609 5631 Mss.

2086 5515 2137 5562 si
2153 5515 2357 5606 ζἰιενὶε,
2388 5515 2499 5554 dict
2522 5515 2718 5579 potest.
2918 5570 2925 5579 .

2209 5570 2399 5621 Omnes
2428 5567 2795 5630 manuscnpti,
2832 5582 2982 5631 quia.

256 5584 588 5655 volavit—Fat!
628 5598 795 5647 etiam
825 5593 993 5642 mala.
1028 5584 1366 5650 castigantur
1393 5598 1459 5634 ex
1488 5584 1609 5632 Mss.
