  <div class='ocr_page' id='page_1' title='image "/cluster/home/n/w/nwhite01/storage/ocr_20150623/41/hvd.32044096580634/183.png"; bbox 0 0 4136 6190; ppageno 0'>
   <div class='ocr_carea' id='block_1_1' title="bbox 499 347 618 408">
    <p class='ocr_par' dir='ltr' id='par_1_1' title="bbox 499 347 618 408">
     <span class='ocr_line' id='line_1_1' title="bbox 499 347 618 408; baseline -0.034 0"><span class='ocrx_word' id='word_1_1' title='bbox 499 347 618 408; x_wconf 82' lang='lat'>355</span> 
     </span>
    </p>
   </div>
   <div class='ocr_carea' id='block_1_2' title="bbox 494 471 2142 544">
    <p class='ocr_par' dir='ltr' id='par_1_2' title="bbox 494 471 2142 544">
     <span class='ocr_line' id='line_1_2' title="bbox 494 471 2142 544; baseline -0.008 -8"><span class='ocrx_word' id='word_1_2' title='bbox 494 479 874 538; x_wconf 90' lang='lat' dir='ltr'>tentationem</span> <span class='ocrx_word' id='word_1_3' title='bbox 905 476 1126 534; x_wconf 83' lang='lat' dir='ltr'>similes</span> <span class='ocrx_word' id='word_1_4' title='bbox 1147 474 1320 530; x_wconf 89' lang='lat' dir='ltr'>ambo</span> <span class='ocrx_word' id='word_1_5' title='bbox 1341 473 1534 528; x_wconf 89' lang='lat' dir='ltr'>animo</span> <span class='ocrx_word' id='word_1_6' title='bbox 1555 477 1611 528; x_wconf 91' lang='lat' dir='ltr'>et</span> <span class='ocrx_word' id='word_1_7' title='bbox 1636 489 1872 544; x_wconf 81' lang='lat' dir='ltr'>corpore</span> <span class='ocrx_word' id='word_1_8' title='bbox 1887 471 2142 536; x_wconf 78' lang='lat' dir='ltr'>fuerint.,</span> 
     </span>
    </p>
   </div>
   <div class='ocr_carea' id='block_1_3' title="bbox 496 550 2145 632">
    <p class='ocr_par' dir='ltr' id='par_1_3' title="bbox 496 550 2145 632">
     <span class='ocr_line' id='line_1_3' title="bbox 496 550 2145 632; baseline -0.007 -17"><span class='ocrx_word' id='word_1_9' title='bbox 496 562 691 632; x_wconf 91' lang='lat' dir='ltr'>ipsum</span> <span class='ocrx_word' id='word_1_10' title='bbox 725 560 836 614; x_wconf 86' lang='lat' dir='ltr'>sibi</span> <span class='ocrx_word' id='word_1_11' title='bbox 870 558 1073 613; x_wconf 81' lang='lat' dir='ltr'>fecisse</span> <span class='ocrx_word' id='word_1_12' title='bbox 1112 554 1470 609; x_wconf 74' lang='lat' dir='ltr'>voluntatem</span> <span class='ocrx_word' id='word_1_13' title='bbox 1507 552 1740 623; x_wconf 76' lang='lat' dir='ltr'>malam,</span> <span class='ocrx_word' id='word_1_14' title='bbox 1775 553 1910 624; x_wconf 83' lang='lat' dir='ltr'>quia</span> <span class='ocrx_word' id='word_1_15' title='bbox 1944 550 2145 620; x_wconf 89' lang='lat' dir='ltr'>utique</span> 
     </span>
    </p>
   </div>
   <div class='ocr_carea' id='block_1_4' title="bbox 495 633 2145 701">
    <p class='ocr_par' dir='ltr' id='par_1_4' title="bbox 495 633 2145 701">
     <span class='ocr_line' id='line_1_4' title="bbox 495 633 2145 701; baseline -0.008 -5"><span class='ocrx_word' id='word_1_16' title='bbox 495 642 685 696; x_wconf 82' lang='lat' dir='ltr'>bonus</span> <span class='ocrx_word' id='word_1_17' title='bbox 719 644 854 694; x_wconf 83' lang='lat' dir='ltr'>ante</span> <span class='ocrx_word' id='word_1_18' title='bbox 886 636 1245 692; x_wconf 77' lang='lat' dir='ltr'>voluntatem</span> <span class='ocrx_word' id='word_1_19' title='bbox 1280 634 1493 688; x_wconf 87' lang='lat' dir='ltr'>malam</span> <span class='ocrx_word' id='word_1_20' title='bbox 1528 633 1729 700; x_wconf 82' lang='lat' dir='ltr'>fuerit;</span> <span class='ocrx_word' id='word_1_21' title='bbox 1783 636 2000 701; x_wconf 63' lang='lat' dir='ltr'>quierat</span> <span class='ocrx_word' id='word_1_22' title='bbox 2043 645 2145 685; x_wconf 87' lang='lat' dir='ltr'>cur</span> 
     </span>
    </p>
   </div>
   <div class='ocr_carea' id='block_1_5' title="bbox 493 712 2144 786">
    <p class='ocr_par' dir='ltr' id='par_1_5' title="bbox 493 712 2144 786">
     <span class='ocr_line' id='line_1_5' title="bbox 493 712 2144 786; baseline -0.007 -10"><span class='ocrx_word' id='word_1_23' title='bbox 493 737 621 776; x_wconf 87' lang='lat' dir='ltr'>eam</span> <span class='ocrx_word' id='word_1_24' title='bbox 654 718 869 785; x_wconf 81' lang='lat' dir='ltr'>fecerit,</span> <span class='ocrx_word' id='word_1_25' title='bbox 934 723 1128 772; x_wconf 91' lang='lat' dir='ltr'>utrum</span> <span class='ocrx_word' id='word_1_26' title='bbox 1171 714 1309 786; x_wconf 85' lang='lat' dir='ltr'>quia</span> <span class='ocrx_word' id='word_1_27' title='bbox 1352 719 1560 770; x_wconf 90' lang='lat' dir='ltr'>natura</span> <span class='ocrx_word' id='word_1_28' title='bbox 1614 719 1722 778; x_wconf 90' lang='lat' dir='ltr'>est,</span> <span class='ocrx_word' id='word_1_29' title='bbox 1781 731 1850 768; x_wconf 92' lang='lat' dir='ltr'>an</span> <span class='ocrx_word' id='word_1_30' title='bbox 1885 712 2021 784; x_wconf 84' lang='lat' dir='ltr'>quia</span> <span class='ocrx_word' id='word_1_31' title='bbox 2076 727 2144 766; x_wconf 88' lang='lat' dir='ltr'>ex</span> 
     </span>
    </p>
   </div>
   <div class='ocr_carea' id='block_1_6' title="bbox 493 789 2140 855">
    <p class='ocr_par' dir='ltr' id='par_1_6' title="bbox 493 789 2140 855">
     <span class='ocr_line' id='line_1_6' title="bbox 493 789 2140 855; baseline -0.007 0"><span class='ocrx_word' id='word_1_32' title='bbox 493 799 676 855; x_wconf 88' lang='lat' dir='ltr'>nihilo</span> <span class='ocrx_word' id='word_1_33' title='bbox 707 799 861 853; x_wconf 80' lang='lat' dir='ltr'>facta</span> <span class='ocrx_word' id='word_1_34' title='bbox 918 801 1041 852; x_wconf 90' lang='lat' dir='ltr'>est:</span> <span class='ocrx_word' id='word_1_35' title='bbox 1084 799 1140 850; x_wconf 88' lang='lat' dir='ltr'>et</span> <span class='ocrx_word' id='word_1_36' title='bbox 1197 794 1454 848; x_wconf 76' lang='lat' dir='ltr'>inveniet</span> <span class='ocrx_word' id='word_1_37' title='bbox 1515 791 1869 847; x_wconf 71' lang='lat' dir='ltr'>voluntatem</span> <span class='ocrx_word' id='word_1_38' title='bbox 1930 789 2140 844; x_wconf 76' lang='lat' dir='ltr'>malam</span> 
     </span>
    </p>
   </div>
   <div class='ocr_carea' id='block_1_7' title="bbox 496 872 2141 945">
    <p class='ocr_par' dir='ltr' id='par_1_7' title="bbox 496 872 2141 945">
     <span class='ocr_line' id='line_1_7' title="bbox 496 872 2141 945; baseline -0.007 -10"><span class='ocrx_word' id='word_1_39' title='bbox 496 897 612 935; x_wconf 92' lang='lat' dir='ltr'>non</span> <span class='ocrx_word' id='word_1_40' title='bbox 645 895 712 934; x_wconf 84' lang='lat' dir='ltr'>ex</span> <span class='ocrx_word' id='word_1_41' title='bbox 743 894 808 933; x_wconf 92' lang='lat' dir='ltr'>eo</span> <span class='ocrx_word' id='word_1_42' title='bbox 842 892 970 932; x_wconf 90' lang='lat' dir='ltr'>esse</span> <span class='ocrx_word' id='word_1_43' title='bbox 994 875 1249 945; x_wconf 88' lang='lat' dir='ltr'>incipere</span> <span class='ocrx_word' id='word_1_44' title='bbox 1284 872 1436 944; x_wconf 91' lang='lat' dir='ltr'>quod</span> <span class='ocrx_word' id='word_1_45' title='bbox 1470 877 1678 928; x_wconf 84' lang='lat' dir='ltr'>natura</span> <span class='ocrx_word' id='word_1_46' title='bbox 1707 878 1814 942; x_wconf 90' lang='lat' dir='ltr'>est,</span> <span class='ocrx_word' id='word_1_47' title='bbox 1845 872 1942 927; x_wconf 90' lang='lat' dir='ltr'>sed</span> <span class='ocrx_word' id='word_1_48' title='bbox 1975 887 2040 926; x_wconf 86' lang='lat' dir='ltr'>ex</span> <span class='ocrx_word' id='word_1_49' title='bbox 2075 885 2141 925; x_wconf 92' lang='lat' dir='ltr'>eo</span> 
     </span>
    </p>
   </div>
   <div class='ocr_carea' id='block_1_8' title="bbox 494 952 2145 1028">
    <p class='ocr_par' dir='ltr' id='par_1_8' title="bbox 494 952 2145 1028">
     <span class='ocr_line' id='line_1_8' title="bbox 494 952 2145 1028; baseline -0.005 -15"><span class='ocrx_word' id='word_1_50' title='bbox 494 960 649 1028; x_wconf 89' lang='lat' dir='ltr'>quod</span> <span class='ocrx_word' id='word_1_51' title='bbox 681 959 751 1014; x_wconf 92' lang='lat' dir='ltr'>de</span> <span class='ocrx_word' id='word_1_52' title='bbox 775 957 958 1012; x_wconf 89' lang='lat' dir='ltr'>nihilo</span> <span class='ocrx_word' id='word_1_53' title='bbox 991 961 1201 1010; x_wconf 89' lang='lat' dir='ltr'>natura</span> <span class='ocrx_word' id='word_1_54' title='bbox 1252 956 1401 1008; x_wconf 77' lang='lat' dir='ltr'>facta</span> <span class='ocrx_word' id='word_1_55' title='bbox 1458 959 1565 1008; x_wconf 90' lang='lat' dir='ltr'>est.</span> <span class='ocrx_word' id='word_1_56' title='bbox 1629 958 1774 1008; x_wconf 90' lang='lat' dir='ltr'>Nam</span> <span class='ocrx_word' id='word_1_57' title='bbox 1834 952 1882 1007; x_wconf 91' lang='lat' dir='ltr'>si</span> <span class='ocrx_word' id='word_1_58' title='bbox 1937 959 2145 1006; x_wconf 86' lang='lat' dir='ltr'>natura</span> 
     </span>
    </p>
   </div>
   <div class='ocr_carea' id='block_1_9' title="bbox 491 1032 2142 1105">
    <p class='ocr_par' dir='ltr' id='par_1_9' title="bbox 491 1032 2142 1105">
     <span class='ocr_line' id='line_1_9' title="bbox 491 1032 2142 1105; baseline -0.006 -11"><span class='ocrx_word' id='word_1_59' title='bbox 491 1056 663 1094; x_wconf 88' lang='lat' dir='ltr'>causa</span> <span class='ocrx_word' id='word_1_60' title='bbox 694 1048 777 1094; x_wconf 90' lang='lat' dir='ltr'>est</span> <span class='ocrx_word' id='word_1_61' title='bbox 800 1038 1120 1096; x_wconf 82' lang='lat' dir='ltr'>voluntatis</span> <span class='ocrx_word' id='word_1_62' title='bbox 1154 1035 1342 1102; x_wconf 69' lang='lat' dir='ltr'>malae,</span> <span class='ocrx_word' id='word_1_63' title='bbox 1375 1035 1513 1105; x_wconf 91' lang='lat' dir='ltr'>quid</span> <span class='ocrx_word' id='word_1_64' title='bbox 1549 1035 1702 1089; x_wconf 80' lang='lat' dir='ltr'>aliud</span> <span class='ocrx_word' id='word_1_65' title='bbox 1757 1033 2023 1103; x_wconf 78' lang='lat' dir='ltr'>cogimur</span> <span class='ocrx_word' id='word_1_66' title='bbox 2052 1032 2142 1086; x_wconf 92' lang='lat' dir='ltr'>di-</span> 
     </span>
    </p>
   </div>
   <div class='ocr_carea' id='block_1_10' title="bbox 494 1115 2142 1190">
    <p class='ocr_par' dir='ltr' id='par_1_10' title="bbox 494 1115 2142 1190">
     <span class='ocr_line' id='line_1_10' title="bbox 494 1115 2142 1190; baseline -0.004 -16"><span class='ocrx_word' id='word_1_67' title='bbox 494 1136 645 1190; x_wconf 84' lang='lat' dir='ltr'>cere,</span> <span class='ocrx_word' id='word_1_68' title='bbox 679 1120 789 1176; x_wconf 92' lang='lat' dir='ltr'>nisi</span> <span class='ocrx_word' id='word_1_69' title='bbox 825 1137 857 1174; x_wconf 90' lang='lat' dir='ltr'>a</span> <span class='ocrx_word' id='word_1_70' title='bbox 890 1121 1040 1174; x_wconf 90' lang='lat' dir='ltr'>bono</span> <span class='ocrx_word' id='word_1_71' title='bbox 1074 1117 1193 1172; x_wconf 84' lang='lat' dir='ltr'>ﬁeri</span> <span class='ocrx_word' id='word_1_72' title='bbox 1227 1115 1470 1180; x_wconf 89' lang='lat' dir='ltr'>malum,</span> <span class='ocrx_word' id='word_1_73' title='bbox 1503 1121 1560 1170; x_wconf 90' lang='lat' dir='ltr'>et</span> <span class='ocrx_word' id='word_1_74' title='bbox 1601 1117 1816 1172; x_wconf 90' lang='lat' dir='ltr'>bonum</span> <span class='ocrx_word' id='word_1_75' title='bbox 1847 1129 1975 1168; x_wconf 91' lang='lat' dir='ltr'>esse</span> <span class='ocrx_word' id='word_1_76' title='bbox 2006 1129 2142 1168; x_wconf 91' lang='lat' dir='ltr'>cau-</span> 
     </span>
    </p>
   </div>
   <div class='ocr_carea' id='block_1_11' title="bbox 489 1193 2144 1270">
    <p class='ocr_par' dir='ltr' id='par_1_11' title="bbox 489 1193 2144 1270">
     <span class='ocr_line' id='line_1_11' title="bbox 489 1193 2144 1270; baseline -0.005 -14"><span class='ocrx_word' id='word_1_77' title='bbox 489 1217 608 1256; x_wconf 91' lang='lat' dir='ltr'>sam</span> <span class='ocrx_word' id='word_1_78' title='bbox 653 1200 847 1255; x_wconf 88' lang='lat' dir='ltr'>mali?</span> <span class='ocrx_word' id='word_1_79' title='bbox 876 1197 1164 1270; x_wconf 87' lang='lat' dir='ltr'>siquidem</span> <span class='ocrx_word' id='word_1_80' title='bbox 1196 1214 1228 1251; x_wconf 89' lang='lat' dir='ltr'>a</span> <span class='ocrx_word' id='word_1_81' title='bbox 1275 1202 1483 1250; x_wconf 89' lang='lat' dir='ltr'>natura</span> <span class='ocrx_word' id='word_1_82' title='bbox 1547 1196 1698 1251; x_wconf 90' lang='lat' dir='ltr'>bona</span> <span class='ocrx_word' id='word_1_83' title='bbox 1758 1194 1822 1249; x_wconf 83' lang='lat' dir='ltr'>ﬁt</span> <span class='ocrx_word' id='word_1_84' title='bbox 1873 1193 2144 1252; x_wconf 81' lang='lat' dir='ltr'>voluntas</span> 
     </span>
    </p>
   </div>
   <div class='ocr_carea' id='block_1_12' title="bbox 497 1274 2134 1347">
    <p class='ocr_par' dir='ltr' id='par_1_12' title="bbox 497 1274 2134 1347">
     <span class='ocr_line' id='line_1_12' title="bbox 497 1274 2134 1347; baseline -0.004 -11"><span class='ocrx_word' id='word_1_85' title='bbox 497 1283 674 1338; x_wconf 85' lang='lat' dir='ltr'>mala.</span> <span class='ocrx_word' id='word_1_86' title='bbox 737 1281 897 1347; x_wconf 89' lang='lat' dir='ltr'>Quod</span> <span class='ocrx_word' id='word_1_87' title='bbox 951 1280 1105 1335; x_wconf 91' lang='lat' dir='ltr'>unde</span> <span class='ocrx_word' id='word_1_88' title='bbox 1155 1278 1274 1332; x_wconf 84' lang='lat' dir='ltr'>ﬁeri</span> <span class='ocrx_word' id='word_1_89' title='bbox 1339 1281 1547 1347; x_wconf 88' lang='lat' dir='ltr'>potest,</span> <span class='ocrx_word' id='word_1_90' title='bbox 1605 1282 1670 1331; x_wconf 90' lang='lat' dir='ltr'>ut</span> <span class='ocrx_word' id='word_1_91' title='bbox 1719 1281 1926 1330; x_wconf 90' lang='lat' dir='ltr'>natura</span> <span class='ocrx_word' id='word_1_92' title='bbox 1979 1274 2134 1330; x_wconf 89' lang='lat' dir='ltr'>bona</span> 
     </span>
    </p>
   </div>
   <div class='ocr_carea' id='block_1_13' title="bbox 491 1355 2141 1436">
    <p class='ocr_par' dir='ltr' id='par_1_13' title="bbox 491 1355 2141 1436">
     <span class='ocr_line' id='line_1_13' title="bbox 491 1355 2141 1436; baseline -0.005 -18"><span class='ocrx_word' id='word_1_93' title='bbox 491 1362 757 1436; x_wconf 87' lang='lat' dir='ltr'>quamvis</span> <span class='ocrx_word' id='word_1_94' title='bbox 802 1360 1121 1428; x_wconf 79' lang='lat' dir='ltr'>mutabilis,</span> <span class='ocrx_word' id='word_1_95' title='bbox 1157 1363 1466 1428; x_wconf 77' lang='lat' dir='ltr'>anteqUam</span> <span class='ocrx_word' id='word_1_96' title='bbox 1513 1356 1725 1412; x_wconf 87' lang='lat' dir='ltr'>habeat</span> <span class='ocrx_word' id='word_1_97' title='bbox 1783 1355 2141 1436; x_wconf 81' lang='lat' dir='ltr'>voluntatem</span> 
     </span>
    </p>
   </div>
   <div class='ocr_carea' id='block_1_14' title="bbox 1557 331 2837 407">
    <p class='ocr_par' dir='ltr' id='par_1_14' title="bbox 1557 331 2837 407">
     <span class='ocr_line' id='line_1_14' title="bbox 1557 331 2837 407; baseline 0.005 -11"><span class='ocrx_word' id='word_1_98' title='bbox 1557 338 1656 398; x_wconf 91' lang='lat' dir='ltr'><strong>DE</strong></span> <span class='ocrx_word' id='word_1_99' title='bbox 1699 334 2058 398; x_wconf 80' lang='lat' dir='ltr'><strong>CIVITATE</strong></span> <span class='ocrx_word' id='word_1_100' title='bbox 2104 331 2254 407; x_wconf 84' lang='lat' dir='ltr'>DEI,</span> <span class='ocrx_word' id='word_1_101' title='bbox 2306 333 2368 394; x_wconf 89' lang='lat' dir='ltr'>S.</span> <span class='ocrx_word' id='word_1_102' title='bbox 2416 339 2837 404; x_wconf 86' lang='lat' dir='ltr'>AUGUSTINI</span> 
     </span>
    </p>
   </div>
   <div class='ocr_carea' id='block_1_15' title="bbox 3796 345 3920 404">
    <p class='ocr_par' dir='ltr' id='par_1_15' title="bbox 3796 345 3920 404">
     <span class='ocr_line' id='line_1_15' title="bbox 3796 345 3920 404; baseline 0 0"><span class='ocrx_word' id='word_1_103' title='bbox 3796 345 3920 404; x_wconf 78' lang='lat'>356</span> 
     </span>
    </p>
   </div>
   <div class='ocr_carea' id='block_1_16' title="bbox 2257 475 3921 552">
    <p class='ocr_par' dir='ltr' id='par_1_16' title="bbox 2257 475 3921 552">
     <span class='ocr_line' id='line_1_16' title="bbox 2257 475 3921 552; baseline 0.008 -26"><span class='ocrx_word' id='word_1_104' title='bbox 2257 475 2504 552; x_wconf 77' lang='lat' dir='ltr'>amantis</span> <span class='ocrx_word' id='word_1_105' title='bbox 2537 495 2766 549; x_wconf 86' lang='lat' dir='ltr'>aurum,</span> <span class='ocrx_word' id='word_1_106' title='bbox 2795 479 3022 548; x_wconf 88' lang='lat' dir='ltr'>justitia</span> <span class='ocrx_word' id='word_1_107' title='bbox 3053 478 3349 549; x_wconf 86' lang='lat' dir='ltr'>derelicta,</span> <span class='ocrx_word' id='word_1_108' title='bbox 3379 497 3505 552; x_wconf 69' lang='lat' dir='ltr'>quae</span> <span class='ocrx_word' id='word_1_109' title='bbox 3535 481 3921 552; x_wconf 86' lang='lat' dir='ltr'>incompara-</span> 
     </span>
    </p>
   </div>
   <div class='ocr_carea' id='block_1_17' title="bbox 2254 551 3915 631">
    <p class='ocr_par' dir='ltr' id='par_1_17' title="bbox 2254 551 3915 631">
     <span class='ocr_line' id='line_1_17' title="bbox 2254 551 3915 631; baseline 0.01 -27"><span class='ocrx_word' id='word_1_110' title='bbox 2254 551 2445 609; x_wconf 83' lang='lat' dir='ltr'>biliter</span> <span class='ocrx_word' id='word_1_111' title='bbox 2467 574 2606 614; x_wconf 90' lang='lat' dir='ltr'>auro</span> <span class='ocrx_word' id='word_1_112' title='bbox 2622 561 2819 615; x_wconf 88' lang='lat' dir='ltr'>debuit</span> <span class='ocrx_word' id='word_1_113' title='bbox 2845 561 3140 631; x_wconf 86' lang='lat' dir='ltr'>anteponi.</span> <span class='ocrx_word' id='word_1_114' title='bbox 3166 561 3277 616; x_wconf 90' lang='lat' dir='ltr'>Nec</span> <span class='ocrx_word' id='word_1_115' title='bbox 3311 551 3543 617; x_wconf 87' lang='lat' dir='ltr'>luxuria</span> <span class='ocrx_word' id='word_1_116' title='bbox 3572 568 3661 618; x_wconf 89' lang='lat' dir='ltr'>est</span> <span class='ocrx_word' id='word_1_117' title='bbox 3697 551 3915 620; x_wconf 77' lang='lat' dir='ltr'>vitium</span> 
     </span>
    </p>
   </div>
   <div class='ocr_carea' id='block_1_18' title="bbox 2251 635 3917 714">
    <p class='ocr_par' dir='ltr' id='par_1_18' title="bbox 2251 635 3917 714">
     <span class='ocr_line' id='line_1_18' title="bbox 2251 635 3917 714; baseline 0.008 -26"><span class='ocrx_word' id='word_1_118' title='bbox 2251 635 2623 704; x_wconf 86' lang='lat' dir='ltr'>pulchrorum</span> <span class='ocrx_word' id='word_1_119' title='bbox 2685 644 3068 714; x_wconf 91' lang='lat' dir='ltr'>suaviumque</span> <span class='ocrx_word' id='word_1_120' title='bbox 3126 659 3460 714; x_wconf 82' lang='lat' dir='ltr'>corporum,</span> <span class='ocrx_word' id='word_1_121' title='bbox 3523 645 3622 699; x_wconf 90' lang='lat' dir='ltr'>sed</span> <span class='ocrx_word' id='word_1_122' title='bbox 3697 646 3917 701; x_wconf 73' lang='lat' dir='ltr'>anima:</span> 
     </span>
    </p>
   </div>
   <div class='ocr_carea' id='block_1_19' title="bbox 2250 723 3918 795">
    <p class='ocr_par' dir='ltr' id='par_1_19' title="bbox 2250 723 3918 795">
     <span class='ocr_line' id='line_1_19' title="bbox 2250 723 3918 795; baseline 0.008 -26"><span class='ocrx_word' id='word_1_123' title='bbox 2250 730 2516 783; x_wconf 86' lang='lat' dir='ltr'>perverse</span> <span class='ocrx_word' id='word_1_124' title='bbox 2561 723 2813 776; x_wconf 89' lang='lat' dir='ltr'>amantis</span> <span class='ocrx_word' id='word_1_125' title='bbox 2865 739 3169 793; x_wconf 82' lang='lat' dir='ltr'>corporeas</span> <span class='ocrx_word' id='word_1_126' title='bbox 3223 723 3573 795; x_wconf 84' lang='lat' dir='ltr'>voluptates,</span> <span class='ocrx_word' id='word_1_127' title='bbox 3642 725 3918 790; x_wconf 68' lang='lat' dir='ltr'>neglecta</span> 
     </span>
    </p>
   </div>
   <div class='ocr_carea' id='block_1_20' title="bbox 2249 799 3917 876">
    <p class='ocr_par' dir='ltr' id='par_1_20' title="bbox 2249 799 3917 876">
     <span class='ocr_line' id='line_1_20' title="bbox 2249 799 3917 876; baseline 0.008 -28"><span class='ocrx_word' id='word_1_128' title='bbox 2249 799 2652 867; x_wconf 81' lang='lat' dir='ltr'>temperantia,</span> <span class='ocrx_word' id='word_1_129' title='bbox 2684 821 2800 873; x_wconf 91' lang='lat' dir='ltr'>qua</span> <span class='ocrx_word' id='word_1_130' title='bbox 2833 804 3006 858; x_wconf 87' lang='lat' dir='ltr'>rebus</span> <span class='ocrx_word' id='word_1_131' title='bbox 3042 804 3420 874; x_wconf 89' lang='lat' dir='ltr'>spiritualiter</span> <span class='ocrx_word' id='word_1_132' title='bbox 3443 806 3917 876; x_wconf 87' lang='lat' dir='ltr'>pulchrioribus,</span> 
     </span>
    </p>
   </div>
   <div class='ocr_carea' id='block_1_21' title="bbox 2249 881 3918 955">
    <p class='ocr_par' dir='ltr' id='par_1_21' title="bbox 2249 881 3918 955">
     <span class='ocr_line' id='line_1_21' title="bbox 2249 881 3918 955; baseline 0.008 -25"><span class='ocrx_word' id='word_1_133' title='bbox 2249 882 2304 930; x_wconf 91' lang='lat' dir='ltr'>et</span> <span class='ocrx_word' id='word_1_134' title='bbox 2362 881 2882 950; x_wconf 89' lang='lat' dir='ltr'>incorruptibiliter</span> <span class='ocrx_word' id='word_1_135' title='bbox 2954 884 3322 939; x_wconf 87' lang='lat' dir='ltr'>suavioribus</span> <span class='ocrx_word' id='word_1_136' title='bbox 3381 893 3740 955; x_wconf 87' lang='lat' dir='ltr'>coaptamur.</span> <span class='ocrx_word' id='word_1_137' title='bbox 3801 887 3918 944; x_wconf 84' lang='lat' dir='ltr'>Nec</span> 
     </span>
    </p>
   </div>
   <div class='ocr_carea' id='block_1_22' title="bbox 2246 959 3920 1039">
    <p class='ocr_par' dir='ltr' id='par_1_22' title="bbox 2246 959 3920 1039">
     <span class='ocr_line' id='line_1_22' title="bbox 2246 959 3920 1039; baseline 0.007 -26"><span class='ocrx_word' id='word_1_138' title='bbox 2246 959 2529 1029; x_wconf 75' lang='lat' dir='ltr'>iactantia</span> <span class='ocrx_word' id='word_1_139' title='bbox 2549 965 2755 1019; x_wconf 90' lang='lat' dir='ltr'>vitium</span> <span class='ocrx_word' id='word_1_140' title='bbox 2779 973 2868 1020; x_wconf 89' lang='lat' dir='ltr'>est</span> <span class='ocrx_word' id='word_1_141' title='bbox 2891 966 3080 1020; x_wconf 83' lang='lat' dir='ltr'>laudis</span> <span class='ocrx_word' id='word_1_142' title='bbox 3107 966 3398 1036; x_wconf 79' lang='lat' dir='ltr'>humanae,</span> <span class='ocrx_word' id='word_1_143' title='bbox 3429 969 3526 1022; x_wconf 84' lang='lat' dir='ltr'>sed</span> <span class='ocrx_word' id='word_1_144' title='bbox 3551 971 3762 1023; x_wconf 78' lang='lat' dir='ltr'>animae</span> <span class='ocrx_word' id='word_1_145' title='bbox 3793 986 3920 1039; x_wconf 83' lang='lat' dir='ltr'>per-</span> 
     </span>
    </p>
   </div>
   <div class='ocr_carea' id='block_1_23' title="bbox 2247 1046 3914 1118">
    <p class='ocr_par' dir='ltr' id='par_1_23' title="bbox 2247 1046 3914 1118">
     <span class='ocr_line' id='line_1_23' title="bbox 2247 1046 3914 1118; baseline 0.006 -24"><span class='ocrx_word' id='word_1_146' title='bbox 2247 1057 2409 1098; x_wconf 89' lang='lat' dir='ltr'>verse</span> <span class='ocrx_word' id='word_1_147' title='bbox 2441 1048 2690 1100; x_wconf 85' lang='lat' dir='ltr'>amantis</span> <span class='ocrx_word' id='word_1_148' title='bbox 2723 1046 2948 1101; x_wconf 90' lang='lat' dir='ltr'>laudari</span> <span class='ocrx_word' id='word_1_149' title='bbox 2981 1051 3052 1101; x_wconf 91' lang='lat' dir='ltr'>ab</span> <span class='ocrx_word' id='word_1_150' title='bbox 3087 1046 3450 1112; x_wconf 84' lang='lat' dir='ltr'>hominibus,</span> <span class='ocrx_word' id='word_1_151' title='bbox 3510 1055 3705 1118; x_wconf 86' lang='lat' dir='ltr'>spreto</span> <span class='ocrx_word' id='word_1_152' title='bbox 3739 1050 3914 1104; x_wconf 85' lang='lat' dir='ltr'>testi-</span> 
     </span>
    </p>
   </div>
   <div class='ocr_carea' id='block_1_24' title="bbox 2249 1124 3916 1197">
    <p class='ocr_par' dir='ltr' id='par_1_24' title="bbox 2249 1124 3916 1197">
     <span class='ocr_line' id='line_1_24' title="bbox 2249 1124 3916 1197; baseline 0.005 -21"><span class='ocrx_word' id='word_1_153' title='bbox 2249 1124 2444 1178; x_wconf 90' lang='lat' dir='ltr'>monio</span> <span class='ocrx_word' id='word_1_154' title='bbox 2469 1127 2832 1181; x_wconf 66' lang='lat' dir='ltr'>conscientia.</span> <span class='ocrx_word' id='word_1_155' title='bbox 2867 1127 2982 1181; x_wconf 91' lang='lat' dir='ltr'>Nec</span> <span class='ocrx_word' id='word_1_156' title='bbox 3023 1127 3292 1197; x_wconf 87' lang='lat' dir='ltr'>superbia</span> <span class='ocrx_word' id='word_1_157' title='bbox 3323 1127 3530 1183; x_wconf 87' lang='lat' dir='ltr'>vitium</span> <span class='ocrx_word' id='word_1_158' title='bbox 3570 1135 3658 1184; x_wconf 91' lang='lat' dir='ltr'>est</span> <span class='ocrx_word' id='word_1_159' title='bbox 3708 1131 3916 1185; x_wconf 86' lang='lat' dir='ltr'>dantis</span> 
     </span>
    </p>
   </div>
   <div class='ocr_carea' id='block_1_25' title="bbox 2249 1205 3910 1278">
    <p class='ocr_par' dir='ltr' id='par_1_25' title="bbox 2249 1205 3910 1278">
     <span class='ocr_line' id='line_1_25' title="bbox 2249 1205 3910 1278; baseline 0.005 -22"><span class='ocrx_word' id='word_1_160' title='bbox 2249 1208 2608 1275; x_wconf 86' lang='lat' dir='ltr'>potestatem,</span> <span class='ocrx_word' id='word_1_161' title='bbox 2640 1205 2725 1261; x_wconf 91' lang='lat' dir='ltr'>vel</span> <span class='ocrx_word' id='word_1_162' title='bbox 2751 1205 2934 1276; x_wconf 87' lang='lat' dir='ltr'>ipsius</span> <span class='ocrx_word' id='word_1_163' title='bbox 2983 1206 3158 1262; x_wconf 88' lang='lat' dir='ltr'>etiam</span> <span class='ocrx_word' id='word_1_164' title='bbox 3193 1208 3522 1278; x_wconf 84' lang='lat' dir='ltr'>potestatis,</span> <span class='ocrx_word' id='word_1_165' title='bbox 3547 1209 3646 1263; x_wconf 91' lang='lat' dir='ltr'>sed</span> <span class='ocrx_word' id='word_1_166' title='bbox 3683 1210 3910 1265; x_wconf 74' lang='lat' dir='ltr'>anima:</span> 
     </span>
    </p>
   </div>
   <div class='ocr_carea' id='block_1_26' title="bbox 2248 1286 3916 1359">
    <p class='ocr_par' dir='ltr' id='par_1_26' title="bbox 2248 1286 3916 1359">
     <span class='ocr_line' id='line_1_26' title="bbox 2248 1286 3916 1359; baseline 0.005 -24"><span class='ocrx_word' id='word_1_167' title='bbox 2248 1297 2512 1352; x_wconf 88' lang='lat' dir='ltr'>perverse</span> <span class='ocrx_word' id='word_1_168' title='bbox 2535 1286 2786 1340; x_wconf 89' lang='lat' dir='ltr'>amantis</span> <span class='ocrx_word' id='word_1_169' title='bbox 2819 1289 3161 1357; x_wconf 90' lang='lat' dir='ltr'>potestatem</span> <span class='ocrx_word' id='word_1_170' title='bbox 3207 1302 3395 1354; x_wconf 86' lang='lat' dir='ltr'>suam,</span> <span class='ocrx_word' id='word_1_171' title='bbox 3449 1287 3797 1358; x_wconf 82' lang='lat' dir='ltr'>potentioris</span> <span class='ocrx_word' id='word_1_172' title='bbox 3827 1290 3916 1359; x_wconf 88' lang='lat' dir='ltr'>ju-</span> 
     </span>
    </p>
   </div>
   <div class='ocr_carea' id='block_1_27' title="bbox 2249 1361 3915 1438">
    <p class='ocr_par' dir='ltr' id='par_1_27' title="bbox 2249 1361 3915 1438">
     <span class='ocr_line' id='line_1_27' title="bbox 2249 1361 3915 1438; baseline 0.005 -22"><span class='ocrx_word' id='word_1_173' title='bbox 2249 1361 2424 1418; x_wconf 90' lang='lat' dir='ltr'>stiore</span> <span class='ocrx_word' id='word_1_174' title='bbox 2455 1370 2805 1437; x_wconf 87' lang='lat' dir='ltr'>contempta.</span> <span class='ocrx_word' id='word_1_175' title='bbox 2832 1368 2909 1422; x_wconf 90' lang='lat' dir='ltr'>Ac</span> <span class='ocrx_word' id='word_1_176' title='bbox 2943 1383 3044 1438; x_wconf 88' lang='lat' dir='ltr'>per</span> <span class='ocrx_word' id='word_1_177' title='bbox 3065 1367 3173 1422; x_wconf 87' lang='lat' dir='ltr'>hoc</span> <span class='ocrx_word' id='word_1_178' title='bbox 3199 1366 3296 1437; x_wconf 89' lang='lat' dir='ltr'>qui</span> <span class='ocrx_word' id='word_1_179' title='bbox 3321 1382 3585 1438; x_wconf 89' lang='lat' dir='ltr'>perverse</span> <span class='ocrx_word' id='word_1_180' title='bbox 3608 1374 3770 1424; x_wconf 86' lang='lat' dir='ltr'>amat</span> <span class='ocrx_word' id='word_1_181' title='bbox 3808 1387 3915 1424; x_wconf 84' lang='lat' dir='ltr'>cu-</span> 
     </span>
    </p>
   </div>
   <div class='ocr_carea' id='block_1_28' title="bbox 491 1435 2142 1512">
    <p class='ocr_par' dir='ltr' id='par_1_28' title="bbox 491 1435 2142 1512">
     <span class='ocr_line' id='line_1_28' title="bbox 491 1435 2142 1512; baseline -0.005 -14"><span class='ocrx_word' id='word_1_182' title='bbox 491 1435 730 1510; x_wconf 86' lang='lat' dir='ltr'>malam,</span> <span class='ocrx_word' id='word_1_183' title='bbox 767 1443 940 1498; x_wconf 88' lang='lat' dir='ltr'>faciat</span> <span class='ocrx_word' id='word_1_184' title='bbox 969 1439 1192 1512; x_wconf 89' lang='lat' dir='ltr'>aliquid</span> <span class='ocrx_word' id='word_1_185' title='bbox 1231 1438 1389 1504; x_wconf 91' lang='lat' dir='ltr'>mali,</span> <span class='ocrx_word' id='word_1_186' title='bbox 1413 1437 1521 1494; x_wconf 88' lang='lat' dir='ltr'>hoc</span> <span class='ocrx_word' id='word_1_187' title='bbox 1545 1441 1652 1507; x_wconf 86' lang='lat' dir='ltr'>est,</span> <span class='ocrx_word' id='word_1_188' title='bbox 1686 1437 1871 1508; x_wconf 89' lang='lat' dir='ltr'>ipsam</span> <span class='ocrx_word' id='word_1_189' title='bbox 1927 1435 2142 1490; x_wconf 79' lang='lat' dir='ltr'>volun-</span> 
     </span>
    </p>
   </div>
   <div class='ocr_carea' id='block_1_29' title="bbox 495 1521 970 1579">
    <p class='ocr_par' dir='ltr' id='par_1_29' title="bbox 495 1521 970 1579">
     <span class='ocr_line' id='line_1_29' title="bbox 495 1521 970 1579; baseline -0.008 0"><span class='ocrx_word' id='word_1_190' title='bbox 495 1528 676 1579; x_wconf 88' lang='lat' dir='ltr'>tatem</span> <span class='ocrx_word' id='word_1_191' title='bbox 701 1522 911 1578; x_wconf 90' lang='lat' dir='ltr'>malam</span> <span class='ocrx_word' id='word_1_192' title='bbox 942 1521 970 1576; x_wconf 84' lang='lat'><strong>?</strong></span> 
     </span>
    </p>
   </div>
   <div class='ocr_carea' id='block_1_30' title="bbox 2238 1443 3915 1522">
    <p class='ocr_par' dir='ltr' id='par_1_30' title="bbox 2238 1443 3915 1522">
     <span class='ocr_line' id='line_1_30' title="bbox 2238 1443 3915 1522; baseline 0.005 -25"><span class='ocrx_word' id='word_1_193' title='bbox 2238 1443 2984 1514; x_wconf 71' lang='lat' dir='ltr'>juslibetnaturaabonum,</span> <span class='ocrx_word' id='word_1_194' title='bbox 3012 1447 3639 1519; x_wconf 88' lang='lat' dir='ltr'>etiamsiadipiscatur,</span> <span class='ocrx_word' id='word_1_195' title='bbox 3676 1451 3811 1522; x_wconf 89' lang='lat' dir='ltr'>ipse</span> <span class='ocrx_word' id='word_1_196' title='bbox 3848 1450 3915 1514; x_wconf 76' lang='lat' dir='ltr'>ﬁt</span> 
     </span>
    </p>
   </div>
   <div class='ocr_carea' id='block_1_31' title="bbox 2245 1523 3612 1600">
    <p class='ocr_par' dir='ltr' id='par_1_31' title="bbox 2245 1523 3612 1600">
     <span class='ocr_line' id='line_1_31' title="bbox 2245 1523 3612 1600; baseline 0.006 -22"><span class='ocrx_word' id='word_1_197' title='bbox 2245 1523 2305 1578; x_wconf 92' lang='lat' dir='ltr'>in</span> <span class='ocrx_word' id='word_1_198' title='bbox 2339 1525 2486 1581; x_wconf 89' lang='lat' dir='ltr'>bono</span> <span class='ocrx_word' id='word_1_199' title='bbox 2519 1527 2734 1594; x_wconf 89' lang='lat' dir='ltr'>malus,</span> <span class='ocrx_word' id='word_1_200' title='bbox 2759 1533 2815 1584; x_wconf 90' lang='lat' dir='ltr'>et</span> <span class='ocrx_word' id='word_1_201' title='bbox 2839 1529 3019 1584; x_wconf 87' lang='lat' dir='ltr'>miser</span> <span class='ocrx_word' id='word_1_202' title='bbox 3053 1529 3290 1584; x_wconf 88' lang='lat' dir='ltr'>meliore</span> <span class='ocrx_word' id='word_1_203' title='bbox 3332 1529 3612 1600; x_wconf 87' lang='lat' dir='ltr'>privatus.</span> 
     </span>
    </p>
   </div>
   <div class='ocr_carea' id='block_1_32' title="bbox 487 1667 2138 1742">
    <p class='ocr_par' dir='ltr' id='par_1_32' title="bbox 487 1667 2138 1742">
     <span class='ocr_line' id='line_1_32' title="bbox 487 1667 2138 1742; baseline -0.004 -13"><span class='ocrx_word' id='word_1_204' title='bbox 487 1674 716 1730; x_wconf 86' lang='lat' dir='ltr'>CAPUT</span> <span class='ocrx_word' id='word_1_205' title='bbox 746 1673 866 1729; x_wconf 90' lang='lat' dir='ltr'>Vll.</span> <span class='ocrx_word' id='word_1_206' title='bbox 895 1703 962 1714; x_wconf 76' lang='grc' dir='ltr'>-ο</span> <span class='ocrx_word' id='word_1_207' title='bbox 996 1673 1229 1728; x_wconf 83' lang='lat' dir='ltr'>Causam</span> <span class='ocrx_word' id='word_1_208' title='bbox 1257 1671 1581 1742; x_wconf 82' lang='lat' dir='ltr'>efﬁcientem</span> <span class='ocrx_word' id='word_1_209' title='bbox 1608 1669 1767 1724; x_wconf 75' lang='lat' dir='ltr'>malae</span> <span class='ocrx_word' id='word_1_210' title='bbox 1826 1667 2138 1724; x_wconf 72' lang='lat' dir='ltr'>voluntati:</span> 
     </span>
    </p>
   </div>
   <div class='ocr_carea' id='block_1_33' title="bbox 2243 1692 3906 1766">
    <p class='ocr_par' dir='ltr' id='par_1_33' title="bbox 2243 1692 3906 1766">
     <span class='ocr_line' id='line_1_33' title="bbox 2243 1692 3906 1766; baseline 0.004 -21"><span class='ocrx_word' id='word_1_211' title='bbox 2243 1692 2474 1748; x_wconf 82' lang='lat' dir='ltr'>CAPUT</span> <span class='ocrx_word' id='word_1_212' title='bbox 2506 1693 2594 1750; x_wconf 85' lang='lat' dir='ltr'>IX.</span> <span class='ocrx_word' id='word_1_213' title='bbox 2624 1725 2693 1735; x_wconf 96' lang='lat'><strong>—</strong></span> <span class='ocrx_word' id='word_1_214' title='bbox 2723 1695 2804 1750; x_wconf 80' lang='lat' dir='ltr'>An</span> <span class='ocrx_word' id='word_1_215' title='bbox 2833 1697 3012 1750; x_wconf 78' lang='lat' dir='ltr'>sancti</span> <span class='ocrx_word' id='word_1_216' title='bbox 3039 1694 3235 1766; x_wconf 82' lang='lat' dir='ltr'>Angeli</span> <span class='ocrx_word' id='word_1_217' title='bbox 3266 1711 3427 1766; x_wconf 84' lang='lat' dir='ltr'>quem</span> <span class='ocrx_word' id='word_1_218' title='bbox 3458 1694 3656 1750; x_wconf 80' lang='lat' dir='ltr'>habent</span> <span class='ocrx_word' id='word_1_219' title='bbox 3685 1700 3906 1752; x_wconf 83' lang='lat' dir='ltr'>creato-</span> 
     </span>
    </p>
   </div>
   <div class='ocr_carea' id='block_1_34' title="bbox 978 1750 1637 1823">
    <p class='ocr_par' dir='ltr' id='par_1_34' title="bbox 978 1750 1637 1823">
     <span class='ocr_line' id='line_1_34' title="bbox 978 1750 1637 1823; baseline -0.006 -14"><span class='ocrx_word' id='word_1_220' title='bbox 978 1769 1088 1809; x_wconf 77' lang='lat' dir='ltr'>non</span> <span class='ocrx_word' id='word_1_221' title='bbox 1119 1769 1228 1808; x_wconf 80' lang='lat' dir='ltr'>esse</span> <span class='ocrx_word' id='word_1_222' title='bbox 1258 1750 1637 1823; x_wconf 58' lang='lat' dir='ltr'>querendum.</span> 
     </span>
    </p>
   </div>
   <div class='ocr_carea' id='block_1_35' title="bbox 2316 1775 3908 1841">
    <p class='ocr_par' dir='ltr' id='par_1_35' title="bbox 2316 1775 3908 1841">
     <span class='ocr_line' id='line_1_35' title="bbox 2316 1775 3908 1841; baseline 0.002 -14"><span class='ocrx_word' id='word_1_223' title='bbox 2316 1789 2430 1828; x_wconf 90' lang='lat' dir='ltr'>rem</span> <span class='ocrx_word' id='word_1_224' title='bbox 2460 1781 2704 1841; x_wconf 52' lang='lat' dir='ltr'>natura,</span> <span class='ocrx_word' id='word_1_225' title='bbox 2727 1775 2976 1831; x_wconf 86' lang='lat' dir='ltr'>eumdem</span> <span class='ocrx_word' id='word_1_226' title='bbox 2990 1777 3226 1830; x_wconf 83' lang='lat' dir='ltr'>habeant</span> <span class='ocrx_word' id='word_1_227' title='bbox 3258 1776 3407 1830; x_wconf 78' lang='lat' dir='ltr'>bonae</span> <span class='ocrx_word' id='word_1_228' title='bbox 3439 1777 3736 1830; x_wconf 72' lang='lat' dir='ltr'>voluntati:</span> <span class='ocrx_word' id='word_1_229' title='bbox 3759 1792 3908 1830; x_wconf 81' lang='lat' dir='ltr'>auc-</span> 
     </span>
    </p>
   </div>
   <div class='ocr_carea' id='block_1_36' title="bbox 2313 1856 3908 1929">
    <p class='ocr_par' dir='ltr' id='par_1_36' title="bbox 2313 1856 3908 1929">
     <span class='ocr_line' id='line_1_36' title="bbox 2313 1856 3908 1929; baseline 0.001 -19"><span class='ocrx_word' id='word_1_230' title='bbox 2313 1863 2482 1911; x_wconf 83' lang='lat' dir='ltr'>torem</span> <span class='ocrx_word' id='word_1_231' title='bbox 2517 1873 2615 1928; x_wconf 87' lang='lat' dir='ltr'>per</span> <span class='ocrx_word' id='word_1_232' title='bbox 2654 1856 2923 1929; x_wconf 79' lang='lat' dir='ltr'>Spiritum</span> <span class='ocrx_word' id='word_1_233' title='bbox 2953 1862 3200 1913; x_wconf 76' lang='lat' dir='ltr'>sanctam</span> <span class='ocrx_word' id='word_1_234' title='bbox 3251 1859 3310 1914; x_wconf 87' lang='lat' dir='ltr'>in</span> <span class='ocrx_word' id='word_1_235' title='bbox 3359 1857 3438 1914; x_wconf 72' lang='lat' dir='ltr'>eis</span> <span class='ocrx_word' id='word_1_236' title='bbox 3467 1859 3750 1914; x_wconf 78' lang='lat' dir='ltr'>charitate</span> <span class='ocrx_word' id='word_1_237' title='bbox 3785 1858 3908 1929; x_wconf 76' lang='lat' dir='ltr'>di]-</span> 
     </span>
    </p>
   </div>
   <div class='ocr_carea' id='block_1_37' title="bbox 556 1872 2400 2007">
    <p class='ocr_par' dir='ltr' id='par_1_37' title="bbox 556 1872 2400 2007">
     <span class='ocr_line' id='line_1_37' title="bbox 556 1872 2400 1948; baseline -0.004 -13"><span class='ocrx_word' id='word_1_238' title='bbox 556 1881 736 1935; x_wconf 85' lang='lat' dir='ltr'>Nemo</span> <span class='ocrx_word' id='word_1_239' title='bbox 769 1879 945 1948; x_wconf 85' lang='lat' dir='ltr'>igitur</span> <span class='ocrx_word' id='word_1_240' title='bbox 968 1884 1187 1948; x_wconf 69' lang='lat' dir='ltr'>quaerat</span> <span class='ocrx_word' id='word_1_241' title='bbox 1217 1875 1564 1932; x_wconf 80' lang='lat' dir='ltr'>efficientem</span> <span class='ocrx_word' id='word_1_242' title='bbox 1591 1890 1828 1930; x_wconf 88' lang='lat' dir='ltr'>causam</span> <span class='ocrx_word' id='word_1_243' title='bbox 1863 1872 2026 1927; x_wconf 69' lang='lat' dir='ltr'>malae</span> <span class='ocrx_word' id='word_1_244' title='bbox 2050 1889 2141 1928; x_wconf 82' lang='grc' dir='ltr'>νο·</span> <span class='ocrx_word' id='word_1_245' title='bbox 2313 1872 2400 1910; x_wconf 65' lang='grc' dir='ltr'>ιονί</span> 
     </span>
     <span class='ocr_line' id='line_1_38' title="bbox 556 1939 2400 2007; baseline 0 0"><span class='ocrx_word' id='word_1_246' title='bbox 556 1962 730 2007; x_wconf 71' lang='lat' dir='ltr'>ntaiia</span> <span class='ocrx_word' id='word_1_247' title='bbox 764 1977 777 2007; x_wconf 75' lang='lat'><strong>2</strong></span> <span class='ocrx_word' id='word_1_248' title='bbox 814 1976 925 2007; x_wconf 83' lang='lat' dir='ltr'>non</span> <span class='ocrx_word' id='word_1_249' title='bbox 980 1958 1134 2007; x_wconf 82' lang='lat' dir='ltr'>enim</span> <span class='ocrx_word' id='word_1_250' title='bbox 1189 1963 1274 2007; x_wconf 86' lang='lat' dir='ltr'>est</span> <span class='ocrx_word' id='word_1_251' title='bbox 1331 1958 1610 2007; x_wconf 75' lang='lat' dir='ltr'>efﬁciens.</span> <span class='ocrx_word' id='word_1_252' title='bbox 1670 1956 1768 2007; x_wconf 83' lang='lat' dir='ltr'>sed</span> <span class='ocrx_word' id='word_1_253' title='bbox 1827 1954 2135 2007; x_wconf 89' lang='lat' dir='ltr'>deﬁciens:</span> <span class='ocrx_word' id='word_1_254' title='bbox 2311 1939 2400 2007; x_wconf 71' lang='grc' dir='ltr'>Ῐυδ</span> 
     </span>
    </p>
   </div>
   <div class='ocr_carea' id='block_1_38' title="bbox 2341 1953 2456 1991">
    <p class='ocr_par' dir='ltr' id='par_1_38' title="bbox 2341 1953 2456 1991">
     <span class='ocr_line' id='line_1_39' title="bbox 2341 1953 2456 1991; baseline 0 -1"><span class='ocrx_word' id='word_1_255' title='bbox 2341 1953 2456 1991; x_wconf 81' lang='lat' dir='ltr'>usa.</span> 
     </span>
    </p>
   </div>
   <div class='ocr_carea' id='block_1_39' title="bbox 487 1954 2135 2022">
    <p class='ocr_par' dir='ltr' id='par_1_39' title="bbox 487 1954 2135 2022">
     <span class='ocr_line' id='line_1_40' title="bbox 487 1954 2135 2022; baseline -0.005 -7"><span class='ocrx_word' id='word_1_256' title='bbox 487 1961 730 2016; x_wconf 88' lang='lat' dir='ltr'>luntalis</span> <span class='ocrx_word' id='word_1_257' title='bbox 764 1977 777 2014; x_wconf 90' lang='lat'>:</span> <span class='ocrx_word' id='word_1_258' title='bbox 814 1976 926 2014; x_wconf 93' lang='lat' dir='ltr'>non</span> <span class='ocrx_word' id='word_1_259' title='bbox 980 1958 1134 2012; x_wconf 90' lang='lat' dir='ltr'>enim</span> <span class='ocrx_word' id='word_1_260' title='bbox 1189 1963 1274 2011; x_wconf 92' lang='lat' dir='ltr'>est</span> <span class='ocrx_word' id='word_1_261' title='bbox 1331 1958 1610 2022; x_wconf 78' lang='lat' dir='ltr'>efﬁciens,</span> <span class='ocrx_word' id='word_1_262' title='bbox 1670 1956 1768 2010; x_wconf 83' lang='lat' dir='ltr'>sed</span> <span class='ocrx_word' id='word_1_263' title='bbox 1827 1954 2135 2022; x_wconf 89' lang='lat' dir='ltr'>deﬁciens;</span> 
     </span>
    </p>
   </div>
   <div class='ocr_carea' id='block_1_40' title="bbox 483 2035 2140 2111">
    <p class='ocr_par' dir='ltr' id='par_1_40' title="bbox 483 2035 2140 2111">
     <span class='ocr_line' id='line_1_41' title="bbox 483 2035 2140 2111; baseline -0.003 -17"><span class='ocrx_word' id='word_1_264' title='bbox 483 2041 623 2111; x_wconf 83' lang='lat' dir='ltr'>quia</span> <span class='ocrx_word' id='word_1_265' title='bbox 655 2055 756 2094; x_wconf 89' lang='lat' dir='ltr'>nec</span> <span class='ocrx_word' id='word_1_266' title='bbox 797 2039 891 2092; x_wconf 82' lang='lat' dir='ltr'>illa</span> <span class='ocrx_word' id='word_1_267' title='bbox 953 2038 1175 2092; x_wconf 71' lang='lat' dir='ltr'>etfectio</span> <span class='ocrx_word' id='word_1_268' title='bbox 1235 2043 1342 2104; x_wconf 90' lang='lat' dir='ltr'>est,</span> <span class='ocrx_word' id='word_1_269' title='bbox 1403 2037 1505 2092; x_wconf 88' lang='lat' dir='ltr'>sed</span> <span class='ocrx_word' id='word_1_270' title='bbox 1561 2035 1828 2090; x_wconf 85' lang='lat' dir='ltr'>defectio.</span> <span class='ocrx_word' id='word_1_271' title='bbox 1889 2035 2140 2089; x_wconf 83' lang='lat' dir='ltr'>Deficere</span> 
     </span>
    </p>
   </div>
   <div class='ocr_carea' id='block_1_41' title="bbox 482 2113 2137 2190">
    <p class='ocr_par' dir='ltr' id='par_1_41' title="bbox 482 2113 2137 2190">
     <span class='ocr_line' id='line_1_42' title="bbox 482 2113 2137 2190; baseline -0.004 -16"><span class='ocrx_word' id='word_1_272' title='bbox 482 2135 734 2187; x_wconf 86' lang='lat' dir='ltr'>namque</span> <span class='ocrx_word' id='word_1_273' title='bbox 765 2119 835 2172; x_wconf 90' lang='lat' dir='ltr'>ab</span> <span class='ocrx_word' id='word_1_274' title='bbox 859 2135 924 2174; x_wconf 93' lang='lat' dir='ltr'>eo</span> <span class='ocrx_word' id='word_1_275' title='bbox 955 2119 1108 2190; x_wconf 90' lang='lat' dir='ltr'>quod</span> <span class='ocrx_word' id='word_1_276' title='bbox 1143 2133 1371 2172; x_wconf 89' lang='lat' dir='ltr'>summe</span> <span class='ocrx_word' id='word_1_277' title='bbox 1403 2123 1510 2180; x_wconf 89' lang='lat' dir='ltr'>est,</span> <span class='ocrx_word' id='word_1_278' title='bbox 1545 2117 1615 2170; x_wconf 89' lang='lat' dir='ltr'>ad</span> <span class='ocrx_word' id='word_1_279' title='bbox 1652 2115 1707 2168; x_wconf 91' lang='lat' dir='ltr'>id</span> <span class='ocrx_word' id='word_1_280' title='bbox 1755 2113 1907 2185; x_wconf 93' lang='lat' dir='ltr'>quod</span> <span class='ocrx_word' id='word_1_281' title='bbox 1942 2115 2137 2168; x_wconf 89' lang='lat' dir='ltr'>minus</span> 
     </span>
    </p>
   </div>
   <div class='ocr_carea' id='block_1_42' title="bbox 479 2195 2134 2267">
    <p class='ocr_par' dir='ltr' id='par_1_42' title="bbox 479 2195 2134 2267">
     <span class='ocr_line' id='line_1_43' title="bbox 479 2195 2134 2267; baseline -0.003 -13"><span class='ocrx_word' id='word_1_282' title='bbox 479 2203 587 2265; x_wconf 91' lang='lat' dir='ltr'>est,</span> <span class='ocrx_word' id='word_1_283' title='bbox 615 2198 722 2254; x_wconf 89' lang='lat' dir='ltr'>hoc</span> <span class='ocrx_word' id='word_1_284' title='bbox 770 2203 857 2253; x_wconf 91' lang='lat' dir='ltr'>est</span> <span class='ocrx_word' id='word_1_285' title='bbox 913 2197 1165 2267; x_wconf 88' lang='lat' dir='ltr'>incipere</span> <span class='ocrx_word' id='word_1_286' title='bbox 1209 2197 1422 2252; x_wconf 90' lang='lat' dir='ltr'>habere</span> <span class='ocrx_word' id='word_1_287' title='bbox 1479 2196 1838 2250; x_wconf 84' lang='lat' dir='ltr'>voluntatem</span> <span class='ocrx_word' id='word_1_288' title='bbox 1896 2195 2134 2249; x_wconf 86' lang='lat' dir='ltr'>malam.</span> 
     </span>
    </p>
   </div>
   <div class='ocr_carea' id='block_1_43' title="bbox 486 2273 2140 2348">
    <p class='ocr_par' dir='ltr' id='par_1_43' title="bbox 486 2273 2140 2348">
     <span class='ocr_line' id='line_1_44' title="bbox 486 2273 2140 2348; baseline -0.003 -16"><span class='ocrx_word' id='word_1_289' title='bbox 486 2279 707 2333; x_wconf 86' lang='lat' dir='ltr'>Causas</span> <span class='ocrx_word' id='word_1_290' title='bbox 742 2294 908 2348; x_wconf 89' lang='lat' dir='ltr'>porro</span> <span class='ocrx_word' id='word_1_291' title='bbox 941 2277 1328 2332; x_wconf 86' lang='lat' dir='ltr'>det&#39;ectionum</span> <span class='ocrx_word' id='word_1_292' title='bbox 1363 2275 1630 2342; x_wconf 87' lang='lat' dir='ltr'>istarum,</span> <span class='ocrx_word' id='word_1_293' title='bbox 1655 2290 1785 2329; x_wconf 90' lang='lat' dir='ltr'>cum</span> <span class='ocrx_word' id='word_1_294' title='bbox 1818 2273 2140 2327; x_wconf 78' lang='lat' dir='ltr'>efﬁcientes</span> 
     </span>
    </p>
   </div>
   <div class='ocr_carea' id='block_1_44' title="bbox 479 2354 2134 2426">
    <p class='ocr_par' dir='ltr' id='par_1_44' title="bbox 479 2354 2134 2426">
     <span class='ocr_line' id='line_1_45' title="bbox 479 2354 2134 2426; baseline -0.004 -11"><span class='ocrx_word' id='word_1_295' title='bbox 479 2377 593 2415; x_wconf 92' lang='lat' dir='ltr'>non</span> <span class='ocrx_word' id='word_1_296' title='bbox 623 2359 764 2426; x_wconf 90' lang='lat' dir='ltr'>sint,</span> <span class='ocrx_word' id='word_1_297' title='bbox 799 2365 865 2413; x_wconf 91' lang='lat' dir='ltr'>ut</span> <span class='ocrx_word' id='word_1_298' title='bbox 913 2357 1053 2425; x_wconf 85' lang='lat' dir='ltr'>dixi,</span> <span class='ocrx_word' id='word_1_299' title='bbox 1102 2360 1196 2412; x_wconf 89' lang='lat' dir='ltr'>sed</span> <span class='ocrx_word' id='word_1_300' title='bbox 1251 2357 1608 2422; x_wconf 85' lang='lat' dir='ltr'>deficientes,</span> <span class='ocrx_word' id='word_1_301' title='bbox 1658 2354 1799 2410; x_wconf 82' lang='lat' dir='ltr'>velle</span> <span class='ocrx_word' id='word_1_302' title='bbox 1855 2355 2134 2421; x_wconf 90' lang='lat' dir='ltr'>invenire,</span> 
     </span>
    </p>
   </div>
   <div class='ocr_carea' id='block_1_45' title="bbox 485 2433 2134 2508">
    <p class='ocr_par' dir='ltr' id='par_1_45' title="bbox 485 2433 2134 2508">
     <span class='ocr_line' id='line_1_46' title="bbox 485 2433 2134 2508; baseline -0.004 -14"><span class='ocrx_word' id='word_1_303' title='bbox 485 2439 600 2494; x_wconf 87' lang='lat' dir='ltr'>tale</span> <span class='ocrx_word' id='word_1_304' title='bbox 626 2443 711 2495; x_wconf 89' lang='lat' dir='ltr'>est</span> <span class='ocrx_word' id='word_1_305' title='bbox 742 2455 807 2493; x_wconf 87' lang='lat' dir='ltr'>ac</span> <span class='ocrx_word' id='word_1_306' title='bbox 840 2439 887 2492; x_wconf 90' lang='lat' dir='ltr'>si</span> <span class='ocrx_word' id='word_1_307' title='bbox 932 2439 1249 2508; x_wconf 89' lang='lat' dir='ltr'>quisquam</span> <span class='ocrx_word' id='word_1_308' title='bbox 1292 2436 1427 2490; x_wconf 86' lang='lat' dir='ltr'>velit</span> <span class='ocrx_word' id='word_1_309' title='bbox 1473 2437 1666 2491; x_wconf 90' lang='lat' dir='ltr'>videre</span> <span class='ocrx_word' id='word_1_310' title='bbox 1715 2433 2002 2502; x_wconf 86' lang='lat' dir='ltr'>tenebras,</span> <span class='ocrx_word' id='word_1_311' title='bbox 2045 2433 2134 2489; x_wconf 89' lang='lat' dir='ltr'>vel</span> 
     </span>
    </p>
   </div>
   <div class='ocr_carea' id='block_1_46' title="bbox 486 2514 2136 2587">
    <p class='ocr_par' dir='ltr' id='par_1_46' title="bbox 486 2514 2136 2587">
     <span class='ocr_line' id='line_1_47' title="bbox 486 2514 2136 2587; baseline -0.004 -13"><span class='ocrx_word' id='word_1_312' title='bbox 486 2520 687 2574; x_wconf 88' lang='lat' dir='ltr'>audire</span> <span class='ocrx_word' id='word_1_313' title='bbox 739 2519 1089 2574; x_wconf 88' lang='lat' dir='ltr'>silentium:</span> <span class='ocrx_word' id='word_1_314' title='bbox 1141 2517 1294 2587; x_wconf 93' lang='lat' dir='ltr'>quod</span> <span class='ocrx_word' id='word_1_315' title='bbox 1351 2523 1540 2572; x_wconf 87' lang='lat' dir='ltr'>tamen</span> <span class='ocrx_word' id='word_1_316' title='bbox 1616 2521 1927 2585; x_wconf 86' lang='lat' dir='ltr'>utrumque</span> <span class='ocrx_word' id='word_1_317' title='bbox 1967 2514 2136 2569; x_wconf 89' lang='lat' dir='ltr'>nobis</span> 
     </span>
    </p>
   </div>
   <div class='ocr_carea' id='block_1_47' title="bbox 484 2593 2134 2669">
    <p class='ocr_par' dir='ltr' id='par_1_47' title="bbox 484 2593 2134 2669">
     <span class='ocr_line' id='line_1_48' title="bbox 484 2593 2134 2669; baseline -0.004 -15"><span class='ocrx_word' id='word_1_318' title='bbox 484 2608 681 2655; x_wconf 91' lang='lat' dir='ltr'>notum</span> <span class='ocrx_word' id='word_1_319' title='bbox 715 2605 838 2667; x_wconf 89' lang='lat' dir='ltr'>est;</span> <span class='ocrx_word' id='word_1_320' title='bbox 873 2613 1061 2669; x_wconf 89' lang='lat' dir='ltr'>neque</span> <span class='ocrx_word' id='word_1_321' title='bbox 1092 2597 1236 2651; x_wconf 84' lang='lat' dir='ltr'>illud</span> <span class='ocrx_word' id='word_1_322' title='bbox 1275 2597 1387 2651; x_wconf 90' lang='lat' dir='ltr'>nisi</span> <span class='ocrx_word' id='word_1_323' title='bbox 1420 2612 1516 2668; x_wconf 90' lang='lat' dir='ltr'>per</span> <span class='ocrx_word' id='word_1_324' title='bbox 1547 2597 1768 2666; x_wconf 87' lang='lat' dir='ltr'>oculos,</span> <span class='ocrx_word' id='word_1_325' title='bbox 1800 2610 1986 2665; x_wconf 89' lang='lat' dir='ltr'>neque</span> <span class='ocrx_word' id='word_1_326' title='bbox 2025 2593 2134 2649; x_wconf 84' lang='lat' dir='ltr'>hoc</span> 
     </span>
    </p>
   </div>
   <div class='ocr_carea' id='block_1_48' title="bbox 485 2674 2130 2750">
    <p class='ocr_par' dir='ltr' id='par_1_48' title="bbox 485 2674 2130 2750">
     <span class='ocr_line' id='line_1_49' title="bbox 485 2674 2130 2750; baseline -0.001 -16"><span class='ocrx_word' id='word_1_327' title='bbox 485 2680 597 2734; x_wconf 90' lang='lat' dir='ltr'>nisi</span> <span class='ocrx_word' id='word_1_328' title='bbox 632 2696 732 2750; x_wconf 92' lang='lat' dir='ltr'>per</span> <span class='ocrx_word' id='word_1_329' title='bbox 762 2693 966 2743; x_wconf 90' lang='lat' dir='ltr'>aures;</span> <span class='ocrx_word' id='word_1_330' title='bbox 1002 2694 1114 2732; x_wconf 91' lang='lat' dir='ltr'>non</span> <span class='ocrx_word' id='word_1_331' title='bbox 1141 2692 1278 2732; x_wconf 89' lang='lat' dir='ltr'>sane</span> <span class='ocrx_word' id='word_1_332' title='bbox 1325 2677 1383 2730; x_wconf 92' lang='lat' dir='ltr'>in</span> <span class='ocrx_word' id='word_1_333' title='bbox 1419 2676 1632 2748; x_wconf 83' lang='lat' dir='ltr'>specie,</span> <span class='ocrx_word' id='word_1_334' title='bbox 1667 2679 1762 2731; x_wconf 89' lang='lat' dir='ltr'>sed</span> <span class='ocrx_word' id='word_1_335' title='bbox 1818 2675 1876 2729; x_wconf 83' lang='lat' dir='ltr'>in</span> <span class='ocrx_word' id='word_1_336' title='bbox 1918 2674 2130 2745; x_wconf 90' lang='lat' dir='ltr'>speciei</span> 
     </span>
    </p>
   </div>
   <div class='ocr_carea' id='block_1_49' title="bbox 485 2755 2130 2830">
    <p class='ocr_par' dir='ltr' id='par_1_49' title="bbox 485 2755 2130 2830">
     <span class='ocr_line' id='line_1_50' title="bbox 485 2755 2130 2830; baseline -0.004 -16"><span class='ocrx_word' id='word_1_337' title='bbox 485 2760 830 2830; x_wconf 89' lang='lat' dir='ltr'>privatione.</span> <span class='ocrx_word' id='word_1_338' title='bbox 863 2758 1041 2814; x_wconf 81' lang='lat' dir='ltr'>Nemo</span> <span class='ocrx_word' id='word_1_339' title='bbox 1078 2773 1214 2829; x_wconf 84' lang='lat' dir='ltr'>ergo</span> <span class='ocrx_word' id='word_1_340' title='bbox 1247 2773 1315 2811; x_wconf 83' lang='lat' dir='ltr'>ex</span> <span class='ocrx_word' id='word_1_341' title='bbox 1347 2773 1436 2812; x_wconf 91' lang='lat' dir='ltr'>me</span> <span class='ocrx_word' id='word_1_342' title='bbox 1508 2756 1655 2811; x_wconf 89' lang='lat' dir='ltr'>scire</span> <span class='ocrx_word' id='word_1_343' title='bbox 1701 2765 1940 2826; x_wconf 71' lang='lat' dir='ltr'>quaerat,</span> <span class='ocrx_word' id='word_1_344' title='bbox 1975 2755 2130 2826; x_wconf 91' lang='lat' dir='ltr'>quod</span> 
     </span>
    </p>
   </div>
   <div class='ocr_carea' id='block_1_50' title="bbox 487 2837 2129 2909">
    <p class='ocr_par' dir='ltr' id='par_1_50' title="bbox 487 2837 2129 2909">
     <span class='ocr_line' id='line_1_51' title="bbox 487 2837 2129 2909; baseline -0.003 -12"><span class='ocrx_word' id='word_1_345' title='bbox 487 2858 579 2898; x_wconf 91' lang='lat' dir='ltr'>me</span> <span class='ocrx_word' id='word_1_346' title='bbox 603 2843 828 2898; x_wconf 88' lang='lat' dir='ltr'>nescire</span> <span class='ocrx_word' id='word_1_347' title='bbox 859 2842 1000 2909; x_wconf 89' lang='lat' dir='ltr'>scio,</span> <span class='ocrx_word' id='word_1_348' title='bbox 1035 2840 1146 2894; x_wconf 90' lang='lat' dir='ltr'>nisi</span> <span class='ocrx_word' id='word_1_349' title='bbox 1182 2840 1328 2894; x_wconf 86' lang='lat' dir='ltr'>forte</span> <span class='ocrx_word' id='word_1_350' title='bbox 1358 2843 1422 2893; x_wconf 89' lang='lat' dir='ltr'>ut</span> <span class='ocrx_word' id='word_1_351' title='bbox 1463 2838 1685 2893; x_wconf 87' lang='lat' dir='ltr'>nescire</span> <span class='ocrx_word' id='word_1_352' title='bbox 1715 2838 1916 2902; x_wconf 86' lang='lat' dir='ltr'>discat,</span> <span class='ocrx_word' id='word_1_353' title='bbox 1974 2837 2129 2908; x_wconf 91' lang='lat' dir='ltr'>quod</span> 
     </span>
    </p>
   </div>
   <div class='ocr_carea' id='block_1_51' title="bbox 486 2919 2127 2992">
    <p class='ocr_par' dir='ltr' id='par_1_51' title="bbox 486 2919 2127 2992">
     <span class='ocr_line' id='line_1_52' title="bbox 486 2919 2127 2992; baseline -0.004 -14"><span class='ocrx_word' id='word_1_354' title='bbox 486 2924 619 2978; x_wconf 90' lang='lat' dir='ltr'>sciri</span> <span class='ocrx_word' id='word_1_355' title='bbox 653 2940 768 2978; x_wconf 90' lang='lat' dir='ltr'>non</span> <span class='ocrx_word' id='word_1_356' title='bbox 803 2937 971 2992; x_wconf 90' lang='lat' dir='ltr'>posse</span> <span class='ocrx_word' id='word_1_357' title='bbox 995 2919 1298 2976; x_wconf 88' lang='lat' dir='ltr'>sciendum</span> <span class='ocrx_word' id='word_1_358' title='bbox 1349 2928 1455 2975; x_wconf 89' lang='lat' dir='ltr'>est.</span> <span class='ocrx_word' id='word_1_359' title='bbox 1489 2919 1569 2974; x_wconf 90' lang='lat' dir='ltr'>Ea</span> <span class='ocrx_word' id='word_1_360' title='bbox 1593 2919 1808 2990; x_wconf 89' lang='lat' dir='ltr'>quippe</span> <span class='ocrx_word' id='word_1_361' title='bbox 1838 2935 1962 2988; x_wconf 63' lang='lat' dir='ltr'>quae</span> <span class='ocrx_word' id='word_1_362' title='bbox 2012 2934 2127 2972; x_wconf 90' lang='lat' dir='ltr'>non</span> 
     </span>
    </p>
   </div>
   <div class='ocr_carea' id='block_1_52' title="bbox 481 2998 2124 3074">
    <p class='ocr_par' dir='ltr' id='par_1_52' title="bbox 481 2998 2124 3074">
     <span class='ocr_line' id='line_1_53' title="bbox 481 2998 2124 3074; baseline -0.003 -17"><span class='ocrx_word' id='word_1_363' title='bbox 481 3001 539 3058; x_wconf 91' lang='lat' dir='ltr'>in</span> <span class='ocrx_word' id='word_1_364' title='bbox 574 3003 783 3074; x_wconf 88' lang='lat' dir='ltr'>specie,</span> <span class='ocrx_word' id='word_1_365' title='bbox 835 3003 932 3058; x_wconf 89' lang='lat' dir='ltr'>sed</span> <span class='ocrx_word' id='word_1_366' title='bbox 960 3002 1017 3056; x_wconf 94' lang='lat' dir='ltr'>in</span> <span class='ocrx_word' id='word_1_367' title='bbox 1052 3002 1179 3071; x_wconf 86' lang='lat' dir='ltr'>ejus</span> <span class='ocrx_word' id='word_1_368' title='bbox 1231 2999 1544 3070; x_wconf 88' lang='lat' dir='ltr'>privatione</span> <span class='ocrx_word' id='word_1_369' title='bbox 1591 3000 1878 3067; x_wconf 91' lang='lat' dir='ltr'>sciuntur,</span> <span class='ocrx_word' id='word_1_370' title='bbox 1930 2998 1979 3052; x_wconf 91' lang='lat' dir='ltr'>si</span> <span class='ocrx_word' id='word_1_371' title='bbox 2011 2998 2124 3054; x_wconf 91' lang='lat' dir='ltr'>dici</span> 
     </span>
    </p>
   </div>
   <div class='ocr_carea' id='block_1_53' title="bbox 482 3078 2125 3152">
    <p class='ocr_par' dir='ltr' id='par_1_53' title="bbox 482 3078 2125 3152">
     <span class='ocr_line' id='line_1_54' title="bbox 482 3078 2125 3152; baseline -0.002 -15"><span class='ocrx_word' id='word_1_372' title='bbox 482 3088 584 3138; x_wconf 90' lang='lat' dir='ltr'>aut</span> <span class='ocrx_word' id='word_1_373' title='bbox 669 3081 916 3152; x_wconf 87' lang='lat' dir='ltr'>intelligi</span> <span class='ocrx_word' id='word_1_374' title='bbox 1003 3084 1213 3152; x_wconf 81' lang='lat' dir='ltr'>potest,</span> <span class='ocrx_word' id='word_1_375' title='bbox 1293 3080 1721 3149; x_wconf 90' lang='lat' dir='ltr'>quodammodo</span> <span class='ocrx_word' id='word_1_376' title='bbox 1816 3078 2125 3133; x_wconf 88' lang='lat' dir='ltr'>nesciendo</span> 
     </span>
    </p>
   </div>
   <div class='ocr_carea' id='block_1_54' title="bbox 478 3157 2123 3229">
    <p class='ocr_par' dir='ltr' id='par_1_54' title="bbox 478 3157 2123 3229">
     <span class='ocr_line' id='line_1_55' title="bbox 478 3157 2123 3229; baseline -0.002 -12"><span class='ocrx_word' id='word_1_377' title='bbox 478 3163 768 3229; x_wconf 91' lang='lat' dir='ltr'>sciuntur,</span> <span class='ocrx_word' id='word_1_378' title='bbox 804 3167 868 3215; x_wconf 93' lang='lat' dir='ltr'>ut</span> <span class='ocrx_word' id='word_1_379' title='bbox 911 3162 1146 3216; x_wconf 89' lang='lat' dir='ltr'>sciendo</span> <span class='ocrx_word' id='word_1_380' title='bbox 1198 3159 1550 3214; x_wconf 85' lang='lat' dir='ltr'>nesciantur.</span> <span class='ocrx_word' id='word_1_381' title='bbox 1585 3159 1722 3213; x_wconf 89' lang='lat' dir='ltr'>Cum</span> <span class='ocrx_word' id='word_1_382' title='bbox 1757 3158 1910 3212; x_wconf 88' lang='lat' dir='ltr'>enim</span> <span class='ocrx_word' id='word_1_383' title='bbox 1969 3157 2123 3213; x_wconf 88' lang='lat' dir='ltr'>acies</span> 
     </span>
    </p>
   </div>
   <div class='ocr_carea' id='block_1_55' title="bbox 473 3237 2118 3312">
    <p class='ocr_par' dir='ltr' id='par_1_55' title="bbox 473 3237 2118 3312">
     <span class='ocr_line' id='line_1_56' title="bbox 473 3237 2118 3312; baseline -0.004 -15"><span class='ocrx_word' id='word_1_384' title='bbox 473 3243 646 3298; x_wconf 90' lang='lat' dir='ltr'>etiam</span> <span class='ocrx_word' id='word_1_385' title='bbox 679 3241 829 3298; x_wconf 90' lang='lat' dir='ltr'>oculi</span> <span class='ocrx_word' id='word_1_386' title='bbox 853 3241 1173 3312; x_wconf 88' lang='lat' dir='ltr'>corporalis</span> <span class='ocrx_word' id='word_1_387' title='bbox 1206 3239 1506 3310; x_wconf 88' lang='lat' dir='ltr'>curritper</span> <span class='ocrx_word' id='word_1_388' title='bbox 1534 3240 1751 3308; x_wconf 87' lang='lat' dir='ltr'>species</span> <span class='ocrx_word' id='word_1_389' title='bbox 1769 3237 2118 3307; x_wconf 88' lang='lat' dir='ltr'>corporales,</span> 
     </span>
    </p>
   </div>
   <div class='ocr_carea' id='block_1_56' title="bbox 471 3317 2114 3393">
    <p class='ocr_par' dir='ltr' id='par_1_56' title="bbox 471 3317 2114 3393">
     <span class='ocr_line' id='line_1_57' title="bbox 471 3317 2114 3393; baseline -0.003 -17"><span class='ocrx_word' id='word_1_390' title='bbox 471 3339 760 3393; x_wconf 88' lang='lat' dir='ltr'>nusquam</span> <span class='ocrx_word' id='word_1_391' title='bbox 777 3322 1049 3376; x_wconf 89' lang='lat' dir='ltr'>tenebras</span> <span class='ocrx_word' id='word_1_392' title='bbox 1071 3319 1244 3388; x_wconf 86' lang='lat' dir='ltr'>videt,</span> <span class='ocrx_word' id='word_1_393' title='bbox 1271 3320 1379 3374; x_wconf 90' lang='lat' dir='ltr'>nisi</span> <span class='ocrx_word' id='word_1_394' title='bbox 1405 3319 1502 3372; x_wconf 86' lang='lat' dir='ltr'>ubi</span> <span class='ocrx_word' id='word_1_395' title='bbox 1527 3319 1762 3389; x_wconf 57' lang='lat' dir='ltr'>coeperit</span> <span class='ocrx_word' id='word_1_396' title='bbox 1779 3334 1890 3373; x_wconf 90' lang='lat' dir='ltr'>non</span> <span class='ocrx_word' id='word_1_397' title='bbox 1906 3317 2114 3373; x_wconf 87' lang='lat' dir='ltr'>videre.</span> 
     </span>
    </p>
   </div>
   <div class='ocr_carea' id='block_1_57' title="bbox 465 3399 2114 3472">
    <p class='ocr_par' dir='ltr' id='par_1_57' title="bbox 465 3399 2114 3472">
     <span class='ocr_line' id='line_1_58' title="bbox 465 3399 2114 3472; baseline -0.003 -13"><span class='ocrx_word' id='word_1_398' title='bbox 465 3405 551 3459; x_wconf 87' lang='lat' dir='ltr'>Ita</span> <span class='ocrx_word' id='word_1_399' title='bbox 573 3403 744 3459; x_wconf 91' lang='lat' dir='ltr'>etiam</span> <span class='ocrx_word' id='word_1_400' title='bbox 774 3419 885 3457; x_wconf 92' lang='lat' dir='ltr'>non</span> <span class='ocrx_word' id='word_1_401' title='bbox 905 3402 978 3456; x_wconf 93' lang='lat' dir='ltr'>ad</span> <span class='ocrx_word' id='word_1_402' title='bbox 991 3401 1244 3472; x_wconf 84' lang='lat' dir='ltr'>aliquem</span> <span class='ocrx_word' id='word_1_403' title='bbox 1264 3400 1441 3455; x_wconf 89' lang='lat' dir='ltr'>alium</span> <span class='ocrx_word' id='word_1_404' title='bbox 1459 3415 1726 3466; x_wconf 89' lang='lat' dir='ltr'>sensum,</span> <span class='ocrx_word' id='word_1_405' title='bbox 1747 3400 1844 3454; x_wconf 84' lang='lat' dir='ltr'>sed</span> <span class='ocrx_word' id='word_1_406' title='bbox 1868 3399 1937 3453; x_wconf 87' lang='lat' dir='ltr'>ad</span> <span class='ocrx_word' id='word_1_407' title='bbox 1959 3399 2114 3455; x_wconf 86' lang='lat' dir='ltr'>solas</span> 
     </span>
    </p>
   </div>
   <div class='ocr_carea' id='block_1_58' title="bbox 464 3478 2112 3555">
    <p class='ocr_par' dir='ltr' id='par_1_58' title="bbox 464 3478 2112 3555">
     <span class='ocr_line' id='line_1_59' title="bbox 464 3478 2112 3555; baseline -0.002 -17"><span class='ocrx_word' id='word_1_408' title='bbox 464 3500 634 3538; x_wconf 86' lang='lat' dir='ltr'>aures</span> <span class='ocrx_word' id='word_1_409' title='bbox 667 3485 916 3555; x_wconf 89' lang='lat' dir='ltr'>pertinet</span> <span class='ocrx_word' id='word_1_410' title='bbox 933 3483 1146 3537; x_wconf 89' lang='lat' dir='ltr'>sentire</span> <span class='ocrx_word' id='word_1_411' title='bbox 1168 3481 1503 3536; x_wconf 90' lang='lat' dir='ltr'>silentium:</span> <span class='ocrx_word' id='word_1_412' title='bbox 1539 3481 1688 3550; x_wconf 92' lang='lat' dir='ltr'>quod</span> <span class='ocrx_word' id='word_1_413' title='bbox 1724 3485 1919 3534; x_wconf 90' lang='lat' dir='ltr'>tamen</span> <span class='ocrx_word' id='word_1_414' title='bbox 1951 3478 2112 3534; x_wconf 91' lang='lat' dir='ltr'>nullo</span> 
     </span>
    </p>
   </div>
   <div class='ocr_carea' id='block_1_59' title="bbox 460 3561 2110 3631">
    <p class='ocr_par' dir='ltr' id='par_1_59' title="bbox 460 3561 2110 3631">
     <span class='ocr_line' id='line_1_60' title="bbox 460 3561 2110 3631; baseline -0.003 -13"><span class='ocrx_word' id='word_1_415' title='bbox 460 3566 634 3620; x_wconf 91' lang='lat' dir='ltr'>modo</span> <span class='ocrx_word' id='word_1_416' title='bbox 668 3565 774 3618; x_wconf 89' lang='lat' dir='ltr'>nisi</span> <span class='ocrx_word' id='word_1_417' title='bbox 799 3580 910 3618; x_wconf 92' lang='lat' dir='ltr'>non</span> <span class='ocrx_word' id='word_1_418' title='bbox 941 3563 1234 3618; x_wconf 85' lang='lat' dir='ltr'>audiendo</span> <span class='ocrx_word' id='word_1_419' title='bbox 1258 3562 1532 3617; x_wconf 85' lang='lat' dir='ltr'>sentitur.</span> <span class='ocrx_word' id='word_1_420' title='bbox 1570 3563 1664 3616; x_wconf 91' lang='lat' dir='ltr'>Sic</span> <span class='ocrx_word' id='word_1_421' title='bbox 1696 3563 1916 3631; x_wconf 76' lang='lat' dir='ltr'>species</span> <span class='ocrx_word' id='word_1_422' title='bbox 1941 3561 2110 3615; x_wconf 89' lang='lat' dir='ltr'>intel-</span> 
     </span>
    </p>
   </div>
   <div class='ocr_carea' id='block_1_60' title="bbox 455 3641 2111 3716">
    <p class='ocr_par' dir='ltr' id='par_1_60' title="bbox 455 3641 2111 3716">
     <span class='ocr_line' id='line_1_61' title="bbox 455 3641 2111 3716; baseline -0.001 -18"><span class='ocrx_word' id='word_1_423' title='bbox 455 3643 718 3716; x_wconf 84' lang='lat' dir='ltr'>ligibiles</span> <span class='ocrx_word' id='word_1_424' title='bbox 770 3661 935 3698; x_wconf 89' lang='lat' dir='ltr'>mens</span> <span class='ocrx_word' id='word_1_425' title='bbox 993 3644 1228 3714; x_wconf 82' lang='lat' dir='ltr'>quidem</span> <span class='ocrx_word' id='word_1_426' title='bbox 1276 3649 1475 3698; x_wconf 86' lang='lat' dir='ltr'>nostra</span> <span class='ocrx_word' id='word_1_427' title='bbox 1507 3641 1884 3708; x_wconf 72' lang='lat' dir='ltr'>intelligendo</span> <span class='ocrx_word' id='word_1_428' title='bbox 1944 3658 2111 3697; x_wconf 87' lang='lat' dir='ltr'>cons-</span> 
     </span>
    </p>
   </div>
   <div class='ocr_carea' id='block_1_61' title="bbox 454 3722 2108 3794">
    <p class='ocr_par' dir='ltr' id='par_1_61' title="bbox 454 3722 2108 3794">
     <span class='ocr_line' id='line_1_62' title="bbox 454 3722 2108 3794; baseline -0.002 -15"><span class='ocrx_word' id='word_1_429' title='bbox 454 3725 630 3794; x_wconf 91' lang='lat' dir='ltr'>picit;</span> <span class='ocrx_word' id='word_1_430' title='bbox 665 3727 764 3780; x_wconf 90' lang='lat' dir='ltr'>sed</span> <span class='ocrx_word' id='word_1_431' title='bbox 800 3725 893 3779; x_wconf 91' lang='lat' dir='ltr'>ubi</span> <span class='ocrx_word' id='word_1_432' title='bbox 928 3725 1231 3790; x_wconf 81' lang='lat' dir='ltr'>deﬁciunt,</span> <span class='ocrx_word' id='word_1_433' title='bbox 1293 3724 1606 3780; x_wconf 88' lang='lat' dir='ltr'>nesciendo</span> <span class='ocrx_word' id='word_1_434' title='bbox 1668 3722 1977 3778; x_wconf 85' lang='lat' dir='ltr'>condiscit.</span> <span class='ocrx_word' id='word_1_435' title='bbox 2009 3725 2108 3777; x_wconf 89' lang='lat' dir='ltr'>De-</span> 
     </span>
    </p>
   </div>
   <div class='ocr_carea' id='block_1_62' title="bbox 459 3803 1805 3879">
    <p class='ocr_par' dir='ltr' id='par_1_62' title="bbox 459 3803 1805 3879">
     <span class='ocr_line' id='line_1_63' title="bbox 459 3803 1805 3879; baseline -0.002 -19"><span class='ocrx_word' id='word_1_436' title='bbox 459 3805 587 3862; x_wconf 89' lang='lat' dir='ltr'>licta</span> <span class='ocrx_word' id='word_1_437' title='bbox 620 3807 771 3861; x_wconf 90' lang='lat' dir='ltr'>enim</span> <span class='ocrx_word' id='word_1_438' title='bbox 801 3806 920 3879; x_wconf 78' lang='lat' dir='ltr'>quis</span> <span class='ocrx_word' id='word_1_439' title='bbox 952 3807 1214 3875; x_wconf 78' lang='lat' dir='ltr'>intelligit</span> <span class='ocrx_word' id='word_1_440' title='bbox 1268 3805 1438 3876; x_wconf 82' lang='lat' dir='ltr'>(Psal.</span> <span class='ocrx_word' id='word_1_441' title='bbox 1474 3821 1634 3874; x_wconf 75' lang='lat' dir='ltr'>xvur,</span> <span class='ocrx_word' id='word_1_442' title='bbox 1663 3804 1745 3868; x_wconf 86' lang='grc'>13)</span> <span class='ocrx_word' id='word_1_443' title='bbox 1779 3803 1805 3857; x_wconf 88' lang='lat'><strong>?</strong></span> 
     </span>
    </p>
   </div>
   <div class='ocr_carea' id='block_1_63' title="bbox 2318 2070 3904 2143">
    <p class='ocr_par' dir='ltr' id='par_1_63' title="bbox 2318 2070 3904 2143">
     <span class='ocr_line' id='line_1_64' title="bbox 2318 2070 3904 2143; baseline 0.005 -21"><span class='ocrx_word' id='word_1_444' title='bbox 2318 2070 2367 2123; x_wconf 90' lang='grc'>1.</span> <span class='ocrx_word' id='word_1_445' title='bbox 2399 2074 2544 2126; x_wconf 89' lang='lat' dir='ltr'>Cum</span> <span class='ocrx_word' id='word_1_446' title='bbox 2577 2086 2712 2142; x_wconf 84' lang='lat' dir='ltr'>ergo</span> <span class='ocrx_word' id='word_1_447' title='bbox 2745 2071 2908 2126; x_wconf 65' lang='lat' dir='ltr'>malai</span> <span class='ocrx_word' id='word_1_448' title='bbox 2943 2071 3266 2128; x_wconf 85' lang='lat' dir='ltr'>voluntatis</span> <span class='ocrx_word' id='word_1_449' title='bbox 3295 2072 3556 2128; x_wconf 79' lang='lat' dir='ltr'>efﬁciens</span> <span class='ocrx_word' id='word_1_450' title='bbox 3589 2073 3904 2143; x_wconf 85' lang='lat' dir='ltr'>naturalis,</span> 
     </span>
    </p>
   </div>
   <div class='ocr_carea' id='block_1_64' title="bbox 2241 2149 3900 2221">
    <p class='ocr_par' dir='ltr' id='par_1_64' title="bbox 2241 2149 3900 2221">
     <span class='ocr_line' id='line_1_65' title="bbox 2241 2149 3900 2221; baseline 0.003 -19"><span class='ocrx_word' id='word_1_451' title='bbox 2241 2149 2348 2213; x_wconf 92' lang='lat' dir='ltr'>vel,</span> <span class='ocrx_word' id='word_1_452' title='bbox 2386 2151 2428 2203; x_wconf 90' lang='lat' dir='ltr'>si</span> <span class='ocrx_word' id='word_1_453' title='bbox 2465 2151 2575 2204; x_wconf 90' lang='lat' dir='ltr'>dici</span> <span class='ocrx_word' id='word_1_454' title='bbox 2602 2157 2812 2221; x_wconf 89' lang='lat' dir='ltr'>potest,</span> <span class='ocrx_word' id='word_1_455' title='bbox 2865 2153 3195 2208; x_wconf 84' lang='lat' dir='ltr'>essentialis</span> <span class='ocrx_word' id='word_1_456' title='bbox 3252 2151 3408 2206; x_wconf 84' lang='lat' dir='ltr'>nulla</span> <span class='ocrx_word' id='word_1_457' title='bbox 3465 2153 3543 2207; x_wconf 91' lang='lat' dir='ltr'>sit</span> <span class='ocrx_word' id='word_1_458' title='bbox 3589 2170 3788 2218; x_wconf 74' lang='lat' dir='ltr'>causa;</span> <span class='ocrx_word' id='word_1_459' title='bbox 3826 2155 3900 2208; x_wconf 85' lang='lat' dir='ltr'>ab</span> 
     </span>
    </p>
   </div>
   <div class='ocr_carea' id='block_1_65' title="bbox 2241 2231 3894 2304">
    <p class='ocr_par' dir='ltr' id='par_1_65' title="bbox 2241 2231 3894 2304">
     <span class='ocr_line' id='line_1_66' title="bbox 2241 2231 3894 2304; baseline 0.002 -20"><span class='ocrx_word' id='word_1_460' title='bbox 2241 2231 2365 2302; x_wconf 90' lang='lat' dir='ltr'>ipsa</span> <span class='ocrx_word' id='word_1_461' title='bbox 2396 2231 2611 2302; x_wconf 91' lang='lat' dir='ltr'>quippe</span> <span class='ocrx_word' id='word_1_462' title='bbox 2643 2233 2846 2302; x_wconf 88' lang='lat' dir='ltr'>incipit</span> <span class='ocrx_word' id='word_1_463' title='bbox 2873 2235 3187 2304; x_wconf 87' lang='lat' dir='ltr'>spirituum</span> <span class='ocrx_word' id='word_1_464' title='bbox 3220 2233 3589 2287; x_wconf 86' lang='lat' dir='ltr'>mutabilium</span> <span class='ocrx_word' id='word_1_465' title='bbox 3643 2234 3894 2302; x_wconf 89' lang='lat' dir='ltr'>malum,</span> 
     </span>
    </p>
   </div>
   <div class='ocr_carea' id='block_1_66' title="bbox 2242 2313 3896 2385">
    <p class='ocr_par' dir='ltr' id='par_1_66' title="bbox 2242 2313 3896 2385">
     <span class='ocr_line' id='line_1_67' title="bbox 2242 2313 3896 2385; baseline 0.003 -19"><span class='ocrx_word' id='word_1_466' title='bbox 2242 2327 2356 2382; x_wconf 92' lang='lat' dir='ltr'>quo</span> <span class='ocrx_word' id='word_1_467' title='bbox 2393 2313 2670 2366; x_wconf 88' lang='lat' dir='ltr'>minuitur</span> <span class='ocrx_word' id='word_1_468' title='bbox 2691 2320 2863 2384; x_wconf 88' lang='lat' dir='ltr'>atque</span> <span class='ocrx_word' id='word_1_469' title='bbox 2881 2317 3228 2385; x_wconf 88' lang='lat' dir='ltr'>depravatur</span> <span class='ocrx_word' id='word_1_470' title='bbox 3263 2323 3479 2369; x_wconf 69' lang='lat' dir='ltr'>natura:</span> <span class='ocrx_word' id='word_1_471' title='bbox 3513 2316 3752 2381; x_wconf 89' lang='lat' dir='ltr'>bonum,</span> <span class='ocrx_word' id='word_1_472' title='bbox 3791 2333 3896 2371; x_wconf 88' lang='lat' dir='ltr'>nec</span> 
     </span>
    </p>
   </div>
   <div class='ocr_carea' id='block_1_67' title="bbox 2240 2394 3894 2468">
    <p class='ocr_par' dir='ltr' id='par_1_67' title="bbox 2240 2394 3894 2468">
     <span class='ocr_line' id='line_1_68' title="bbox 2240 2394 3894 2468; baseline 0.002 -20"><span class='ocrx_word' id='word_1_473' title='bbox 2240 2395 2415 2448; x_wconf 88' lang='lat' dir='ltr'>talem</span> <span class='ocrx_word' id='word_1_474' title='bbox 2444 2394 2789 2450; x_wconf 87' lang='lat' dir='ltr'>voluntatem</span> <span class='ocrx_word' id='word_1_475' title='bbox 2824 2396 2960 2449; x_wconf 85' lang='lat' dir='ltr'>facit</span> <span class='ocrx_word' id='word_1_476' title='bbox 2991 2396 3102 2450; x_wconf 91' lang='lat' dir='ltr'>nisi</span> <span class='ocrx_word' id='word_1_477' title='bbox 3131 2396 3420 2464; x_wconf 79' lang='lat' dir='ltr'>defecltio,</span> <span class='ocrx_word' id='word_1_478' title='bbox 3454 2413 3569 2468; x_wconf 92' lang='lat' dir='ltr'>qua</span> <span class='ocrx_word' id='word_1_479' title='bbox 3601 2398 3894 2452; x_wconf 81' lang='lat' dir='ltr'>deseritur</span> 
     </span>
    </p>
   </div>
   <div class='ocr_carea' id='block_1_68' title="bbox 2241 2474 3893 2548">
    <p class='ocr_par' dir='ltr' id='par_1_68' title="bbox 2241 2474 3893 2548">
     <span class='ocr_line' id='line_1_69' title="bbox 2241 2474 3893 2548; baseline 0.001 -18"><span class='ocrx_word' id='word_1_480' title='bbox 2241 2474 2594 2544; x_wconf 88' lang='lat' dir='ltr'>Deus,cujus</span> <span class='ocrx_word' id='word_1_481' title='bbox 2613 2476 2954 2532; x_wconf 84' lang='lat' dir='ltr'>defectionis</span> <span class='ocrx_word' id='word_1_482' title='bbox 2969 2477 3135 2531; x_wconf 84' lang='lat' dir='ltr'>etiam</span> <span class='ocrx_word' id='word_1_483' title='bbox 3161 2493 3336 2531; x_wconf 87' lang='lat' dir='ltr'>causa</span> <span class='ocrx_word' id='word_1_484' title='bbox 3359 2478 3562 2548; x_wconf 89' lang='lat' dir='ltr'>utique</span> <span class='ocrx_word' id='word_1_485' title='bbox 3593 2478 3819 2544; x_wconf 77' lang='lat' dir='ltr'>deficit;</span> <span class='ocrx_word' id='word_1_486' title='bbox 3842 2479 3893 2532; x_wconf 92' lang='lat' dir='ltr'>si</span> 
     </span>
    </p>
   </div>
   <div class='ocr_carea' id='block_1_69' title="bbox 2239 2556 3901 2613">
    <p class='ocr_par' dir='ltr' id='par_1_69' title="bbox 2239 2556 3901 2613">
     <span class='ocr_line' id='line_1_70' title="bbox 2239 2556 3901 2613; baseline 0.002 -4"><span class='ocrx_word' id='word_1_487' title='bbox 2239 2556 2559 2612; x_wconf 82' lang='lat' dir='ltr'>dixerimus</span> <span class='ocrx_word' id='word_1_488' title='bbox 2579 2557 2795 2612; x_wconf 90' lang='lat' dir='ltr'>nullam</span> <span class='ocrx_word' id='word_1_489' title='bbox 2816 2557 3303 2613; x_wconf 82' lang='lat' dir='ltr'>esseefﬁcientem</span> <span class='ocrx_word' id='word_1_490' title='bbox 3325 2574 3562 2613; x_wconf 88' lang='lat' dir='ltr'>causam</span> <span class='ocrx_word' id='word_1_491' title='bbox 3606 2558 3780 2612; x_wconf 88' lang='lat' dir='ltr'>etiam</span> <span class='ocrx_word' id='word_1_492' title='bbox 3800 2575 3901 2612; x_wconf 91' lang='lat' dir='ltr'>vo-</span> 
     </span>
    </p>
   </div>
   <div class='ocr_carea' id='block_1_70' title="bbox 2238 2635 3896 2705">
    <p class='ocr_par' dir='ltr' id='par_1_70' title="bbox 2238 2635 3896 2705">
     <span class='ocr_line' id='line_1_71' title="bbox 2238 2635 3896 2705; baseline 0.002 -15"><span class='ocrx_word' id='word_1_493' title='bbox 2238 2635 2481 2692; x_wconf 87' lang='lat' dir='ltr'>luntatis</span> <span class='ocrx_word' id='word_1_494' title='bbox 2504 2638 2690 2700; x_wconf 67' lang='lat' dir='ltr'>bonae,</span> <span class='ocrx_word' id='word_1_495' title='bbox 2725 2638 3045 2693; x_wconf 90' lang='lat' dir='ltr'>cavendum</span> <span class='ocrx_word' id='word_1_496' title='bbox 3070 2643 3179 2705; x_wconf 88' lang='lat' dir='ltr'>est,</span> <span class='ocrx_word' id='word_1_497' title='bbox 3215 2654 3286 2693; x_wconf 91' lang='lat' dir='ltr'>ne</span> <span class='ocrx_word' id='word_1_498' title='bbox 3308 2639 3578 2695; x_wconf 87' lang='lat' dir='ltr'>voluntas</span> <span class='ocrx_word' id='word_1_499' title='bbox 3604 2639 3756 2694; x_wconf 87' lang='lat' dir='ltr'>bona</span> <span class='ocrx_word' id='word_1_500' title='bbox 3791 2641 3896 2694; x_wconf 81' lang='lat' dir='ltr'>bo-</span> 
     </span>
    </p>
   </div>
   <div class='ocr_carea' id='block_1_71' title="bbox 2238 2719 3898 2790">
    <p class='ocr_par' dir='ltr' id='par_1_71' title="bbox 2238 2719 3898 2790">
     <span class='ocr_line' id='line_1_72' title="bbox 2238 2719 3898 2790; baseline 0.002 -18"><span class='ocrx_word' id='word_1_501' title='bbox 2238 2734 2446 2773; x_wconf 91' lang='lat' dir='ltr'>norum</span> <span class='ocrx_word' id='word_1_502' title='bbox 2476 2719 2842 2790; x_wconf 81' lang='lat' dir='ltr'>Angelorum,</span> <span class='ocrx_word' id='word_1_503' title='bbox 2869 2737 2981 2775; x_wconf 91' lang='lat' dir='ltr'>non</span> <span class='ocrx_word' id='word_1_504' title='bbox 3017 2720 3293 2787; x_wconf 87' lang='lat' dir='ltr'>facta,sed</span> <span class='ocrx_word' id='word_1_505' title='bbox 3322 2720 3433 2775; x_wconf 93' lang='lat' dir='ltr'>Deo</span> <span class='ocrx_word' id='word_1_506' title='bbox 3457 2728 3739 2775; x_wconf 66' lang='lat' dir='ltr'>coaeterni:</span> <span class='ocrx_word' id='word_1_507' title='bbox 3764 2736 3898 2775; x_wconf 86' lang='lat' dir='ltr'>esse</span> 
     </span>
    </p>
   </div>
   <div class='ocr_carea' id='block_1_72' title="bbox 2235 2800 3900 2871">
    <p class='ocr_par' dir='ltr' id='par_1_72' title="bbox 2235 2800 3900 2871">
     <span class='ocr_line' id='line_1_73' title="bbox 2235 2800 3900 2871; baseline 0.002 -20"><span class='ocrx_word' id='word_1_508' title='bbox 2235 2800 2520 2853; x_wconf 88' lang='lat' dir='ltr'>credatur.</span> <span class='ocrx_word' id='word_1_509' title='bbox 2553 2803 2696 2854; x_wconf 92' lang='lat' dir='ltr'>Cum</span> <span class='ocrx_word' id='word_1_510' title='bbox 2741 2816 2876 2871; x_wconf 86' lang='lat' dir='ltr'>ergo</span> <span class='ocrx_word' id='word_1_511' title='bbox 2901 2803 2918 2836; x_wconf 79' lang='grc' dir='ltr'>ί</span> <span class='ocrx_word' id='word_1_512' title='bbox 2952 2801 3059 2869; x_wconf 92' lang='lat' dir='ltr'>ipsi</span> <span class='ocrx_word' id='word_1_513' title='bbox 3095 2801 3223 2854; x_wconf 84' lang='lat' dir='ltr'>facti</span> <span class='ocrx_word' id='word_1_514' title='bbox 3267 2800 3401 2865; x_wconf 81' lang='lat' dir='ltr'>sint,</span> <span class='ocrx_word' id='word_1_515' title='bbox 3437 2800 3731 2870; x_wconf 89' lang='lat' dir='ltr'>quomodo</span> <span class='ocrx_word' id='word_1_516' title='bbox 3791 2800 3900 2855; x_wconf 86' lang='lat' dir='ltr'>illa</span> 
     </span>
    </p>
   </div>
   <div class='ocr_carea' id='block_1_73' title="bbox 2236 2879 3893 2949">
    <p class='ocr_par' dir='ltr' id='par_1_73' title="bbox 2236 2879 3893 2949">
     <span class='ocr_line' id='line_1_74' title="bbox 2236 2879 3893 2949; baseline 0.002 -17"><span class='ocrx_word' id='word_1_517' title='bbox 2236 2895 2348 2933; x_wconf 90' lang='lat' dir='ltr'>non</span> <span class='ocrx_word' id='word_1_518' title='bbox 2379 2895 2506 2933; x_wconf 91' lang='lat' dir='ltr'>esse</span> <span class='ocrx_word' id='word_1_519' title='bbox 2540 2879 2687 2933; x_wconf 82' lang='lat' dir='ltr'>facta</span> <span class='ocrx_word' id='word_1_520' title='bbox 2709 2879 2935 2935; x_wconf 88' lang='lat' dir='ltr'>dicetur</span> <span class='ocrx_word' id='word_1_521' title='bbox 2964 2879 2992 2912; x_wconf 77' lang='lat'><strong><em>&quot;</em></strong></span> <span class='ocrx_word' id='word_1_522' title='bbox 3021 2885 3196 2935; x_wconf 88' lang='lat' dir='ltr'>Porro</span> <span class='ocrx_word' id='word_1_523' title='bbox 3228 2882 3358 2949; x_wconf 85' lang='lat' dir='ltr'>quia</span> <span class='ocrx_word' id='word_1_524' title='bbox 3383 2882 3526 2934; x_wconf 75' lang='lat' dir='ltr'>facta</span> <span class='ocrx_word' id='word_1_525' title='bbox 3555 2887 3646 2934; x_wconf 89' lang='lat' dir='ltr'>est</span> <span class='ocrx_word' id='word_1_526' title='bbox 3679 2885 3893 2936; x_wconf 88' lang='lat' dir='ltr'>utrum</span> 
     </span>
    </p>
   </div>
   <div class='ocr_carea' id='block_1_74' title="bbox 2233 2957 3895 3031">
    <p class='ocr_par' dir='ltr' id='par_1_74' title="bbox 2233 2957 3895 3031">
     <span class='ocr_line' id='line_1_75' title="bbox 2233 2957 3895 3031; baseline 0.003 -19"><span class='ocrx_word' id='word_1_527' title='bbox 2233 2957 2522 3029; x_wconf 91' lang='lat' dir='ltr'>cumipsis</span> <span class='ocrx_word' id='word_1_528' title='bbox 2544 2960 2697 3015; x_wconf 84' lang='lat' dir='ltr'>facta</span> <span class='ocrx_word' id='word_1_529' title='bbox 2718 2967 2825 3028; x_wconf 90' lang='lat' dir='ltr'>est,</span> <span class='ocrx_word' id='word_1_530' title='bbox 2845 2978 2917 3016; x_wconf 87' lang='lat' dir='ltr'>an</span> <span class='ocrx_word' id='word_1_531' title='bbox 2948 2961 3073 3016; x_wconf 90' lang='lat' dir='ltr'>sine</span> <span class='ocrx_word' id='word_1_532' title='bbox 3099 2959 3197 3015; x_wconf 89' lang='lat' dir='ltr'>illa</span> <span class='ocrx_word' id='word_1_533' title='bbox 3222 2962 3450 3015; x_wconf 86' lang='lat' dir='ltr'>fuerunt</span> <span class='ocrx_word' id='word_1_534' title='bbox 3476 2962 3637 3031; x_wconf 90' lang='lat' dir='ltr'>prius</span> <span class='ocrx_word' id='word_1_535' title='bbox 3660 2960 3824 3014; x_wconf 77' lang='lat' dir='ltr'>‘lSed</span> <span class='ocrx_word' id='word_1_536' title='bbox 3842 2962 3895 3017; x_wconf 88' lang='lat' dir='ltr'>si</span> 
     </span>
    </p>
   </div>
   <div class='ocr_carea' id='block_1_75' title="bbox 2231 3038 3889 3112">
    <p class='ocr_par' dir='ltr' id='par_1_75' title="bbox 2231 3038 3889 3112">
     <span class='ocr_line' id='line_1_76' title="bbox 2231 3038 3889 3112; baseline 0.003 -20"><span class='ocrx_word' id='word_1_537' title='bbox 2231 3054 2361 3093; x_wconf 91' lang='lat' dir='ltr'>cum</span> <span class='ocrx_word' id='word_1_538' title='bbox 2387 3038 2553 3110; x_wconf 87' lang='lat' dir='ltr'>ipsis.</span> <span class='ocrx_word' id='word_1_539' title='bbox 2576 3057 2686 3094; x_wconf 92' lang='lat' dir='ltr'>non</span> <span class='ocrx_word' id='word_1_540' title='bbox 2717 3041 2959 3095; x_wconf 92' lang='lat' dir='ltr'>dubium</span> <span class='ocrx_word' id='word_1_541' title='bbox 2986 3040 3143 3112; x_wconf 91' lang='lat' dir='ltr'>quod</span> <span class='ocrx_word' id='word_1_542' title='bbox 3164 3041 3235 3096; x_wconf 88' lang='lat' dir='ltr'>ab</span> <span class='ocrx_word' id='word_1_543' title='bbox 3259 3041 3357 3096; x_wconf 90' lang='lat' dir='ltr'>illo</span> <span class='ocrx_word' id='word_1_544' title='bbox 3390 3042 3540 3096; x_wconf 82' lang='lat' dir='ltr'>facta</span> <span class='ocrx_word' id='word_1_545' title='bbox 3566 3041 3664 3107; x_wconf 88' lang='lat' dir='ltr'>sit,</span> <span class='ocrx_word' id='word_1_546' title='bbox 3697 3057 3731 3095; x_wconf 90' lang='lat' dir='ltr'>a</span> <span class='ocrx_word' id='word_1_547' title='bbox 3767 3057 3889 3112; x_wconf 90' lang='lat' dir='ltr'>quo</span> 
     </span>
    </p>
   </div>
   <div class='ocr_carea' id='block_1_76' title="bbox 2229 3118 3884 3192">
    <p class='ocr_par' dir='ltr' id='par_1_76' title="bbox 2229 3118 3884 3192">
     <span class='ocr_line' id='line_1_77' title="bbox 2229 3118 3884 3192; baseline 0.002 -21"><span class='ocrx_word' id='word_1_548' title='bbox 2229 3118 2445 3189; x_wconf 90' lang='lat' dir='ltr'>etipsi;</span> <span class='ocrx_word' id='word_1_549' title='bbox 2479 3120 2776 3191; x_wconf 90' lang='lat' dir='ltr'>simulque</span> <span class='ocrx_word' id='word_1_550' title='bbox 2809 3130 2866 3174; x_wconf 90' lang='lat' dir='ltr'>ut</span> <span class='ocrx_word' id='word_1_551' title='bbox 2914 3121 3048 3175; x_wconf 85' lang='lat' dir='ltr'>facti</span> <span class='ocrx_word' id='word_1_552' title='bbox 3080 3127 3240 3181; x_wconf 78' lang='lat' dir='ltr'>sunt.</span> <span class='ocrx_word' id='word_1_553' title='bbox 3274 3120 3323 3176; x_wconf 89' lang='lat' dir='ltr'>ei</span> <span class='ocrx_word' id='word_1_554' title='bbox 3347 3137 3379 3175; x_wconf 89' lang='lat' dir='ltr'>a</span> <span class='ocrx_word' id='word_1_555' title='bbox 3417 3136 3528 3192; x_wconf 90' lang='lat' dir='ltr'>quo</span> <span class='ocrx_word' id='word_1_556' title='bbox 3560 3121 3687 3174; x_wconf 85' lang='lat' dir='ltr'>lacti</span> <span class='ocrx_word' id='word_1_557' title='bbox 3722 3128 3884 3187; x_wconf 89' lang='lat' dir='ltr'>sunt,</span> 
     </span>
    </p>
   </div>
   <div class='ocr_carea' id='block_1_77' title="bbox 2226 3199 3880 3270">
    <p class='ocr_par' dir='ltr' id='par_1_77' title="bbox 2226 3199 3880 3270">
     <span class='ocr_line' id='line_1_78' title="bbox 2226 3199 3880 3270; baseline 0.001 -17"><span class='ocrx_word' id='word_1_558' title='bbox 2226 3215 2421 3253; x_wconf 90' lang='lat' dir='ltr'>amore</span> <span class='ocrx_word' id='word_1_559' title='bbox 2445 3217 2572 3255; x_wconf 91' lang='lat' dir='ltr'>cum</span> <span class='ocrx_word' id='word_1_560' title='bbox 2607 3216 2719 3270; x_wconf 90' lang='lat' dir='ltr'>quo</span> <span class='ocrx_word' id='word_1_561' title='bbox 2754 3201 2880 3254; x_wconf 81' lang='lat' dir='ltr'>lacti</span> <span class='ocrx_word' id='word_1_562' title='bbox 2906 3209 3059 3264; x_wconf 90' lang='lat' dir='ltr'>sunt,</span> <span class='ocrx_word' id='word_1_563' title='bbox 3103 3201 3493 3255; x_wconf 68' lang='lat' dir='ltr'>adhaeserunt.</span> <span class='ocrx_word' id='word_1_564' title='bbox 3525 3199 3719 3270; x_wconf 90' lang='lat' dir='ltr'>quue</span> <span class='ocrx_word' id='word_1_565' title='bbox 3741 3209 3880 3255; x_wconf 81' lang='lat' dir='ltr'>sunt</span> 
     </span>
    </p>
   </div>
   <div class='ocr_carea' id='block_1_78' title="bbox 2224 3276 3876 3350">
    <p class='ocr_par' dir='ltr' id='par_1_78' title="bbox 2224 3276 3876 3350">
     <span class='ocr_line' id='line_1_79' title="bbox 2224 3276 3876 3350; baseline 0.003 -19"><span class='ocrx_word' id='word_1_566' title='bbox 2224 3276 2319 3332; x_wconf 88' lang='lat' dir='ltr'>isti</span> <span class='ocrx_word' id='word_1_567' title='bbox 2349 3279 2418 3332; x_wconf 89' lang='lat' dir='ltr'>ab</span> <span class='ocrx_word' id='word_1_568' title='bbox 2448 3279 2677 3334; x_wconf 90' lang='lat' dir='ltr'>illorum</span> <span class='ocrx_word' id='word_1_569' title='bbox 2709 3281 2984 3334; x_wconf 86' lang='lat' dir='ltr'>societate</span> <span class='ocrx_word' id='word_1_570' title='bbox 3016 3281 3270 3346; x_wconf 89' lang='lat' dir='ltr'>discreti,</span> <span class='ocrx_word' id='word_1_571' title='bbox 3301 3280 3455 3350; x_wconf 90' lang='lat' dir='ltr'>quod</span> <span class='ocrx_word' id='word_1_572' title='bbox 3492 3279 3549 3332; x_wconf 88' lang='lat' dir='ltr'>hi</span> <span class='ocrx_word' id='word_1_573' title='bbox 3585 3280 3639 3333; x_wconf 91' lang='lat' dir='ltr'>in</span> <span class='ocrx_word' id='word_1_574' title='bbox 3674 3280 3876 3336; x_wconf 83' lang='lat' dir='ltr'>eadem</span> 
     </span>
    </p>
   </div>
   <div class='ocr_carea' id='block_1_79' title="bbox 2220 3358 3868 3426">
    <p class='ocr_par' dir='ltr' id='par_1_79' title="bbox 2220 3358 3868 3426">
     <span class='ocr_line' id='line_1_80' title="bbox 2220 3358 3868 3426; baseline 0.001 -14"><span class='ocrx_word' id='word_1_575' title='bbox 2220 3358 2515 3414; x_wconf 90' lang='lat' dir='ltr'>voluntate</span> <span class='ocrx_word' id='word_1_576' title='bbox 2547 3360 2700 3415; x_wconf 91' lang='lat' dir='ltr'>bona</span> <span class='ocrx_word' id='word_1_577' title='bbox 2743 3366 3110 3426; x_wconf 88' lang='lat' dir='ltr'>manserunt,</span> <span class='ocrx_word' id='word_1_578' title='bbox 3173 3360 3256 3415; x_wconf 93' lang='lat' dir='ltr'>illi</span> <span class='ocrx_word' id='word_1_579' title='bbox 3291 3360 3362 3414; x_wconf 89' lang='lat' dir='ltr'>ab</span> <span class='ocrx_word' id='word_1_580' title='bbox 3420 3376 3486 3413; x_wconf 85' lang='lat' dir='ltr'>ea</span> <span class='ocrx_word' id='word_1_581' title='bbox 3543 3359 3868 3415; x_wconf 88' lang='lat' dir='ltr'>deﬁciendo</span> 
     </span>
    </p>
   </div>
   <div class='ocr_carea' id='block_1_80' title="bbox 2223 3440 3868 3510">
    <p class='ocr_par' dir='ltr' id='par_1_80' title="bbox 2223 3440 3868 3510">
     <span class='ocr_line' id='line_1_81' title="bbox 2223 3440 3868 3510; baseline 0.001 -18"><span class='ocrx_word' id='word_1_582' title='bbox 2223 3442 2418 3494; x_wconf 88' lang='lat' dir='ltr'>mutati</span> <span class='ocrx_word' id='word_1_583' title='bbox 2452 3445 2610 3505; x_wconf 89' lang='lat' dir='ltr'>sunt,</span> <span class='ocrx_word' id='word_1_584' title='bbox 2637 3440 2791 3495; x_wconf 88' lang='lat' dir='ltr'>mala</span> <span class='ocrx_word' id='word_1_585' title='bbox 2821 3441 3042 3496; x_wconf 86' lang='lat' dir='ltr'>scilicet</span> <span class='ocrx_word' id='word_1_586' title='bbox 3074 3440 3383 3508; x_wconf 89' lang='lat' dir='ltr'>voluntate,</span> <span class='ocrx_word' id='word_1_587' title='bbox 3417 3440 3530 3495; x_wconf 89' lang='lat' dir='ltr'>hoc</span> <span class='ocrx_word' id='word_1_588' title='bbox 3555 3441 3681 3510; x_wconf 89' lang='lat' dir='ltr'>ipso</span> <span class='ocrx_word' id='word_1_589' title='bbox 3713 3440 3868 3509; x_wconf 87' lang='lat' dir='ltr'>quod</span> 
     </span>
    </p>
   </div>
   <div class='ocr_carea' id='block_1_81' title="bbox 2219 3519 3862 3592">
    <p class='ocr_par' dir='ltr' id='par_1_81' title="bbox 2219 3519 3862 3592">
     <span class='ocr_line' id='line_1_82' title="bbox 2219 3519 3862 3592; baseline -0.001 -18"><span class='ocrx_word' id='word_1_590' title='bbox 2219 3536 2250 3574; x_wconf 85' lang='lat' dir='ltr'>a</span> <span class='ocrx_word' id='word_1_591' title='bbox 2279 3519 2426 3574; x_wconf 91' lang='lat' dir='ltr'>bona</span> <span class='ocrx_word' id='word_1_592' title='bbox 2457 3521 2794 3576; x_wconf 81' lang='lat' dir='ltr'>defecerunt</span> <span class='ocrx_word' id='word_1_593' title='bbox 2823 3537 2885 3576; x_wconf 88' lang='lat' dir='ltr'>:a</span> <span class='ocrx_word' id='word_1_594' title='bbox 2907 3537 3023 3592; x_wconf 89' lang='lat' dir='ltr'>qua</span> <span class='ocrx_word' id='word_1_595' title='bbox 3038 3539 3152 3576; x_wconf 92' lang='lat' dir='ltr'>non</span> <span class='ocrx_word' id='word_1_596' title='bbox 3183 3521 3552 3587; x_wconf 77' lang='lat' dir='ltr'>defecissent,</span> <span class='ocrx_word' id='word_1_597' title='bbox 3586 3521 3636 3574; x_wconf 88' lang='lat' dir='ltr'>si</span> <span class='ocrx_word' id='word_1_598' title='bbox 3661 3522 3862 3590; x_wconf 90' lang='lat' dir='ltr'>utique</span> 
     </span>
    </p>
   </div>
   <div class='ocr_carea' id='block_1_82' title="bbox 2219 3599 3865 3671">
    <p class='ocr_par' dir='ltr' id='par_1_82' title="bbox 2219 3599 3865 3671">
     <span class='ocr_line' id='line_1_83' title="bbox 2219 3599 3865 3671; baseline 0 -17"><span class='ocrx_word' id='word_1_599' title='bbox 2219 3599 2543 3654; x_wconf 87' lang='lat' dir='ltr'>noluissent</span> <span class='ocrx_word' id='word_1_600' title='bbox 2568 3599 2609 3656; x_wconf 76' lang='grc'>².</span> <span class='ocrx_word' id='word_1_601' title='bbox 2645 3601 2702 3654; x_wconf 93' lang='lat' dir='ltr'>Si</span> <span class='ocrx_word' id='word_1_602' title='bbox 2759 3605 2954 3655; x_wconf 87' lang='lat' dir='ltr'>autem</span> <span class='ocrx_word' id='word_1_603' title='bbox 3005 3602 3140 3654; x_wconf 85' lang='lat' dir='ltr'>boni</span> <span class='ocrx_word' id='word_1_604' title='bbox 3174 3600 3373 3671; x_wconf 78' lang='lat' dir='ltr'>Angeli</span> <span class='ocrx_word' id='word_1_605' title='bbox 3435 3601 3670 3653; x_wconf 85' lang='lat' dir='ltr'>fuerunt</span> <span class='ocrx_word' id='word_1_606' title='bbox 3704 3601 3865 3671; x_wconf 83' lang='lat' dir='ltr'>prius</span> 
     </span>
    </p>
   </div>
   <div class='ocr_carea' id='block_1_83' title="bbox 2213 3680 3872 3752">
    <p class='ocr_par' dir='ltr' id='par_1_83' title="bbox 2213 3680 3872 3752">
     <span class='ocr_line' id='line_1_84' title="bbox 2213 3680 3872 3752; baseline 0.001 -18"><span class='ocrx_word' id='word_1_607' title='bbox 2213 3681 2336 3735; x_wconf 91' lang='lat' dir='ltr'>sine</span> <span class='ocrx_word' id='word_1_608' title='bbox 2368 3682 2516 3736; x_wconf 89' lang='lat' dir='ltr'>bona</span> <span class='ocrx_word' id='word_1_609' title='bbox 2579 3682 2894 3747; x_wconf 83' lang='lat' dir='ltr'>voluntate,</span> <span class='ocrx_word' id='word_1_610' title='bbox 2954 3697 3197 3752; x_wconf 89' lang='lat' dir='ltr'>eamque</span> <span class='ocrx_word' id='word_1_611' title='bbox 3230 3683 3287 3735; x_wconf 92' lang='lat' dir='ltr'>in</span> <span class='ocrx_word' id='word_1_612' title='bbox 3347 3697 3409 3735; x_wconf 89' lang='lat' dir='ltr'>se</span> <span class='ocrx_word' id='word_1_613' title='bbox 3440 3680 3548 3751; x_wconf 77' lang='lat' dir='ltr'>ipsi</span> <span class='ocrx_word' id='word_1_614' title='bbox 3584 3681 3697 3734; x_wconf 85' lang='lat' dir='ltr'>Deo</span> <span class='ocrx_word' id='word_1_615' title='bbox 3758 3695 3872 3736; x_wconf 88' lang='lat' dir='ltr'>non</span> 
     </span>
    </p>
   </div>
   <div class='ocr_carea' id='block_1_84' title="bbox 2209 3761 3871 3832">
    <p class='ocr_par' dir='ltr' id='par_1_84' title="bbox 2209 3761 3871 3832">
     <span class='ocr_line' id='line_1_85' title="bbox 2209 3761 3871 3832; baseline 0.001 -16"><span class='ocrx_word' id='word_1_616' title='bbox 2209 3768 2484 3831; x_wconf 88' lang='lat' dir='ltr'>operante</span> <span class='ocrx_word' id='word_1_617' title='bbox 2517 3763 2814 3827; x_wconf 82' lang='lat' dir='ltr'>fecerunt;</span> <span class='ocrx_word' id='word_1_618' title='bbox 2849 3780 2983 3832; x_wconf 71' lang='lat' dir='ltr'>ergo</span> <span class='ocrx_word' id='word_1_619' title='bbox 3018 3764 3280 3817; x_wconf 90' lang='lat' dir='ltr'>meliores</span> <span class='ocrx_word' id='word_1_620' title='bbox 3319 3779 3351 3816; x_wconf 92' lang='lat' dir='ltr'>a</span> <span class='ocrx_word' id='word_1_621' title='bbox 3382 3778 3444 3816; x_wconf 88' lang='lat' dir='ltr'>se</span> <span class='ocrx_word' id='word_1_622' title='bbox 3483 3761 3648 3831; x_wconf 87' lang='lat' dir='ltr'>ipsis,</span> <span class='ocrx_word' id='word_1_623' title='bbox 3688 3777 3871 3831; x_wconf 87' lang='lat' dir='ltr'>quam</span> 
     </span>
    </p>
   </div>
   <div class='ocr_carea' id='block_1_85' title="bbox 2209 3841 3866 3905">
    <p class='ocr_par' dir='ltr' id='par_1_85' title="bbox 2209 3841 3866 3905">
     <span class='ocr_line' id='line_1_86' title="bbox 2209 3841 3866 3905; baseline 0.001 -11"><span class='ocrx_word' id='word_1_624' title='bbox 2209 3841 2279 3894; x_wconf 92' lang='lat' dir='ltr'>ab</span> <span class='ocrx_word' id='word_1_625' title='bbox 2317 3841 2415 3895; x_wconf 94' lang='lat' dir='ltr'>illo</span> <span class='ocrx_word' id='word_1_626' title='bbox 2446 3843 2749 3896; x_wconf 79' lang='lat' dir='ltr'>factisunt.</span> <span class='ocrx_word' id='word_1_627' title='bbox 2781 3843 2962 3896; x_wconf 80' lang='lat' dir='ltr'>Absit.</span> <span class='ocrx_word' id='word_1_628' title='bbox 2996 3843 3140 3905; x_wconf 89' lang='lat' dir='ltr'>Quid</span> <span class='ocrx_word' id='word_1_629' title='bbox 3174 3844 3325 3896; x_wconf 90' lang='lat' dir='ltr'>enim</span> <span class='ocrx_word' id='word_1_630' title='bbox 3365 3855 3525 3896; x_wconf 89' lang='lat' dir='ltr'>erant</span> <span class='ocrx_word' id='word_1_631' title='bbox 3560 3842 3687 3896; x_wconf 90' lang='lat' dir='ltr'>sine</span> <span class='ocrx_word' id='word_1_632' title='bbox 3717 3847 3866 3895; x_wconf 81' lang='lat' dir='ltr'>bona</span> 
     </span>
    </p>
   </div>
   <div class='ocr_carea' id='block_1_86' title="bbox 2207 3920 3866 3994">
    <p class='ocr_par' dir='ltr' id='par_1_86' title="bbox 2207 3920 3866 3994">
     <span class='ocr_line' id='line_1_87' title="bbox 2207 3920 3866 3994; baseline 0.001 -21"><span class='ocrx_word' id='word_1_633' title='bbox 2207 3920 2524 3991; x_wconf 88' lang='lat' dir='ltr'>voluntate,</span> <span class='ocrx_word' id='word_1_634' title='bbox 2561 3923 2669 3977; x_wconf 88' lang='lat' dir='ltr'>nisi</span> <span class='ocrx_word' id='word_1_635' title='bbox 2705 3922 2840 3976; x_wconf 91' lang='lat' dir='ltr'>mali</span> <span class='ocrx_word' id='word_1_636' title='bbox 2869 3924 3028 3977; x_wconf 82' lang='lat' dir='ltr'>?Aut</span> <span class='ocrx_word' id='word_1_637' title='bbox 3079 3923 3122 3977; x_wconf 89' lang='lat' dir='ltr'>si</span> <span class='ocrx_word' id='word_1_638' title='bbox 3161 3928 3463 3994; x_wconf 76' lang='lat' dir='ltr'>pronterea</span> <span class='ocrx_word' id='word_1_639' title='bbox 3522 3939 3636 3976; x_wconf 91' lang='lat' dir='ltr'>non</span> <span class='ocrx_word' id='word_1_640' title='bbox 3700 3923 3866 3988; x_wconf 90' lang='lat' dir='ltr'>mali,</span> 
     </span>
    </p>
   </div>
   <div class='ocr_carea' id='block_1_87' title="bbox 2207 4001 3860 4074">
    <p class='ocr_par' dir='ltr' id='par_1_87' title="bbox 2207 4001 3860 4074">
     <span class='ocr_line' id='line_1_88' title="bbox 2207 4001 3860 4074; baseline 0.001 -20"><span class='ocrx_word' id='word_1_641' title='bbox 2207 4001 2346 4071; x_wconf 89' lang='lat' dir='ltr'>quia</span> <span class='ocrx_word' id='word_1_642' title='bbox 2378 4018 2481 4057; x_wconf 91' lang='lat' dir='ltr'>nec</span> <span class='ocrx_word' id='word_1_643' title='bbox 2517 4003 2666 4056; x_wconf 86' lang='lat' dir='ltr'>mala</span> <span class='ocrx_word' id='word_1_644' title='bbox 2696 4003 2962 4058; x_wconf 76' lang='lat' dir='ltr'>voluntas</span> <span class='ocrx_word' id='word_1_645' title='bbox 2994 4004 3076 4059; x_wconf 91' lang='lat' dir='ltr'>eis</span> <span class='ocrx_word' id='word_1_646' title='bbox 3109 4005 3295 4060; x_wconf 92' lang='lat' dir='ltr'>inerat</span> <span class='ocrx_word' id='word_1_647' title='bbox 3329 4008 3539 4074; x_wconf 90' lang='lat' dir='ltr'>(neque</span> <span class='ocrx_word' id='word_1_648' title='bbox 3598 4004 3754 4057; x_wconf 88' lang='lat' dir='ltr'>enim</span> <span class='ocrx_word' id='word_1_649' title='bbox 3790 4001 3860 4056; x_wconf 89' lang='lat' dir='ltr'>ab</span> 
     </span>
    </p>
   </div>
   <div class='ocr_carea' id='block_1_88' title="bbox 2205 4093 3864 4164">
    <p class='ocr_par' dir='ltr' id='par_1_88' title="bbox 2205 4093 3864 4164">
     <span class='ocr_line' id='line_1_89' title="bbox 2205 4093 3864 4164; baseline 0.001 -20"><span class='ocrx_word' id='word_1_650' title='bbox 2205 4105 2292 4158; x_wconf 91' lang='lat' dir='ltr'>ea,</span> <span class='ocrx_word' id='word_1_651' title='bbox 2325 4108 2501 4162; x_wconf 90' lang='lat' dir='ltr'>quam</span> <span class='ocrx_word' id='word_1_652' title='bbox 2530 4093 2787 4147; x_wconf 90' lang='lat' dir='ltr'>nondum</span> <span class='ocrx_word' id='word_1_653' title='bbox 2849 4098 3143 4164; x_wconf 82' lang='lat' dir='ltr'>cceperant</span> <span class='ocrx_word' id='word_1_654' title='bbox 3194 4093 3425 4157; x_wconf 84' lang='lat' dir='ltr'>habere,</span> <span class='ocrx_word' id='word_1_655' title='bbox 3484 4093 3864 4163; x_wconf 82' lang='lat' dir='ltr'>defecerant),</span> 
     </span>
    </p>
   </div>
   <div class='ocr_carea' id='block_1_89' title="bbox 2204 4172 3864 4244">
    <p class='ocr_par' dir='ltr' id='par_1_89' title="bbox 2204 4172 3864 4244">
     <span class='ocr_line' id='line_1_90' title="bbox 2204 4172 3864 4244; baseline 0.001 -18"><span class='ocrx_word' id='word_1_656' title='bbox 2204 4178 2357 4226; x_wconf 91' lang='lat' dir='ltr'>certe</span> <span class='ocrx_word' id='word_1_657' title='bbox 2391 4173 2650 4227; x_wconf 92' lang='lat' dir='ltr'>nondum</span> <span class='ocrx_word' id='word_1_658' title='bbox 2679 4173 2844 4239; x_wconf 89' lang='lat' dir='ltr'>tales,</span> <span class='ocrx_word' id='word_1_659' title='bbox 2876 4174 3137 4228; x_wconf 91' lang='lat' dir='ltr'>nondum</span> <span class='ocrx_word' id='word_1_660' title='bbox 3179 4181 3290 4228; x_wconf 85' lang='lat' dir='ltr'>tam</span> <span class='ocrx_word' id='word_1_661' title='bbox 3342 4172 3502 4241; x_wconf 87' lang='lat' dir='ltr'>boni,</span> <span class='ocrx_word' id='word_1_662' title='bbox 3534 4189 3710 4244; x_wconf 86' lang='lat' dir='ltr'>quam</span> <span class='ocrx_word' id='word_1_663' title='bbox 3736 4189 3864 4227; x_wconf 86' lang='lat' dir='ltr'>esse</span> 
     </span>
    </p>
   </div>
   <div class='ocr_carea' id='block_1_90' title="bbox 2204 4251 3861 4324">
    <p class='ocr_par' dir='ltr' id='par_1_90' title="bbox 2204 4251 3861 4324">
     <span class='ocr_line' id='line_1_91' title="bbox 2204 4251 3861 4324; baseline 0 -17"><span class='ocrx_word' id='word_1_664' title='bbox 2204 4268 2336 4307; x_wconf 89' lang='lat' dir='ltr'>cum</span> <span class='ocrx_word' id='word_1_665' title='bbox 2352 4251 2644 4307; x_wconf 89' lang='lat' dir='ltr'>voluntate</span> <span class='ocrx_word' id='word_1_666' title='bbox 2677 4253 2827 4308; x_wconf 89' lang='lat' dir='ltr'>bona</span> <span class='ocrx_word' id='word_1_667' title='bbox 2851 4259 3168 4324; x_wconf 75' lang='lat' dir='ltr'>cmperunt.</span> <span class='ocrx_word' id='word_1_668' title='bbox 3191 4259 3307 4309; x_wconf 85' lang='lat' dir='ltr'>Aut</span> <span class='ocrx_word' id='word_1_669' title='bbox 3331 4253 3376 4307; x_wconf 90' lang='lat' dir='ltr'>si</span> <span class='ocrx_word' id='word_1_670' title='bbox 3413 4270 3527 4308; x_wconf 94' lang='lat' dir='ltr'>non</span> <span class='ocrx_word' id='word_1_671' title='bbox 3547 4259 3861 4322; x_wconf 86' lang='lat' dir='ltr'>potuerunt</span> 
     </span>
    </p>
   </div>
   <div class='ocr_carea' id='block_1_91' title="bbox 2203 4332 3857 4402">
    <p class='ocr_par' dir='ltr' id='par_1_91' title="bbox 2203 4332 3857 4402">
     <span class='ocr_line' id='line_1_92' title="bbox 2203 4332 3857 4402; baseline 0.001 -16"><span class='ocrx_word' id='word_1_672' title='bbox 2203 4332 2441 4400; x_wconf 87' lang='lat' dir='ltr'>seipsos</span> <span class='ocrx_word' id='word_1_673' title='bbox 2476 4333 2658 4387; x_wconf 74' lang='lat' dir='ltr'>facere</span> <span class='ocrx_word' id='word_1_674' title='bbox 2683 4335 2969 4401; x_wconf 90' lang='lat' dir='ltr'>meliores,</span> <span class='ocrx_word' id='word_1_675' title='bbox 3003 4351 3178 4402; x_wconf 90' lang='lat' dir='ltr'>quam</span> <span class='ocrx_word' id='word_1_676' title='bbox 3213 4350 3312 4389; x_wconf 90' lang='lat' dir='ltr'>eos</span> <span class='ocrx_word' id='word_1_677' title='bbox 3345 4333 3439 4388; x_wconf 89' lang='lat' dir='ltr'>ille</span> <span class='ocrx_word' id='word_1_678' title='bbox 3473 4335 3706 4399; x_wconf 71' lang='lat' dir='ltr'>lacerat,</span> <span class='ocrx_word' id='word_1_679' title='bbox 3741 4348 3857 4401; x_wconf 91' lang='lat' dir='ltr'>quo</span> 
     </span>
    </p>
   </div>
   <div class='ocr_carea' id='block_1_92' title="bbox 2204 4410 3854 4486">
    <p class='ocr_par' dir='ltr' id='par_1_92' title="bbox 2204 4410 3854 4486">
     <span class='ocr_line' id='line_1_93' title="bbox 2204 4410 3854 4486; baseline 0.002 -22"><span class='ocrx_word' id='word_1_680' title='bbox 2204 4426 2371 4465; x_wconf 87' lang='lat' dir='ltr'>nemo</span> <span class='ocrx_word' id='word_1_681' title='bbox 2405 4410 2611 4466; x_wconf 91' lang='lat' dir='ltr'>melius</span> <span class='ocrx_word' id='word_1_682' title='bbox 2640 4413 2959 4486; x_wconf 77' lang='lat' dir='ltr'>quidquam</span> <span class='ocrx_word' id='word_1_683' title='bbox 2988 4415 3155 4480; x_wconf 83' lang='lat' dir='ltr'>facit;</span> <span class='ocrx_word' id='word_1_684' title='bbox 3219 4415 3469 4484; x_wconf 80' lang='lat' dir='ltr'>profecto</span> <span class='ocrx_word' id='word_1_685' title='bbox 3523 4417 3580 4468; x_wconf 91' lang='lat' dir='ltr'>et</span> <span class='ocrx_word' id='word_1_686' title='bbox 3639 4414 3854 4468; x_wconf 89' lang='lat' dir='ltr'>bonam</span> 
     </span>
    </p>
   </div>
   <div class='ocr_carea' id='block_1_93' title="bbox 2200 4491 3860 4566">
    <p class='ocr_par' dir='ltr' id='par_1_93' title="bbox 2200 4491 3860 4566">
     <span class='ocr_line' id='line_1_94' title="bbox 2200 4491 3860 4566; baseline 0.001 -21"><span class='ocrx_word' id='word_1_687' title='bbox 2200 4491 2578 4556; x_wconf 87' lang='lat' dir='ltr'>voluntatem,</span> <span class='ocrx_word' id='word_1_688' title='bbox 2643 4510 2756 4564; x_wconf 89' lang='lat' dir='ltr'>qua</span> <span class='ocrx_word' id='word_1_689' title='bbox 2816 4494 3085 4550; x_wconf 83' lang='lat' dir='ltr'>meliores</span> <span class='ocrx_word' id='word_1_690' title='bbox 3139 4500 3356 4562; x_wconf 89' lang='lat' dir='ltr'>essent,</span> <span class='ocrx_word' id='word_1_691' title='bbox 3408 4493 3522 4549; x_wconf 90' lang='lat' dir='ltr'>nisi</span> <span class='ocrx_word' id='word_1_692' title='bbox 3577 4498 3860 4566; x_wconf 86' lang='lat' dir='ltr'>operante</span> 
     </span>
    </p>
   </div>
   <div class='ocr_carea' id='block_1_94' title="bbox 2201 4579 3852 4654">
    <p class='ocr_par' dir='ltr' id='par_1_94' title="bbox 2201 4579 3852 4654">
     <span class='ocr_line' id='line_1_95' title="bbox 2201 4579 3852 4654; baseline -0.001 -17"><span class='ocrx_word' id='word_1_693' title='bbox 2201 4581 2485 4651; x_wconf 87' lang='lat' dir='ltr'>adjutorio</span> <span class='ocrx_word' id='word_1_694' title='bbox 2512 4581 2821 4650; x_wconf 86' lang='lat' dir='ltr'>Creatoris,</span> <span class='ocrx_word' id='word_1_695' title='bbox 2847 4583 3058 4639; x_wconf 82' lang='lat' dir='ltr'>habere</span> <span class='ocrx_word' id='word_1_696' title='bbox 3092 4600 3204 4640; x_wconf 91' lang='lat' dir='ltr'>non</span> <span class='ocrx_word' id='word_1_697' title='bbox 3233 4587 3489 4654; x_wconf 89' lang='lat' dir='ltr'>possent.</span> <span class='ocrx_word' id='word_1_698' title='bbox 3523 4581 3592 4637; x_wconf 84' lang='lat' dir='ltr'>Et</span> <span class='ocrx_word' id='word_1_699' title='bbox 3621 4598 3756 4637; x_wconf 90' lang='lat' dir='ltr'>cum</span> <span class='ocrx_word' id='word_1_700' title='bbox 3793 4579 3852 4636; x_wconf 90' lang='lat' dir='ltr'>id</span> 
     </span>
    </p>
   </div>
   <div class='ocr_carea' id='block_1_95' title="bbox 2199 4659 3856 4733">
    <p class='ocr_par' dir='ltr' id='par_1_95' title="bbox 2199 4659 3856 4733">
     <span class='ocr_line' id='line_1_96' title="bbox 2199 4659 3856 4733; baseline -0.001 -16"><span class='ocrx_word' id='word_1_701' title='bbox 2199 4660 2315 4731; x_wconf 84' lang='lat' dir='ltr'>egit</span> <span class='ocrx_word' id='word_1_702' title='bbox 2343 4678 2544 4717; x_wconf 90' lang='lat' dir='ltr'>eorum</span> <span class='ocrx_word' id='word_1_703' title='bbox 2576 4660 2843 4719; x_wconf 90' lang='lat' dir='ltr'>voluntas</span> <span class='ocrx_word' id='word_1_704' title='bbox 2877 4663 3044 4723; x_wconf 90' lang='lat' dir='ltr'>bona,</span> <span class='ocrx_word' id='word_1_705' title='bbox 3079 4669 3142 4719; x_wconf 91' lang='lat' dir='ltr'>ut</span> <span class='ocrx_word' id='word_1_706' title='bbox 3174 4679 3288 4719; x_wconf 89' lang='lat' dir='ltr'>non</span> <span class='ocrx_word' id='word_1_707' title='bbox 3332 4664 3401 4718; x_wconf 87' lang='lat' dir='ltr'>ad</span> <span class='ocrx_word' id='word_1_708' title='bbox 3437 4678 3500 4719; x_wconf 87' lang='lat' dir='ltr'>se</span> <span class='ocrx_word' id='word_1_709' title='bbox 3542 4665 3724 4733; x_wconf 84' lang='lat' dir='ltr'>ipsos,</span> <span class='ocrx_word' id='word_1_710' title='bbox 3759 4659 3856 4730; x_wconf 88' lang='lat' dir='ltr'>qui</span> 
     </span>
    </p>
   </div>
   <div class='ocr_carea' id='block_1_96' title="bbox 2200 4742 3855 4816">
    <p class='ocr_par' dir='ltr' id='par_1_96' title="bbox 2200 4742 3855 4816">
     <span class='ocr_line' id='line_1_97' title="bbox 2200 4742 3855 4816; baseline -0.002 -18"><span class='ocrx_word' id='word_1_711' title='bbox 2200 4742 2393 4799; x_wconf 91' lang='lat' dir='ltr'>minus</span> <span class='ocrx_word' id='word_1_712' title='bbox 2424 4747 2611 4814; x_wconf 87' lang='lat' dir='ltr'>erant,</span> <span class='ocrx_word' id='word_1_713' title='bbox 2637 4744 2737 4798; x_wconf 89' lang='lat' dir='ltr'>sed</span> <span class='ocrx_word' id='word_1_714' title='bbox 2772 4744 2844 4799; x_wconf 87' lang='lat' dir='ltr'>ad</span> <span class='ocrx_word' id='word_1_715' title='bbox 2872 4743 3038 4799; x_wconf 91' lang='lat' dir='ltr'>illum</span> <span class='ocrx_word' id='word_1_716' title='bbox 3072 4743 3173 4816; x_wconf 92' lang='lat' dir='ltr'>qui</span> <span class='ocrx_word' id='word_1_717' title='bbox 3212 4758 3443 4799; x_wconf 89' lang='lat' dir='ltr'>summe</span> <span class='ocrx_word' id='word_1_718' title='bbox 3474 4747 3586 4809; x_wconf 90' lang='lat' dir='ltr'>est,</span> <span class='ocrx_word' id='word_1_719' title='bbox 3609 4757 3855 4797; x_wconf 86' lang='lat' dir='ltr'>conver-</span> 
     </span>
    </p>
   </div>
   <div class='ocr_carea' id='block_1_97' title="bbox 2197 4822 3855 4896">
    <p class='ocr_par' dir='ltr' id='par_1_97' title="bbox 2197 4822 3855 4896">
     <span class='ocr_line' id='line_1_98' title="bbox 2197 4822 3855 4896; baseline -0.003 -17"><span class='ocrx_word' id='word_1_720' title='bbox 2197 4827 2477 4891; x_wconf 88' lang='lat' dir='ltr'>terentur,</span> <span class='ocrx_word' id='word_1_721' title='bbox 2511 4825 2676 4896; x_wconf 90' lang='lat' dir='ltr'>eique</span> <span class='ocrx_word' id='word_1_722' title='bbox 2731 4824 3093 4880; x_wconf 71' lang='lat' dir='ltr'>adhzerentes</span> <span class='ocrx_word' id='word_1_723' title='bbox 3147 4825 3328 4893; x_wconf 77' lang='lat' dir='ltr'>magis</span> <span class='ocrx_word' id='word_1_724' title='bbox 3360 4827 3574 4890; x_wconf 89' lang='lat' dir='ltr'>essent,</span> <span class='ocrx_word' id='word_1_725' title='bbox 3607 4822 3855 4893; x_wconf 87' lang='lat' dir='ltr'>ejusque</span> 
     </span>
    </p>
   </div>
   <div class='ocr_carea' id='block_1_98' title="bbox 2197 4899 3846 4975">
    <p class='ocr_par' dir='ltr' id='par_1_98' title="bbox 2197 4899 3846 4975">
     <span class='ocr_line' id='line_1_99' title="bbox 2197 4899 3846 4975; baseline -0.002 -17"><span class='ocrx_word' id='word_1_726' title='bbox 2197 4904 2632 4975; x_wconf 88' lang='lat' dir='ltr'>participatione</span> <span class='ocrx_word' id='word_1_727' title='bbox 2675 4904 2969 4974; x_wconf 88' lang='lat' dir='ltr'>sapienter</span> <span class='ocrx_word' id='word_1_728' title='bbox 3023 4904 3308 4974; x_wconf 88' lang='lat' dir='ltr'>beateque</span> <span class='ocrx_word' id='word_1_729' title='bbox 3366 4904 3670 4969; x_wconf 82' lang='lat' dir='ltr'>viverent;</span> <span class='ocrx_word' id='word_1_730' title='bbox 3704 4899 3846 4973; x_wconf 89' lang='lat' dir='ltr'>quid</span> 
     </span>
    </p>
   </div>
   <div class='ocr_carea' id='block_1_99' title="bbox 2197 4983 3842 5056">
    <p class='ocr_par' dir='ltr' id='par_1_99' title="bbox 2197 4983 3842 5056">
     <span class='ocr_line' id='line_1_100' title="bbox 2197 4983 3842 5056; baseline -0.001 -17"><span class='ocrx_word' id='word_1_731' title='bbox 2197 4983 2349 5039; x_wconf 91' lang='lat' dir='ltr'>aliud</span> <span class='ocrx_word' id='word_1_732' title='bbox 2383 4986 2726 5052; x_wconf 89' lang='lat' dir='ltr'>ostenditur,</span> <span class='ocrx_word' id='word_1_733' title='bbox 2750 4985 2861 5041; x_wconf 92' lang='lat' dir='ltr'>nisi</span> <span class='ocrx_word' id='word_1_734' title='bbox 2887 4985 3237 5041; x_wconf 86' lang='lat' dir='ltr'>voluntatem</span> <span class='ocrx_word' id='word_1_735' title='bbox 3271 4985 3598 5056; x_wconf 84' lang='lat' dir='ltr'>quamlibet</span> <span class='ocrx_word' id='word_1_736' title='bbox 3630 4984 3842 5039; x_wconf 85' lang='lat' dir='ltr'>bonam</span> 
     </span>
    </p>
   </div>
   <div class='ocr_carea' id='block_1_100' title="bbox 2196 5062 3850 5136">
    <p class='ocr_par' dir='ltr' id='par_1_100' title="bbox 2196 5062 3850 5136">
     <span class='ocr_line' id='line_1_101' title="bbox 2196 5062 3850 5136; baseline -0.001 -17"><span class='ocrx_word' id='word_1_737' title='bbox 2196 5065 2429 5136; x_wconf 91' lang='lat' dir='ltr'>inopem</span> <span class='ocrx_word' id='word_1_738' title='bbox 2465 5067 2644 5122; x_wconf 78' lang='lat' dir='ltr'>fuisse</span> <span class='ocrx_word' id='word_1_739' title='bbox 2673 5067 2730 5121; x_wconf 90' lang='lat' dir='ltr'>iu</span> <span class='ocrx_word' id='word_1_740' title='bbox 2763 5067 2886 5122; x_wconf 90' lang='lat' dir='ltr'>solo</span> <span class='ocrx_word' id='word_1_741' title='bbox 2935 5067 3221 5121; x_wconf 87' lang='lat' dir='ltr'>desiderio</span> <span class='ocrx_word' id='word_1_742' title='bbox 3267 5080 3694 5130; x_wconf 80' lang='lat' dir='ltr'>remanseram,</span> <span class='ocrx_word' id='word_1_743' title='bbox 3733 5062 3850 5118; x_wconf 90' lang='lat' dir='ltr'>nisi</span> 
     </span>
    </p>
   </div>
   <div class='ocr_carea' id='block_1_101' title="bbox 2195 5144 3846 5217">
    <p class='ocr_par' dir='ltr' id='par_1_101' title="bbox 2195 5144 3846 5217">
     <span class='ocr_line' id='line_1_102' title="bbox 2195 5144 3846 5217; baseline -0.001 -19"><span class='ocrx_word' id='word_1_744' title='bbox 2195 5144 2293 5199; x_wconf 91' lang='lat' dir='ltr'>ille</span> <span class='ocrx_word' id='word_1_745' title='bbox 2341 5146 2440 5217; x_wconf 91' lang='lat' dir='ltr'>qui</span> <span class='ocrx_word' id='word_1_746' title='bbox 2474 5147 2679 5201; x_wconf 88' lang='lat' dir='ltr'>bonam</span> <span class='ocrx_word' id='word_1_747' title='bbox 2733 5153 2998 5202; x_wconf 89' lang='lat' dir='ltr'>naturam</span> <span class='ocrx_word' id='word_1_748' title='bbox 3059 5164 3124 5200; x_wconf 83' lang='lat' dir='ltr'>ex</span> <span class='ocrx_word' id='word_1_749' title='bbox 3185 5145 3368 5200; x_wconf 88' lang='lat' dir='ltr'>nihilo</span> <span class='ocrx_word' id='word_1_750' title='bbox 3427 5149 3516 5200; x_wconf 89' lang='lat' dir='ltr'>sui</span> <span class='ocrx_word' id='word_1_751' title='bbox 3567 5158 3846 5216; x_wconf 87' lang='lat' dir='ltr'>eapacem</span> 
     </span>
    </p>
   </div>
   <div class='ocr_carea' id='block_1_102' title="bbox 2196 5225 3848 5298">
    <p class='ocr_par' dir='ltr' id='par_1_102' title="bbox 2196 5225 3848 5298">
     <span class='ocr_line' id='line_1_103' title="bbox 2196 5225 3848 5298; baseline -0.001 -18"><span class='ocrx_word' id='word_1_752' title='bbox 2196 5225 2426 5294; x_wconf 81' lang='lat' dir='ltr'>fecerat,</span> <span class='ocrx_word' id='word_1_753' title='bbox 2451 5244 2517 5282; x_wconf 88' lang='lat' dir='ltr'>ex</span> <span class='ocrx_word' id='word_1_754' title='bbox 2539 5245 2596 5282; x_wconf 90' lang='lat' dir='ltr'>se</span> <span class='ocrx_word' id='word_1_755' title='bbox 2627 5229 2752 5297; x_wconf 91' lang='lat' dir='ltr'>ipso</span> <span class='ocrx_word' id='word_1_756' title='bbox 2780 5230 2988 5282; x_wconf 83' lang='lat' dir='ltr'>faceret</span> <span class='ocrx_word' id='word_1_757' title='bbox 3015 5227 3307 5298; x_wconf 89' lang='lat' dir='ltr'>implendo</span> <span class='ocrx_word' id='word_1_758' title='bbox 3333 5228 3658 5292; x_wconf 87' lang='lat' dir='ltr'>meliorem,</span> <span class='ocrx_word' id='word_1_759' title='bbox 3687 5225 3848 5298; x_wconf 88' lang='lat' dir='ltr'>prius</span> 
     </span>
    </p>
   </div>
   <div class='ocr_carea' id='block_1_103' title="bbox 2199 5307 3138 5366">
    <p class='ocr_par' dir='ltr' id='par_1_103' title="bbox 2199 5307 3138 5366">
     <span class='ocr_line' id='line_1_104' title="bbox 2199 5307 3138 5366; baseline 0.003 -4"><span class='ocrx_word' id='word_1_760' title='bbox 2199 5307 2413 5365; x_wconf 83' lang='lat' dir='ltr'>faciens</span> <span class='ocrx_word' id='word_1_761' title='bbox 2443 5307 2742 5365; x_wconf 85' lang='lat' dir='ltr'>excitando</span> <span class='ocrx_word' id='word_1_762' title='bbox 2765 5310 3078 5366; x_wconf 87' lang='lat' dir='ltr'>avidiorem</span> <span class='ocrx_word' id='word_1_763' title='bbox 3110 5309 3138 5365; x_wconf 83' lang='lat'><strong>?</strong></span> 
     </span>
    </p>
   </div>
   <div class='ocr_carea' id='block_1_104' title="bbox 452 3955 2090 4028">
    <p class='ocr_par' dir='ltr' id='par_1_104' title="bbox 452 3955 2090 4028">
     <span class='ocr_line' id='line_1_105' title="bbox 452 3955 2090 4028; baseline -0.005 -11"><span class='ocrx_word' id='word_1_764' title='bbox 452 3961 684 4017; x_wconf 85' lang='lat' dir='ltr'>CAPUT</span> <span class='ocrx_word' id='word_1_765' title='bbox 715 3961 866 4016; x_wconf 87' lang='lat' dir='ltr'><strong>VIII.</strong></span> <span class='ocrx_word' id='word_1_766' title='bbox 900 3991 969 4000; x_wconf 92' lang='lat'>—</span> <span class='ocrx_word' id='word_1_767' title='bbox 1001 3961 1072 4013; x_wconf 89' lang='lat' dir='ltr'>De</span> <span class='ocrx_word' id='word_1_768' title='bbox 1106 3975 1297 4014; x_wconf 87' lang='lat' dir='ltr'>amore</span> <span class='ocrx_word' id='word_1_769' title='bbox 1354 3975 1622 4028; x_wconf 79' lang='lat' dir='ltr'>perverso,</span> <span class='ocrx_word' id='word_1_770' title='bbox 1675 3973 1778 4028; x_wconf 85' lang='lat' dir='ltr'>quo</span> <span class='ocrx_word' id='word_1_771' title='bbox 1836 3955 2090 4009; x_wconf 78' lang='lat' dir='ltr'>voluntas</span> 
     </span>
    </p>
   </div>
   <div class='ocr_carea' id='block_1_105' title="bbox 516 4033 2103 4096">
    <p class='ocr_par' dir='ltr' id='par_1_105' title="bbox 516 4033 2103 4096">
     <span class='ocr_line' id='line_1_106' title="bbox 516 4033 2103 4096; baseline -0.004 0"><span class='ocrx_word' id='word_1_772' title='bbox 516 4043 583 4096; x_wconf 87' lang='lat' dir='ltr'>ab</span> <span class='ocrx_word' id='word_1_773' title='bbox 616 4039 1055 4096; x_wconf 86' lang='lat' dir='ltr'>incommutabili</span> <span class='ocrx_word' id='word_1_774' title='bbox 1103 4040 1236 4093; x_wconf 83' lang='lat' dir='ltr'>bono</span> <span class='ocrx_word' id='word_1_775' title='bbox 1258 4038 1327 4092; x_wconf 87' lang='lat' dir='ltr'>ad</span> <span class='ocrx_word' id='word_1_776' title='bbox 1358 4039 1742 4093; x_wconf 79' lang='lat' dir='ltr'>commutabile</span> <span class='ocrx_word' id='word_1_777' title='bbox 1787 4035 1983 4090; x_wconf 82' lang='lat' dir='ltr'>bonum</span> <span class='ocrx_word' id='word_1_778' title='bbox 2016 4033 2103 4090; x_wconf 83' lang='lat' dir='ltr'>de-</span> 
     </span>
    </p>
   </div>
   <div class='ocr_carea' id='block_1_106' title="bbox 520 4125 654 4192">
    <p class='ocr_par' dir='ltr' id='par_1_106' title="bbox 520 4125 654 4192">
     <span class='ocr_line' id='line_1_107' title="bbox 520 4125 654 4192; baseline -0.015 -16"><span class='ocrx_word' id='word_1_779' title='bbox 520 4125 654 4192; x_wconf 84' lang='lat' dir='ltr'>ﬁcit.</span> 
     </span>
    </p>
   </div>
   <div class='ocr_carea' id='block_1_107' title="bbox 516 4241 2098 4317">
    <p class='ocr_par' dir='ltr' id='par_1_107' title="bbox 516 4241 2098 4317">
     <span class='ocr_line' id='line_1_108' title="bbox 516 4241 2098 4317; baseline -0.002 -15"><span class='ocrx_word' id='word_1_780' title='bbox 516 4249 630 4302; x_wconf 87' lang='lat' dir='ltr'>Hoc</span> <span class='ocrx_word' id='word_1_781' title='bbox 662 4247 800 4313; x_wconf 88' lang='lat' dir='ltr'>scio,</span> <span class='ocrx_word' id='word_1_782' title='bbox 829 4251 1096 4301; x_wconf 87' lang='lat' dir='ltr'>naturam</span> <span class='ocrx_word' id='word_1_783' title='bbox 1123 4244 1566 4317; x_wconf 88' lang='lat' dir='ltr'>Deinunquam,</span> <span class='ocrx_word' id='word_1_784' title='bbox 1592 4258 1900 4313; x_wconf 89' lang='lat' dir='ltr'>nusquam,</span> <span class='ocrx_word' id='word_1_785' title='bbox 1935 4241 2098 4299; x_wconf 89' lang='lat' dir='ltr'>nulla</span> 
     </span>
    </p>
   </div>
   <div class='ocr_carea' id='block_1_108' title="bbox 442 4324 2097 4396">
    <p class='ocr_par' dir='ltr' id='par_1_108' title="bbox 442 4324 2097 4396">
     <span class='ocr_line' id='line_1_109' title="bbox 442 4324 2097 4396; baseline -0.001 -14"><span class='ocrx_word' id='word_1_786' title='bbox 442 4344 510 4382; x_wconf 85' lang='lat' dir='ltr'>ex</span> <span class='ocrx_word' id='word_1_787' title='bbox 534 4331 692 4396; x_wconf 88' lang='lat' dir='ltr'>parte</span> <span class='ocrx_word' id='word_1_788' title='bbox 726 4343 896 4396; x_wconf 89' lang='lat' dir='ltr'>posse</span> <span class='ocrx_word' id='word_1_789' title='bbox 911 4326 1186 4390; x_wconf 81' lang='lat' dir='ltr'>deficere;</span> <span class='ocrx_word' id='word_1_790' title='bbox 1213 4334 1262 4378; x_wconf 91' lang='lat' dir='ltr'>et</span> <span class='ocrx_word' id='word_1_791' title='bbox 1288 4341 1355 4380; x_wconf 91' lang='lat' dir='ltr'>ea</span> <span class='ocrx_word' id='word_1_792' title='bbox 1379 4342 1552 4396; x_wconf 88' lang='lat' dir='ltr'>posse</span> <span class='ocrx_word' id='word_1_793' title='bbox 1582 4324 1847 4389; x_wconf 88' lang='lat' dir='ltr'>deﬁcere,</span> <span class='ocrx_word' id='word_1_794' title='bbox 1883 4341 2008 4395; x_wconf 76' lang='lat' dir='ltr'>quae</span> <span class='ocrx_word' id='word_1_795' title='bbox 2029 4341 2097 4380; x_wconf 85' lang='lat' dir='ltr'>ex</span> 
     </span>
    </p>
   </div>
   <div class='ocr_carea' id='block_1_109' title="bbox 443 4406 2096 4478">
    <p class='ocr_par' dir='ltr' id='par_1_109' title="bbox 443 4406 2096 4478">
     <span class='ocr_line' id='line_1_110' title="bbox 443 4406 2096 4478; baseline 0 -16"><span class='ocrx_word' id='word_1_796' title='bbox 443 4406 626 4462; x_wconf 90' lang='lat' dir='ltr'>nihilo</span> <span class='ocrx_word' id='word_1_797' title='bbox 661 4409 810 4460; x_wconf 83' lang='lat' dir='ltr'>facta</span> <span class='ocrx_word' id='word_1_798' title='bbox 833 4411 994 4462; x_wconf 90' lang='lat' dir='ltr'>sunt.</span> <span class='ocrx_word' id='word_1_799' title='bbox 1020 4407 1368 4469; x_wconf 74' lang='lat' dir='ltr'>Oumtamen</span> <span class='ocrx_word' id='word_1_800' title='bbox 1394 4411 1612 4478; x_wconf 89' lang='lat' dir='ltr'>quanto</span> <span class='ocrx_word' id='word_1_801' title='bbox 1641 4407 1830 4477; x_wconf 84' lang='lat' dir='ltr'>magis</span> <span class='ocrx_word' id='word_1_802' title='bbox 1852 4415 2010 4471; x_wconf 88' lang='lat' dir='ltr'>sunt,</span> <span class='ocrx_word' id='word_1_803' title='bbox 2039 4411 2096 4462; x_wconf 90' lang='lat' dir='ltr'>et</span> 
     </span>
    </p>
   </div>
   <div class='ocr_carea' id='block_1_110' title="bbox 443 4486 2093 4558">
    <p class='ocr_par' dir='ltr' id='par_1_110' title="bbox 443 4486 2093 4558">
     <span class='ocr_line' id='line_1_111' title="bbox 443 4486 2093 4558; baseline 0.001 -16"><span class='ocrx_word' id='word_1_804' title='bbox 443 4487 594 4542; x_wconf 88' lang='lat' dir='ltr'>bona</span> <span class='ocrx_word' id='word_1_805' title='bbox 625 4487 840 4541; x_wconf 79' lang='lat' dir='ltr'>faciunt</span> <span class='ocrx_word' id='word_1_806' title='bbox 861 4488 1024 4556; x_wconf 90' lang='lat' dir='ltr'>(tunc</span> <span class='ocrx_word' id='word_1_807' title='bbox 1045 4486 1202 4541; x_wconf 90' lang='lat' dir='ltr'>enim</span> <span class='ocrx_word' id='word_1_808' title='bbox 1227 4488 1447 4558; x_wconf 90' lang='lat' dir='ltr'>aliquid</span> <span class='ocrx_word' id='word_1_809' title='bbox 1477 4486 1740 4557; x_wconf 86' lang='lat' dir='ltr'>faciunt),</span> <span class='ocrx_word' id='word_1_810' title='bbox 1765 4503 1968 4543; x_wconf 89' lang='lat' dir='ltr'>causas</span> <span class='ocrx_word' id='word_1_811' title='bbox 1990 4487 2093 4544; x_wconf 88' lang='lat' dir='ltr'>ha-</span> 
     </span>
    </p>
   </div>
   <div class='ocr_carea' id='block_1_111' title="bbox 441 4564 2094 4636">
    <p class='ocr_par' dir='ltr' id='par_1_111' title="bbox 441 4564 2094 4636">
     <span class='ocr_line' id='line_1_112' title="bbox 441 4564 2094 4636; baseline 0.002 -16"><span class='ocrx_word' id='word_1_812' title='bbox 441 4567 581 4620; x_wconf 92' lang='lat' dir='ltr'>bent</span> <span class='ocrx_word' id='word_1_813' title='bbox 601 4565 918 4621; x_wconf 79' lang='lat' dir='ltr'>elﬁcientes</span> <span class='ocrx_word' id='word_1_814' title='bbox 939 4568 955 4600; x_wconf 77' lang='grc' dir='ltr'>ί</span> <span class='ocrx_word' id='word_1_815' title='bbox 982 4582 994 4620; x_wconf 89' lang='lat'>:</span> <span class='ocrx_word' id='word_1_816' title='bbox 1023 4564 1080 4619; x_wconf 92' lang='lat' dir='ltr'>in</span> <span class='ocrx_word' id='word_1_817' title='bbox 1106 4571 1391 4636; x_wconf 87' lang='lat' dir='ltr'>quantum</span> <span class='ocrx_word' id='word_1_818' title='bbox 1418 4572 1606 4622; x_wconf 88' lang='lat' dir='ltr'>autem</span> <span class='ocrx_word' id='word_1_819' title='bbox 1629 4567 1927 4634; x_wconf 83' lang='lat' dir='ltr'>deﬁciunt,</span> <span class='ocrx_word' id='word_1_820' title='bbox 1951 4574 2007 4624; x_wconf 92' lang='lat' dir='ltr'>et</span> <span class='ocrx_word' id='word_1_821' title='bbox 2025 4585 2094 4624; x_wconf 84' lang='lat' dir='ltr'>ex</span> 
     </span>
    </p>
   </div>
   <div class='ocr_carea' id='block_1_112' title="bbox 442 4645 2091 4718">
    <p class='ocr_par' dir='ltr' id='par_1_112' title="bbox 442 4645 2091 4718">
     <span class='ocr_line' id='line_1_113' title="bbox 442 4645 2091 4718; baseline 0.001 -17"><span class='ocrx_word' id='word_1_822' title='bbox 442 4645 715 4703; x_wconf 88' lang='lat' dir='ltr'>bocmala</span> <span class='ocrx_word' id='word_1_823' title='bbox 740 4645 978 4713; x_wconf 83' lang='lat' dir='ltr'>faciunt,</span> <span class='ocrx_word' id='word_1_824' title='bbox 1001 4647 1162 4715; x_wconf 90' lang='lat' dir='ltr'>(quid</span> <span class='ocrx_word' id='word_1_825' title='bbox 1187 4648 1340 4702; x_wconf 87' lang='lat' dir='ltr'>enim</span> <span class='ocrx_word' id='word_1_826' title='bbox 1358 4651 1496 4702; x_wconf 84' lang='lat' dir='ltr'>tunc</span> <span class='ocrx_word' id='word_1_827' title='bbox 1525 4647 1862 4703; x_wconf 81' lang='lat' dir='ltr'>laciuntnisi</span> <span class='ocrx_word' id='word_1_828' title='bbox 1883 4649 2091 4718; x_wconf 88' lang='lat' dir='ltr'>vana?)</span> 
     </span>
    </p>
   </div>
   <div class='ocr_carea' id='block_1_113' title="bbox 439 4726 2090 4800">
    <p class='ocr_par' dir='ltr' id='par_1_113' title="bbox 439 4726 2090 4800">
     <span class='ocr_line' id='line_1_114' title="bbox 439 4726 2090 4800; baseline 0.001 -18"><span class='ocrx_word' id='word_1_829' title='bbox 439 4743 647 4782; x_wconf 87' lang='lat' dir='ltr'>causas</span> <span class='ocrx_word' id='word_1_830' title='bbox 664 4727 873 4782; x_wconf 88' lang='lat' dir='ltr'>habent</span> <span class='ocrx_word' id='word_1_831' title='bbox 897 4726 1234 4782; x_wconf 80' lang='lat' dir='ltr'>deﬁcientes</span> <span class='ocrx_word' id='word_1_832' title='bbox 1254 4727 1729 4800; x_wconf 88' lang='lat' dir='ltr'>[Vlll.]ltemque</span> <span class='ocrx_word' id='word_1_833' title='bbox 1752 4729 1870 4783; x_wconf 90' lang='lat' dir='ltr'>scio</span> <span class='ocrx_word' id='word_1_834' title='bbox 1892 4729 1949 4782; x_wconf 90' lang='lat' dir='ltr'>in</span> <span class='ocrx_word' id='word_1_835' title='bbox 1974 4745 2090 4799; x_wconf 92' lang='lat' dir='ltr'>quo</span> 
     </span>
    </p>
   </div>
   <div class='ocr_carea' id='block_1_114' title="bbox 441 4805 2088 4878">
    <p class='ocr_par' dir='ltr' id='par_1_114' title="bbox 441 4805 2088 4878">
     <span class='ocr_line' id='line_1_115' title="bbox 441 4805 2088 4878; baseline 0.001 -16"><span class='ocrx_word' id='word_1_836' title='bbox 441 4808 504 4864; x_wconf 84' lang='lat' dir='ltr'>ﬁt</span> <span class='ocrx_word' id='word_1_837' title='bbox 527 4806 677 4863; x_wconf 89' lang='lat' dir='ltr'>mala</span> <span class='ocrx_word' id='word_1_838' title='bbox 696 4807 986 4873; x_wconf 85' lang='lat' dir='ltr'>voluntas,</span> <span class='ocrx_word' id='word_1_839' title='bbox 1011 4807 1067 4862; x_wconf 89' lang='lat' dir='ltr'>id</span> <span class='ocrx_word' id='word_1_840' title='bbox 1099 4805 1158 4862; x_wconf 91' lang='lat' dir='ltr'>in</span> <span class='ocrx_word' id='word_1_841' title='bbox 1191 4823 1258 4863; x_wconf 90' lang='lat' dir='ltr'>eo</span> <span class='ocrx_word' id='word_1_842' title='bbox 1290 4809 1436 4874; x_wconf 84' lang='lat' dir='ltr'>ﬁeri,</span> <span class='ocrx_word' id='word_1_843' title='bbox 1472 4809 1624 4878; x_wconf 92' lang='lat' dir='ltr'>quod</span> <span class='ocrx_word' id='word_1_844' title='bbox 1660 4807 1708 4864; x_wconf 91' lang='lat' dir='ltr'>si</span> <span class='ocrx_word' id='word_1_845' title='bbox 1742 4807 1938 4874; x_wconf 90' lang='lat' dir='ltr'>nollet,</span> <span class='ocrx_word' id='word_1_846' title='bbox 1972 4825 2088 4864; x_wconf 92' lang='lat' dir='ltr'>non</span> 
     </span>
    </p>
   </div>
   <div class='ocr_carea' id='block_1_115' title="bbox 441 4887 2089 4955">
    <p class='ocr_par' dir='ltr' id='par_1_115' title="bbox 441 4887 2089 4955">
     <span class='ocr_line' id='line_1_116' title="bbox 441 4887 2089 4955; baseline -0.001 -10"><span class='ocrx_word' id='word_1_847' title='bbox 441 4890 634 4945; x_wconf 82' lang='lat' dir='ltr'>ﬁeret:</span> <span class='ocrx_word' id='word_1_848' title='bbox 671 4893 726 4942; x_wconf 92' lang='lat' dir='ltr'>et</span> <span class='ocrx_word' id='word_1_849' title='bbox 759 4889 886 4945; x_wconf 91' lang='lat' dir='ltr'>ideo</span> <span class='ocrx_word' id='word_1_850' title='bbox 919 4905 1032 4944; x_wconf 90' lang='lat' dir='ltr'>non</span> <span class='ocrx_word' id='word_1_851' title='bbox 1066 4891 1445 4955; x_wconf 82' lang='lat' dir='ltr'>necessarios,</span> <span class='ocrx_word' id='word_1_852' title='bbox 1479 4889 1575 4943; x_wconf 89' lang='lat' dir='ltr'>sed</span> <span class='ocrx_word' id='word_1_853' title='bbox 1601 4887 1956 4943; x_wconf 87' lang='lat' dir='ltr'>voluntarios</span> <span class='ocrx_word' id='word_1_854' title='bbox 1985 4889 2089 4944; x_wconf 87' lang='lat' dir='ltr'>de-</span> 
     </span>
    </p>
   </div>
   <div class='ocr_carea' id='block_1_116' title="bbox 440 4967 2089 5040">
    <p class='ocr_par' dir='ltr' id='par_1_116' title="bbox 440 4967 2089 5040">
     <span class='ocr_line' id='line_1_117' title="bbox 440 4967 2089 5040; baseline 0 -16"><span class='ocrx_word' id='word_1_855' title='bbox 440 4970 622 5025; x_wconf 81' lang='lat' dir='ltr'>fectus</span> <span class='ocrx_word' id='word_1_856' title='bbox 652 4970 809 5037; x_wconf 85' lang='lat' dir='ltr'>justa</span> <span class='ocrx_word' id='word_1_857' title='bbox 841 4985 1010 5037; x_wconf 74' lang='lat' dir='ltr'>pmna</span> <span class='ocrx_word' id='word_1_858' title='bbox 1041 4970 1439 5040; x_wconf 85' lang='lat' dir='ltr'>consequitur.</span> <span class='ocrx_word' id='word_1_859' title='bbox 1477 4969 1756 5023; x_wconf 84' lang='lat' dir='ltr'>Deﬁcitur</span> <span class='ocrx_word' id='word_1_860' title='bbox 1785 4967 1937 5024; x_wconf 90' lang='lat' dir='ltr'>enim</span> <span class='ocrx_word' id='word_1_861' title='bbox 1973 4984 2089 5024; x_wconf 93' lang='lat' dir='ltr'>non</span> 
     </span>
    </p>
   </div>
   <div class='ocr_carea' id='block_1_117' title="bbox 440 5049 2086 5113">
    <p class='ocr_par' dir='ltr' id='par_1_117' title="bbox 440 5049 2086 5113">
     <span class='ocr_line' id='line_1_118' title="bbox 440 5049 2086 5113; baseline -0.001 -7"><span class='ocrx_word' id='word_1_862' title='bbox 440 5053 509 5105; x_wconf 87' lang='lat' dir='ltr'>ad</span> <span class='ocrx_word' id='word_1_863' title='bbox 551 5049 722 5113; x_wconf 86' lang='lat' dir='ltr'>mala,</span> <span class='ocrx_word' id='word_1_864' title='bbox 757 5051 856 5103; x_wconf 89' lang='lat' dir='ltr'>sed</span> <span class='ocrx_word' id='word_1_865' title='bbox 893 5051 1075 5112; x_wconf 87' lang='lat' dir='ltr'>male;</span> <span class='ocrx_word' id='word_1_866' title='bbox 1101 5049 1156 5103; x_wconf 91' lang='lat' dir='ltr'>id</span> <span class='ocrx_word' id='word_1_867' title='bbox 1183 5055 1292 5113; x_wconf 90' lang='lat' dir='ltr'>est,</span> <span class='ocrx_word' id='word_1_868' title='bbox 1330 5068 1442 5104; x_wconf 91' lang='lat' dir='ltr'>non</span> <span class='ocrx_word' id='word_1_869' title='bbox 1478 5051 1546 5104; x_wconf 83' lang='lat' dir='ltr'>ad</span> <span class='ocrx_word' id='word_1_870' title='bbox 1584 5049 1769 5105; x_wconf 88' lang='lat' dir='ltr'>malas</span> <span class='ocrx_word' id='word_1_871' title='bbox 1829 5055 2086 5113; x_wconf 88' lang='lat' dir='ltr'>naturas,</span> 
     </span>
    </p>
   </div>
   <div class='ocr_carea' id='block_1_118' title="bbox 439 5130 2088 5199">
    <p class='ocr_par' dir='ltr' id='par_1_118' title="bbox 439 5130 2088 5199">
     <span class='ocr_line' id='line_1_119' title="bbox 439 5130 2088 5199; baseline -0.002 -11"><span class='ocrx_word' id='word_1_872' title='bbox 439 5134 538 5188; x_wconf 86' lang='lat' dir='ltr'>sed</span> <span class='ocrx_word' id='word_1_873' title='bbox 571 5131 700 5184; x_wconf 92' lang='lat' dir='ltr'>ideo</span> <span class='ocrx_word' id='word_1_874' title='bbox 724 5131 895 5194; x_wconf 89' lang='lat' dir='ltr'>male,</span> <span class='ocrx_word' id='word_1_875' title='bbox 929 5130 1062 5199; x_wconf 86' lang='lat' dir='ltr'>quia</span> <span class='ocrx_word' id='word_1_876' title='bbox 1087 5134 1286 5184; x_wconf 89' lang='lat' dir='ltr'>contra</span> <span class='ocrx_word' id='word_1_877' title='bbox 1323 5132 1588 5185; x_wconf 89' lang='lat' dir='ltr'>ordinem</span> <span class='ocrx_word' id='word_1_878' title='bbox 1644 5137 1983 5186; x_wconf 83' lang='lat' dir='ltr'>naturarum</span> <span class='ocrx_word' id='word_1_879' title='bbox 2015 5133 2088 5184; x_wconf 89' lang='lat' dir='ltr'>ab</span> 
     </span>
    </p>
   </div>
   <div class='ocr_carea' id='block_1_119' title="bbox 441 5209 2089 5281">
    <p class='ocr_par' dir='ltr' id='par_1_119' title="bbox 441 5209 2089 5281">
     <span class='ocr_line' id='line_1_120' title="bbox 441 5209 2089 5281; baseline 0 -16"><span class='ocrx_word' id='word_1_880' title='bbox 441 5227 508 5265; x_wconf 89' lang='lat' dir='ltr'>eo</span> <span class='ocrx_word' id='word_1_881' title='bbox 527 5210 680 5281; x_wconf 85' lang='lat' dir='ltr'>quod</span> <span class='ocrx_word' id='word_1_882' title='bbox 717 5225 946 5262; x_wconf 87' lang='lat' dir='ltr'>summe</span> <span class='ocrx_word' id='word_1_883' title='bbox 978 5212 1067 5262; x_wconf 90' lang='lat' dir='ltr'>est</span> <span class='ocrx_word' id='word_1_884' title='bbox 1099 5209 1168 5262; x_wconf 88' lang='lat' dir='ltr'>ad</span> <span class='ocrx_word' id='word_1_885' title='bbox 1201 5209 1255 5262; x_wconf 85' lang='lat' dir='ltr'>id</span> <span class='ocrx_word' id='word_1_886' title='bbox 1287 5211 1442 5278; x_wconf 89' lang='lat' dir='ltr'>quod</span> <span class='ocrx_word' id='word_1_887' title='bbox 1478 5210 1672 5264; x_wconf 91' lang='lat' dir='ltr'>minus</span> <span class='ocrx_word' id='word_1_888' title='bbox 1723 5217 1832 5264; x_wconf 90' lang='lat' dir='ltr'>est.</span> <span class='ocrx_word' id='word_1_889' title='bbox 1893 5212 2089 5281; x_wconf 84' lang='lat' dir='ltr'>Neque</span> 
     </span>
    </p>
   </div>
   <div class='ocr_carea' id='block_1_120' title="bbox 439 5289 2088 5361">
    <p class='ocr_par' dir='ltr' id='par_1_120' title="bbox 439 5289 2088 5361">
     <span class='ocr_line' id='line_1_121' title="bbox 439 5289 2088 5361; baseline 0 -16"><span class='ocrx_word' id='word_1_890' title='bbox 439 5292 590 5346; x_wconf 87' lang='lat' dir='ltr'>enim</span> <span class='ocrx_word' id='word_1_891' title='bbox 621 5289 744 5344; x_wconf 87' lang='lat' dir='ltr'>auri</span> <span class='ocrx_word' id='word_1_892' title='bbox 772 5289 973 5342; x_wconf 85' lang='lat' dir='ltr'>vitium</span> <span class='ocrx_word' id='word_1_893' title='bbox 999 5293 1087 5342; x_wconf 88' lang='lat' dir='ltr'>est</span> <span class='ocrx_word' id='word_1_894' title='bbox 1114 5289 1372 5352; x_wconf 79' lang='lat' dir='ltr'>avaritia,</span> <span class='ocrx_word' id='word_1_895' title='bbox 1399 5291 1499 5346; x_wconf 91' lang='lat' dir='ltr'>sed</span> <span class='ocrx_word' id='word_1_896' title='bbox 1533 5289 1791 5345; x_wconf 91' lang='lat' dir='ltr'>hominis</span> <span class='ocrx_word' id='word_1_897' title='bbox 1826 5307 2088 5361; x_wconf 88' lang='lat' dir='ltr'>perverse</span> 
     </span>
    </p>
   </div>
   <div class='ocr_carea' id='block_1_121' title="bbox 503 5484 2089 5547">
    <p class='ocr_par' dir='ltr' id='par_1_121' title="bbox 503 5484 2089 5547">
     <span class='ocr_line' id='line_1_122' title="bbox 503 5484 2089 5547; baseline 0.004 -16"><span class='ocrx_word' id='word_1_898' title='bbox 503 5487 517 5519; x_wconf 77' lang='grc' dir='ltr'>ί</span> <span class='ocrx_word' id='word_1_899' title='bbox 550 5485 705 5532; x_wconf 80' lang='lat' dir='ltr'>Vind.</span> <span class='ocrx_word' id='word_1_900' title='bbox 742 5485 854 5532; x_wconf 76' lang='lat' dir='ltr'>Am.</span> <span class='ocrx_word' id='word_1_901' title='bbox 891 5486 942 5532; x_wconf 89' lang='lat' dir='ltr'>et</span> <span class='ocrx_word' id='word_1_902' title='bbox 969 5484 1073 5541; x_wconf 68' lang='lat' dir='ltr'>Er,</span> <span class='ocrx_word' id='word_1_903' title='bbox 1109 5492 1241 5532; x_wconf 81' lang='lat' dir='ltr'>tunc</span> <span class='ocrx_word' id='word_1_904' title='bbox 1271 5486 1414 5533; x_wconf 81' lang='lat' dir='ltr'>enim</span> <span class='ocrx_word' id='word_1_905' title='bbox 1446 5486 1671 5547; x_wconf 80' lang='lat' dir='ltr'>aliquid</span> <span class='ocrx_word' id='word_1_906' title='bbox 1689 5487 1932 5547; x_wconf 80' lang='lat' dir='ltr'>faciunt,</span> <span class='ocrx_word' id='word_1_907' title='bbox 1963 5503 2089 5537; x_wconf 87' lang='lat' dir='ltr'>cum</span> 
     </span>
    </p>
   </div>
   <div class='ocr_carea' id='block_1_122' title="bbox 441 5547 2091 5614">
    <p class='ocr_par' dir='ltr' id='par_1_122' title="bbox 441 5547 2091 5614">
     <span class='ocr_line' id='line_1_123' title="bbox 441 5547 2091 5614; baseline 0.003 -21"><span class='ocrx_word' id='word_1_908' title='bbox 441 5561 637 5614; x_wconf 62' lang='lat' dir='ltr'>causas</span> <span class='ocrx_word' id='word_1_909' title='bbox 671 5547 862 5594; x_wconf 78' lang='lat' dir='ltr'>habent</span> <span class='ocrx_word' id='word_1_910' title='bbox 895 5548 1372 5614; x_wconf 53' lang='lat' dir='ltr'>efﬁcieiites._bov&#39;.,</span> <span class='ocrx_word' id='word_1_911' title='bbox 1397 5557 1526 5598; x_wconf 79' lang='lat' dir='ltr'>tunc</span> <span class='ocrx_word' id='word_1_912' title='bbox 1546 5552 1698 5614; x_wconf 71' lang='lat' dir='ltr'>enim</span> <span class='ocrx_word' id='word_1_913' title='bbox 1724 5566 1844 5598; x_wconf 83' lang='lat' dir='ltr'>cum</span> <span class='ocrx_word' id='word_1_914' title='bbox 1871 5551 2091 5614; x_wconf 82' lang='lat' dir='ltr'>aliquid</span> 
     </span>
    </p>
   </div>
   <div class='ocr_carea' id='block_1_123' title="bbox 439 5608 2089 5676">
    <p class='ocr_par' dir='ltr' id='par_1_123' title="bbox 439 5608 2089 5676">
     <span class='ocr_line' id='line_1_124' title="bbox 439 5608 2089 5676; baseline 0.004 -20"><span class='ocrx_word' id='word_1_915' title='bbox 439 5608 684 5676; x_wconf 72' lang='lat' dir='ltr'>faciunt,</span> <span class='ocrx_word' id='word_1_916' title='bbox 716 5623 912 5656; x_wconf 80' lang='lat' dir='ltr'>causas</span> <span class='ocrx_word' id='word_1_917' title='bbox 943 5608 1488 5676; x_wconf 49' lang='lat' dir='ltr'>[tabente/ﬁdentes.</span> <span class='ocrx_word' id='word_1_918' title='bbox 1545 5613 1900 5674; x_wconf 81' lang='lat' dir='ltr'>Expungenda</span> <span class='ocrx_word' id='word_1_919' title='bbox 1928 5608 2089 5676; x_wconf 67' lang='lat' dir='ltr'>parti-</span> 
     </span>
    </p>
   </div>
   <div class='ocr_carea' id='block_1_124' title="bbox 443 5669 1280 5733">
    <p class='ocr_par' dir='ltr' id='par_1_124' title="bbox 443 5669 1280 5733">
     <span class='ocr_line' id='line_1_125' title="bbox 443 5669 1280 5733; baseline 0 -10"><span class='ocrx_word' id='word_1_920' title='bbox 443 5669 583 5733; x_wconf 85' lang='lat' dir='ltr'>cula,</span> <span class='ocrx_word' id='word_1_921' title='bbox 619 5683 763 5729; x_wconf 86' lang='lat' dir='ltr'>cum,</span> <span class='ocrx_word' id='word_1_922' title='bbox 795 5684 932 5732; x_wconf 88' lang='lat' dir='ltr'>quae</span> <span class='ocrx_word' id='word_1_923' title='bbox 961 5673 1080 5722; x_wconf 81' lang='lat' dir='ltr'>Mss.</span> <span class='ocrx_word' id='word_1_924' title='bbox 1113 5669 1280 5723; x_wconf 63' lang='lat' dir='ltr'>abeat.</span> 
     </span>
    </p>
   </div>
   <div class='ocr_carea' id='block_1_125' title="bbox 2265 5551 3728 5611">
    <p class='ocr_par' dir='ltr' id='par_1_125' title="bbox 2265 5551 3728 5611">
     <span class='ocr_line' id='line_1_126' title="bbox 2265 5551 3728 5611; baseline 0 -14"><span class='ocrx_word' id='word_1_925' title='bbox 2265 5553 2281 5587; x_wconf 76' lang='grc'><strong>1</strong></span> <span class='ocrx_word' id='word_1_926' title='bbox 2321 5553 2474 5600; x_wconf 83' lang='lat' dir='ltr'>Vind.</span> <span class='ocrx_word' id='word_1_927' title='bbox 2509 5555 2621 5600; x_wconf 83' lang='lat' dir='ltr'>Am.</span> <span class='ocrx_word' id='word_1_928' title='bbox 2653 5555 2706 5601; x_wconf 87' lang='lat' dir='ltr'>et</span> <span class='ocrx_word' id='word_1_929' title='bbox 2733 5551 2876 5608; x_wconf 89' lang='lat' dir='ltr'>Lov.,</span> <span class='ocrx_word' id='word_1_930' title='bbox 2909 5551 3078 5600; x_wconf 83' lang='lat' dir='ltr'>enim.</span> <span class='ocrx_word' id='word_1_931' title='bbox 3117 5554 3183 5600; x_wconf 83' lang='lat' dir='ltr'>At</span> <span class='ocrx_word' id='word_1_932' title='bbox 3209 5551 3292 5601; x_wconf 90' lang='lat' dir='ltr'>Er.</span> <span class='ocrx_word' id='word_1_933' title='bbox 3325 5554 3377 5601; x_wconf 88' lang='lat' dir='ltr'>et</span> <span class='ocrx_word' id='word_1_934' title='bbox 3405 5552 3546 5610; x_wconf 65' lang='lat' dir='ltr'>Mss,</span> <span class='ocrx_word' id='word_1_935' title='bbox 3578 5565 3728 5611; x_wconf 76' lang='lat' dir='ltr'>ergo.</span> 
     </span>
    </p>
   </div>
   <div class='ocr_carea' id='block_1_126' title="bbox 2265 5614 3854 5678">
    <p class='ocr_par' dir='ltr' id='par_1_126' title="bbox 2265 5614 3854 5678">
     <span class='ocr_line' id='line_1_127' title="bbox 2265 5614 3854 5678; baseline 0 -18"><span class='ocrx_word' id='word_1_936' title='bbox 2265 5615 2286 5647; x_wconf 79' lang='grc'><strong>²</strong></span> <span class='ocrx_word' id='word_1_937' title='bbox 2318 5614 2402 5663; x_wconf 88' lang='lat' dir='ltr'>Sic</span> <span class='ocrx_word' id='word_1_938' title='bbox 2431 5615 2551 5662; x_wconf 87' lang='lat' dir='ltr'>Mss.</span> <span class='ocrx_word' id='word_1_939' title='bbox 2586 5616 2723 5663; x_wconf 86' lang='lat' dir='ltr'>Editi</span> <span class='ocrx_word' id='word_1_940' title='bbox 2750 5629 2894 5669; x_wconf 79' lang='lat' dir='ltr'>vero.</span> <span class='ocrx_word' id='word_1_941' title='bbox 2930 5615 3022 5663; x_wconf 79' lang='lat' dir='ltr'>hoc</span> <span class='ocrx_word' id='word_1_942' title='bbox 3053 5615 3168 5674; x_wconf 73' lang='lat' dir='ltr'>ipso</span> <span class='ocrx_word' id='word_1_943' title='bbox 3198 5615 3346 5678; x_wconf 84' lang='lat' dir='ltr'>quod</span> <span class='ocrx_word' id='word_1_944' title='bbox 3389 5630 3424 5662; x_wconf 88' lang='lat' dir='ltr'>a</span> <span class='ocrx_word' id='word_1_945' title='bbox 3469 5614 3605 5678; x_wconf 83' lang='lat' dir='ltr'>bono</span> <span class='ocrx_word' id='word_1_946' title='bbox 3653 5614 3854 5671; x_wconf 77' lang='lat' dir='ltr'>defece-</span> 
     </span>
    </p>
   </div>
   <div class='ocr_carea' id='block_1_127' title="bbox 2203 5677 3760 5742">
    <p class='ocr_par' dir='ltr' id='par_1_127' title="bbox 2203 5677 3760 5742">
     <span class='ocr_line' id='line_1_128' title="bbox 2203 5677 3760 5742; baseline -0.001 -19"><span class='ocrx_word' id='word_1_947' title='bbox 2203 5685 2341 5724; x_wconf 77' lang='lat' dir='ltr'>runt</span> <span class='ocrx_word' id='word_1_948' title='bbox 2373 5693 2389 5735; x_wconf 90' lang='lat'><strong><em>;</em></strong></span> <span class='ocrx_word' id='word_1_949' title='bbox 2418 5691 2452 5725; x_wconf 89' lang='lat' dir='ltr'>a</span> <span class='ocrx_word' id='word_1_950' title='bbox 2481 5692 2589 5739; x_wconf 77' lang='lat' dir='ltr'>quo</span> <span class='ocrx_word' id='word_1_951' title='bbox 2617 5692 2729 5726; x_wconf 82' lang='lat' dir='ltr'>non</span> <span class='ocrx_word' id='word_1_952' title='bbox 2763 5678 3104 5739; x_wconf 73' lang='lat' dir='ltr'>defecissent,</span> <span class='ocrx_word' id='word_1_953' title='bbox 3135 5679 3182 5726; x_wconf 77' lang='lat' dir='ltr'>si</span> <span class='ocrx_word' id='word_1_954' title='bbox 3205 5677 3407 5742; x_wconf 18' lang='lat' dir='ltr'>fatique</span> <span class='ocrx_word' id='word_1_955' title='bbox 3437 5677 3760 5726; x_wconf 73' lang='lat' dir='ltr'>voluissent.</span> 
     </span>
    </p>
   </div>
  </div>
