4136 6190
232 276 342 336 357

297 412 350 466 2.
384 409 530 465 Nam
563 414 619 465 et
648 410 758 465 hoc
790 408 1224 465 discutiendum
1271 412 1380 476 est,
1414 409 1462 462 si
1494 405 1631 460 boni
1663 402 1869 474 Angeli

231 491 334 563 ipsi
358 491 416 545 in
445 507 504 546 se
529 492 788 546 fecerunt
816 489 1160 545 voluntatem
1187 491 1413 552 bonam,
1445 494 1641 543 utrum
1671 486 1869 554 aliqua

232 588 377 635 eam,
411 572 468 625 in
509 570 671 626 nulla
699 570 1001 626 voluntate
1044 571 1324 626 fecerunt.
1366 571 1426 624 Si
1459 568 1637 633 nulla,
1674 567 1870 634 utique

233 666 333 707 nec
367 652 646 706 fecerunt.
701 650 761 704 Si
804 649 1014 719 aliqua,
1063 657 1255 704 utrum
1298 648 1470 711 mala,
1502 665 1572 701 an
1607 647 1777 700 bona.
1811 643 1870 698 Si

237 730 405 796 mala,
443 731 736 800 quomodo
787 745 915 784 esse
966 729 1150 800 potuit
1197 729 1351 784 mala
1399 727 1664 782 voluntas
1708 726 1872 780 bonae

234 811 546 866 voluntatis
589 810 884 866 effectrix“?
927 810 982 866 Si
1031 813 1198 876 bona,
1235 811 1360 881 jam
1394 826 1529 880 ergo
1563 808 1871 862 habebant.

237 891 301 947 Et
330 893 499 947 istam
534 892 667 962 quis
717 892 946 956 fecerat,
1000 891 1110 945 nisi
1157 890 1253 945 ille
1299 890 1397 962 qui
1430 906 1528 946 eos
1559 904 1691 944 cum
1725 889 1874 940 bona

236 971 550 1038 voluntate,
593 971 651 1026 id
694 975 782 1027 est
821 987 954 1026 cum
988 987 1182 1026 amore
1211 976 1393 1034 casto,
1426 985 1541 1040 quo
1571 968 1656 1023 illi
1687 967 1874 1021 adhae-

237 1057 448 1120 rercnt,
482 1051 717 1116 creavit,
767 1050 946 1106 simul
994 1050 1126 1106 eis‘
1177 1056 1235 1108 et
1283 1051 1540 1106 condens
1585 1053 1874 1114 naturam,

234 1138 290 1190 et
341 1134 590 1204 largiens
638 1132 932 1204 gratiam?
983 1131 1143 1187 Unde
1191 1133 1317 1187 sine
1356 1132 1506 1186 bona
1556 1130 1875 1200 voluntate,

236 1213 340 1269 hoc
402 1217 494 1268 est
555 1212 655 1268 Dei
711 1228 927 1279 amore,
981 1228 1280 1283 nunquam
1339 1215 1572 1266 sanctos
1628 1206 1876 1278 Angelos

233 1294 438 1358 fuisse,
485 1293 839 1348 credendum
886 1295 993 1348 est.
1038 1292 1137 1347 Isti
1177 1297 1396 1356 autem,
1437 1291 1700 1361 quicum
1735 1286 1872 1342 boni

230 1374 407 1428 creati
441 1378 657 1438 essent,
709 1380 900 1427 tamen
934 1371 1068 1426 mali
1115 1377 1270 1436 sunt,
1312 1369 1465 1426 mala
1507 1369 1737 1440 propria
1772 1383 1872 1421 vo-

227 1453 475 1523 luntate,
511 1469 688 1524 quam
730 1453 880 1509 bona
922 1459 1134 1508 natura
1177 1469 1290 1507 non
1335 1453 1487 1516 fecit,
1533 1450 1642 1505 nisi
1676 1463 1809 1503 cum
1844 1463 1877 1502 a

230 1536 388 1591 bono
423 1539 628 1606 sponte
658 1533 892 1602 defecit,
917 1543 978 1590 ut
1010 1534 1148 1589 mali
1182 1551 1357 1590 causa
1380 1550 1494 1589 non
1526 1534 1604 1588 sit
1633 1533 1875 1597 bonum,

229 1615 338 1672 sed
384 1617 644 1670 defectus
696 1632 730 1670 a
785 1617 958 1680 bono,
1020 1620 1122 1669 aut
1190 1615 1473 1669 minorem
1535 1615 1882 1683 acceperunt

233 1697 453 1752 amoris
501 1695 683 1750 divini
733 1697 1004 1766 gratiam,
1061 1711 1237 1765 quam
1283 1695 1365 1749 illi
1420 1694 1521 1766 qui
1571 1695 1627 1748 in
1677 1693 1880 1748 eadem

235 1779 654 1848 perstiterunt;
687 1781 788 1830 aut
831 1777 880 1830 si
913 1776 1144 1846 utrique
1193 1775 1326 1830 boni
1375 1773 1674 1846 aequaliter
1703 1773 1878 1828 creati

235 1861 401 1922 sunt,
436 1858 561 1911 istis
593 1855 742 1911 male
772 1855 1063 1911 voluntate
1104 1856 1469 1920 cadentibus,
1512 1855 1596 1908 illi
1629 1854 1882 1924 amplius

238 1938 449 2008 adjuti,
482 1938 550 1992 ad
581 1953 708 1992 eam
757 1937 1135 1992 beatitudinis
1168 1937 1615 2008 plenitudinem,
1647 1937 1801 1989 unde
1821 1949 1884 1989 se

237 2036 549 2090 nunquam
583 2034 824 2074 casuros
854 2017 1160 2072 certissimi
1201 2017 1424 2084 ﬁerent,
1459 2018 1881 2086 pervenerunt:

233 2100 389 2155 sicut
422 2101 547 2170 jam
578 2099 753 2154 etiam
783 2101 839 2154 in
871 2098 1040 2164 libro,
1078 2114 1246 2168 quem
1279 2097 1542 2167 sequitur
1575 2099 1704 2159 iste,
1735 2100 1883 2148 trac-

235 2183 494 2237 tavimus
540 2181 686 2251 (cap.
742 2181 846 2247 13).
910 2179 1318 2235 Conﬁtendum
1388 2186 1474 2232 est
1524 2177 1702 2248 igitur
1748 2190 1884 2228 cum

232 2262 434 2317 debita
462 2261 631 2317 laude
681 2260 993 2328 Creatoris,
1039 2275 1154 2313 non
1201 2259 1271 2312 ad
1318 2256 1472 2311 solos
1518 2261 1751 2310 sanctos
1792 2255 1890 2308 ho-

234 2343 430 2397 mines
463 2343 772 2413 pertinere,
823 2355 1023 2394 verum
1075 2339 1249 2392 etiam
1285 2337 1355 2391 de
1403 2336 1623 2390 sanctis
1655 2333 1887 2404 Angelis

231 2439 410 2491 posse
444 2423 580 2486 dici,
615 2421 771 2491 quod
813 2418 1068 2474 charitas
1109 2416 1208 2470 Dei
1241 2415 1452 2470 dill'usa
1483 2415 1556 2468 sit
1586 2415 1643 2468 in
1676 2414 1760 2468 eis
1791 2429 1892 2483 per

228 2503 527 2573 Spiritum
578 2506 874 2568 sanctum,
925 2498 1022 2568 qui
1073 2497 1244 2552 datus
1273 2503 1363 2550 est
1392 2495 1476 2550 eis
1507 2496 1678 2564 (Rom.
1711 2511 1766 2562 v,
1795 2495 1886 2566 5);

223 2597 337 2636 nec
374 2588 606 2636 tantum
645 2579 973 2644 hominum,
1025 2577 1124 2632 sed
1162 2576 1436 2646 primitus
1485 2574 1892 2645 praecipueque

225 2661 592 2732 Angelorum
644 2660 860 2714 bonum
909 2673 1058 2724 esse,
1112 2656 1258 2726 quod
1307 2654 1583 2725 scripturn
1624 2663 1730 2721 est,
1763 2650 1893 2708 Mihi

229 2751 430 2796 autem
475 2740 761 2796 adhaerere
805 2739 928 2806 Deo,
977 2738 1177 2792 bonum
1219 2741 1298 2790 est
1341 2735 1511 2802 (Psal.
1559 2750 1729 2801 Lxxu,
1775 2734 1889 2803 28).

235 2821 364 2876 Hoc
397 2821 616 2875 bonum
666 2819 877 2888 quibus
924 2832 1232 2871 commune
1278 2821 1386 2881 est,
1429 2814 1641 2869 habent
1671 2819 1729 2868 et
1759 2829 1892 2867 cum

236 2901 342 2956 illo
377 2900 470 2954 cui
501 2899 800 2953 adhaerent
828 2902 884 2952 et
925 2897 1076 2950 inter
1122 2911 1186 2949 se
1229 2895 1568 2949 societatem
1609 2899 1892 2958 sanctam,

245 2990 301 3036 et
333 2985 478 3036 sunt
507 2995 624 3034 una
653 2978 856 3032 civitas
902 2976 1022 3042 Dei,
1069 2975 1392 3045 eademque
1439 2975 1631 3028 vivum
1676 2973 1896 3028 sacriﬁ-

237 3062 402 3117 cium
424 3061 549 3130 ejus
579 3060 890 3129 vivumque
913 3057 1198 3126 templum
1223 3057 1372 3126 ejus.
1394 3055 1571 3124 Cujus
1604 3072 1735 3125 pars
1762 3071 1893 3126 quae

243 3139 661 3211 conjungenda
702 3137 1136 3193 immortalibus
1175 3136 1412 3207 Angelis
1453 3151 1521 3189 ex
1552 3133 1895 3189 mortalibus

246 3221 593 3277 hominibus
653 3226 1033 3290 congregatur
1089 3215 1188 3286 (a),
1247 3222 1304 3270 et
1360 3231 1517 3270 nunc
1574 3215 1896 3270 mortaliter

249 3304 654 3374 peregrinatur
685 3301 745 3355 in
796 3297 985 3363 terris,
1034 3296 1123 3350 vel
1157 3297 1214 3350 in
1258 3295 1343 3351 eis
1387 3296 1486 3365 qui
1532 3300 1716 3349 morte
1745 3295 1897 3349 obie-

239 3389 409 3449 runt,
440 3381 682 3436 secretis
732 3380 1063 3435 animarum
1116 3376 1496 3448 receptaculis
1541 3376 1896 3442 aedibusque

237 3461 580 3533 requiescit,
639 3461 842 3515 eodem
907 3459 1018 3512 Deo
1071 3467 1323 3520 creante,
1393 3455 1894 3525 quemadmodum

232 3553 437 3598 exorta
476 3542 570 3606 sit,
608 3541 762 3595 sicut
793 3539 864 3593 de
906 3537 1144 3604 Angelis
1184 3537 1404 3589 dictum
1436 3543 1542 3600 est,
1570 3535 1693 3603 jam
1727 3533 1896 3586 video

230 3639 375 3678 esse
423 3622 762 3677 dicendum.
823 3619 902 3673 Ex
963 3632 1077 3671 uno
1139 3616 1356 3686 quippe
1415 3614 1670 3679 homine,
1722 3627 1893 3683 quem

232 3705 496 3775 primum
530 3703 680 3758 Deus
714 3699 994 3761 condidit,
1043 3712 1226 3767 genus
1272 3695 1596 3748 humanum
1637 3693 1896 3761 sumpsit

234 3785 568 3851 exordium,
601 3782 921 3837 secundum
945 3784 1160 3833 sanctis
1191 3775 1500 3845 Scriptura:
1535 3775 1727 3840 tidem,
1763 3790 1890 3843 quae

242 3865 578 3920 mirabilem
631 3861 1040 3918 auctoritatem
1094 3874 1208 3911 non
1263 3856 1552 3910 immerito
1614 3855 1789 3908 habet
1834 3854 1892 3907 in

244 3948 384 4002 orbe
433 3954 739 4010 terrarum,
795 3949 966 4012 atque
1012 3941 1069 3994 in
1102 3939 1376 3994 omnibus
1407 3936 1699 4007 gentibus,
1747 3951 1895 4002 quas

248 4029 360 4084 sibi
394 4044 519 4083 esse
550 4025 868 4082 crediturae
915 4023 1067 4076 inter
1114 4027 1318 4076 caetera
1347 4034 1482 4073 vera
1510 4015 1533 4050 ²
1563 4032 1687 4086 quas
1730 4013 1894 4083 dixit,

242 4125 376 4166 vera
403 4109 710 4163 divinitate
744 4104 1028 4177 pradixit.

243 4243 478 4301 CAPUT
506 4243 575 4299 X.
609 4273 677 4283 —
707 4245 783 4298 De
820 4243 1067 4310 falsitate
1105 4241 1225 4311 ejus
1258 4238 1529 4307 historia},
1563 4251 1688 4308 quae
1717 4235 1893 4289 multa

282 4325 477 4382 millia
523 4341 797 4381 annorum
840 4321 1144 4393 praeteritis
1187 4322 1519 4390 temporibus
1561 4316 1858 4373 adscribet.

317 4435 369 4488 1.
402 4433 758 4490 Omittamus
806 4430 984 4498 igitur
1023 4430 1389 4498 conjecturas
1433 4425 1730 4480 hominum
1764 4439 1894 4478 nes-

247 4517 524 4572 cientium
559 4515 697 4586 quid
725 4514 1040 4584 loquantur
1072 4514 1139 4566 de
1170 4516 1379 4564 natura
1408 4510 1490 4563 vel
1527 4508 1897 4562 institutione

248 4597 478 4669 generis
509 4595 769 4651 humani.
795 4593 904 4648 Alii
939 4608 1207 4662 namque,
1233 4590 1386 4645 sicut
1417 4590 1485 4643 de
1519 4589 1646 4658 ipso
1676 4587 1895 4642 mundo

248 4667 642 4744 crediderunt,
676 4690 907 4743 semper
938 4673 1117 4727 fuisse
1150 4671 1418 4725 homines
1449 4670 1766 4738 opinantur
1794 4667 1894 4738 (ὸ).

251 4758 419 4815 Unde
443 4760 608 4812 aitet
641 4757 940 4826 Apuleius.
973 4768 1106 4807 cum
1151 4752 1258 4806 hoc
1296 4751 1680 4804 animantium
1714 4763 1900 4818 genus

251 4841 634 4894 describeret:
659 4860 684 4886 ε‹
720 4833 1062 4902 Singillatim
1085 4833 1370 4897 mortales,
1402 4832 1644 4882 cunctim
1666 4827 1686 4859 ³
1719 4837 1900 4880 tamen

256 4921 513 4976 universo
543 4932 747 4990 genere
776 4917 1020 4986 perpetui
1045 4914 1127 4980 (In
1151 4911 1293 4966 libro
1323 4915 1390 4964 de
1410 4909 1503 4964 dco
1525 4905 1801 4976 Socratis).
1837 4906 1904 4960 Et

327 5077 340 5108 ¹
373 5071 532 5124 Editi.
568 5071 628 5118 in
658 5070 751 5117 eis.
784 5069 962 5122 Abest.
998 5067 1075 5121 in.
1099 5079 1132 5114 θ,
1160 5066 1281 5114 Mss.

324 5135 344 5168 ²
371 5135 521 5197 Apud
552 5135 628 5197 Er,
667 5135 720 5181 et
747 5132 871 5181 Lov.
905 5131 1159 5197 omissum
1191 5131 1287 5184 est,
1321 5141 1467 5197 υεγςᾳ.

326 5199 348 5231 ³
375 5185 515 5245 Libri
543 5196 778 5258 quidam,
809 5195 1034 5254 cuncti;
1082 5194 1144 5243 ut
1173 5203 1349 5253 supra.
1401 5189 1492 5237 lib.
1523 5186 1570 5245 9,
1613 5200 1725 5250 cap.
1761 5185 1806 5235 8.
1838 5188 1906 5235 At

260 5261 535 5323 Apuleius.
559 5259 817 5323 cunctim
837 5273 847 5323 ᾖ

325 5318 399 5384 (a)
436 5322 582 5372 Coni.
615 5321 900 5384 Enchirid.,
930 5333 983 5368 n.
1014 5318 1062 5384 9.

317 5374 395 5498 Ξὸί
421 5384 666 5445 Basilius,
715 5374 942 5433 Homilia
969 5383 1142 5444 prima
1187 5379 1249 5427 in
1287 5377 1645 5425 Hexaemeron
1676 5389 1688 5423 :
1722 5393 1748 5420 at
1778 5374 1906 5423 Pro-

339 5461 564 5498 auorum
592 5448 867 5496 hominum
896 5446 989 5495 alii
1034 5447 1283 5493 naturam
1316 5441 1606 5487 humanam
1635 5441 1906 5487 aeternam

261 5461 287 5497 ι
317 5441 564 5499 fanorum
592 5441 867 5496 hominum
896 5441 989 5495 alii
1034 5447 1283 5493 naturam
1316 5441 1606 5487 humanam
1635 5441 1906 5487 aeternam

260 5527 285 5557 ι
319 5513 675 5561 asseruerunt.
728 5511 822 5559 alii
868 5511 1096 5571 primum
1126 5506 1183 5571 in
1210 5502 1408 5571 Attica
1428 5505 1586 5571 natos
1616 5500 1908 5571 fuissehho-

262 5592 292 5618 ι
327 5575 514 5636 mines,
548 5573 641 5622 alii
668 5574 726 5622 in
753 5564 994 5632 Arcadia,
1020 5571 1114 5636 alii
1143 5570 1200 5617 in
1228 5567 1469 5629 ιΕεγριο.
1500 5583 1525 5608 »
1555 5564 1754 5622 Quibus
1783 5564 1909 5628 Scy-

330 5639 449 5689 thas
475 5633 640 5690 etiam
665 5637 1000 5688 addiderunt.
1035 5633 1276 5690 Cosmus.

1525 271 1762 332 LIBER
1803 269 2332 332 DUODECIMUS.

3517 283 3630 346 358

1979 419 2111 485 cum
2147 404 2262 458 illis
2288 405 2508 460 dictum
2534 405 2731 473 tuerit,
2768 407 2813 462 si
2836 424 3065 480 semper
3086 410 3407 467 humanum
3437 428 3629 485 genus

1979 483 2112 549 fuit,
2163 501 2415 555 quonam
2473 488 2644 542 modo
2696 504 2892 542 verum
2944 505 3139 544 eorum
3192 483 3464 562 loquatur
3507 494 3632 549 his-

1979 565 2146 632 toria,
2201 585 2443 624 narrans
2492 571 2592 639 qui
2646 569 2858 623 fuerint
2896 585 3263 642 quarumque
3310 590 3498 628 rerum
3534 575 3631 629 in-

1981 651 2257 715 ventores,
2292 648 2388 719 qui
2431 649 2598 719 primi
2641 649 2968 705 liberalium
3001 652 3449 723 disciplinarum
3484 656 3630 710 alia-

1981 742 2226 807 rumque
2256 732 2467 784 artium
2502 730 2892 798 institutores,
2925 733 3008 787 vel
3043 751 3075 787 a
3119 735 3332 806 quibus
3365 736 3620 807 primum

1983 805 2080 861 illa
2113 808 2197 863 vel
2234 809 2333 864 illa
2375 811 2530 881 regio
2565 828 2814 882 parsque
2864 805 3172 880 terrarum,
3205 816 3300 870 illa
3335 805 3503 887 atque
3530 817 3628 874 illa

1982 887 2174 943 insula
2205 891 2379 945 incoli
2411 893 2682 962 coeperit:
2724 895 3095 964 respondent,
3131 895 3364 952 diluviis
3395 903 3445 951 et
3478 914 3626 952 con-

1984 966 2425 1038 flagrationibus
2477 988 2574 1041 per
2622 977 2779 1026 certa
2824 973 3127 1028 intervalla
3173 983 3500 1046 temporum
3549 977 3628 1048 (a)

1985 1063 2098 1102 non
2162 1051 2401 1120 quidem
2463 1052 2680 1118 omnia,
2740 1053 2839 1108 sed
2901 1053 3154 1124 plurima
3211 1060 3496 1110 terrarum
3556 1057 3636 1110 ita

1985 1129 2216 1195 vastari,
2251 1137 2312 1186 ut
2345 1132 2678 1202 redigantur
2728 1134 2991 1190 homines
3029 1137 3099 1191 ad
3134 1138 3394 1206 exiguam
3432 1137 3634 1208 pauci-

1987 1211 2186 1276 tatem,
2222 1227 2289 1264 ex
2315 1228 2565 1281 quorum
2603 1215 2877 1284 progenie
2909 1231 3114 1272 rursus
3148 1217 3462 1273 multitudo
3495 1218 3634 1288 pris-

1989 1289 2112 1343 tina
2143 1297 2463 1360 reparatur,
2498 1310 2562 1348 ac
2595 1294 2678 1350 sic
2711 1295 3016 1352 identidem
3040 1300 3287 1367 reparari
3321 1303 3377 1352 et
3411 1297 3634 1353 institui

1990 1372 2155 1440 quasi
2178 1371 2387 1442 prima,
2422 1390 2553 1428 cum
2587 1377 2601 1409 ¹
2641 1376 3024 1432 restituantur
3047 1380 3236 1448 potius
3259 1395 3386 1449 qua:
3411 1380 3635 1433 fuerant

1986 1449 2103 1505 illis
2136 1452 2336 1507 nimiis
2377 1455 2804 1511 vastationibus
2851 1458 3177 1529 interrupta
3207 1465 3264 1515 et
3311 1459 3631 1526 exstincta;

1988 1536 2254 1586 ceterum
2288 1533 2583 1590 hominem
2621 1536 2731 1591 nisi
2759 1554 2827 1591 ex
2859 1537 3090 1593 homine
3122 1540 3364 1594 existere
3395 1540 3632 1594 omnino

1988 1627 2103 1666 nou
2140 1629 2328 1683 posse.
2365 1617 2570 1672 Dicunt
2613 1622 2808 1672 autem
2848 1622 3000 1689 quod
3052 1626 3279 1690 putant,
3329 1637 3444 1676 non
3478 1619 3630 1690 quod

1987 1692 2201 1748 sciunt.

2058 1777 2110 1830 2.
2178 1774 2407 1832 Fallunt
2467 1794 2562 1832 eos
2620 1781 2794 1834 etiam
2846 1780 3108 1850 quaedam
3160 1781 3635 1837 mendacissimus

1989 1855 2212 1924 litterae,
2237 1872 2382 1928 quas
2407 1858 2705 1927 perhibent
2730 1861 2784 1914 io
2821 1860 3060 1915 historia
3093 1865 3421 1933 temporum
3453 1862 3636 1916 multa

1989 1953 2278 1992 annorum
2333 1938 2515 1993 millia
2574 1942 2872 1995 continere
2931 1940 3045 2010 (b):
3097 1958 3227 1996 cum
3282 1958 3344 1996 ex
3404 1941 3634 1996 Litteris

1989 2019 2170 2071 sacris
2209 2018 2280 2072 ab
2319 2018 2687 2075 institutione
2737 2021 2993 2074 hominis
3037 2023 3299 2075 nondum
3350 2021 3637 2092 completa

1990 2112 2279 2151 annorum
2333 2115 2433 2152 sex
2496 2099 2679 2154 millia
2739 2105 3142 2166 computemus
3187 2103 3278 2168 (c).
3333 2099 3513 2167 Unde,
3567 2114 3637 2155 ne

1995 2176 2177 2231 multa
2193 2178 2485 2247 disputem
2511 2180 3005 2249 quemadmodum
3029 2180 3258 2234 illarum
3285 2179 3636 2249 litterarum,

1997 2258 2054 2308 in
2087 2254 2298 2323 quibus
2344 2255 2516 2325 longe
2557 2255 2724 2326 plura
2755 2274 3040 2311 annorum
3079 2258 3259 2312 millia
3289 2258 3637 2324 referuntur,

1993 2336 2218 2389 vanitas
2250 2336 2563 2402 refellatur,
2598 2342 2653 2390 et
2692 2337 2850 2391 nulla
2881 2337 2940 2391 in
2965 2337 3079 2392 illis
3111 2337 3189 2391 rei
3224 2337 3400 2407 hujus
3430 2338 3642 2393 idonea

1995 2415 2320 2485 reperiatur
2349 2415 2697 2483 auctoritas;
2722 2416 2821 2470 illa
2851 2417 3094 2486 epistola
3113 2417 3420 2473 Alexandri
3447 2417 3643 2488 Magni

1995 2498 2061 2549 ad
2097 2494 2488 2566 Olympiadem
2538 2502 2781 2550 matrem
2831 2513 2992 2551 suam
3043 2497 3152 2568 (ά),
3198 2514 3371 2569 quam
3412 2499 3644 2567 scripsit

1999 2578 2393 2630 narrationem
2454 2577 2752 2646 cujusdam
2812 2576 3060 2648 Egyptii
3117 2578 3436 2633 sacerdotis
3495 2577 3642 2633 insi-

1999 2673 2210 2723 nuans,
2245 2673 2418 2728 quam
2467 2657 2708 2728 protulit
2754 2674 2821 2713 ex
2868 2658 3076 2712 litteris
3109 2674 3236 2729 qua!
3267 2675 3441 2713 sacrae
3485 2658 3640 2728 apud

1997 2735 2129 2790 illos
2161 2735 2534 2800 haberentur,
2581 2737 2974 2792 continentem
3021 2753 3197 2808 regna
3229 2739 3248 2771 ²
3279 2754 3404 2808 quae
3447 2737 3644 2792 Grates

1999 2832 2225 2886 quoque
2269 2817 2428 2872 novit
2476 2817 2754 2872 historia:
2803 2817 2861 2872 in
2914 2818 3125 2885 quibus
3177 2833 3418 2886 regnum
3466 2827 3642 2888 Assy-

1999 2897 2216 2952 riorum
2239 2897 2296 2952 in
2329 2897 2531 2952 eadem
2557 2898 2801 2968 epistola
2831 2898 3138 2954 Alexandri
3168 2899 3426 2970 quinque
3459 2899 3646 2952 millia

1999 2978 2226 3033 excedit
2276 2993 2588 3043 annorum;
2647 2978 2702 3031 in
2756 2977 2952 3033 Graeca
3010 2993 3145 3034 vero
3194 2977 3437 3033 historia
3487 2977 3647 3033 mille

2000 3061 2182 3114 ferme
2215 3065 2268 3113 et
2299 3062 2590 3113 trecentos
2622 3057 2798 3112 habet
2829 3058 2900 3114 ab
2931 3058 3112 3130 ipsius
3143 3057 3259 3113 Beli
3294 3058 3646 3129 principatu,

2000 3156 2170 3210 quem
2224 3155 2414 3210 regem
2461 3145 2518 3194 et
2566 3139 2661 3193 ille
2710 3139 3009 3210 Egyptius
3048 3139 3108 3194 in
3163 3139 3426 3209 ejusdem
3484 3139 3648 3211 regni

2002 3219 2166 3288 ponit
2221 3219 2472 3274 exordio.
2533 3219 2836 3274 Persarum
2894 3226 3088 3274 autem
3148 3224 3204 3274 et
3261 3219 3645 3275 Macedonum

2002 3299 2310 3370 imperium
2345 3315 2532 3369 usque
2561 3300 2631 3354 ad
2659 3301 2851 3369 ipsum
2885 3299 3297 3363 Alexandrum,
3331 3300 3426 3354 cui
3460 3301 3648 3369 loque-

2002 3377 2194 3443 batur,
2228 3381 2360 3448 plus
2401 3395 2575 3449 quam
2623 3384 2750 3434 octo
2797 3384 2854 3432 et
2905 3395 3193 3433 annorum
3251 3379 3498 3433 millium
3549 3379 3648 3434 ille

2003 3457 2327 3513 constituit:
2376 3475 2506 3513 cum
2555 3460 2705 3530 apud
2758 3459 2983 3513 Graecos
3033 3459 3412 3512 Macedonum
3465 3475 3650 3528 usque

2002 3539 2069 3593 ad
2108 3544 2346 3592 mortem
2378 3539 2684 3593 Alexandri
2708 3537 3121 3608 quadringenti
3153 3538 3444 3609 octoginta
3476 3539 3646 3607 quin-

2002 3635 2111 3689 que
2169 3617 2558 3687 reperiantur;
2622 3619 2927 3672 Persarum
2998 3634 3148 3684 vero,
3220 3619 3402 3672 donec
3460 3617 3646 3687 ipsius

2000 3698 2310 3754 Alexandri
2341 3697 2576 3753 victoria
2602 3698 2886 3762 finiretur,
2919 3698 3152 3752 ducenti
3176 3706 3226 3752 et
3262 3697 3500 3769 triginta
3529 3701 3647 3752 tres

2001 3783 2402 3844 computentur
2446 3779 2537 3848 (ε).
2583 3779 2816 3848 Longus
2861 3778 3054 3848 itaque
3100 3778 3158 3832 hi
3190 3779 3420 3833 numeri
3472 3794 3649 3832 anno-

2000 3876 2128 3915 rum
2160 3859 2276 3914 illis
2319 3858 2602 3929 Aﬂgyptiis
2635 3865 2772 3912 sunt
2822 3860 3098 3924 minores,
3143 3874 3244 3912 nec
3277 3858 3380 3925 eis,
3415 3858 3648 3914 etiamsi

1999 3945 2087 3995 ter
2130 3945 2355 3994 tantum
2403 3943 2906 4008 computarentur,
2947 3945 3314 4009 aequarentur
3357 3938 3398 3994 ³.
3452 3937 3647 3992 Perhi-

2002 4021 2212 4075 bentur
2251 4020 2404 4074 enim
2452 4018 2698 4090 Egyptii
2747 4021 3041 4089 quondam
3075 4025 3193 4073 tam
3230 4019 3431 4073 breves
3460 4035 3645 4074 anuos

2003 4099 2291 4164 habuisse,
2355 4102 2418 4152 ut
2473 4097 2774 4167 quaternis
2834 4097 3132 4151 mensibus
3193 4096 3499 4151 (inirentur
3557 4096 3645 4168 (Ι).

2005 4178 2162 4234 Unde
2193 4195 2382 4233 annus
2406 4177 2629 4248 plenior
2657 4181 2714 4231 et
2744 4177 2951 4242 verior,
2985 4177 3173 4247 qualis
3206 4193 3362 4234 nunc
3393 4186 3445 4232 et
3475 4177 3646 4232 nobis

2070 4310 2085 4341 ί
2148 4306 2306 4354 Vind.
2350 4307 2466 4354 Am.
2520 4308 2573 4355 et
2626 4306 2730 4368 Er.,
2764 4307 2929 4368 quasi
2988 4306 3184 4365 prima
3234 4306 3646 4365 restituantur;

2002 4370 2199 4480 gmiissa
2225 4369 2505 4432 particula,
2534 4383 2659 4417 cum
2695 4384 2708 4429 ;
2741 4370 2892 4431 cujus
2947 4369 3060 4419 loco
3105 4370 3355 4419 nonnulli
3392 4370 3513 4418 Mss.
3553 4370 3648 4417 ha-

2039 4447 2103 4480 en
2135 4469 2147 4480 .
2181 4441 2258 4479 ut.

2039 4436 2147 4486 ent,
2181 4441 2258 4479 ut.

2068 4494 2089 4528 ²
2125 4493 2210 4542 Sic
2238 4493 2364 4557 Mss.
2392 4496 2458 4542 At
2485 4494 2630 4552 editi,
2662 4495 2903 4543 continet
2933 4494 3099 4544 etiam
3130 4509 3322 4557 regna.

2067 4558 2086 4591 3
2117 4557 2290 4604 Nostri
2319 4556 2463 4615 Mss.,
2493 4567 2815 4615 aequare-nt.
2848 4558 2914 4605 M.

2063 4619 2138 4678 (α)
2170 4619 2287 4666 Vid.
2321 4617 2499 4667 Senec.
2534 4617 2627 4667 lib.
2668 4619 2698 4668 3
2744 4620 2974 4669 natural.
3021 4619 3251 4676 Quaest.,
3301 4631 3452 4680 capp.
3502 4617 3564 4666 27
3596 4619 3650 4667 et

2004 4697 2145 4744 seqq.
2182 4685 2234 4730 et
2262 4681 2422 4730 Cicer.
2456 4681 2548 4729 lib.
2581 4681 2611 4728 2
2639 4684 2702 4731 de
2730 4683 2843 4730 Nat.
2877 4683 3019 4729 deor.

2067 4740 2133 4807 (ὁ)
2165 4745 2279 4792 Vid.
2316 4744 2476 4794 Cicer.
2525 4745 2616 4792 lib.
2674 4745 2697 4791 1
2748 4745 2811 4793 de
2854 4744 3108 4795 Divinat..
3153 4754 3264 4802 cap.
3301 4740 3378 4799 19,
3426 4743 3478 4788 et
3505 4742 3646 4789 Lact.

2001 4809 2094 4856 lib.
2130 4807 2159 4854 7
2210 4807 2404 4864 Instit.,
2432 4820 2545 4866 cap.
2579 4807 2653 4853 14.

2065 4872 2139 4930 re)
2168 4870 2444 4926 Eusebius,
2483 4864 2640 4928 quem
2678 4867 2742 4930 in
2785 4865 3095 4930 digestione
3123 4865 3421 4930 temporum
3466 4864 3651 4930 Augu-

2007 4925 2179 4982 stinus
2210 4932 2465 4992 sequitur,
2496 4925 2528 4976 ὁ,
2561 4928 2771 4992 condito
2800 4928 2999 4975 mundo
3033 4926 3100 4974 ad
3140 4927 3366 4992 _Ro_mam
3390 4938 3422 4973 a
3466 4925 3651 4974 Gothis

2004 5000 2214 5057 captam
2240 4988 2552 5057 gquinquies
2581 4989 3022 5057 miliasexcentos
3047 4988 3299 5057 undecim
3321 5001 3489 5057 annos
3517 5003 3655 5057 com-

2005 5051 2174 5121 putat.
2205 5051 2360 5121 idque
2390 5051 2451 5101 ex
2480 5051 2856 5121 supputatione
2902 5052 3246 5121 Septuaginta
3278 5052 3649 5121 Interpretum.

2007 5115 2132 5169 Nam
2164 5132 2229 5167 ex
2257 5115 2489 5164 Hebraeo
2519 5116 2655 5164 Beda
2685 5129 2851 5178 usque
2879 5117 2946 5164 ad
2977 5117 3328 5177 principatum
3359 5115 3573 5178 Honorii
3603 5117 3656 5178 et

2008 5181 2282 5232 Theodosii
2311 5179 2554 5241 iunioris,
2585 5193 2689 5240 quo
2721 5177 2953 5242 tempore
2981 5179 3172 5228 Urbem
3202 5179 3450 5240 ceperunt
3477 5177 3652 5242 Gothi.

2008 5239 2368 5358 ῗὲξιθῦιξιέἓιο
2394 5239 2655 5292 trecentos
2682 5239 3020 5306 septuaginta
3062 5239 3277 5304 septem
3289 5253 3458 5290 annos
3485 5239 3654 5303 ponit.

2050 5323 2125 5358 ΠΙ).
2167 5321 2318 5355 VIVIIS.

2071 5371 2154 5430 (ιι)
2177 5370 2292 5417 Vid.
2327 5381 2502 5428 supra,
2534 5368 2630 5415 lib.
2667 5367 2714 5423 8,
2746 5381 2858 5430 cap.
2889 5368 2936 5417 5.

2076 5428 2139 5496 (ei
2169 5432 2282 5496 Yid.
2316 5443 2477 5496 supra
2493 5432 2785 5496 Anotamiad
2809 5428 2905 5479 lib.
2938 5433 2986 5487 4,
3017 5444 3131 5493 cap.
3162 5428 3212 5496 7_.

2071 5490 2138 5558 (Γ)
2175 5494 2290 5542 Vid.
2319 5490 2583 5558 Plin._lib.
2615 5493 2644 5542 7
2694 5494 2806 5542 Hist
2856 5498 2987 5549 nat,
3018 5490 3132 5554 cap.
3180 5490 3275 5558 48,_
3293 5490 3530 5558 Lactant.
3560 5493 3654 5543 lib.

2011 5560 2041 5608 2
2071 5553 2263 5668 Insiizt”
2297 5570 2410 5620 cap.
2447 5555 2525 5614 12,
2555 5559 2606 5606 et
2643 5559 2818 5620 ipsum
2861 5553 3218 5619 Augustinum
3261 5553 3422 5616 intra,
3451 5555 3544 5605 lib.
3578 5558 3654 5613 15.

2013 5636 2126 5668 can.
2227 5657 2236 5668 .

2013 5636 2126 5687 cap.
2160 5636 2236 5668 ιι.
