4138 6192
277 291 378 362 361

279 432 443 488 aliter
474 433 828 501 putaverunt
866 444 1037 500 posse
1078 426 1162 484 vel
1193 428 1403 483 debere
1432 424 1766 491 dissolvere,
1798 418 1915 477 nisi

279 517 338 567 ut
366 511 643 567 circuitus
691 518 1015 578 temporum
1061 508 1422 576 inducerent,
1466 507 1683 578 quibus
1714 503 1916 559 eadem

279 607 506 662 semper
549 591 728 646 fuisse
778 593 1047 645 renovata
1094 594 1270 659 atque
1318 587 1563 659 repetita
1615 585 1672 639 in
1724 598 1917 640 rerum

280 678 506 738 natura,
558 674 733 740 atque
783 669 866 724 ita
922 669 1194 738 deinceps
1253 669 1372 723 fore
1421 667 1546 721 sine
1595 664 1920 721 cessatione

279 757 670 810 asseverarent
694 749 990 805 volumina
1018 749 1379 805 venientium
1412 745 1923 819 praetereuntium-

279 851 388 908 que
426 833 800 889 saeculorum:
853 831 972 886 sive
1016 831 1074 885 in
1128 829 1346 885 mundo
1396 831 1775 901 permanente
1828 824 1922 880 isti

278 917 549 972 circuitus
592 914 815 978 fierent,
871 912 988 967 sive
1037 912 1208 968 certis
1254 910 1572 967 intervallis
1625 909 1818 964 oriens
1868 910 1924 960 et

279 996 548 1054 occidens
593 994 849 1049 mundus
891 993 1093 1048 eadem
1137 1008 1367 1063 semper
1397 991 1564 1062 quasi
1600 1005 1763 1055 nova,
1798 1003 1922 1058 quas

280 1080 575 1132 transacta
606 1079 660 1130 et
706 1090 832 1145 quas
878 1078 1122 1129 ventura
1171 1076 1328 1140 sunt,
1371 1071 1682 1126 exhiberet.
1727 1071 1771 1124 A
1810 1083 1924 1138 quo

280 1156 533 1212 ludibrio
566 1171 801 1226 prorsus
831 1153 1226 1209 immortalem
1273 1151 1555 1218 animam,
1589 1151 1760 1205 etiam
1791 1164 1924 1203 cum

280 1235 630 1308 sapientiam
677 1233 1014 1304 perceperit,
1066 1233 1308 1289 liberare
1341 1249 1451 1288 non
1487 1233 1751 1303 possunt,
1788 1245 1926 1284 eun-

279 1323 395 1374 tem
428 1315 555 1372 sine
595 1315 925 1370 cessatione
957 1315 1025 1368 ad
1063 1314 1264 1369 falsam
1299 1312 1739 1376 beatitudinem,
1774 1313 1830 1363 et
1855 1308 1927 1364 ad

280 1412 476 1452 veram
511 1393 808 1450 miseriam
843 1395 970 1447 sine
1013 1393 1340 1449 cessatione
1381 1392 1740 1447 redeuntem.
1783 1391 1931 1454 Quo-

279 1477 448 1533 modo
481 1476 636 1530 enim
671 1491 802 1530 vera
846 1474 1137 1529 beatitudo
1178 1478 1286 1538 est,
1328 1474 1397 1529 de
1427 1473 1596 1542 cujus
1627 1484 1925 1540 nunquam

283 1557 603 1614 aeternitate
636 1555 970 1622 conliditur,
1013 1555 1152 1609 dum
1187 1555 1379 1609 anima
1417 1558 1723 1608 venturam
1757 1549 1929 1604 mise-

280 1639 427 1694 riam
461 1642 562 1692 aut
592 1633 1034 1707 imperitissime
1066 1636 1123 1690 in
1157 1634 1393 1690 veritate
1424 1632 1628 1699 nescit,
1661 1635 1763 1685 aut
1791 1629 1934 1683 infe-

283 1718 564 1774 licissime
626 1717 682 1770 in
739 1715 1100 1771 beatitudine
1161 1712 1560 1786 pertimescit?
1613 1713 1724 1766 Aut
1763 1709 1809 1763 si
1861 1707 1933 1761 ad

281 1798 558 1854 miserias
608 1812 911 1867 nunquam
975 1794 1221 1851 ulterius
1283 1795 1560 1860 reditura,
1606 1808 1673 1847 ex
1725 1790 1813 1844 his
1865 1788 1932 1843 ad

277 1878 705 1936 beatitudinem
742 1877 956 1949 pergit;
993 1877 1057 1932 ﬁt
1104 1893 1240 1947 ergo
1273 1875 1495 1947 aliquid
1530 1872 1660 1928 novi
1700 1873 1755 1926 in
1790 1879 1935 1926 tem-

275 1977 446 2034 pore,
490 1959 640 2030 quod
695 1957 869 2012 finem
923 1973 1033 2012 non
1091 1956 1265 2012 habet
1315 1954 1611 2024 temporis.
1656 1951 1770 2007 Cur
1821 1966 1934 2034 non

279 2027 818 2110 ergo’et'mundus?
841 2053 943 2092 cur
967 2052 1077 2091 non
1103 2043 1154 2090 et
1172 2035 1347 2090 homo
1374 2035 1558 2089 factus
1583 2035 1642 2086 in
1677 2027 1940 2086 mundo?

276 2109 468 2176 utiilli
502 2119 695 2174 nescio
723 2118 821 2188 qui
849 2117 979 2171 falsi
1013 2117 1296 2170 circuitus
1326 2132 1359 2169 a
1391 2113 1553 2168 falsis
1576 2109 1944 2183 sapientibus

276 2200 723 2268 fallacibusque
773 2195 1081 2266 comperti,
1114 2197 1170 2248 in
1222 2195 1484 2250 doctrina
1521 2209 1662 2247 sana
1708 2189 1942 2245 tramite

270 2284 435 2338 recti
467 2279 695 2335 itineris
727 2278 1032 2332 evitentur.

355 2365 420 2414 2.
454 2361 593 2413 Nam
630 2358 870 2428 quidam
900 2362 955 2411 et
986 2356 1126 2411 illud
1161 2357 1316 2426 quod
1345 2355 1558 2425 legitur
1582 2353 1641 2406 in
1662 2351 1813 2406 libro
1845 2351 1950 2406 Sa-

266 2439 576 2507 lomonis,
609 2439 708 2510 qui
761 2442 1002 2494 vocatur
1060 2437 1454 2500 Ecclesiastes,
1501 2435 1644 2503 Quid
1691 2440 1768 2489 est
1810 2432 1953 2504 quod

264 2524 405 2594 fuit
426 2523 452 2573 .9
481 2523 668 2591 Ipsum
706 2518 849 2590 quod
897 2517 1024 2574 erit.
1057 2519 1117 2573 Et
1148 2517 1282 2589 quid
1317 2516 1558 2588 estquod
1587 2519 1797 2584 factum
1828 2518 1908 2569 est
1928 2513 1956 2565 ?

268 2607 479 2675 Ipsum
512 2599 652 2670 quod
679 2600 878 2670 ﬁct:et
897 2616 1007 2654 non
1036 2610 1116 2654 est
1145 2615 1307 2653 omne
1337 2614 1520 2653 recens
1539 2597 1638 2652 sub
1669 2597 1798 2652 sole.
1821 2597 1956 2665 Qui:

272 2686 585 2755 loquatur,
619 2688 668 2735 et
696 2680 843 2735 dicat
875 2680 913 2749 ί,
948 2682 1080 2736 Ecce
1111 2679 1213 2735 hoc
1242 2695 1441 2734 novum
1469 2687 1542 2733 est
1567 2681 1591 2731 .9
1619 2679 1740 2733 Jam
1768 2679 1957 2746 fuitin

267 2761 523 2822 saeculis
552 2775 677 2832 qua”;
697 2761 929 2830 [uerunt
951 2765 1078 2815 ante
1096 2775 1193 2814 nos
1216 2759 1409 2830 (Eccle.
1435 2775 1474 2826 ι,
1494 2758 1550 2824 9,
1580 2757 1664 2828 10)
1687 2774 1700 2822 ;
1725 2763 1960 2828 propter

273 2847 402 2901 hos
469 2841 752 2898 circuitus
802 2841 863 2895 in
910 2839 1112 2894 eadem
1176 2839 1488 2893 redeuntes
1541 2841 1599 2892 et
1647 2837 1706 2891 in
1756 2837 1956 2891 eadem

275 2943 354 2982 cu
369 2931 512 2980 ncta
538 2925 894 2988 revocantes,
920 2919 1142 2974 dictum
1167 2917 1414 2988 intelligi
1436 2918 1642 2972 volunt
1661 2917 1738 2986 (α)
1764 2933 1776 2972 :
1805 2915 1957 2986 quod

269 3005 388 3060 ille
416 3009 520 3058 aut
543 3002 612 3056 de
634 3000 727 3055 his
748 3000 922 3055 rebus
945 2999 1110 3062 dixit,
1136 2999 1206 3052 de
1230 2996 1445 3068 quibus
1467 2997 1738 3068 superius
1763 2996 1961 3065 loque-

271 3087 496 3149 batur,
521 3081 631 3137 hoc
654 3084 743 3136 est
773 3081 845 3135 de
866 3078 1334 3150 generationibus
1360 3076 1488 3132 aliis
1509 3077 1806 3141 euntibus,
1830 3073 1961 3128 aliis

269 3163 699 3222 venientibus.
753 3160 822 3215 de
875 3159 1016 3215 solis
1061 3157 1443 3223 anfractibus,
1494 3157 1565 3211 de
1613 3155 1958 3212 torrentium

273 3245 616 3318 lapsibus;
650 3246 752 3297 aut
794 3245 948 3297 certe
979 3242 1046 3296 de
1084 3240 1346 3296 omnium
1397 3253 1590 3293 rerum
1632 3234 1962 3309 generibus,

277 3314 427 3396 qua:
486 3324 782 3391 oriuntur,
818 3327 990 3392 atque
1035 3319 1328 3376 occidunt.
1360 3317 1618 3373 Fuerunt
1658 3317 1814 3371 enim
1857 3314 1964 3368 ho-

271 3406 500 3462 mines
546 3408 681 3459 ante
729 3419 856 3468 nos,
891 3405 1028 3456 sunt
1074 3409 1126 3456 et
1172 3399 1499 3462 nobiscum,
1530 3402 1586 3452 et
1615 3402 1788 3452 erunt
1840 3400 1968 3464 post

272 3505 400 3544 nos
432 3511 451 3553 ;
489 3487 574 3539 ita
621 3497 864 3554 qumque
917 3480 1260 3542 animantia,
1295 3478 1382 3533 vel
1415 3478 1676 3532 arbusta.
1710 3479 1968 3530 Monstra

265 3583 543 3642 quoque
588 3565 737 3636 ipse,
786 3580 912 3635 quas
970 3563 1250 3619 inusitata
1300 3565 1642 3625 nascuntur,
1698 3555 1968 3628 quamvis

265 3636 455 3705 inter:
486 3664 555 3703 se
585 3647 807 3701 diversa
833 3645 972 3714 sint,
995 3648 1053 3699 et
1086 3643 1349 3714 quaedam
1384 3654 1584 3694 eorum
1608 3636 1787 3692 semel
1820 3636 1971 3688 facta

263 3734 649 3794 narrentur,
699 3732 894 3782 tamen
954 3725 1274 3781 secundum
1319 3722 1373 3776 id
1419 3721 1570 3792 quod
1625 3714 1972 3790 generaliter

265 3807 600 3867 miracula
649 3811 708 3862 et
755 3811 1018 3862 monstra
1064 3810 1227 3869 sunt,
1273 3802 1476 3872 utique
1519 3805 1576 3854 et
1620 3801 1873 3861 fuerunt,
1915 3798 1973 3850 et

266 3900 515 3962 erunt;
554 3908 658 3948 nec
688 3907 885 3946 recens
915 3894 973 3945 et
1005 3904 1219 3944 novum
1264 3896 1368 3952 est,
1404 3889 1467 3939 ut
1499 3887 1829 3962 monstrum
1863 3879 1971 3962 sub

265 3976 409 4033 sole
452 3959 763 4029 nascatur.
789 3969 1060 4037 Quamvis
1094 3968 1212 4022 haec
1234 3966 1407 4021 verba
1438 3964 1672 4034 quidam
1697 3961 1780 4016 sic
1803 3959 1972 4014 intel-

269 4055 586 4117 lexerint,
613 4061 886 4122 tanquam
916 4049 971 4104 in
1008 4046 1512 4120 prmdestinatione
1544 4045 1638 4097 Dei
1669 4043 1785 4112 jam
1825 4041 1975 4094 facta

269 4138 497 4194 fuisse
534 4133 752 4199 omnia,
775 4132 1004 4199 sapiens
1033 4128 1129 4183 ille
1159 4127 1438 4183 voluisset
1466 4123 1730 4190 intelligi,
1757 4127 1811 4177 et
1845 4123 1974 4176 ideo

269 4221 451 4275 nihil
495 4232 704 4272 recens
727 4231 855 4270 esse
887 4214 994 4268 sub
1026 4210 1165 4266 sole.
1196 4208 1357 4263 Absit
1387 4213 1582 4262 autem
1607 4223 1638 4260 a
1663 4211 1816 4260 recta
1838 4205 1974 4272 fide,

269 4304 342 4355 ut
381 4301 500 4355 his
541 4294 873 4350 Salomonis
912 4292 1103 4346 verbis
1137 4290 1264 4344 illos
1295 4289 1576 4342 circuitus
1617 4286 1974 4357 significatos

265 4397 419 4437 esse
455 4377 804 4443 credamus,
832 4373 1044 4445 quibus
1065 4370 1146 4425 illi
1182 4373 1388 4442 putant
1420 4368 1501 4423 sic
1533 4367 1727 4423 eadem
1757 4376 1974 4437 tempo-

263 4477 414 4515 rum
489 4453 1030 4526 temporaliumque
1077 4467 1268 4506 rerum
1313 4449 1610 4503 volumina
1654 4445 1856 4517 repeti,
1890 4448 1974 4508 ut,

258 4539 454 4596 verbi
490 4524 717 4610 gratia,
750 4535 898 4589 sicut
932 4534 1042 4586 isto
1074 4531 1285 4586 saeculo
1317 4527 1478 4610 Plato
1513 4527 1890 4610 philosophus
1912 4524 1973 4610 in

260 4621 434 4674 urbe
491 4602 880 4679 Etheniensi,
912 4619 966 4666 et
998 4612 1055 4664 in
1089 4628 1155 4665 ea
1197 4607 1394 4664 schola
1443 4624 1570 4676 quae
1621 4605 1925 4660 Academia
1955 4602 1978 4636 ’

256 4701 456 4756 dicta
517 4699 630 4761 est,
673 4690 988 4764 discipulos
1037 4689 1254 4752 docuit,
1289 4689 1364 4743 ita
1399 4703 1497 4757 per
1529 4681 1978 4764 innumerabilia

257 4785 449 4835 retro
493 4760 745 4839 saecula,
778 4760 1028 4826 multum
1082 4768 1318 4840 prolixis
1367 4767 1600 4838 quidem
1636 4760 1973 4827 intervallis,

258 4860 383 4916 sed
439 4865 664 4911 tamen
699 4853 894 4917 certis,
937 4859 989 4906 et
1022 4850 1173 4904 idem
1220 4848 1374 4903 Plato
1424 4851 1480 4901 et
1527 4845 1727 4900 eadem
1779 4842 1979 4898 civitas

256 4948 324 4997 et
361 4939 615 4995 eadem
649 4931 847 4988 schola
878 4931 1171 5000 iidemque
1211 4927 1480 4997 discipuli
1517 4923 1764 4994 repetiti,
1796 4931 1851 4978 ct
1883 4938 1981 4992 per

255 5013 782 5078 innumerabilia
811 5011 1020 5068 deinde
1051 5009 1262 5065 saecula
1295 5007 1586 5079 repetendi
1622 5005 1775 5059 sint:
1810 5004 1977 5072 absit,

324 5276 342 5310 ι
385 5266 594 5320 Editi,
627 5279 723 5312 nec
752 5267 1042 5327 quisquam
1092 5256 1341 5321 loquitur
1370 5263 1420 5304 et
1447 5255 1596 5303 dicit.
1628 5254 1982 5315 Corriguntur

242 5338 323 5386 ad
363 5328 832 5390 manuscriptos.
898 5389 908 5390 ί
980 5387 988 5390 Α
1131 5384 1179 5390 __
1334 5377 1375 5390 η

316 5379 344 5433 ἆ
363 5379 595 5445 ἷῗῖηό.
628 5379 744 5439 Am.
776 5391 828 5438 et
861 5387 1100 5450 plerique
1131 5384 1279 5450 Msa,
1309 5379 1650 5450 Academicis.

309 5441 422 5525 (ai
445 5441 560 5507 ’ῦι
592 5441 980 5525 οιυξεεηεεῖιίυ.
1011 5441 1061 5512 3,
1086 5447 1213 5509 peri
1248 5443 1482 5494 Archon.
1522 5455 1632 5506 cap.
1664 5442 1714 5502 5,
1744 5444 1797 5490 et
1826 5441 1978 5504 una,

234 5519 350 5576 tibi
387 5518 460 5576 '2.
504 5530 642 5579 cap.
674 5518 721 5565 3.

653 5744 920 5805 PATROL.
971 5739 1121 5800 XLI.

1583 286 1815 350 LIBER
1858 284 2391 353 DUODECIMUS.

3559 298 3676 363 363

2033 421 2295 496 inquam,
2323 429 2385 480 ut
2407 442 2512 482 nos
2534 426 2647 482 ista
2669 429 2998 485 credamus.
3021 431 3207 489 Semel
3231 436 3383 492 enim
3411 436 3682 496 Christus

2035 511 2304 562 mortuus
2335 514 2421 562 est
2455 525 2554 576 pro
2586 509 2838 579 peccatis
2872 515 3086 567 nostris
3111 532 3124 578 ;
3152 531 3457 588 resurgens
3488 525 3684 577 autem

2036 601 2070 640 a
2101 588 2345 642 mortuis
2389 589 2513 656 jam
2562 606 2676 644 non
2728 592 2996 657 moritur,
3030 599 3084 648 et
3120 611 3274 650 mors
3305 599 3352 651 ei
3390 599 3541 654 ultra
3571 617 3688 656 non

2038 666 2439 723 dominabitur
2469 669 2644 740 (Rom.
2679 687 2756 740 Iv,
2788 672 2885 742 9)’:
2917 677 2973 726 et
3005 689 3109 728 nos
3143 681 3271 744 post
3319 683 3690 736 resurrectio-

2040 762 2171 838 nem
2224 763 2455 838 semper
2484 766 2617 838 cum
2655 750 2900 806 Domino
2945 753 3158 808 erimus
3190 756 3233 824 (Ι
3268 755 3439 812 Thess.
3473 775 3543 827 1v,
3580 759 3689 831 16),

2041 830 2134 882 cui
2176 830 2342 884 modo
2391 830 2660 895 dicimus,
2710 832 2860 902 quod
2905 849 3071 887 sacer
3100 836 3372 891 admonet
3401 830 3689 902 Psalmus.

2043 911 2134 978 Tu,
2172 911 2414 976 Domine,
2448 914 2691 969 servabis
2728 930 2847 982 nos,
2880 919 2934 969 cl
2963 917 3233 972 custodias
3269 935 3367 974 nos
3397 937 3430 974 a
3459 938 3692 990 genera-

2039 991 2190 1047 tione
2219 992 2395 1047 hacin
2419 1003 2706 1049 aeternum.
2733 995 2887 1050 Satis
2911 1001 3100 1054 autem
3127 998 3260 1054 istis
3279 999 3544 1056 existimo
3561 1018 3698 1056 con-

2043 1073 2234 1127 venire
2283 1075 2437 1144 quod
2489 1075 2776 1146 sequitur,
2811 1077 2874 1131 In
2920 1077 3156 1132 circuitu
3202 1079 3366 1150 impii
3405 1080 3699 1136 ambulant

2046 1152 2226 1223 (Psal.
2259 1170 2336 1214 χι,
2369 1154 2425 1220 8,
2456 1154 2551 1225 9):
2587 1173 2700 1211 non
2753 1156 2891 1227 quia
2941 1173 3043 1228 per
3091 1158 3339 1215 circulos
3380 1177 3530 1230 quos
3573 1161 3701 1232 opi-

2048 1238 2282 1299 nantur,
2315 1251 2514 1290 eorum
2556 1239 2673 1291 vita
2703 1243 2792 1292 est
2825 1255 3171 1306 recursura;
3206 1241 3307 1295 sed
3351 1240 3488 1310 quia
3527 1243 3700 1297 modo

2045 1313 2181 1369 talis
2209 1319 2297 1370 est
2327 1316 2540 1371 erroris
2570 1332 2774 1374 eorum
2805 1318 2916 1385 via,
2943 1319 2998 1374 id
3030 1324 3138 1386 est,
3175 1319 3316 1376 falsa
3343 1321 3627 1378 doctrina.

2047 1511 2280 1567 CAPUT
2308 1511 2454 1566 XIV.
2488 1543 2558 1553 -—
2591 1514 2660 1568 De
2695 1514 2983 1585 temporali
3011 1515 3332 1570 conditione
3360 1514 3577 1583 generis
3605 1513 3704 1568 hu-

2119 1596 2296 1658 mani,
2331 1609 2496 1663 quam
2543 1594 2683 1648 Deus
2729 1610 2827 1649 nec
2869 1609 3006 1651 novo
3053 1595 3282 1651 consilio
3328 1594 3699 1659 constituerit,

2119 1690 2219 1728 nec
2248 1679 2405 1729 muta
2417 1675 2516 1729 bili
2545 1677 2841 1732 voluntate.

2124 1836 2267 1902 Quid
2293 1840 2484 1891 autem
2507 1837 2722 1893 mirum
2746 1842 2854 1905 est,
2879 1839 2922 1893 si
2947 1839 3005 1893 in
3032 1838 3122 1893 his
3143 1838 3486 1894 circuitibus
3508 1853 3705 1894 erran-

2051 1919 2160 1982 tes,
2186 1931 2291 1970 nec
2321 1916 2568 1981 aditum,
2593 1933 2697 1972 nec
2728 1917 2949 1972 exitum
2981 1917 3492 1983 inveniunt?Quia
3521 1933 3708 1988 genus

2056 1998 2380 2051 humanum
2435 2002 2610 2068 atque
2659 1999 2767 2052 ista
2815 2002 3013 2053 nostra
3057 1997 3407 2062 mortalitas,
3441 2014 3547 2052 nec
3594 2013 3710 2068 quo

2056 2077 2225 2130 initio
2276 2081 2462 2146 empta
2514 2077 2591 2130 sit
2640 2080 2853 2143 sciunt,
2898 2093 3002 2132 nec
3048 2092 3158 2146 quo
3211 2077 3325 2130 fine
3371 2076 3712 2141 claudatur;

2061 2153 2532 2226 quandoquidem
2568 2155 2941 2212 altitudinem
2972 2155 3071 2210 Dei
3104 2158 3410 2224 penetrare
3436 2170 3551 2208 non
3585 2169 3715 2224 pos-

2062 2239 2230 2291 sunt:
2266 2237 2400 2304 quia
2449 2252 2582 2291 cum
2637 2238 2761 2306 ipse
2792 2238 2868 2290 sit
2898 2242 3150 2291 aeternus
3180 2244 3230 2290 et
3265 2236 3391 2290 sine
3422 2234 3606 2298 initio,
3641 2232 3745 2298 ab;

2065 2315 2262 2386 aliquo
2292 2319 2486 2369 tamen
2529 2315 2695 2370 initio
2740 2333 2978 2370 exorsus
3009 2321 3098 2369 est
3127 2319 3407 2385 tempora,
3440 2319 3495 2367 et
3524 2311 3714 2367 homi-

2067 2412 2199 2451 nem
2232 2411 2405 2465 quem
2441 2411 2739 2466 nunquam
2772 2399 2908 2450 ante
2940 2396 3170 2461 fecerat,
3196 2393 3405 2448 fecitin
3431 2397 3712 2462 tempore,

2068 2491 2182 2530 non
2217 2482 2410 2528 tamen
2443 2490 2588 2528 novo
2609 2478 2666 2528 et
2690 2473 3007 2544 repentino,
3033 2475 3132 2527 sed
3169 2470 3512 2526 immutabili
3548 2477 3719 2524 aeter—

2068 2571 2260 2626 noque
2292 2554 2557 2610 consilio.
2581 2554 2721 2620 Quis
2750 2557 2898 2610 hanc
2928 2553 3111 2608 valeat
3133 2552 3499 2607 altitudinem
3522 2550 3720 2605 inves-

2068 2634 2364 2706 tigabilem
2403 2636 2684 2702 vestigare
2721 2636 2760 2703 ¹,
2792 2637 2849 2688 et
2877 2632 3318 2688 incrustabilem
3350 2628 3717 2702 perscrutari,

2073 2716 2398 2772 secundum
2431 2731 2608 2784 quam
2641 2713 2791 2768 Dens
2824 2713 3119 2767 hominem
3152 2709 3555 2782 temporalem,
3588 2713 3720 2763 ante

2073 2812 2243 2867 quem
2278 2811 2448 2849 nemo
2482 2810 2733 2864 unquam
2788 2792 3090 2848 hominum
3128 2792 3260 2858 fuit,
3297 2807 3409 2846 non
3456 2787 3720 2844 mutabili

2070 2879 2369 2932 voluntate
2397 2876 2456 2930 in
2491 2880 2751 2947 tempore
2791 2874 3074 2938 condidit,
3107 2877 3163 2928 et
3193 2888 3375 2943 genus
3404 2872 3722 2926 humanum

2072 2972 2140 3012 ex
2172 2972 2285 3011 uno
2319 2954 2774 3026 multiplicavit?
2795 2952 3281 3023 Quandoquidem
3307 2951 3575 3007 Psalmus
3599 2949 3724 3020 ipse

2074 3053 2207 3093 cum
2243 3035 2615 3107 praemisisset
2647 3040 2821 3106 atque
2852 3034 3116 3101 dixisset,
3145 3033 3236 3096 Tu,
3271 3033 3516 3096 Domine,
3549 3045 3729 3084 serva.

2076 3117 2159 3173 bis
2190 3133 2308 3183 nos,
2342 3120 2389 3172 el
2420 3117 2684 3171 custodies
2723 3129 2822 3169 nos
2852 3131 2882 3168 a
2914 3115 3269 3184 generatione
3315 3111 3416 3166 hac
3454 3109 3515 3164 in
3564 3114 3726 3166 aeter-

2074 3216 2251 3263 num;
2290 3215 2355 3253 ac
2412 3197 2622 3253 deinde
2678 3196 3130 3267 repercussisset
3187 3210 3307 3263 eos,
3357 3193 3416 3247 in
3477 3205 3726 3263 quorum

2076 3279 2248 3335 stulta
2279 3278 2572 3347 impieque
2604 3275 2870 3331 doctrina
2900 3276 3064 3330 nulla
3086 3272 3449 3330 liberationis
3472 3277 3529 3325 et
3548 3271 3730 3325 beati-

2079 3360 2301 3414 tudinis
2350 3359 2552 3413 animaa
2594 3361 2859 3412 servatur
2886 3355 3201 3422 aeternitas,
3235 3353 3509 3406 continuo
3540 3349 3727 3418 subji-

2079 3440 2261 3502 ciens,
2287 3441 2344 3492 In
2376 3440 2609 3492 circuitu
2639 3437 2802 3504 impii
2829 3436 3150 3488 ambulant:
3182 3438 3461 3500 tanquam
3491 3429 3541 3481 ei
3575 3430 3725 3482 dice-

2079 3525 2258 3580 retur,
2293 3519 2438 3582 Quid
2471 3533 2606 3586 ergo
2639 3525 2692 3569 tu
2727 3513 2935 3580 credis,
2964 3513 3168 3576 sentis,
3203 3506 3532 3577 intelligis?
3556 3521 3727 3586 num-

2082 3599 2358 3668 quidnam
2406 3584 2859 3650 existimandum
2909 3597 2998 3646 est
3045 3591 3236 3644 subito
3276 3589 3391 3643 Deo
3443 3584 3730 3668 placuisse

2082 3663 2382 3731 hominem
2434 3676 2640 3741 facere,
2702 3688 2875 3743 quem
2936 3685 3235 3740 nunquam
3289 3671 3458 3722 antea
3503 3663 3735 3719 infinita

2084 3765 2236 3814 retro
2285 3756 2601 3812 aeternitate
2652 3754 2901 3820 fecisset,
2951 3753 3042 3807 cui
3095 3750 3236 3805 nihil
3286 3748 3418 3804 novi
3470 3745 3732 3802 accidere

2008 3887 2010 3890 .
2084 3845 2294 3912 potest,
2329 3839 2388 3892 in
2423 3853 2535 3907 quo
2570 3835 2850 3889 mutabile
2890 3833 3112 3903 aliquid
3149 3828 3424 3912 nonest?
3455 3825 3733 3912 continuo

2085 3905 2414 3988 reSpondit’
2437 3905 2504 3972 ad
2535 3917 2728 3985 ipsum
2763 3914 2945 3968 Deum
2980 3913 3245 3982 loquens,
3269 3908 3579 3966 Secundum
3600 3905 3733 3988 alli-

2083 3985 2326 4057 ludincm
2374 4007 2537 4054 tuam
2583 3994 2986 4063 mulliplicasli
3023 3993 3172 4065 ﬁlios
3210 3993 3493 4047 hominum
3525 3985 3732 4058 (lbid.).

2084 4083 2371 4148 Sentiant,
2407 4079 2619 4150 inquit,
2646 4076 2912 4132 homines
2943 4074 3092 4145 quod
3131 4077 3358 4142 putant,
3383 4079 3433 4126 et
3466 4068 3617 4141 quod
3650 4067 3735 4150 eis

2087 4161 2273 4234 placet
2318 4147 2632 4229 opinentur
2666 4163 2722 4211 et
2752 4155 3095 4226 disputent:
3129 4152 3434 4234 Secundum
3479 4147 3738 4234 altitudi-

2085 4229 2211 4297 nem
2257 4246 2436 4302 luam.
2471 4256 2642 4312 quam
2696 4237 2897 4292 nullus
2949 4239 3138 4306 potest
3186 4249 3360 4288 nosse
3403 4229 3735 4297 hominum,

2085 4310 2661 4394 mulliplicaslirﬁlios
2708 4317 3012 4373 hominum.
3065 4314 3245 4370 Valde
3293 4313 3506 4385 quippe
3556 4310 3736 4366 altum

2087 4413 2178 4461 est
2206 4404 2247 4475 ⁸,
2281 4407 2338 4458 et
2379 4418 2611 4474 semper
2641 4399 2825 4454 Deum
2859 4399 3037 4453 fuisse
3067 4397 3109 4463 ‘,
3143 4401 3199 4452 et
3228 4395 3525 4450 hominem
3561 4406 3731 4462 quem

2089 4472 2392 4553 nunquam
2421 4472 2650 4544 fecerat,
2676 4495 2740 4534 ex
2761 4477 2956 4549 aliquo
2977 4483 3235 4546 tempore
3259 4474 3512 4545 primum
3549 4472 3734 4525 facere

2086 4564 2361 4630 voluisse,
2392 4579 2498 4618 nec
2529 4559 2831 4618 consilium
2862 4558 3340 4627 voluntatemque
3373 4557 3654 4610 mutasse.

2153 4860 2170 4895 ί
2227 4858 2381 4913 Editi,
2432 4855 2786 4913 investigare.
2828 4845 3172 4913 AConcinnins
3219 4843 3364 4898 Msa,
3422 4837 3728 4913 uestigare:

2087 4935 2193 4984 quo
2220 4901 2795 4984 praéed'ens—idﬁtio,‘
2818 4905 3259 4984 ipoestigabilem
3291 4919 3303 4964 ;
3338 4902 3511 4966 posita
3536 4901 3731 4950 intelli-

2088 4972 2244 5045 gatur
2275 4995 2389 5044 pro,
2421 4995 2532 5045 non.
2564 4972 2955 5045 vestiggbilem.

2151 5027 2639 5092 {Ilogus'veterum
2661 5027 2899 5086 codicum
2929 5046 3024 5094 ope
3051 5032 3309 5080 liberatus
3337 5042 3369 5078 a
3399 5027 3731 5094 glossemate,

2087 5089 2470 5170 quod'inﬁante
2497 5103 2652 5170 editis
2685 5089 3036 5170 passusuerat
3082 5096 3225 5170 hunc
3267 5094 3324 5170 in
3367 5091 3642 5170 modum:
3656 5089 3736 5170 gr

2088 5149 2314 5219 52310";
2341 5149 2471 5217 IIJéé
2504 5149 2788 5212 audientes
2826 5159 3023 5222 aliqua
3068 5160 3210 5219 forte
3266 5155 3513 5204 turbaret
3557 5149 3734 5199 ambi-

2087 5233 2293 5295 guitas,
2319 5229 2581 5278 continuo
2599 5223 2908 5295 respondit,
2941 5223 3039 5295 etc.
3213 5289 3222 5295 .
3391 5286 3402 5295 ‘
3487 5275 3499 5288 .

2152 5296 2173 5329 ³
2203 5285 2350 5349 Lov.,
2381 5295 2434 5342 et
2460 5290 2734 5354 pauciores
2760 5287 2902 5354 Mss”
2935 5285 3119 5354 altum
3146 5289 3232 5354 est
3250 5285 3517 5328 scrutari.

2152 5357 2175 5391 ‘
2201 5345 2347 5412 Mss,
2377 5363 2429 5404 et
2454 5345 2662 5413 semper
2689 5349 2863 5410 fuisse
2895 5363 2908 5408 ;
2939 5349 3154 5403 omisso,
3186 5345 3380 5393 Deum.

3139 5712 3381 5795 (Douze.
3393 5744 3412 5793 1
