4138 6192
463 279 579 340 363

461 416 692 474 CAPUT
723 415 844 472 XV.
879 445 946 455 -—-
975 416 1053 470 An
1087 417 1146 467 ut
1178 413 1314 468 Deus
1363 428 1596 483 semper,
1637 412 1803 466 etirun
1851 408 2103 463 dominus

527 498 704 573 fuisse
730 512 939 568 semper
969 493 1332 564 intelligatur,
1354 494 1681 548 credendum
1701 492 1772 545 sit
1797 499 2107 545 creaturam

530 594 738 652 quoque
767 594 1048 648 nunquam
1077 575 1314 644 defuisse
1340 578 1430 630 cui
1457 574 1867 628 dominaretur:
1896 579 1945 626 et
1974 586 2106 642 quo-

529 659 684 713 modo
714 657 932 712 dicatur
960 673 1174 727 semper
1201 660 1464 723 creatum,
1492 653 1632 726 quod
1659 653 1772 708 dici
1797 669 1909 707 non
1939 654 2106 722 potest

525 743 852 796 cowternum
863 779 875 792 .

526 887 577 937 1.
610 882 728 952 Ego
768 876 1006 950 quidem
1039 876 1190 931 sicut
1221 875 1531 932 Dominum
1566 873 1747 929 Deum
1791 867 2102 952 aliquando

455 948 748 1019 dominum
781 948 896 1012 non
928 956 1107 1011 fuisse
1135 955 1326 1013 dicere
1351 973 1463 1011 non
1488 955 1671 1009 audeo
1693 953 1792 1021 (a),
1814 952 1888 1005 ita
1912 948 2104 1004 homi-

450 1059 583 1099 nem
618 1055 921 1112 nunquam
958 1044 1129 1094 antea
1159 1038 1361 1104 fuisse,
1387 1043 1443 1092 et
1464 1053 1531 1091 ex
1563 1034 1810 1105 quodam
1843 1038 2103 1100 tempore

453 1123 708 1194 primum
783 1120 1080 1176 hominem
1151 1123 1411 1174 creatum
1477 1133 1599 1171 esse
1657 1115 1926 1168 dubitare
1983 1125 2100 1165 non

447 1205 654 1260 debeo.
697 1203 806 1258 Sed
841 1217 972 1257 eum
1007 1201 1193 1271 cogito
1235 1201 1402 1269 cujus
1435 1198 1514 1252 rei
1554 1196 1829 1251 dominus
1873 1206 2101 1271 semper

448 1284 646 1351 fuerit,
681 1284 730 1338 si
768 1299 999 1353 semper
1047 1270 1310 1336 creatura
1340 1294 1454 1334 non
1487 1276 1616 1341 fuit,
1651 1276 1944 1330 afﬁrmare
1991 1270 2100 1326 ali-

447 1365 588 1435 quid
642 1365 1021 1433 pertimesco:
1071 1361 1204 1431 quia
1253 1367 1310 1414 et
1364 1374 1454 1412 me
1500 1358 1692 1426 ipsum
1743 1355 1992 1420 intueor,
2043 1356 2099 1406 et

450 1447 734 1516 scriptum
787 1461 916 1499 esse
961 1444 1172 1508 recolo,
1223 1441 1360 1506 Quis
1410 1439 1694 1493 hominum
1741 1439 1913 1516 potest
1958 1435 2099 1516 scire

443 1514 738 1583 consilium
771 1525 904 1578 Dei!
941 1532 1035 1578 aut
1079 1522 1202 1593 quis
1248 1519 1448 1591 poterit
1491 1519 1736 1585 cogitare
1783 1514 1916 1586 quid
1962 1514 2094 1568 uelit

441 1607 745 1661 Dominus?
777 1603 1141 1674 Cogitationes
1193 1617 1344 1656 enim
1391 1599 1713 1653 mortalium
1761 1595 1994 1660 timidae,
2041 1595 2094 1646 et

445 1689 672 1743 incerta:
688 1683 1099 1739 adinventiones
1117 1688 1338 1750 nostra}.
1357 1679 1726 1748 Corruptibile
1741 1675 1887 1732 enim
1904 1687 2096 1742 corpus

441 1776 704 1838 aggravat
759 1767 1026 1829 animum,
1077 1772 1127 1817 et
1173 1759 1442 1830 deprimit
1490 1769 1709 1814 terrena
1759 1753 2095 1838 inhabitalio

440 1833 662 1904 sensum
704 1847 876 1900 multa
926 1845 1252 1912 cogitantem
1301 1845 1450 1910 (Sap.
1496 1856 1570 1905 ix,
1617 1837 1833 1907 13-15).
1868 1835 1949 1889 Ex
1999 1833 2093 1888 his

441 1930 621 2000 igitur
665 1943 795 1998 quae
831 1925 886 1980 in
923 1924 1028 1979 hac
1059 1929 1287 1978 terrena
1317 1919 1743 1974 inbabitatione
1777 1915 2090 2000 multatio-

442 1992 558 2081 gito
592 2011 608 2043 ¹
644 1992 794 2078 (ideo
828 2008 1029 2076 utique
1064 2004 1268 2066 multa,
1302 2002 1440 2072 quia
1473 2015 1656 2081 unum
1691 1997 1842 2068 quod
1877 2011 1944 2050 ex
1977 1992 2095 2048 illis

442 2079 529 2144 vel
580 2092 788 2160 praeter
837 2085 958 2151 illa,
993 2084 1146 2156 quod
1190 2084 1329 2138 forte
1361 2097 1475 2136 non
1510 2079 1725 2150 cogito,
1750 2092 1956 2160 verum
1988 2086 2094 2142 est,

441 2157 700 2226 invenire
724 2184 838 2223 non
867 2165 1146 2238 possum),
1172 2165 1222 2218 si
1245 2163 1466 2226 dixero,
1490 2174 1720 2229 semper
1743 2157 1920 2212 fuisse
1941 2171 2098 2238 crea-

446 2257 664 2315 turam,
692 2235 1173 2320 cujus'dominus
1203 2249 1375 2308 esset,
1402 2243 1500 2313 qui
1524 2256 1756 2310 semper
1786 2242 1879 2320 est
1905 2235 2094 2291 domi-

445 2349 576 2399 nus,
625 2347 730 2386 nec
765 2319 1061 2384 idominus
1121 2341 1381 2395 unquam
1442 2339 1556 2377 non
1613 2319 1886 2386 fuit;sed
1940 2332 2096 2374 nunc

445 2413 631 2478 illam,
665 2427 820 2466 nunc
867 2409 1064 2474 aliam,
1100 2423 1199 2477 per
1246 2406 1361 2460 alia
1408 2410 1582 2474 atque
1620 2401 1733 2454 alia
1765 2405 2094 2470 temporum

446 2495 659 2566 spatia,
693 2508 766 2547 ne
808 2491 1061 2561 aliquam
1112 2487 1363 2543 Creatori
1404 2491 1746 2539 eoeeternam
1779 2498 1906 2536 esse
1937 2480 2096 2534 diea-

447 2590 599 2640 mus,
634 2572 784 2643 quod
823 2571 967 2626 ﬁdes
1000 2569 1260 2636 ratioque
1293 2582 1435 2620 sana
1465 2567 1848 2643 condemnat:
1881 2577 2096 2643 caven-

447 2639 591 2709 dum
631 2639 741 2719 est,
775 2667 846 2704 ne
887 2651 962 2705 sit
1003 2649 1326 2704 absurdum
1356 2651 1414 2700 et
1444 2665 1476 2699 a
1507 2643 1633 2698 luce
1666 2641 1925 2696 veritatis
1956 2639 2098 2695 alie-

446 2750 612 2799 num,
637 2730 942 2787 mortalem
964 2730 1197 2799 quidem
1223 2745 1321 2796 per
1338 2727 1489 2780 vices
1515 2732 1835 2793 temporum
1870 2736 2100 2790 semper

447 2814 627 2868 fuisse
671 2818 990 2868 creaturam
1044 2808 1416 2864 decedentem
1451 2804 1647 2868 aliam,
1683 2802 1856 2855 aliam
1889 2817 2096 2856 succe-

447 2895 718 2958 dentem;
753 2889 1146 2946 immortalem
1189 2904 1320 2943 vero
1361 2902 1475 2940 non
1523 2900 1651 2939 esse
1693 2885 1950 2950 empisse,
1987 2879 2096 2935 nisi

444 2989 578 3031 cum
613 2973 681 3026 ad
725 2978 989 3026 nostrum
1041 2969 1320 3025 saeculum
1369 2969 1606 3019 ventum
1648 2969 1752 3028 est,
1787 2962 2016 3032 quando
2046 2967 2099 3015 et

446 3054 654 3124 Angeli
701 3053 878 3107 creati
929 3055 1088 3118 sunt,
1119 3050 1166 3104 si
1211 3064 1307 3102 eos
1359 3052 1510 3101 recte
1553 3045 1651 3098 lux
1701 3043 1802 3124 illa
1847 3041 2097 3124 primum

449 3122 602 3190 facta
650 3133 962 3203 significat,
1014 3135 1115 3186 aut.
1167 3127 1314 3182 illud
1371 3125 1566 3197 potius
1613 3122 1824 3178 coelum
1872 3123 1942 3176 de
1986 3137 2098 3191 quo

447 3215 670 3270 dictum
703 3218 811 3280 est,
843 3214 906 3266 In
937 3210 1217 3282 principio
1246 3209 1375 3277 fecit
1408 3208 1546 3260 Deus
1577 3203 1777 3259 caelum
1807 3207 1858 3258 el
1889 3208 2096 3256 terram

448 3297 602 3366 (Gen.
635 3313 676 3362 1,
712 3297 802 3366 l):
839 3311 972 3349 eum
1005 3299 1200 3346 tamen
1231 3307 1343 3343 non
1379 3287 1611 3349 fuerint,
1645 3291 1960 3366 antequam
1989 3286 2094 3366 lie-

445 3365 591 3443 rent,
618 3391 709 3441 ne,
741 3365 1099 3428 immorlales
1129 3374 1179 3426 si
1200 3385 1431 3439 semper
1461 3367 1642 3422 fuisse
1672 3365 1960 3431 dicantur,
1982 3365 2096 3420 Deo

447 3457 713 3512 eoa=terni
746 3471 874 3510 esse
905 3452 1232 3509 credantur.
1273 3451 1330 3505 Si
1375 3454 1568 3503 autem
1619 3447 1838 3513 dixero,
1871 3463 1985 3500 non
2035 3446 2094 3500 in

443 3541 704 3608 tempore
737 3541 959 3591 creatos
989 3533 1258 3605 Angelos,
1291 3531 1392 3586 sed
1425 3534 1560 3584 ante
1598 3532 1796 3583 omnia
1837 3532 2092 3608 tempora

443 3624 498 3674 et
529 3607 687 3689 ipsos
720 3619 921 3683 fuisse,
955 3631 1207 3687 quorum
1258 3613 1412 3667 Deus
1466 3610 1740 3664 dominus
1785 3614 1960 3689 esset,
1993 3607 2090 3675 qui

443 3688 743 3770 nunquam
778 3699 884 3754 nisi
921 3697 1197 3753 dominus
1230 3693 1338 3748 fuit
1361 3709 1374 3747 :
1399 3695 1688 3763 qua'retur
1711 3708 1744 3744 a
1771 3706 1861 3743 me
1893 3688 2088 3756 etiam,

442 3781 489 3835 si
524 3789 658 3835 ante
709 3779 904 3834 omnia
953 3785 1218 3847 tempora
1262 3773 1390 3830 facti
1424 3780 1582 3839 sunt,
1616 3781 1810 3826 utrum
1863 3783 2091 3836 semper

441 3862 735 3931 potuerint
784 3877 908 3917 esse
947 3861 1040 3929 qui
1083 3858 1216 3912 facti
1262 3860 1419 3910 sunt.
1463 3852 1564 3906 Hie
1615 3847 2086 3931 respondendum

440 3926 584 3997 t’orte
613 3942 899 4007 videatur,
930 3926 1229 4004 Quomodo
1263 3952 1375 3989 non
1409 3948 1653 4001 semper,
1678 3944 1808 3982 cum
1842 3926 1897 3979 id
1931 3926 2085 3995 quod

437 4026 527 4076 est
555 4021 712 4076 omni
747 4025 1028 4088 tempore,
1063 4033 1175 4069 non
1207 4011 1676 4067 inconvenienler
1699 4019 1929 4074 semper
1959 4020 2087 4088 esse

439 4099 666 4156 dicatur
686 4098 714 4151 ?
736 4086 928 4168 Usque
956 4100 1095 4149 adeo
1119 4099 1313 4172 autem
1347 4089 1441 4143 isti
1476 4089 1635 4144 omni
1667 4091 1927 4172 tempore
1959 4086 2082 4172 fue:

436 4184 596 4243 runt,
628 4183 688 4230 ut
730 4165 906 4230 etiam
956 4178 1089 4228 ante
1138 4171 1330 4226 omnia
1381 4174 1644 4236 tempora
1686 4165 1818 4217 lacti
1860 4165 1994 4229 sint,
2030 4165 2080 4219 si

435 4265 626 4310 tamen
651 4253 840 4308 acmlo
875 4258 1062 4322 empta
1090 4255 1228 4303 sunt
1260 4255 1543 4316 tempora,
1563 4249 1619 4298 et
1648 4243 1733 4297 illi
1757 4243 1884 4313 jam
1915 4247 2082 4299 erant

435 4339 567 4389 ante
610 4332 840 4387 emtum.
875 4334 946 4385 At.
975 4331 1022 4384 si
1058 4334 1289 4399 tempus
1334 4342 1448 4380 non
1480 4343 1514 4379 a
1552 4322 1691 4378 C(BlO
1721 4324 1763 4392 ⁸,
1794 4339 1992 4378 verum
2024 4329 2082 4380 et

433 4420 567 4470 ante
597 4413 803 4468 coelum
838 4410 976 4476 fuit;
1013 4425 1127 4464 non
1175 4407 1411 4479 quidem
1445 4405 1502 4460 in
1536 4403 1717 4473 horis,
1749 4408 1806 4459 et
1845 4404 2075 4474 diebus,

430 4499 486 4550 et
517 4492 840 4559 mensibus,
875 4496 931 4546 et
961 4489 1130 4546 annis
1164 4488 1322 4560 (nam
1355 4488 1478 4543 ista:
1506 4485 1899 4540 dimensiones
1928 4489 2077 4541 tem-

429 4573 712 4647 poralium
745 4572 1085 4644 spatiorum,
1121 4587 1246 4642 qua
1280 4569 1487 4624 usitate
1519 4583 1581 4621 ac
1615 4565 1845 4638 proprie
1877 4565 2077 4620 dicun-

423 4663 521 4711 tur
549 4660 829 4725 tempora,
855 4653 1226 4708 manifestum
1258 4655 1350 4707 est
1376 4648 1530 4721 quod
1559 4667 1591 4704 a
1624 4653 1778 4704 motu
1815 4648 2070 4703 siderum

423 4737 741 4808 coeperint;
796 4734 948 4790 unde
996 4737 1053 4788 et
1113 4733 1287 4799 Deus,
1345 4747 1477 4786 eum
1535 4730 1654 4783 haec
1712 4729 2068 4808 institueret,

420 4807 585 4883 dixit,
619 4819 687 4871 Et
730 4816 842 4870 sint
885 4817 941 4869 in
989 4815 1171 4883 signa,
1204 4818 1251 4868 et
1303 4814 1361 4866 in
1412 4819 1655 4881 tempora
1685 4811 1734 4863 et
1764 4811 1827 4862 in
1856 4807 1990 4873 dies,
2020 4813 2070 4862 et

420 4901 474 4954 in
508 4913 680 4953 annos
710 4896 896 4966 (Ibid,
933 4896 1052 4962 14):
1096 4895 1195 4949 sed
1231 4893 1285 4946 in
1321 4894 1520 4962 aliquo
1570 4887 1831 4943 mutabili
1882 4891 2066 4951 motu,

415 4983 584 5050 cujus
617 4977 772 5032 aliud
810 4977 992 5047 prius,
1024 4975 1184 5030 aliud
1217 4975 1510 5045 posterius
1556 4967 1893 5042 praeterierit
1927 4968 1966 5033 ‘,
1997 4983 2066 5023 eo

475 5243 491 5276 1
524 5239 617 5288 Hic
644 5238 796 5285 Vind.
831 5237 943 5283 Am.
991 5238 1042 5283 et
1073 5235 1154 5283 Er.
1189 5233 1410 5288 addunt,
1433 5228 1874 5291 deprimuntnte.
1908 5226 2061 5291 Addi-

409 5305 637 5350 tamento
695 5302 839 5350 caret
886 5299 1049 5347 editio
1106 5299 1250 5350 Lov.,
1310 5294 1401 5343 sed
1471 5289 1641 5353 prava
1714 5289 2060 5338 nihilominus

407 5364 846 5426 subsequentium
891 5361 1174 5410 verborum
1222 5356 1647 5424 interpunctione
1699 5365 1911 5404 sensum
1952 5365 2062 5400 cor-

407 5432 736 5552 mggiiquot
764 5489 1050 5552 Mss.,_no_n
1068 5497 1206 5552 cum
1238 5481 1385 5552 coelo;

469 5551 540 5613 (α)
571 5544 686 5599 Vid.
717 5551 810 5599 lib.
847 5551 877 5599 5
905 5549 970 5598 de
997 5547 1204 5607 Trinit.,
1236 5559 1290 5596 n.
1326 5544 1400 5593 17.

1518 271 1620 334 DE
1664 270 2036 334 CIVITATE
2077 270 2226 346 DEI,
2273 273 2335 333 S.
2381 221 2806 342 AAUGUSTINI

3749 277 3865 346 36,6

2219 411 2373 482 quod
2407 413 2582 470 simul
2611 432 2740 472 esse
2772 430 2888 471 non
2921 418 3202 486 possunt:
3237 415 3286 470 si
3331 429 3466 485 ergo
3505 417 3638 470 ante
3668 413 3865 472 caelum

2216 489 2274 544 in
2319 494 2600 564 angelicis
2650 496 2904 551 motibus
2953 495 3068 552 tale
3117 494 3338 567 aliquid
3378 495 3491 552 fuit
3521 493 3620 567 (a),
3653 500 3710 551 et
3740 496 3866 552 ideo

2214 573 2447 643 tempus
2487 574 2616 644 jam
2653 575 2780 644 fuit,
2816 581 2989 648 atque
3029 577 3229 646 Angeli
3261 593 3329 632 ex
3360 593 3476 648 quo
3525 576 3660 630 facti
3701 582 3864 646 sunt,

2213 652 2614 722 temporaliter
2643 655 3028 712 movebantur
3052 673 3066 723 ;
3089 658 3264 712 etiam
3295 659 3378 712 sic
3409 655 3570 713 omni
3600 659 3866 726 tempore

2214 730 2472 798 fuerunt,
2505 736 2981 807 quandoquidem
3014 751 3145 790 cum
3193 735 3311 791 illis
3359 738 3509 791 taeta
3539 741 3680 791 sunt
3708 740 3866 792 tem-

2213 827 2366 881 pora.
2421 815 2560 878 Quis
2606 821 2801 872 autem
2850 817 3023 887 dicat,
3069 815 3192 872 Non
3253 833 3478 888 semper
3535 814 3660 886 fuit,
3707 814 3867 886 quod

2212 895 2370 948 omni
2404 899 2661 966 tempore
2693 897 2795 952 fuit
2816 898 2844 951 ?

2281 977 2334 1030 2.
2367 976 2471 1030 Sed
2502 978 2550 1030 si
2579 977 2688 1032 hoc
2719 978 3094 1049 respondero,
3119 978 3344 1033 dicetur
3371 977 3537 1044 mihi,
3559 976 3864 1040 Quomodo

2211 1069 2345 1124 ergo
2391 1072 2504 1110 non
2555 1062 2693 1112 sunt
2743 1058 3008 1113 coaeterni
3057 1058 3335 1126 Creatori,
3369 1058 3419 1112 si
3463 1073 3689 1127 semper
3741 1055 3862 1126 ille,

2210 1150 2440 1205 semper
2479 1135 2562 1189 illi
2596 1137 2866 1192 fuerunt?
2896 1139 3186 1209 quomodo
3217 1139 3390 1194 etiam
3423 1138 3596 1193 creati
3629 1137 3864 1192 dicendi

2209 1219 2364 1281 sunt,
2399 1215 2449 1270 si
2481 1232 2709 1288 semper
2755 1217 2937 1272 tuisse
2979 1215 3433 1288 intelliguntur?
3465 1218 3544 1271 Ad
3580 1217 3689 1272 hoc
3721 1217 3862 1287 quid

2207 1296 2696 1365 respondebitur?
2732 1298 2819 1352 An
2861 1298 3173 1352 dicendum
3223 1302 3333 1364 est,
3379 1302 3437 1352 et
3484 1313 3716 1368 semper
3763 1314 3864 1362 eos

2209 1373 2405 1441 fuisse,
2439 1377 2717 1446 quoniam
2769 1376 2929 1432 omni
2979 1383 3238 1448 tempore
3288 1377 3541 1446 fuerunt,
3575 1377 3672 1448 qui
3725 1393 3862 1432 eum

2209 1458 2465 1524 tempore
2497 1455 2629 1510 lacti
2661 1461 2820 1522 sunt,
2853 1462 2954 1512 aut
2983 1473 3112 1511 cum
3163 1456 3380 1528 quibus
3422 1462 3682 1527 tempora
3717 1458 3865 1513 facta

2207 1539 2368 1602 sunt,
2399 1539 2455 1588 et
2488 1540 2678 1590 tamen
2725 1537 2990 1591 creatos?
3019 1536 3214 1607 Neque
3265 1537 3417 1590 enim
3451 1541 3509 1591 et
3539 1539 3668 1607 ipsa
3716 1542 3864 1592 tem-

2207 1631 2346 1683 pora
2374 1620 2568 1671 creata
2592 1632 2720 1671 esse
2742 1617 3106 1687 negabimus,
3130 1617 3394 1688 quamvis
3412 1618 3570 1672 omni
3596 1623 3712 1672 tem
3725 1634 3861 1687 pore

2207 1698 2438 1766 tempus
2487 1698 2665 1752 fuisse
2711 1713 2882 1751 nemo
2933 1699 3210 1767 ambigat.
3247 1697 3390 1754 Nam
3436 1697 3486 1751 si
3538 1713 3650 1752 non
3696 1699 3859 1756 omni

2207 1779 2464 1845 tempore
2518 1777 2623 1830 fuit
2672 1784 2926 1848 tempus,
2961 1787 3083 1833 erat
3136 1793 3272 1848 ergo
3319 1785 3572 1849 tempus,
3623 1780 3860 1850 quando

2206 1855 2430 1910 nullum
2472 1863 2594 1912 erat
2633 1858 2910 1928 tempus?
2943 1859 3082 1924 Quis
3123 1858 3234 1913 boe
3267 1858 3661 1914 stultissimus
3699 1861 3857 1914 dixe-

2205 1935 2317 1989 rit?
2368 1938 2683 1993 Possumus
2730 1941 2885 1992 enim
2946 1945 3099 1994 recte
3157 1939 3383 1994 dicere:
3428 1943 3559 1993 Erat
3603 1944 3854 2010 tempus,

2205 2017 2438 2087 quando
2472 2035 2584 2073 non
2618 2025 2740 2073 erat
2771 2020 2985 2085 Roma;
3018 2025 3140 2075 erat
3170 2025 3420 2090 tempus,
3453 2021 3687 2090 quando
3740 2037 3854 2076 non

2204 2106 2324 2156 erat
2373 2103 2734 2171 Jerusalem;
2787 2108 2910 2159 erat
2968 2112 3218 2174 tempus,
3269 2105 3502 2175 quando
3560 2121 3673 2159 non
3731 2108 3858 2161 erat

2207 2181 2533 2249 Abraham;
2565 2189 2685 2238 erat
2735 2191 2984 2254 tempus,
3018 2184 3254 2254 quando
3308 2200 3420 2238 non
3469 2188 3587 2240 erat
3636 2183 3850 2254 homo;

2205 2267 2262 2315 et
2291 2263 2340 2315 si
2373 2264 2508 2332 quid
2546 2264 2880 2333 hujusmodi
2913 2281 2925 2318 :
2965 2269 3257 2335 postremo
3287 2264 3331 2319 si
3364 2281 3478 2319 non
3519 2280 3647 2318 eum
3684 2265 3856 2320 initio

2205 2343 2502 2412 temporis,
2535 2346 2632 2399 sed
2669 2350 2794 2415 post
2822 2345 3056 2415 aliquod
3090 2351 3325 2416 tempus
3355 2346 3541 2402 lactus
3564 2350 3651 2401 est
3683 2363 3856 2401 mun-

2207 2422 2360 2486 dus;
2396 2441 2706 2494 possumus
2751 2425 2957 2491 dicere,
2991 2425 3123 2479 Erat
3174 2433 3425 2496 tempus,
3464 2426 3698 2496 quando
3740 2442 3854 2481 non

2207 2511 2328 2558 erat
2361 2505 2638 2560 mundus.
2662 2507 2731 2559 At
2749 2521 2903 2571 vero,
2930 2505 3060 2559 Erat
3091 2509 3346 2576 tempus,
3371 2505 3603 2576 quando
3627 2505 3857 2564 nullum

2209 2588 2333 2637 erat
2381 2591 2628 2654 tempus,
2681 2589 2798 2639 tam
2850 2584 3326 2640 inconvenienter
3373 2586 3646 2653 dicimus,
3696 2602 3762 2640 ac
3809 2585 3860 2650 si

2211 2665 2518 2734 quisquam
2571 2667 2744 2731 dicat,
2787 2668 2917 2720 Erat
2967 2664 3162 2733 homo,
3213 2666 3445 2736 quando
3496 2667 3696 2722 nullus
3741 2671 3869 2722 erat

2210 2744 2577 2813 bomo;aut,
2632 2746 2765 2800 Erat
2815 2745 2921 2802 iste
2971 2747 3253 2813 mundus,
3302 2747 3538 2818 quando
3587 2747 3698 2802 iste
3751 2763 3867 2803 non

2210 2833 2333 2881 erat
2366 2829 2644 2882 mundus.
2679 2827 2737 2882 Si
2785 2827 2940 2882 enim
2988 2829 3058 2883 de
3107 2827 3220 2884 alio
3263 2834 3435 2898 atque
3481 2827 3594 2882 alio
3645 2828 3872 2883 intelli-

2209 2912 2403 2978 gatur,
2438 2913 2629 2980 potest
2659 2909 2770 2963 dici
2804 2909 3000 2980 aliquo
3035 2909 3226 2976 modo,
3258 2908 3363 2964 hoc
3392 2917 3496 2976 est,
3531 2909 3667 2962 Erat
3707 2910 3873 2966 alius

2211 2988 2403 3052 homo,
2450 2986 2682 3058 quando
2715 3005 2826 3042 non
2859 2994 2982 3044 erat
3013 2990 3123 3044 iste
3167 2989 3358 3044 homo.
3390 2989 3479 3044 Sic
3529 3004 3691 3058 ergo,
3725 2989 3874 3045 Erat

2209 3068 2366 3122 aliud
2422 3075 2674 3138 tempus,
2708 3070 2944 3139 quando
2985 3086 3099 3123 non
3133 3074 3256 3124 erat
3285 3068 3393 3123 hoc
3426 3077 3678 3139 tempus,
3714 3074 3874 3124 recte

2211 3164 2526 3220 possumus
2575 3149 2802 3204 dicere:
2838 3159 2891 3204 at
2943 3164 3096 3215 vero,
3148 3154 3283 3205 Erat
3333 3155 3582 3221 tempus,
3635 3152 3875 3219 quando

2209 3228 2438 3284 nullum
2498 3235 2621 3285 erat
2691 3235 2944 3301 tempus,
3005 3231 3138 3301 quis
3197 3230 3286 3285 vel
3339 3230 3868 3302 insipientissimus

2209 3310 2468 3364 dixerit?
2500 3310 2663 3365 Sicut
2693 3327 2830 3382 ergo
2861 3312 3116 3366 dicimus
3146 3316 3405 3366 creatum
3439 3318 3691 3382 tempus,
3726 3327 3869 3367 cum

2207 3390 2335 3447 ideo
2384 3407 2614 3462 semper
2665 3392 2844 3448 fuisse
2893 3393 3139 3461 dicatur,
3198 3393 3335 3463 quia
3391 3393 3549 3447 omni
3607 3397 3873 3460 tempore

2207 3479 2438 3544 tempus
2469 3474 2614 3527 fuit:
2651 3473 2729 3526 ita
2777 3489 2890 3528 non
2923 3482 3006 3528 est
3038 3489 3422 3543 consequens,
3456 3478 3520 3529 ut
3551 3473 3598 3527 si
3629 3489 3867 3542 semper

2207 3554 2443 3608 fuerunt
2488 3553 2714 3626 Angeli,
2753 3554 2878 3608 ideo
2926 3570 3039 3609 non
3071 3554 3190 3608 sint
3220 3554 3419 3619 creati,
3456 3558 3519 3608 ut
3559 3560 3866 3624 prepterea

2205 3650 2436 3704 semper
2485 3636 2662 3689 fuisse
2711 3635 3001 3703 dicantur,
3034 3635 3172 3706 quia
3221 3634 3377 3690 omni
3427 3637 3685 3705 tempore
3733 3635 3868 3689 fue-

2203 3721 2378 3782 runt;
2411 3720 2467 3770 et
2516 3719 2817 3786 prOpterea
2875 3715 3036 3769 omni
3095 3720 3358 3785 tempore
3417 3717 3668 3782 fuerunt,
3723 3715 3864 3785 quia

2204 3795 2363 3850 nullo
2396 3797 2568 3851 modo
2599 3795 2725 3850 sine
2757 3795 2850 3850 bis
2887 3796 3016 3866 ipsa
3059 3803 3316 3866 tempora
3345 3811 3475 3850 esse
3513 3800 3865 3866 potuerunt.

2203 3871 2308 3929 Ubi
2357 3877 2513 3930 enim
2568 3875 2722 3930 nulla
2771 3884 3034 3930 creatura
3081 3881 3188 3941 est,
3244 3877 3413 3946 cujus
3475 3874 3865 3931 mutabilibus

2202 3955 2458 4010 motibus
2490 3961 2753 4027 tempora
2777 3960 3150 4026 peraguntur,
3179 3963 3440 4028 tempora
3458 3955 3696 4010 omnino
3728 3971 3863 4011 esse

2201 4050 2314 4089 non
2373 4042 2636 4106 possunt.
2693 4041 2774 4092 Ac
2818 4052 2918 4106 per
2966 4035 3074 4090 boe
3123 4041 3178 4092 et
3225 4036 3274 4092 si
3326 4051 3557 4104 semper
3601 4037 3862 4106 fuerunt,

2198 4117 2373 4170 creati
2414 4121 2589 4183 sunt;
2623 4132 2746 4181 nec,
2781 4115 2827 4170 si
2873 4131 3104 4186 semper
3153 4117 3402 4183 fuerunt,
3437 4114 3564 4170 ideo
3593 4116 3860 4171 Creatori

2196 4197 2463 4250 coaeterni
2507 4203 2662 4250 sunt.
2737 4195 2836 4250 Ille
2886 4196 3039 4251 enim
3076 4212 3306 4266 semper
3365 4196 3474 4250 fuit
3528 4196 3864 4252 aeternitate

2194 4273 2543 4329 immutabili
2571 4291 2583 4328 :
2612 4275 2705 4330 isti
2738 4281 2933 4331 autem
2966 4276 3098 4332 facti
3130 4280 3266 4332 sunt
3288 4294 3304 4344 ;
3326 4276 3428 4331 sed
3461 4276 3590 4332 ideo
3617 4292 3860 4348 semper

2192 4355 2374 4410 fuisse
2427 4356 2719 4423 dicuntur,
2755 4357 2892 4427 quia
2939 4358 3096 4413 omni
3138 4362 3397 4430 tempore
3432 4359 3689 4422 fuerunt,
3723 4357 3860 4416 sine

2190 4435 2404 4506 quibus
2430 4440 2541 4491 tem
2555 4453 2695 4506 pora
2719 4438 2877 4494 nullo
2904 4439 3073 4493 modo
3095 4453 3220 4493 esse
3245 4443 3591 4510 potuerunt:
3620 4447 3865 4508 tempus

2191 4519 2386 4569 autem
2417 4517 2702 4585 quoniam
2738 4518 3124 4573 mutabilitate
3154 4517 3515 4584 transcurrit,
3540 4519 3864 4575 eternitati

2187 4594 2541 4650 immutabili
2575 4612 2686 4651 non
2722 4602 2912 4668 potest
2941 4614 3068 4653 esse
3098 4605 3470 4654 coaeternum.
3495 4600 3573 4652 Ae
3606 4614 3708 4668 per
3738 4597 3860 4656 hoc

2187 4675 2417 4731 etiamsi
2468 4677 2879 4733 immortalitas
2933 4677 3284 4749 Angelorum
3348 4695 3460 4734 non
3520 4679 3728 4734 transit
3793 4681 3861 4736 in

2185 4761 2466 4829 tempore,
2501 4775 2603 4814 nec
2637 4759 2924 4829 praeterita
2967 4765 3056 4815 est
3106 4760 3276 4831 quasi
3300 4761 3421 4830 jam
3457 4776 3572 4815 non
3604 4759 3702 4822 sit,
3740 4777 3859 4817 nee

2186 4840 2373 4894 futura
2408 4840 2576 4912 quasi
2603 4843 2857 4896 nondum
2891 4844 2986 4908 sit,
3021 4846 3213 4897 tamen
3247 4857 3447 4896 eorum
3483 4845 3677 4896 motus
3711 4843 3856 4912 qui-

2185 4919 2292 4974 bus
2332 4927 2592 4992 tempora
2633 4931 3002 4994 peraguntur,
3036 4939 3104 4978 ex
3137 4923 3328 4978 futuro
3377 4923 3435 4978 in
3486 4923 3863 4992 praeteritum

2182 5006 2524 5056 transeunt:
2560 5007 2617 5056 et
2667 5004 2795 5058 ideo
2845 5003 3124 5070 Creatori,
3158 5003 3214 5056 in
3248 5004 3419 5073 cujus
3450 5009 3608 5058 motu
3643 5002 3860 5058 dicen-

2182 5081 2318 5134 dum
2355 5099 2466 5136 non
2501 5088 2589 5137 est
2618 5083 2708 5138 vel
2742 5084 2921 5138 luisse
2953 5084 3108 5156 quod
3137 5084 3261 5154 jam
3293 5100 3406 5139 non
3438 5083 3536 5153 sit,
3560 5081 3650 5138 vel
3685 5083 3858 5139 futu-

2243 5418 2256 5450 ί
2291 5415 2376 5465 Sic
2405 5415 2528 5467 Mss.
2551 5417 2618 5465 At
2638 5417 2784 5471 editi.
2805 5417 2968 5466 aliud
2992 5416 3252 5466 anterius
3275 5415 3656 5478 praeterierit.
3677 5416 3858 5476 aliud

2167 5479 2446 5539 posterius
2475 5480 2810 5529 successerit.

2238 5543 2315 5601 (a)
2338 5540 2482 5592 Cont.
2515 5543 2656 5592 dicta
2684 5544 2751 5592 ad
2770 5543 2863 5595 lib.
2895 5543 2924 5591 8
2952 5544 3016 5593 de
3045 5542 3173 5595 Gen.
3205 5544 3273 5593 ad
3302 5543 3444 5599 Litt.,
3474 5557 3527 5592 n.
3559 5539 3638 5592 30.
