4136 6190
241 353 357 412 365

244 499 376 541 rum
434 497 564 539 esse
615 483 770 553 quod
819 481 1079 538 nondum
1128 481 1224 546 sit,
1280 478 1550 536 coeterni
1601 493 1730 534 esse
1777 492 1895 533 non

244 568 510 636 possunt.

315 645 370 699 3.
421 642 799 715 QuaprOpter,
849 642 896 697 si
951 641 1104 698 Deus
1161 656 1392 712 semper
1448 638 1722 694 dominus
1763 637 1891 702 fuit,

245 740 483 794 semper
513 723 712 778 habuit
763 729 1084 778 creaturam
1125 738 1226 777 suo
1274 721 1602 777 dominatui
1635 718 1894 774 servien-

247 809 406 872 tem;
457 806 855 858 verumtamen
899 819 1013 858 non
1065 803 1135 858 de
1189 802 1316 872 ipso
1367 799 1644 871 genitam,
1678 800 1778 852 sed
1825 797 1898 851 ab

249 887 376 958 ipso
425 885 494 941 de
537 885 721 939 nihilo
776 885 1026 950 factam;
1063 900 1168 939 nec
1224 883 1274 939 ei
1336 889 1730 938 coreternam:
1777 881 1901 934 erat

251 967 471 1038 quippe
521 975 652 1021 ante
700 965 886 1034 illam,
937 966 1205 1036 quamvis
1256 964 1418 1020 nullo
1468 969 1725 1033 tempore
1775 960 1902 1015 sine

250 1049 392 1114 illa;
428 1064 536 1102 non
569 1063 697 1102 eam
730 1048 915 1115 spatio
948 1051 1376 1102 transcurrente
1421 1045 1462 1114 ί,
1496 1046 1594 1100 sed
1629 1045 1903 1098 manente

251 1127 642 1200 perpetuitate
673 1129 1000 1196 praecedens
1031 1127 1130 1197 (a).
1166 1127 1272 1180 Sed
1321 1125 1427 1181 hoc
1471 1127 1520 1179 si
1554 1124 1903 1195 respondero

251 1208 336 1264 eis
366 1210 463 1277 qui
498 1207 798 1278 requirunt
829 1209 1119 1278 quomodo
1145 1221 1378 1277 semper
1404 1211 1646 1269 creator,
1679 1216 1905 1269 semper

252 1288 533 1343 dominus
562 1290 688 1356 fuit,
722 1289 770 1342 si
794 1293 1057 1343 creatura
1077 1287 1336 1342 serviens
1367 1302 1478 1340 non
1501 1301 1730 1353 semper
1754 1286 1902 1354 fuit;

253 1374 358 1426 aut
410 1369 699 1439 quomodo
743 1372 940 1423 creata
991 1372 1100 1435 est,
1132 1371 1189 1422 et
1245 1382 1360 1421 non
1419 1365 1613 1436 potius
1661 1363 1906 1419 creatori

253 1453 545 1506 coreterna
573 1453 682 1516 est,
716 1450 762 1505 si
796 1466 1028 1520 semper
1050 1449 1158 1504 fuit
1191 1464 1203 1502 :
1237 1463 1434 1503 vereor
1463 1464 1534 1502 ne
1567 1446 1791 1502 facilius
1814 1447 1905 1516 ju~

256 1531 422 1586 dicer
460 1530 756 1586 affirmare
805 1531 959 1601 quod
1013 1529 1232 1596 nescio,
1268 1545 1445 1600 quam
1496 1529 1702 1583 docere
1749 1527 1904 1596 quod

259 1611 403 1668 scio.
439 1611 627 1665 Redeo
658 1610 836 1680 igitur
862 1610 933 1664 ad
969 1610 1024 1665 id
1059 1609 1212 1681 quod
1264 1610 1500 1665 Creator
1531 1613 1729 1662 noster
1758 1609 1909 1662 scire

262 1707 367 1746 nos
397 1690 582 1745 voluit
613 1704 626 1742 :
660 1689 759 1744 illa
790 1705 924 1746 vero
954 1707 1078 1761 quas
1109 1688 1196 1744 vel
1229 1687 1682 1760 sapientioribus
1713 1688 1768 1742 in
1803 1690 1908 1741 hac

263 1770 378 1825 vita
399 1769 548 1825 scire
582 1769 865 1840 permisit,
885 1770 971 1825 vel
1002 1770 1242 1826 omnino
1274 1769 1537 1840 perfectis
1571 1769 1624 1822 in
1659 1767 1772 1822 alia
1795 1769 1911 1821 vita

267 1852 507 1907 scienda
537 1851 804 1917 servavit,
838 1852 992 1906 ultra
1022 1852 1170 1906 vires
1223 1867 1382 1906 meas
1430 1865 1560 1906 esse
1607 1850 1905 1904 confiteor.

269 1932 376 1989 Sed
411 1931 540 1987 ideo
573 1933 767 2004 putavi
802 1933 927 1987 sine
958 1932 1344 1988 affirmatione
1369 1929 1694 1995 tractanda,
1719 1935 1782 1985 ut
1813 1928 1910 1997 qui

273 2014 391 2068 haec
422 2012 644 2084 legunt,
667 2013 899 2068 videant
921 2031 953 2068 a
984 2013 1194 2083 quibus
1224 2013 1613 2084 quaestionum
1641 2009 1912 2081 periculis

270 2094 520 2148 debeant
548 2098 894 2164 temperare,
927 2110 1030 2149 nec
1063 2093 1131 2147 ad
1165 2094 1363 2147 omnia
1391 2109 1454 2147 se
1485 2093 1723 2147 idoneos
1755 2089 1911 2143 arbi-

272 2177 497 2227 trentur
527 2187 541 2226 :
576 2173 881 2243 potiusque
913 2171 1244 2242 intelligant
1292 2188 1465 2243 quam
1518 2170 1588 2225 sit
1639 2166 1914 2238 Apostolo

269 2252 792 2322 obtemperandum
845 2252 1202 2324 praecipienti
1255 2251 1588 2316 salubriter,
1640 2249 1733 2303 ubi
1788 2247 1913 2302 ait:

267 2334 393 2389 Dico
414 2337 596 2388 autem
619 2351 718 2405 per
747 2337 984 2402 gratiam
1013 2349 1136 2402 quae
1167 2333 1187 2366 ²
1218 2333 1342 2386 data
1363 2339 1439 2386 est
1469 2331 1635 2395 mihi,
1666 2329 1919 2384 omnibus

269 2412 368 2484 qui
395 2417 525 2468 sunt
572 2415 632 2468 in
684 2413 851 2479 vobis,
884 2428 992 2466 non
1026 2413 1147 2482 plus
1177 2427 1368 2481 sapere
1399 2427 1562 2481 quam
1591 2414 1798 2479 Oportet
1827 2423 1918 2462 sa-

270 2509 432 2564 pere;
482 2494 575 2549 sed
621 2509 812 2563 sapere
859 2492 928 2546 ad
969 2491 1422 2560 temperantiam,
1454 2492 1595 2545 sicut
1627 2491 1924 2559 unicuique

271 2576 413 2630 Deus
457 2575 702 2645 partitus
759 2579 837 2627 est
880 2587 1194 2627 mensuram
1240 2571 1372 2642 fidei
1400 2573 1575 2642 (Rom.
1617 2587 1719 2635 xu,
1751 2571 1828 2640 3).
1861 2569 1920 2625 Si

268 2655 431 2710 enim
465 2669 567 2723 pro
610 2652 832 2708 viribus
871 2652 994 2707 suis
1041 2652 1230 2706 alatur
1279 2653 1491 2720 infans,
1526 2652 1622 2706 fiet
1675 2657 1735 2706 ut
1766 2666 1919 2705 cres-

268 2735 461 2789 cendo
495 2732 626 2804 plus
667 2734 862 2804 capiat
897 2751 909 2788 :
943 2734 991 2788 si
1024 2738 1220 2788 autem
1251 2733 1402 2789 vires
1433 2749 1549 2789 suae
1583 2730 1924 2804 capacitatis

269 2814 537 2879 excedat,
569 2815 802 2870 deficiet
833 2819 1145 2884 antequam
1176 2819 1416 2870 crescat.

273 2971 496 3028 CAPUT
528 2972 672 3028 XVI.
709 3004 776 3014 —-
809 2972 1078 3041 Quomodo
1129 2972 1484 3043 intelligenda
1533 2974 1602 3028 sit
1651 2972 1927 3043 promissa

355 3053 562 3110 homini
591 3071 624 3110 a
655 3055 760 3112 Deo
789 3056 912 3110 vita
941 3063 1154 3110 eterna
1183 3063 1310 3110 ante
1341 3059 1596 3124 tempora
1623 3063 1851 3108 aeterna.

356 3193 486 3257 Quae
521 3192 732 3250 saecula
778 3194 1158 3265 praeterierint
1187 3198 1499 3266 antequam
1550 3212 1735 3267 genus
1768 3196 1931 3252 insti-

279 3280 546 3330 tueretur
598 3276 942 3346 humanum,
978 3293 1069 3332 me
1121 3277 1300 3331 fateor
1348 3278 1658 3345 ignorare:
1703 3295 1818 3334 non
1852 3283 1934 3333 ta-

284 3371 422 3410 men
454 3355 653 3411 dubito
686 3355 831 3410 nihil
887 3356 1125 3412 omnino
1176 3364 1450 3412 creature:
1501 3360 1754 3412 Creatori
1807 3374 1934 3414 esse

283 3441 662 3493 coaeternum.
697 3437 847 3493 Dicit
876 3439 1049 3493 etiam
1078 3438 1388 3509 Apostolus
1420 3443 1935 3509 temporemterna,

282 3532 396 3572 nec
445 3533 512 3573 ea
544 3519 760 3585 futura,
809 3517 932 3586 sed,
985 3521 1138 3590 quod
1195 3519 1382 3589 magis
1439 3523 1527 3574 est
1577 3518 1937 3586 mirandum,

286 3599 608 3670 praterita.
651 3600 746 3654 Sic
795 3600 950 3654 enim
1012 3603 1138 3652 ait:
1200 3601 1258 3653 In
1303 3615 1452 3670 spem
1511 3601 1634 3653 vitae
1682 3606 1937 3664 aeternas,

282 3695 459 3751 quam
482 3677 737 3750 promisit
766 3694 873 3734 non
904 3678 1141 3733 mendax
1165 3680 1303 3733 Deus
1325 3684 1452 3733 ante
1472 3686 1712 3748 tempora
1733 3689 1943 3735 acterna

289 3760 416 3830 (6):
480 3762 861 3831 manifestavit
920 3769 1102 3815 autem
1158 3760 1492 3831 temporibus
1537 3763 1653 3815 suis
1715 3761 1943 3815 Verbum

285 3861 417 3901 sum
451 3845 574 3914 (Tit.
610 3844 714 3912 1,2
751 3853 801 3899 et
851 3843 926 3914 5).
963 3847 1100 3898 Ecce
1146 3843 1294 3898 dixit
1343 3849 1490 3899 retro
1526 3844 1674 3912 quod
1727 3843 1944 3899 fuerint

284 3929 560 3998 tempora
590 3933 828 3990 aeterna,
857 3940 981 3994 quae
1016 3930 1210 3979 tamen
1244 3941 1357 3979 non
1402 3925 1617 3980 fuerint
1647 3924 1762 3979 Deo
1796 3941 1936 3979 cca:-

365 4128 379 4162 ι
441 4123 564 4172 Sola.
619 4123 780 4172 editio
835 4125 983 4181 Lov.,
1043 4132 1451 4172 transcurrens.
1511 4124 1574 4173 Et
1617 4123 1774 4186 paulo
1807 4126 1943 4185 post,

290 4187 563 4252 quomodo
593 4195 806 4234 creator
834 4202 1039 4248 semper
1066 4187 1182 4246 fuit
1215 4186 1489 4234 dominus.

364 4250 384 4284 ²
419 4250 573 4296 Vind.
610 4251 707 4296 Am
759 4249 841 4297 Er.
873 4252 925 4297 et
956 4250 1096 4297 Mss.
1129 4264 1223 4297 Der
1257 4249 1499 4297 gratiam
1532 4247 1632 4296 Dei
1661 4265 1802 4297 quae

367 4265 384 4284 ⁵
429 4265 573 4296 γιηα.
610 4265 707 4296 Am
759 4265 841 4299 LP.
873 4265 925 4297 el":
956 4265 1096 4308 MSS.,
1121 4265 1223 4312 per
1251 4265 1499 4310 gratiam
1532 4265 1630 4296 UH.
1661 4265 1820 4311 quae.

367 4313 432 4374 (a)
467 4311 585 4359 Vid.
619 4310 848 4360 Confess.
903 4313 996 4360 lib.
1049 4312 1125 4368 11,
1176 4326 1287 4373 cap.
1325 4311 1403 4370 13,
1447 4326 1498 4360 n.
1535 4311 1609 4368 16,
1640 4315 1692 4360 et
1721 4325 1832 4373 cap.
1869 4310 1946 4371 16,

296 4376 372 4426 ad
398 4375 631 4423 initium.

365 4438 436 4499 (ὁ)
477 4437 673 4486 Graece
699 4439 796 4495 est,
821 4451 926 4496 pro
959 4441 1049 4485 ron
1096 4437 1340 4484 chron/3n
1369 4437 1595 4485 aidnio‘n
1624 4449 1635 4484 :
1665 4437 1807 4499 quod
1837 4437 1952 4485 vul-

294 4504 443 4563 gata,
475 4501 704 4563 editione
750 4499 994 4554 vertitur,
1043 4509 1170 4547 ante
1224 4509 1463 4561 tempora
1501 4499 1817 4548 saecularia
1849 4516 1858 4550 :
1891 4513 1954 4548 ea

295 4562 429 4612 vero
476 4576 639 4625 quam
685 4562 1065 4623 interpretatur
1111 4563 1484 4624 Hieronymus,
1534 4571 1661 4609 ante
1711 4572 1954 4624 tempora

295 4634 558 4674 aeterna:
617 4625 744 4686 quia
789 4625 988 4673 scilicet
1043 4638 1302 4685 graecum,
1379 4626 1528 4685 afen,
1561 4625 1848 4672 saeculum
1902 4626 1957 4673 et

294 4697 594 4739 aeternum
626 4688 792 4736 latine
842 4687 1194 4748 reddipotest,
1241 4688 1318 4736 uti
1354 4690 1600 4737 observat
1628 4689 1956 4748 Augustinus

295 4753 400 4802 lib.
431 4753 616 4801 contra
657 4750 1104 4804 Priscillianistas,
1159 4763 1211 4798 n.
1244 4750 1290 4798 5.
1337 4751 1483 4799 Unde
1529 4751 1676 4799 Rom.
1734 4765 1824 4804 xvr,
1873 4749 1953 4804 25,

299 4827 402 4878 pro
453 4826 654 4878 graeco,
714 4812 966 4878 chron‘ois
989 4812 1283 4878 _c_ti(5niois,
1332 4813 1388 4878 in
1437 4814 1553 4873 ipsa
1585 4812 1812 4878 )fulgata
1859 4813 1955 4878 est,

303 4875 644 4936 temporibus
682 4875 938 4922 aeternis.
989 4875 1340 4937 Hieronymus
1370 4876 1543 4923 locum
1587 4875 1849 4934 Epistolas
1891 4875 1958 4922 ad

299 4940 485 4987 Titum
515 4950 791 4995 enarrans,
827 4956 852 4983 α
888 4940 1024 4986 Ante
1066 4939 1195 4986 haec
1233 4938 1399 4996 igitur
1417 4937 1602 4984 mundi
1643 4939 1896 4997 tempora.
1931 4955 1957 4980 ι

297 5003 501 5064 inquit,
546 5020 570 5044 «
621 5001 989 5050 aeternitatem
1064 5001 1349 5064 quamdam
1403 4999 1961 5064 saeculorumufuisse

303 5085 333 5110 α
369 5062 685 5113 credendum
716 5066 852 5112 est...
887 5077 977 5112 sex
1017 5064 1186 5110 millia
1225 5063 1445 5111 necdum
1494 5062 1662 5109 nostri
1689 5062 1828 5109 orbis
1858 5063 1961 5108 im-

302 5147 333 5173 «
377 5127 591 5190 plentur
619 5126 748 5174 anni
777 5140 788 5174 :
823 5139 958 5188 quas
1007 5126 1154 5187 prius
1183 5126 1527 5190 aeternitates
1556 5134 1575 5190 τζ
1607 5127 1807 5190 quanta
1840 5128 1964 5172 tem-

306 5211 336 5234 «
371 5187 496 5251 pora
526 5189 547 5238 ῗ
576 5191 807 5249 quantas
842 5187 1183 5237 saeculorum
1226 5189 1453 5249 origines
1499 5187 1661 5235 fuisse
1699 5187 1963 5235 arbitran-

307 5272 340 5298 «ι
373 5254 500 5302 dum
531 5255 612 5300 est
641 5260 661 5296 ‘3
697 5253 830 5300 Ante
882 5253 1010 5300 haec
1060 5251 1242 5312 itaque
1291 5252 1471 5299 omnia
1521 5252 1771 5310 tempora.
1804 5289 1812 5296 .
1847 5263 1964 5310 pro-

309 5335 344 5361 α
375 5317 526 5364 misit
557 5315 694 5362 Deus
727 5315 880 5362 Pater
926 5314 1211 5375 sapientiae
1259 5326 1386 5362 suae
1415 5314 1640 5361 Verbum
1690 5326 1866 5375 suum,
1916 5315 1968 5360 et

314 5397 342 5420 α
381 5379 552 5440 ipsam
582 5377 895 5438 sapientiam
927 5374 1096 5431 suam,
1124 5379 1176 5424 et
1194 5377 1357 5425 vitam
1388 5389 1568 5440 eorum
1598 5375 1691 5440 qui
1719 5374 1969 5440 credituri

313 5460 342 5484 α
376 5438 530 5489 erant
563 5440 760 5489 mundo
788 5453 901 5488 esse
931 5443 1228 5488 venturam.
1261 5458 1286 5482 »
1317 5439 1531 5486 Brevior
1559 5441 1611 5486 et
1642 5438 1847 5486 facilior
1889 5440 1971 5486 est

310 5502 606 5565 Augustini
632 5501 998 5565 interpretatio
1044 5502 1102 5549 in
1143 5503 1279 5550 libro
1309 5504 1492 5565 contra
1521 5499 1968 5559 Priscillianistas,

314 5580 379 5615 ι).
407 5564 455 5623 6,
491 5564 803 5627 Apostolum
834 5565 1031 5615 scilicet
1059 5567 1275 5613 aeterna
1314 5564 1512 5627 dixisse
1545 5567 1798 5627 tempora,
1828 5577 1970 5627 quae

315 5638 445 5678 ante
490 5625 556 5676 se
577 5642 687 5675 non
734 5628 932 5677 habent
972 5627 1161 5676 ullum
1207 5636 1437 5688 tempus.
1486 5625 1689 5675 Confer.
1723 5626 1818 5675 lib.
1852 5625 1971 5688 ide

319 5691 452 5742 Gen.
484 5693 672 5742 contra
704 5691 951 5747 Manich.,
987 5703 1039 5740 η.
1074 5692 1119 5750 4,
1153 5691 1205 5740 et
1234 5687 1326 5740 lib.
1357 5687 1420 5738 83
1465 5689 1697 5747 Quaest,
1736 5702 1825 5752 qu.
1859 5687 1937 5736 '72.

1517 341 1748 402 LIBER
1795 339 2331 404 DUODECIMUS.

3529 355 3644 418 366

2007 481 2192 534 terna.
2229 478 2286 536 Si
2313 481 2546 552 quidem
2586 482 2681 540 ille
2712 487 2845 540 ante
2876 488 3141 558 tempora
3173 493 3383 545 acterna
3414 505 3528 546 non
3562 507 3651 546 so-

2002 558 2121 614 lum
2155 568 2300 627 erat,
2332 580 2534 620 verum
2599 566 2774 620 etiam
2830 569 3098 634 promisit
3140 569 3314 625 vitam
3350 577 3650 638 aeternam,

2003 656 2177 711 quam
2207 645 2594 700 manifestavit
2617 649 2973 718 temporibus
2994 649 3142 712 suis,
3165 651 3220 703 id
3246 659 3334 707 est
3355 655 3652 723 congruis,

2003 723 2142 791 quid
2179 723 2334 778 aliud
2371 743 2546 796 quam
2593 727 2842 782 Verbum
2876 745 3006 781 sum
3030 729 3058 782 ?
3089 729 3202 784 Hoc
3233 738 3320 786 est
3351 736 3505 787 enim
3539 737 3658 788 vita

2005 809 2236 858 eterna.
2273 805 2571 869 Quomodo
2604 814 2796 862 autem
2833 810 3124 879 promisit,
3157 827 3286 865 cum
3320 812 3656 869 hominibus

2008 884 2210 954 utique
2244 888 2601 956 promiserit,
2623 887 2722 960 qui
2748 891 3006 944 nondum
3039 897 3206 944 erant
3235 898 3368 946 ante
3397 898 3660 963 tempora

2009 969 2263 1033 interna;
2323 968 2434 1022 nisi
2486 969 2623 1038 quia
2671 969 2729 1022 in
2789 968 2973 1039 ipsius
3018 972 3361 1040 aeternitate,
3396 979 3571 1043 atque
3599 974 3656 1028 in

2008 1043 2136 1115 ipso
2167 1047 2293 1114 ejus
2325 1045 2514 1102 Verbo
2567 1049 2755 1103 eidem
2789 1059 3091 1116 coaeterno,
3122 1054 3242 1121 jam
3279 1053 3653 1121 praedestina-

2008 1125 2164 1180 tione
2195 1127 2374 1180 tixum
2407 1132 2550 1195 erat,
2585 1128 2742 1199 quod
2786 1145 2892 1185 suo
2925 1133 3183 1202 tempore
3208 1131 3460 1186 futurum
3491 1139 3611 1187 erat
3632 1131 3662 1186 Ἰ

2011 1283 2240 1339 CAPUT
2271 1285 2446 1340 XVII.
2474 1318 2539 1328 —
2563 1288 2703 1356 Quid
2733 1288 2798 1345 de
2827 1291 3274 1346 incommutabili
3305 1290 3530 1346 consitio
3559 1285 3663 1344 aut

2082 1365 2334 1456 uolunate
2364 1368 2459 1422 Dei
2486 1367 2624 1437 ﬁdes
2660 1385 2796 1424 sana
2835 1370 3115 1441 defendat,
3148 1380 3339 1426 contra
3368 1371 3668 1426 ratiocina-

2083 1451 2252 1501 tiones
2281 1461 2469 1502 eorum
2497 1451 2596 1519 qui
2641 1465 2802 1520 opera
2852 1451 2948 1505 Dei
2979 1467 3052 1506 ex
3079 1454 3394 1508 eterniiate
3441 1452 3667 1519 repetita

2082 1540 2181 1597 per
2207 1527 2420 1582 eosdem
2447 1544 2661 1599 semper
2717 1531 2905 1586 volunt
2958 1532 3291 1587 seculorum
3334 1529 3516 1586 redire
3543 1531 3657 1584 air-4

2085 1609 2283 1663 cuitus.

2087 1743 2139 1796 1.
2173 1740 2322 1797 Illud
2369 1759 2598 1814 quoque
2647 1761 2761 1800 non
2817 1745 3040 1812 dubito,
3091 1749 3404 1816 antequam
3436 1744 3665 1816 primus

2016 1821 2190 1877 homo
2223 1831 2453 1880 creatus
2497 1836 2669 1892 esset,
2727 1843 3029 1898 nunquam
3071 1843 3428 1898 quamquam
3478 1826 3669 1882 homi-

2018 1918 2149 1958 nem
2185 1904 2411 1960 fuisse:
2464 1922 2566 1960 nec
2616 1909 2897 1961 eumdum
2949 1907 3166 1976 ipsum,
3209 1907 3404 1962 nescio
3455 1907 3671 1979 quibus

2018 1984 2372 2051 circuitibus,
2407 1987 2601 2041 nescio
2646 1987 2874 2057 quoties
2926 1987 3275 2053 revolutum,
3323 2003 3428 2042 nec
3485 1988 3668 2044 alium

2021 2065 2275 2135 aliquem
2327 2075 2528 2122 natura
2575 2069 2850 2122 similem.
2891 2067 3089 2138 Neque
3128 2069 3201 2122 ab
3252 2068 3360 2121 hac
3422 2067 3532 2122 fide
3574 2084 3666 2123 me

2021 2144 2500 2214 philosophorum
2533 2153 2876 2217 argumenta
2905 2148 3221 2211 deterrent,
3256 2161 3501 2216 quorum
3535 2162 3671 2200 acu-

2023 2224 2321 2279 tissimum
2370 2224 2512 2279 illud
2567 2232 2822 2294 putatur,
2855 2227 3005 2296 quod
3058 2227 3282 2294 dicunt,
3334 2224 3496 2280 nulla
3537 2224 3676 2278 infl-

2027 2306 2146 2360 nita
2179 2303 2298 2357 ulla
2349 2306 2592 2359 scientia
2644 2323 2812 2376 posse
2843 2307 3257 2376 comprehendi
3296 2323 3309 2360 :
3342 2322 3407 2360 ao
3441 2322 3540 2376 per
3571 2307 3678 2361 hoc

2031 2385 2175 2439 Deus
2203 2384 2505 2454 inquiunt,
2540 2401 2731 2440 rerum
2766 2403 2912 2456 quas
2945 2385 3082 2440 facit
3117 2387 3157 2451 ί,
3183 2384 3450 2440 omnium
3487 2385 3675 2440 ﬁnita-

2027 2481 2156 2518 rum
2188 2479 2393 2520 omnes
2426 2465 2620 2520 ﬁnitas
2651 2467 2801 2535 apud
2831 2482 2891 2520 se
2923 2465 3179 2520 rationes
3210 2465 3403 2520 habet.
3441 2465 3674 2522 Bonitas

2028 2553 2216 2600 autem
2249 2545 2375 2612 ejus
2410 2562 2710 2616 nunquam
2766 2561 2948 2600 vacua
3006 2547 3187 2601 fuisse
3231 2547 3517 2600 credenda
3565 2551 3676 2614 est,

2031 2641 2100 2679 ne
2150 2625 2228 2679 sit
2267 2626 2605 2697 temporalis
2655 2626 2784 2695 ejus
2816 2625 3092 2695 Operatio,
3123 2627 3292 2694 cujus
3321 2633 3475 2681 retro
3504 2626 3680 2680 fuerit

2029 2709 2244 2759 eterna
2274 2707 2544 2769 cessatio,
2578 2705 2746 2777 quasi
2782 2706 3117 2776 pcenituerit
3147 2723 3281 2761 eum
3315 2706 3520 2777 prioris
3553 2709 3681 2762 sine

2030 2787 2194 2841 initio
2226 2787 2562 2853 vacationis,
2595 2804 2661 2842 ac
2709 2795 3010 2857 propterea
3040 2786 3112 2842 sit
3150 2789 3342 2858 operis
3371 2803 3682 2856 aggressus

2030 2866 2286 2922 initium.
2347 2872 2414 2922 Et
2471 2868 2598 2923 ideo
2657 2883 2899 2923 necesse
2946 2873 3054 2933 est,
3116 2867 3418 2939 inquiunt,
3477 2869 3679 2922 eadem

2032 2962 2263 3016 semper
2295 2946 2496 3017 repeti,
2536 2947 2854 3016 eademque
2892 2963 3125 3018 semper
3156 2948 3466 3017 repetenda
3498 2952 3686 3001 trans-

2033 3043 2264 3083 currere
2297 3041 2311 3083 :
2361 3027 2443 3081 vel
2474 3033 2744 3082 manente
2773 3028 2982 3082 mundo
3017 3027 3393 3095 mutabiliter,
3426 3029 3524 3098 qui
3555 3027 3688 3082 licet

2037 3124 2338 3180 nunquam
2372 3125 2486 3163 non
2516 3109 2686 3164 fuerit
2717 3115 2774 3164 et
2803 3109 2929 3164 sine
2973 3108 3140 3163 initio
3173 3107 3454 3178 temporis
3485 3112 3682 3162 tamen

2037 3192 2220 3246 factus
2252 3193 2374 3260 est;
2411 3187 2496 3244 vel
2532 3189 2661 3258 ejus
2693 3205 2928 3259 quoque
2958 3193 3088 3243 ortu
3120 3193 3176 3243 et
3204 3204 3416 3243 occasu
3444 3201 3674 3257 semper

2037 3269 2155 3324 illis
2185 3268 2529 3324 circuitibus
2561 3269 2821 3338 repetito,
2854 3284 3202 3339 semperque
3226 3268 3538 3340 repetendo
3572 3283 3586 3322 :
3621 3283 3692 3322 ne

2038 3349 2345 3416 videlicet;
2382 3351 2427 3403 si
2484 3349 2800 3420 aliquando
2851 3349 3107 3418 primum
3157 3348 3256 3403 Dei
3297 3365 3473 3419 cpera
3503 3353 3691 3420 coepta

2043 3431 2331 3494 dicantur,
2385 3429 2633 3498 priorem
2695 3445 2864 3482 suam
2923 3429 3051 3482 sine
3110 3427 3273 3482 initio
3332 3429 3688 3484 vacationem

2045 3515 2324 3580 tanquam
2360 3509 2606 3564 inertem
2642 3525 2707 3563 ac
2740 3507 3118 3573 desidiosum,
3161 3511 3216 3560 et
3248 3507 3377 3560 ideo
3429 3507 3540 3560 sibi
3579 3509 3693 3560 dis-

2049 3590 2359 3662 plicentem
2411 3589 2724 3644 damnasse
2770 3587 3221 3658 quodammodo,
3255 3592 3430 3656 atque
3471 3586 3542 3640 ob
3589 3586 3695 3640 hoc

2051 3675 2308 3726 mutasse
2351 3670 2638 3723 credatur.
2675 3668 2732 3722 Si
2766 3680 2957 3721 autem
3003 3682 3236 3736 semper
3281 3666 3516 3736 quidem
3551 3671 3698 3721 tem-

2053 3749 2293 3822 poralia,
2328 3746 2427 3802 sed
2460 3747 2574 3800 alia
2601 3753 2776 3816 atque
2809 3745 2922 3799 alia
2954 3743 3288 3813 perhibetur
3319 3752 3608 3814 operatus,
3632 3761 3698 3800 ac

2051 3831 2134 3887 sic
2166 3829 2486 3900 aliquando
2510 3829 2680 3882 etiam
2715 3828 2785 3882 ad
2819 3826 3116 3880 hominem
3149 3825 3499 3888 faciendum,
3524 3840 3697 3893 quem

2056 3927 2362 3982 nunquam
2397 3914 2568 3964 antea
2612 3910 2845 3972 fecerat,
2881 3905 3212 3977 pervenisse
3245 3921 3378 3959 :non
3431 3904 3696 3972 scientia,

2052 4008 2166 4065 qua
2199 3996 2402 4062 putant
2433 4006 2550 4045 non
2578 4005 2744 4058 posse
2777 4003 3163 4059 quaecumque
3187 3985 3416 4040 infinita
3441 4001 3723 4060 compreg

2054 4073 2252 4138 bendi,
2284 4073 2380 4127 sed
2416 4071 2582 4142 quasi
2606 4071 2936 4137 ad‘horam,
2965 4069 3112 4123 sicut
3153 4067 3418 4124 veniebat
3448 4067 3502 4120 in
3537 4081 3699 4121 men-

2053 4163 2193 4222 tem,
2229 4156 2464 4209 fortuita
2505 4152 2755 4224 quadam
2789 4150 3178 4206 inconstantia
3202 4149 3465 4203 videatur
3497 4149 3701 4203 fecisse

2055 4255 2180 4309 quae
2240 4235 2390 4290 fecit.
2454 4233 2623 4288 Porro
2686 4234 2732 4288 si
2796 4233 2876 4286 illi
2949 4230 3228 4286 circuitus
3299 4229 3703 4296 admittuntur,

2054 4318 2351 4388 inquiunt,
2412 4314 2625 4385 quibus
2681 4315 2769 4367 vel
2824 4318 3094 4367 manente
3147 4311 3387 4378 mundo,
3445 4310 3534 4365 vel
3578 4309 3707 4379 ipso

2057 4412 2290 4470 quoque
2339 4394 2680 4450 revolubiles
2729 4398 2894 4448 ortus
2925 4408 3061 4448 suos
3108 4396 3163 4446 et
3203 4407 3444 4447 occasus
3491 4391 3706 4445 eisdem

2059 4477 2399 4534 circuitibus
2422 4476 2732 4543 inserente,
2756 4475 2958 4529 eadem
2982 4471 3325 4542 temporalia
3345 4476 3709 4542 repetuntur,

2061 4576 2166 4615 nec
2216 4558 2489 4629 ignavum
2533 4554 2741 4623 otium,
2789 4553 3111 4624 praesertim
3174 4558 3292 4607 tam
3349 4551 3536 4622 longas
3583 4551 3709 4604 sine

2060 4638 2224 4694 initio
2255 4637 2679 4704 diuturnitatis,
2723 4635 2836 4691 Deo
2888 4633 3186 4699 tribuitur,
3234 4647 3336 4686 nec
3386 4630 3712 4700 improvida.

2062 4718 2360 4776 temeritas
2387 4734 2628 4789 cperam
2664 4731 2926 4772 suorum.
2957 4713 3240 4779 Quoniam
3273 4710 3321 4763 si
3353 4726 3466 4763 non
3501 4709 3705 4789 eadem

2064 4787 2565 4872 repetanturJnon
2600 4804 2847 4867 possunt
2879 4793 3108 4848 infinita
3137 4789 3465 4872 diversitate
3495 4787 3716 4872 variata

2067 4865 2184 4937 ulla
2212 4882 2340 4949 ejus
2361 4865 2613 4935 scientia
2629 4876 2717 4930 vel
2749 4872 3113 4944 praescientia
3143 4865 3583 4949 comprehendi.

2134 4962 2188 5014 2.
2238 4945 2353 5014 ilus
2401 4955 2935 5027 argumentationes
2981 4949 3196 5019 quibus
3235 4945 3418 5027 impii
3450 4952 3711 5027 nostram

2067 5041 2392 5107 simplicem
2429 5024 2723 5107 pietatem,
2751 5038 2814 5086 ut
2845 5047 2975 5086 cum
3009 5029 3126 5083 illis
3153 5029 3209 5082 in
3244 5026 3494 5107 circuitu
3517 5024 3722 5107 ambu-

2072 5102 2281 5181 lemus,
2315 5121 2384 5168 «te
2420 5102 2507 5167 via
2541 5121 2692 5167 recta
2740 5113 3021 5165 conantur
3051 5112 3330 5170 avertere,
3363 5103 3410 5159 si
3444 5102 3588 5156 ratio
3621 5116 3712 5155 re-

2072 5199 2256 5251 futare
2291 5211 2401 5248 non
2447 5199 2662 5264 posSet,
2697 5192 2835 5245 fi-les
2871 5189 3106 5244 irridere
3153 5187 3406 5242 ἀεὶιιϊεῐ.
3453 5188 3570 5264 illic
3618 5197 3715 5236 ac-

2072 5277 2249 5340 cedit,
2283 5263 2520 5345 quoilrin
2558 5271 2842 5343 adjutoriu
2885 5269 3108 5323 Domini
3148 5270 3242 5322 Dei
3278 5266 3455 5318 nostri
3492 5263 3597 5316 hos
3627 5277 3729 5345 vo-

2075 5342 2593 5421 lubiles'circulus,
2624 5342 2766 5422 tlUtiS
2798 5352 2992 5423 cpinio
3023 5349 3326 5418 conﬁngit,
3364 5346 3504 5398 ratio
3540 5342 3728 5396 inani-

2079 5442 2223 5498 festa
2249 5439 2580 5508 confringit.
2620 5441 2759 5492 lliuc
2807 5436 2963 5492 enim
3013 5432 3262 5487 maxime
3295 5429 3391 5483 isti
3423 5430 3635 5489 errant,
3671 5427 3736 5478 ut

2204 5680 2363 5735 Editi,
2391 5680 2539 5740 fecit.
2576 5681 2642 5728 At
2671 5679 2814 5738 Mss,
2842 5676 2998 5738 facit.
