4136 6190
467 281 582 342 367

465 416 528 472 in
585 411 830 470 circuitu
886 408 1027 465 falso
1072 408 1394 476 ambulare,
1454 423 1626 480 quam
1671 423 1801 462 vero
1849 409 1905 460 et
1953 405 2108 458 recto

461 496 666 550 itinere
699 491 927 558 malint,
962 490 1114 559 quod
1150 493 1397 543 mentem
1440 491 1697 544 divinam
1740 486 1978 542 omnino
2009 483 2112 535 im-

469 573 806 633 mutabilem
857 569 1174 639 cujuslibet
1211 569 1518 625 inﬁnitatis
1586 583 1876 640 capacem,
1920 569 1975 618 et
2029 563 2113 617 in-

461 671 706 710 numera
737 652 933 707 omnia
962 652 1084 706 sine
1113 651 1476 715 cogitationis
1500 650 1883 706 alternatione
1906 658 2110 700 nume-

459 742 710 798 rantem,
769 734 841 788 de
899 749 1007 786 sua
1084 731 1362 799 humana,
1413 733 1698 797 mutabili,
1744 733 2112 799 angustaque

462 816 804 872 metiuntur.
849 813 914 866 Et
945 812 1008 866 ﬁt
1040 810 1156 866 illis
1187 819 1337 882 quod
1373 813 1454 866 ait
1494 811 1806 878 Apostolus
1839 825 1851 862 :
1901 821 2114 874 compa-

461 901 654 950 rantes
685 892 841 947 enim
873 893 1204 960 semetipsos
1235 892 1594 963 sibimetipsis
1625 892 1731 960 (ιι),
1763 905 1869 943 non
1902 886 2107 940 intelli-

461 982 600 1042 gunt
634 973 703 1044 (Il
737 973 860 1028 Cor.
887 989 942 1041 χ,
993 973 1103 1043 12).
1139 972 1282 1026 Nam
1331 973 1468 1044 quia
1506 973 1621 1026 illis
1666 969 1948 1040 quidquid
1983 963 2111 1019 novi

464 1055 798 1108 faciendum
833 1053 985 1108 venit
1015 1052 1074 1107 in
1109 1059 1388 1120 mentem,
1424 1070 1566 1107 novo
1606 1051 1848 1106 consilio
1899 1047 2112 1101 faciunt

461 1132 800 1203 (mutabiles
830 1135 1045 1203 quippe
1090 1140 1316 1187 mentes
1362 1135 1636 1203 gerunt);
1691 1129 1943 1202 profecto
1995 1141 2110 1180 non

460 1214 669 1280 Deum,
703 1229 876 1283 quem
910 1213 1165 1284 cogitare
1199 1229 1312 1268 non
1348 1219 1608 1282 possunt,
1642 1213 1734 1266 sed
1770 1208 2111 1276 semetipsos

459 1311 562 1365 pro
615 1293 713 1347 illo
759 1293 1101 1363 cogitantes,
1139 1309 1251 1346 non
1305 1293 1470 1346 illum
1525 1293 1625 1346 sed
1677 1306 1737 1345 se
1786 1291 1963 1359 ipsos,
2005 1301 2110 1340 nec

455 1372 564 1440 illi,
600 1373 697 1427 sed
743 1371 857 1426 sibi
890 1379 1249 1440 comparant.
1291 1372 1469 1426 Nobis
1517 1376 1710 1425 autem
1747 1370 1828 1422 tas
1858 1383 1973 1422 non
2024 1371 2112 1420 est

450 1455 702 1518 credere,
735 1452 904 1507 aliter
951 1452 1131 1506 Deum
1163 1452 1318 1506 afﬁci
1349 1468 1484 1506 cum
1527 1455 1713 1517 vacat,
1752 1449 1920 1504 aliter
1971 1463 2106 1502 cum

457 1543 762 1604 operatur:
798 1533 937 1603 quia
968 1548 1073 1586 nec
1103 1531 1255 1586 afﬁci
1287 1532 1570 1586 dicendus
1603 1535 1714 1595 est,
1739 1537 2015 1599 tanquam
2050 1527 2108 1581 in

452 1615 575 1685 ejus
604 1613 940 1682 naturavﬁat
969 1612 1212 1683 aliquid,
1247 1613 1404 1683 quod
1452 1629 1564 1667 non
1600 1617 1735 1666 ante
1768 1609 1961 1665 fuerit.
1998 1607 2104 1662 Pa-

448 1698 598 1752 titur
635 1695 852 1766 quippe
903 1694 1002 1764 qui
1052 1693 1320 1761 atﬁcitur,
1355 1697 1412 1747 et
1461 1692 1743 1747 mutabile
1795 1695 1883 1746 est
1934 1704 2109 1744 omne

449 1779 600 1847 quod
632 1775 852 1845 aliquid
885 1775 1119 1845 patitur.
1164 1773 1289 1828 Non
1319 1773 1517 1844 itaque
1557 1775 1614 1829 in
1652 1773 1778 1843 ejus
1810 1769 2108 1826 vacatione

460 1857 752 1927 cogitetur
783 1854 1033 1925 ignavia,
1057 1854 1298 1923 desidia,
1333 1853 1575 1921 inertia;
1603 1853 1750 1907 sicut
1780 1868 1882 1906 nec
1903 1852 1958 1905 in
1981 1851 2108 1918 ejus

454 1955 625 2010 opere
647 1935 1582 2004 labor,conatus,industria.Novit
1597 1935 1899 2006 quiescens
1915 1946 2103 2002 agere,

458 2025 515 2076 et
539 2035 717 2090 agens
750 2018 1062 2088 quiescere.
1089 2020 1282 2071 Potest
1314 2017 1384 2070 ad
1423 2033 1566 2086 opus
1599 2031 1834 2082 novum,
1870 2030 1984 2067 non
2007 2027 2106 2065 no-

455 2115 617 2164 vum,
641 2099 739 2154 sed
763 2098 1174 2168 sempiternum
1201 2097 1478 2151 adhibere
1501 2095 1838 2160 consilium;
1865 2107 1969 2148 nec
1993 2109 2107 2162 pm-

459 2181 707 2236 nitendo
745 2181 886 2250 quia
930 2179 1088 2248 prius
1131 2182 1473 2244 cessaverat,
1505 2178 1678 2248 coepit
1733 2177 1920 2230 facere
1951 2173 2104 2243 quod

462 2277 578 2318 non
613 2260 848 2316 fecerat.
883 2259 993 2313 Sed
1035 2264 1091 2313 et
1131 2258 1178 2313 si
1228 2260 1390 2329 prius
1431 2258 1697 2322 cessavit,
1731 2262 1787 2310 et
1820 2255 2104 2326 posterius

453 2347 728 2412 operatus
772 2348 858 2395 est
897 2339 1071 2409 (quod
1107 2340 1301 2392 nescio
1333 2338 1832 2408 quemadmodum
1877 2336 1949 2389 ab
1999 2334 2103 2388 bo-

461 2423 618 2476 mine
652 2421 836 2492 possit
863 2418 1155 2490 intelligi),
1191 2418 1297 2473 hoc
1348 2423 1549 2488 procul
1594 2419 1770 2472 dubio
1817 2415 1968 2487 quod
2013 2412 2099 2468 di-

447 2502 620 2569 citur,
645 2502 809 2572 prius
843 2506 895 2555 et
920 2500 1228 2572 posterius,
1265 2499 1322 2552 in
1374 2499 1549 2553 rebus
1594 2499 1758 2569 prius
1803 2513 1916 2551 non
1950 2496 2104 2549 exis-

451 2584 711 2638 tentibus
743 2587 800 2636 et
835 2586 1123 2652 posterius
1175 2578 1563 2635 existentibus
1615 2580 1741 2632 fuit.
1779 2579 1840 2632 In
1877 2576 1972 2630 illo
2007 2593 2104 2631 au-

450 2667 568 2718 tem
602 2679 716 2718 non
759 2662 1001 2716 alteram
1051 2664 1464 2731 praeedentem
1515 2661 1694 2716 altera
1735 2659 2098 2727 subsequens

450 2745 695 2798 mutavit
725 2754 823 2797 aut
847 2742 1086 2796 abstulit
1109 2741 1485 2805 voluntatem,
1512 2743 1610 2795 sed
1641 2759 1755 2795 una
1779 2741 2100 2809 eademque

398 2837 415 2936 Κ
453 2822 812 2893 sempiterna
844 2827 899 2877 et
929 2821 1282 2875 immutabili
1315 2823 1605 2876 voluntate
1660 2835 1748 2875 res
1791 2837 1936 2888 quas
1967 2835 2101 2873 con-

453 2903 599 2936 ΑςΑςο
656 2908 709 2936 ιιι
745 2908 805 2936 ιιι
856 2902 1013 2936 τηιῖηο
1066 2919 1176 2936 ηηη
1233 2909 1427 2936 nonani
1471 2901 1580 2936 imit
1656 2900 1931 2936 nlanmr‘in
1984 2915 2094 2936 nnn

412 2903 622 2980 Edidit,
656 2908 712 2958 et
745 2908 808 2957 ut
856 2902 1014 2972 prius
1066 2919 1178 2956 non
1233 2909 1432 2956 essent
1471 2901 1602 2969 egit,
1656 2900 1933 2970 quamdiu
1984 2915 2098 2953 non

453 2982 704 3050 fuerunt,
737 2987 794 3037 et
827 2987 888 3036 ut
921 2983 1207 3052 posterius
1235 2986 1451 3047 essent,
1486 2980 1723 3051 quando
1754 2996 1877 3034 esse
1905 2995 2101 3048 cmpe-

455 3068 592 3118 runt
625 3079 638 3118 :
678 3064 813 3118 hinc
843 3062 926 3117 eis
961 3064 1060 3133 qui
1090 3062 1228 3116 talia
1258 3061 1449 3115 videre
1477 3066 1725 3131 possunt
1756 3059 2102 3114 mirabiliter

455 3143 721 3198 fortassis
765 3145 1097 3208 ostendens,
1131 3157 1306 3210 quam
1355 3158 1470 3195 non
1503 3143 1585 3195 eis
1619 3142 1957 3210 iudiguerit,
1999 3139 2100 3194 sed

461 3240 559 3279 eas
585 3225 839 3294 gratuita
877 3223 1134 3277 bonitate
1179 3221 1520 3288 condiderit,
1555 3238 1686 3276 cum
1721 3222 1847 3277 sine
1886 3221 2003 3275 illis
2035 3236 2102 3275 ex

462 3306 784 3359 aeternitate
813 3303 981 3358 initio
1013 3307 1245 3358 carente
1286 3302 1344 3358 in
1390 3319 1504 3357 non
1554 3302 1776 3357 minore
1831 3300 2100 3356 beatitate

460 3386 804 3456 permansit.

413 2943 416 2950 ι

454 3546 686 3603 CAPUT
712 3547 908 3603 XVIII.
945 3577 1010 3588 --
1045 3547 1245 3602 Contra
1275 3563 1361 3603 eos
1399 3549 1495 3619 qui
1522 3546 1733 3614 dicunt,
1770 3563 1834 3601 ea
1858 3561 1982 3617 quae
2013 3549 2098 3601 in-

545 3629 706 3699 ﬁnita
735 3639 860 3686 sunt
891 3646 990 3685 nec
1020 3631 1120 3685 Dei
1155 3647 1310 3702 posse
1338 3630 1567 3686 scicntia
1595 3630 1999 3702 comprehendi.

525 3767 672 3822 Illud
707 3772 898 3823 autem
953 3765 1108 3821 aliud
1145 3767 1299 3838 quod
1335 3767 1556 3834 dicunt,
1591 3782 1694 3821 nec
1727 3765 1825 3819 Dei
1858 3764 2099 3819 scientia

452 3865 578 3918 qua:
611 3848 839 3903 inﬁnita
861 3855 999 3902 sunt
1031 3864 1200 3916 posse
1232 3846 1645 3918 comprehendi
1672 3863 1685 3912 ;
1709 3849 1887 3899 restat
1917 3845 1999 3898 eis
2033 3848 2098 3897 ut

453 3930 644 3985 dicere
695 3930 965 3992 audeant,
1013 3933 1184 3994 atque
1215 3927 1353 3981 huic
1399 3944 1456 3981 se
1500 3925 1750 3993 voragini
1801 3926 2094 3993 profundis

450 4009 773 4079 impietatis
813 4009 1187 4074 immergant,
1222 4007 1370 4076 quod
1427 4023 1537 4061 non
1589 4020 1788 4060 omnes
1820 4020 2094 4061 numeros

451 4089 604 4143 Deus
635 4087 877 4143 noverit.
925 4086 1033 4139 Eos
1081 4086 1296 4156 quippe
1348 4086 1604 4140 inﬁnitos
1656 4100 1804 4149 esse,
1839 4085 2094 4138 certissi-

450 4183 610 4220 mum
643 4175 729 4220 est
761 4182 772 4219 :
809 4163 1085 4235 quoniam
1132 4164 1188 4218 in
1229 4180 1596 4234 quocumque
1647 4179 1887 4217 numero
1921 4163 2089 4221 finem

449 4245 775 4300 faciendum
814 4241 1128 4312 putaveris,
1163 4241 1315 4297 idem
1350 4243 1493 4311 ipse,
1527 4258 1641 4296 non
1688 4241 1816 4296 dico
1850 4258 1963 4297 uno
1996 4243 2091 4298 ad-

444 4324 566 4378 dito
595 4324 812 4393 augeri.
849 4323 947 4376 sed
980 4322 1301 4390 quamlibet
1322 4325 1398 4378 sit
1422 4338 1666 4389 magnus
1690 4327 1746 4376 et
1766 4323 2090 4393 quamlibet

443 4406 738 4474 ingentem
792 4401 1228 4458 multitudinem
1279 4403 1582 4459 continens
1612 4401 1671 4458 in
1703 4403 1830 4474 ipsa
1869 4403 2088 4462 ratione

439 4489 617 4554 atque
647 4483 891 4539 scientia
937 4497 1337 4553 numerorum,
1372 4499 1485 4536 non
1534 4481 1723 4538 solum
1777 4483 2083 4552 duplicari,

439 4579 641 4619 verum
706 4564 880 4619 etiam
942 4560 1318 4633 multiplicari
1379 4566 1584 4634 potest.
1634 4563 1716 4618 Ita
1770 4579 1902 4619 vero
1963 4566 2084 4620 suis

439 4645 689 4719 quisque
741 4660 1020 4700 numerus
1080 4645 1534 4716 preprietatibus
1591 4645 1959 4710 terminatur,
2021 4649 2085 4701 ut

438 4727 638 4783 nullus
691 4743 892 4782 eorum
944 4742 1046 4796 par
1085 4742 1212 4781 esse
1262 4728 1611 4795 cuicumque
1661 4726 1826 4780 alteri
1875 4729 2078 4796 possit.

433 4809 581 4878 Ergo
613 4812 669 4861 et
698 4809 962 4879 diSpares
994 4805 1144 4861 inter
1175 4824 1232 4863 se
1261 4813 1434 4878 atque
1466 4806 1675 4861 diversi
1707 4811 1863 4870 sunt,
1889 4811 1943 4860 et
1965 4807 2083 4860 sin-

433 4892 552 4961 guli
586 4889 805 4961 quique
837 4887 980 4942 tiuiti
1007 4897 1161 4953 sunt,
1187 4895 1242 4944 et
1263 4905 1467 4944 omnes
1499 4887 1711 4940 inﬁniti
1735 4892 1890 4942 sunt.
1917 4889 2078 4941 Itane

433 4985 705 5025 numeros
738 4974 972 5039 propter
1000 4968 1348 5025 inﬁnitatem
1382 4969 1565 5024 nescit
1595 4984 1798 5023 omnes
1828 4967 1981 5023 Deus
2017 4971 2028 5003 ¹
2058 4982 2072 5030 ;

488 5203 504 5238 1
537 5201 622 5250 Sic
649 5200 730 5247 Er.
778 5201 830 5248 et
857 5198 978 5246 Mss.
1026 5199 1094 5245 Αι
1121 5198 1274 5245 Vind.
1321 5200 1435 5245 Am.
1467 5200 1518 5245 et
1550 5198 1867 5252 L0v.,ne.~'cit
1897 5198 2070 5246 omni-

413 5274 608 5324 potens
641 5264 784 5310 Deus

486 5329 562 5388 (a)
592 5326 757 5374 Aliter
787 5323 1012 5388 Vulgata
1049 5335 1061 5379 ;
1119 5322 1209 5388 sed
1256 5323 1585 5388 Augustinus
1615 5324 1702 5371 hic
1753 5325 1804 5388 et
1841 5324 1896 5370 in
1927 5323 2065 5373 Psal.

417 5384 501 5440 34,
527 5391 579 5436 et
607 5391 792 5435 contra
823 5387 1088 5434 Faustum.
1129 5384 1220 5431 lib.
1253 5384 1331 5443 22,
1365 5399 1474 5447 cap.
1527 5385 1607 5443 47,
1648 5387 1894 5447 sequitur
1921 5399 2065 5446 grae-

415 5461 532 5497 cam
561 5451 858 5502 lectionem,
897 5448 982 5496 σαί
1029 5447 1256 5506 sugerin
1279 5456 1428 5494 entes
1477 5456 1704 5496 eautous
1733 5448 1960 5506 eautois,
1993 5463 2062 5496 ou

415 5511 735 5573 suniousin.
783 5511 922 5558 Editi
948 5512 1096 5573 Amer
1121 5509 1202 5556 Er.
1254 5513 1305 5558 et
1337 5510 1458 5558 Lov.
1491 5511 1706 5567 habent,
1750 5512 2063 5573 semetipsos

415 5586 530 5618 non
563 5572 906 5638 intelligunt.
937 5575 1004 5620 At
1040 5572 1193 5638 Vind.
1230 5574 1281 5620 et
1310 5573 1429 5621 Mss.
1463 5575 1824 5625 consentiente
1853 5572 2055 5638 graeco,

413 5646 560 5692 voce,
591 5634 916 5696 semetipsos,
937 5637 1134 5684 carent.

1524 277 1624 336 DE
1670 268 2034 334 CIVITATE
2078 267 2227 340 DEI,
2281 268 2341 328 S.
2390 273 2818 335 AUGUSTINI

3756 278 3871 338 368

2219 404 2276 457 et
2308 417 2491 473 usque
2525 406 2594 459 ad
2628 405 2940 476 quamdam
2973 420 3266 463 summam
3293 424 3669 466 numerorum
3692 409 3878 466 scien-

2227 481 2302 535 tia
2337 483 2430 538 Dei
2467 487 2744 555 pervenit,
2778 493 3011 542 casteros
3053 486 3323 557 ignorat?
3363 489 3504 554 Quis
3555 490 3661 545 hoc
3702 490 3874 546 etiam

2225 561 2702 621 dementissimus
2753 567 3009 622 dixerit?
3067 572 3182 622 Nec
3241 570 3538 625 audebunt
3587 571 3686 626 isti
3733 587 3879 626 con-

2223 646 2482 699 temnere
2515 663 2808 713 numeros,
2843 653 2897 700 et
2928 663 3026 701 eos
3073 648 3262 702 dicere
3311 650 3378 703 ad
3429 649 3526 704 Dei
3561 650 3873 706 scientiam

2225 740 2337 778 non
2373 726 2678 795 pertinere,
2709 728 2862 798 apud
2896 744 3043 798 quos
3088 729 3246 783 Plato
3279 729 3458 785 Deum
3495 747 3707 800 magna
3737 747 3879 786 auc-

2224 805 2458 860 toritate
2505 812 2881 864 commendat
2932 813 3235 865 mundum.
3277 815 3540 867 numeris
3581 814 3877 868 fabrican-

2223 889 2338 966 tem
2369 888 2451 956 (In
2487 889 2702 958 Timaeo)
2738 906 2751 945 :
2785 896 2842 946 et
2872 892 3025 961 apud
3060 909 3165 946 nos
3196 892 3311 948 Deo
3361 894 3586 948 dictum
3636 895 3875 966 legitur,

2223 964 2423 1020 Omnia
2456 969 2518 1022 in
2547 986 2827 1037 mensura,
2859 974 2910 1024 et
2932 987 3180 1038 numero,
3209 982 3258 1026 et
3291 972 3526 1042 pondere
3555 964 3881 1044 disposuislt'

2223 1045 2375 1116 (δαί).
2409 1065 2487 1113 x1,
2519 1050 2658 1118 21)?
2683 1052 2758 1106 De
2791 1069 2906 1123 quo
2938 1053 3078 1106 dicit
3109 1058 3164 1106 et
3197 1053 3497 1124 propheta,
3532 1056 3638 1123 Qui
3664 1059 3880 1126 profert

2221 1141 2511 1183 numerose
2539 1131 2802 1184 saeculum
2834 1132 2849 1164 ¹
2884 1129 3016 1199 (lsa'i
3045 1148 3134 1198 xc,
3166 1132 3256 1198 26,
3289 1148 3392 1186 sec.
3430 1131 3619 1202 LXX).
3665 1135 3732 1188 Et
3759 1135 3877 1188 Sal-

2222 1213 2386 1261 vator
2410 1209 2466 1262 in
2497 1210 2832 1280 Evangelio,
2862 1210 3091 1280 Capilli,
3124 1211 3334 1281 inquit,
3368 1215 3534 1266 vestri
3562 1229 3748 1269 omnes
3774 1231 3876 1269 nu-

2221 1287 2426 1342 merati
2452 1295 2579 1343 sunt
2611 1290 2817 1360 (Matth.
2847 1307 2902 1358 Χ,
2935 1291 3047 1360 30).
3082 1292 3251 1345 Absit
3300 1291 3494 1362 itaque
3541 1302 3601 1346 ut
3630 1294 3867 1349 dubite-

2223 1383 2376 1428 mus,
2437 1373 2588 1438 quod
2649 1370 2699 1423 ei
2761 1375 2933 1425 notus
2991 1375 3063 1424 sit
3107 1371 3300 1425 omnis
3362 1389 3664 1441 numerus,
3710 1376 3869 1445 cujus

2219 1447 2625 1516 intelligentiae,
2679 1449 2828 1503 sicut
2867 1449 2925 1504 in
2961 1449 3191 1505 Psalmo
3242 1451 3492 1521 canitur,
3525 1469 3634 1508 non
3667 1468 3744 1508 est
3773 1471 3874 1510 nu-

2217 1544 2401 1582 merus
2453 1530 2620 1600 (Psal.
2668 1547 2854 1597 CXLVI,
2910 1531 2988 1601 5).
3039 1531 3307 1586 Inﬁnitas
3365 1533 3560 1602 itaque
3617 1537 3871 1603 numeri,

2220 1609 2485 1679 quamvis
2536 1610 2899 1665 inﬁnitorum
2961 1628 3340 1666 numerorum
3393 1612 3592 1669 nullus
3635 1616 3713 1669 sit
3765 1633 3870 1671 nu-

2222 1707 2433 1758 merus,
2460 1709 2570 1747 non
2605 1697 2696 1746 est
2729 1700 2919 1747 tamen
2953 1693 3569 1764 incomprehensibilis
3599 1697 3650 1752 ei
3701 1698 3871 1768 cujus

2219 1770 2617 1843 intelligentiae
2676 1790 2790 1828 non
2861 1779 2952 1828 est
3013 1791 3312 1828 numerus.
3373 1777 3739 1848 Quapropter
3797 1780 3870 1846 si,

2217 1851 2501 1922 quidquid
2554 1853 2798 1907 scientia
2845 1854 3376 1923 comprehenditur,
3409 1854 3650 1912 scientia
3710 1874 3875 1913 com-

2218 1932 2601 2002 prehensione
2653 1935 2891 2001 finitur;
2934 1933 3190 2004 profecto
3248 1943 3301 1990 et
3355 1937 3549 1992 omnis
3605 1936 3870 1995 inﬁnitas

2217 2015 2470 2083 quodam
2504 2013 2757 2069 ineﬁ‘ahli
2789 2016 2962 2069 modo
3000 2017 3108 2070 Deo
3129 2015 3289 2070 ﬁnita
3310 2021 3419 2085 est,
3444 2017 3580 2087 quia
3608 2019 3870 2076 scientia

2215 2094 2404 2165 ipsius
2455 2095 3064 2165 incomprehensibilis
3097 2114 3212 2152 non
3258 2101 3368 2153 est.
3419 2102 3604 2164 Quare
3649 2101 3693 2154 si
3727 2101 3870 2155 inﬁ-

2217 2174 2372 2229 nitas
2406 2193 2785 2231 numerorum
2821 2177 3076 2232 scientiis
3119 2176 3241 2242 Dei,
3273 2194 3390 2248 qua
3419 2180 3868 2250 comprehendi-

2218 2262 2329 2320 tur,
2353 2272 2480 2311 esse
2504 2273 2613 2311 non
2642 2262 2828 2328 potest
2851 2257 3111 2324 inﬁnita;
3138 2258 3231 2328 qui
3258 2259 3491 2312 tandem
3520 2277 3624 2314 nos
3647 2277 3860 2317 sumus

2217 2335 2580 2405 homunculi,
2613 2337 2714 2408 qui
2745 2338 2868 2408 ejus
2901 2338 3156 2392 scientiae
3189 2337 3404 2393 limites
3437 2339 3610 2411 figere
3642 2358 3863 2410 praesu-

2215 2433 2466 2485 mamus,
2525 2420 2780 2474 dicentes
2835 2420 3011 2490 quod,
3076 2419 3188 2474 nisi
3241 2420 3463 2475 eisdem
3512 2422 3860 2478 circuitibu

2212 2503 2539 2569 temporum
2571 2500 2767 2555 eadem
2817 2499 3164 2570 temporalia
3212 2506 3564 2571 repetantur,
3601 2519 3713 2558 non
3760 2520 3863 2575 po-

2216 2585 2325 2635 test
2355 2580 2505 2635 Deus
2537 2586 2751 2635 cuncta
2798 2597 2924 2650 quae
2957 2579 3090 2635 fecit
3135 2580 3219 2635 vel
3257 2581 3522 2652 praescire
3571 2590 3635 2637 ut
3668 2584 3859 2659 faciat,

2211 2661 2298 2715 vel
2332 2661 2480 2716 scire
2510 2679 2643 2717 cum
2679 2660 2918 2717 fecerit?
2961 2663 3130 2730 cujus
3169 2663 3458 2734 sapientia
3506 2664 3861 2735 simpliciter
3895 2673 3904 2716 t

2214 2741 2514 2812 multiplex
2544 2747 2600 2796 et
2634 2744 3001 2797 uniformiter
3032 2743 3433 2810 multiformis,
3466 2749 3581 2798 tam
3630 2748 3860 2800 incom-

2213 2821 2592 2892 prehensibili
2622 2823 3140 2892 comprehensione
3165 2827 3360 2879 omnia
3381 2825 3868 2896 incomprehensi-

2211 2902 2353 2956 bilia
2403 2905 2861 2973 comprehendit,
2897 2911 2961 2959 ut
2991 2921 3368 2976 quaecumque
3418 2922 3564 2960 nova
3595 2911 3653 2960 et
3684 2907 3867 2962 dissi-

2212 2982 2375 3036 milia
2411 2984 2825 3054 conse'quentia
2875 2985 2895 3018 ²
2928 2985 3388 3056 praecedentibus
3418 2985 3464 3040 si
3494 3001 3727 3056 semper
3768 2988 3860 3042 fa-

2213 3078 2338 3118 cere
2387 3063 2575 3132 vellet,
2627 3063 2953 3120 inordinata
3008 3071 3064 3120 et
3120 3065 3429 3135 improvisa
3476 3065 3687 3121 habere
3747 3083 3862 3122 non

2211 3152 2433 3214 posset;
2469 3161 2572 3199 nec
2602 3161 2669 3200 ea
2699 3146 3043 3216 przrvideret
3065 3161 3132 3200 ex
3164 3147 3423 3216 proximo
3447 3151 3729 3216 tempore,
3761 3148 3859 3202 sed

2211 3229 2425 3280 mterna
2447 3227 2808 3296 praescientia
2831 3226 3168 3282 contineret.

2415 3361 2643 3417 CAPUT
2671 3363 2816 3419 XIX.
2848 3394 2917 3405 -——
2948 3364 3022 3419 De
3059 3363 3271 3419 saeculis
3299 3369 3650 3420 saeculorum.

2283 3497 2442 3561 Quod
2477 3503 2676 3554 utrum
2713 3500 2791 3554 ita
2840 3500 3012 3555 faciat
3040 3498 3084 3565 ³,
3118 3505 3175 3554 et
3205 3500 3542 3555 continuata
3572 3499 3686 3555 sibi
3717 3516 3855 3555 con-

2211 3578 2456 3634 nexione
2485 3579 2832 3649 copulentur
2860 3595 2984 3650 quas
3018 3579 3382 3650 appellantur
3430 3577 3642 3634 saecula
3673 3595 3861 3634 saecu-

2209 3659 2422 3714 lorum:
2455 3660 2571 3715 alia
2604 3665 2795 3715 tamen
2828 3665 3002 3730 atque
3033 3660 3167 3728 alia,
3189 3662 3459 3715 ordinata
3488 3659 3858 3716 dissimilitu-

2210 3741 2343 3795 dine
2403 3741 2818 3811 procurrentia,
2864 3742 2949 3796 eis
3015 3743 3296 3796 duntaxat
3345 3741 3439 3811 qui
3497 3757 3564 3796 ex
3626 3742 3860 3797 miseria

2211 3819 2530 3877 liberantur
2585 3823 2644 3878 in
2704 3839 2812 3878 sua
2871 3823 3034 3878 beata
3091 3823 3522 3878 immortalitate
3565 3823 3695 3879 sine
3744 3823 3860 3879 ﬁne

2209 3905 2619 3972 manentibus;
2653 3921 2726 3959 an
2755 3905 2829 3957 ita
2854 3903 3121 3958 dicantur
3151 3904 3360 3959 saecula
3391 3903 3758 3968 saeculorum,
3796 3909 3858 3960 ut

2207 3983 2603 4054 intelligantur
2631 3984 2843 4039 saecula
2901 3984 2958 4039 in
3005 3984 3289 4055 sapientia
3338 3984 3437 4038 Dei
3500 3984 3857 4040 inconcussa

2205 4064 2516 4120 stabilitate
2565 4065 2881 4129 manentia,
2933 4065 3179 4119 istorum
3231 4079 3354 4134 quae
3404 4080 3536 4118 cum
3591 4068 3855 4135 tempore

2205 4148 2513 4199 transeunt
2543 4149 2817 4213 tanquam
2858 4145 3171 4199 efficientia
3201 4143 3573 4208 saeculorum,
3607 4144 3854 4200 deﬁnire

2204 4239 2316 4278 non
2343 4225 2520 4278 audeo
2551 4225 2654 4294 (a).
2694 4225 2975 4279 Fortassis
2998 4224 3150 4279 enim
3188 4223 3371 4295 possit
3397 4224 3510 4278 dici
3542 4225 3850 4292 saaculum,

2200 4320 2323 4373 quae
2355 4309 2492 4359 sunt
2522 4305 2769 4371 saecula;
2806 4310 2866 4359 ut
2898 4304 3041 4359 nihil
3069 4304 3226 4359 aliud
3260 4303 3632 4375 perhibeatur
3664 4320 3852 4359 saecu-

2199 4380 2320 4437 lum
2355 4383 2573 4451 saeculi,
2607 4399 2780 4454 quam
2831 4383 3044 4439 saecula
3075 4383 3416 4439 saeculorum
3453 4399 3466 4438 :
3511 4382 3667 4438 sicut
3700 4381 3849 4438 nihil

2197 4462 2351 4519 aliud
2397 4464 2612 4519 dicitur
2668 4464 2877 4518 coelum
2936 4463 3085 4528 coeli,
3120 4479 3296 4534 quam
3358 4461 3486 4518 βαδιί
3542 4462 3848 4518 caelorum.

2197 4549 2339 4599 Nam
2370 4545 2575 4600 coelum
2601 4545 2753 4600 Deus
2777 4545 2997 4600 vocavit
3027 4545 3458 4599 ﬁrmamentum
3488 4558 3668 4614 super
3689 4546 3850 4613 quod

2196 4632 2335 4680 sunt
2399 4642 2559 4696 aquas
2618 4626 2768 4694 (Gen.
2825 4628 2870 4690 Ι,
2929 4624 3004 4695 8),
3071 4630 3127 4680 et
3181 4629 3375 4679 tamen
3437 4623 3726 4690 Psalmus,
3779 4623 3852 4678 Et

2193 4721 2365 4776 aquae,
2401 4707 2611 4775 inquit,
2645 4722 2762 4776 qum
2791 4721 2953 4776 super
2980 4705 3135 4760 caelos
3182 4710 3330 4772 sunt,
3365 4704 3590 4760 laudent
3639 4719 3849 4759 nomen

2191 4785 2414 4842 Domini
2461 4788 2630 4857 (Psal.
2683 4801 2910 4852 CXLVIII,
2941 4786 3018 4852 4).
3053 4784 3200 4851 Quid
3246 4800 3382 4855 ergo
3415 4787 3660 4839 istorum
3692 4785 3845 4837 duo-

2192 4883 2320 4920 rum
2353 4867 2445 4929 sit,
2478 4884 2549 4919 an
2577 4870 2781 4936 praeter
2812 4865 2932 4920 hec
2963 4872 3078 4920 duo
3103 4863 3324 4934 aliquid
3360 4864 3518 4918 aliud
3551 4865 3623 4919 de
3653 4879 3847 4919 secu-

2189 4945 2260 5000 lis
2292 4945 2637 5002 saeculorum
2671 4947 2855 5016 possit
2876 4944 3144 5016 intelligi,
3173 4944 3626 5016 profundissima
3648 4959 3848 5014 quais-

2249 5135 2264 5167 1
2296 5131 2478 5179 Editi:
2539 5127 2646 5181 Qui
2678 5129 2895 5191 profert
2946 5143 3182 5177 numero
3208 5127 3515 5177 saeculum.
3554 5128 3648 5191 AAt_
3686 5125 3844 5182 Mss.,

2183 5194 2290 5250 Qui
2313 5193 2526 5256 profert
2568 5189 2857 5256 numerose
2901 5193 3206 5241 saeculum.
3239 5193 3512 5256 Locusest
3553 5189 3716 5237 Isaiae
3743 5201 3842 5248 XL,

2177 5257 2254 5313 26,
2289 5253 2577 5306 sécundum
2608 5255 2751 5317 LXX,
2781 5270 2810 5302 ο
2859 5255 3122 5317 ecpheron
3161 5257 3260 5304 oat‘
3289 5253 3566 5304 arithmon
3597 5261 3683 5300 ton
3715 5265 3842 5299 eo:-

2177 5335 2306 5368 mon
2337 5335 2408 5368 au
2419 5327 2529 5367 tou.

2240 5383 2261 5452 ξ
2291 5383 2416 5452 §ola
2441 5381 2609 5452 editiq
2628 5381 2788 5452 ιον...
2806 5389 3244 5452 consequuntur:

2237 5448 2259 5479 3
2290 5445 2412 5494 Lov.
2457 5443 2609 5497 Quod
2659 5450 2723 5490 ut
2769 5442 2846 5490 ita
2875 5439 3067 5502 faciat.
3106 5443 3246 5491 Editi
3294 5454 3420 5492 vero
3449 5441 3541 5490 alii
3575 5442 3628 5489 et
3655 5439 3779 5488 Mss.
3820 5453 3836 5490 :

2176 5508 2327 5561 Quod
2386 5515 2581 5553 utrum
2633 5505 2711 5553 ita
2737 5505 2931 5566 faciat,
2979 5506 3179 5555 scilicet
3205 5506 3652 5568 quemadmodum
3672 5503 3838 5551 insn-

2174 5570 2398 5633 perieris
2421 5570 2610 5633 capitis
2639 5569 2757 5633 line
2776 5568 2976 5633 dictum
3006 5571 3103 5633 est.

2238 5632 2305 5698 (a)
2342 5632 2471 5681 Vide
2485 5626 2715 5681 "Hieron.
2746 5630 2802 5679 in
2831 5630 2994 5696 Epist.
3025 5632 3094 5682 ad
3123 5631 3357 5692 Galatas,
3388 5643 3503 5697 cap.
3542 5629 3587 5692 1,
3619 5642 3672 5681 v.
3703 5626 3752 5677 5.
