4136 6190
291 352 415 412 369

283 484 364 540 tio
398 489 485 540 est
521 499 532 537 :
569 497 759 553 neque
790 481 897 537 hoc
928 481 1079 552 quod
1130 496 1289 535 nunc
1330 480 1563 552 agimus
1593 482 1858 553 impedit,
1889 485 1936 540 si

282 563 623 619 indiscussa
655 562 888 616 interim
941 559 1275 628 differatur;
1324 561 1444 615 sive
1503 561 1722 632 aliquid
1775 564 1832 617 in
1874 581 1941 620 ea

280 644 528 698 deﬁnire
550 643 864 707 valeamus,
899 641 1019 696 sive
1043 658 1150 696 nos
1185 642 1360 696 faciat
1391 642 1678 697 cautiores
1710 642 1947 713 diligen-

277 726 391 780 tior
423 727 550 792 ipsa
578 721 865 791 tractatio,
901 739 972 778 ne
1024 724 1080 777 in
1130 727 1298 778 tanta
1344 723 1698 778 obscuritate
1747 741 1940 781 rerum

279 803 576 858 afﬁrmare
635 802 856 874 aliquid
909 807 1131 858 temere
1173 806 1514 859 audeamus.
1565 803 1732 858 Nunc
1791 805 1943 860 enim

283 889 490 939 contra
517 884 851 954 opinionem
912 883 1309 952 disputamus,
1347 899 1462 953 qua
1512 881 1596 937 illi
1657 884 1940 941 circuitus

278 971 647 1031 asseruntur,
698 963 908 1032 quibus
948 977 1172 1035 semper
1223 962 1423 1017 eadem
1486 979 1588 1033 per
1633 965 1941 1022 intervalla

278 1049 608 1116 temporum
643 1060 879 1100 necesse
911 1059 1036 1099 esse
1085 1043 1266 1114 repeti
1315 1043 1736 1100 existimantur.
1771 1046 1938 1109 Quaa-

281 1124 432 1180 libet
461 1128 658 1180 autem
692 1123 924 1179 illarum
961 1124 1382 1178 sententiarum
1415 1124 1485 1178 de
1507 1125 1734 1179 saeculis
1758 1143 1936 1182 saecu-

276 1205 472 1262 lorum
525 1221 657 1261 vera
709 1205 803 1272 sit,
858 1206 929 1259 ad
973 1205 1078 1260 hos
1121 1203 1397 1260 circuitus
1445 1205 1591 1260 nihil
1644 1209 1932 1276 pertinet:

278 1287 562 1359 quoniam
594 1285 712 1341 sive
756 1285 965 1340 saecula
1008 1286 1355 1340 saeculorum
1407 1287 1544 1355 sint,
1578 1304 1692 1342 non
1727 1289 1927 1344 eadem

275 1367 546 1436 repetita,
580 1366 682 1420 sed
715 1365 962 1419 alterum
997 1381 1063 1418 ex
1086 1363 1265 1419 altero
1297 1367 1652 1420 connexione
1683 1367 1928 1422 ordina-

271 1446 512 1502 tissima
546 1446 966 1516 procurrentia,
1008 1444 1381 1499 liberaturum
1417 1445 1774 1501 beatitudine
1804 1449 1930 1504 sine

276 1524 394 1581 ullo
446 1542 683 1580 recursu
729 1525 1092 1578 miseriarum
1145 1525 1471 1579 certissima
1529 1537 1924 1598 permanente,

275 1607 396 1660 sive
448 1605 660 1660 saecula
691 1604 1035 1659 saeculorum
1083 1609 1294 1660 aeterna
1347 1607 1465 1660 sint
1509 1608 1918 1676 temporalium

275 1689 552 1754 tanquam
631 1685 993 1739 dominantia
1059 1686 1444 1752 subditorum,
1504 1687 1780 1742 circuitus
1839 1689 1923 1744 illi

275 1765 476 1820 eadem
502 1765 855 1820 revolventes
878 1763 1071 1820 locum
1097 1782 1208 1819 non
1244 1765 1480 1833 habent,
1509 1781 1654 1836 quos
1677 1771 1922 1825 maxime

273 1845 486 1901 refellit
507 1851 722 1901 aeterna
746 1846 863 1900 vita
895 1851 1231 1900 sanctorum
1266 1847 1471 1915 (Matth.
1505 1863 1632 1911 xxv,
1666 1849 1773 1917 46).

277 2025 504 2082 CAPUT
542 2027 670 2080 XX.
723 2055 788 2066 —
837 2026 910 2080 De
946 2025 1230 2097 impietate
1268 2044 1461 2083 eorum
1519 2031 1613 2100 qui
1668 2039 1922 2087 asserunt

346 2106 565 2161 animas
618 2119 850 2161 summa
891 2121 1139 2178 veraeque
1200 2107 1560 2163 beatitudinis
1596 2111 1916 2181 participes,

344 2186 547 2240 iterum
580 2189 742 2256 atque
801 2187 1000 2240 iterum
1039 2203 1141 2256 per
1191 2187 1458 2242 circuitus
1487 2193 1793 2260 temporum
1843 2191 1922 2245 ad

342 2264 553 2320 easdem
583 2268 837 2321 miserias
870 2267 1194 2337 laboresque
1224 2267 1515 2323 redituras.

346 2420 394 2475 1.
419 2420 679 2484 Quorum
704 2419 860 2472 enim
887 2435 1057 2474 aures
1080 2419 1308 2489 piorum
1344 2420 1546 2484 ferant,
1576 2427 1701 2490 post
1728 2437 1922 2478 emen-

270 2515 398 2553 sam
434 2504 516 2553 tot
570 2499 870 2567 tantisque
926 2497 1364 2554 calamitatibus
1408 2500 1586 2555 vitam
1619 2501 1690 2571 (si
1726 2507 1920 2559 tamen

272 2577 388 2633 ista
417 2579 539 2632 vita
588 2578 833 2631 dicenda
887 2582 994 2643 est,
1051 2595 1178 2649 quae
1240 2581 1433 2646 potius
1491 2597 1649 2636 mors
1699 2587 1807 2650 est,
1844 2584 1921 2639 ita

267 2659 492 2730 gravis,
526 2661 593 2711 ut
642 2673 794 2712 mors
827 2674 951 2728 quaa
985 2659 1056 2713 ab
1090 2659 1196 2713 hac
1229 2659 1452 2728 liberat,
1487 2663 1690 2717 mortis
1740 2665 1922 2734 hujus

266 2753 474 2792 amore
506 2737 779 2792 timeatur
808 2739 908 2809 (a),
940 2743 1068 2807 post
1106 2743 1221 2793 tam
1259 2756 1466 2808 magna
1500 2743 1653 2797 mala
1684 2748 1922 2816 tamque

266 2815 458 2871 multa
491 2821 548 2871 et
607 2817 917 2884 horrenda,
952 2821 1181 2872 tandem
1237 2819 1554 2891 aliquando
1589 2840 1690 2892 per
1721 2815 1918 2880 veram

267 2897 614 2968 religionem
649 2907 821 2969 atque
852 2900 1197 2970 sapientiam
1258 2904 1481 2972 expiata
1523 2913 1697 2976 atque
1730 2907 1915 2977 ﬁnita,

263 2978 349 3032 ita
379 2977 677 3048 pervenire
733 2980 801 3033 ad
863 2984 1236 3051 conspectum
1275 2982 1392 3049 Dei,
1427 2988 1601 3055 atque
1657 2987 1734 3040 ita
1793 2988 1915 3043 ﬁeri

265 3057 499 3112 beatum
533 3058 1019 3127 contemplatione
1052 3061 1401 3131 incorporea:
1433 3064 1580 3118 lucis
1611 3082 1713 3135 per
1738 3069 1914 3138 parti-

267 3138 619 3208 cipationem
660 3139 1038 3194 immutabilis
1070 3140 1527 3199 immortalitatis
1566 3147 1713 3215 ejus,
1749 3151 1914 3218 cujus

267 3217 675 3300 adipiscenda;
702 3235 896 3300 amore
928 3220 1267 3291 ﬂagramus,
1303 3227 1364 3276 ut
1402 3240 1529 3278 eam
1564 3217 1914 3300 quandoque

272 3315 510 3354 necesse
543 3299 618 3352 sit
649 3299 854 3366 deseri,
887 3304 944 3353 et
968 3316 1064 3354 eos
1093 3302 1506 3370 quideserunt,
1539 3305 1608 3360 ab
1639 3299 1913 3362 insteter-

272 3378 478 3443 nitate,
511 3379 770 3444 veritate,
798 3380 1067 3434 felicitate
1099 3381 1376 3448 dejectos,
1404 3388 1667 3440 tartarem
1699 3393 1913 3441 morta-

268 3457 418 3512 litati
455 3460 496 3524 ί,
531 3461 684 3529 turpi
721 3458 998 3524 stultitiae,
1035 3460 1289 3515 miseriis
1330 3464 1781 3519 exsecrabilibus
1813 3468 1916 3520 im-

269 3537 502 3608 plicari,
527 3537 626 3592 ubi
660 3539 812 3593 Deus
846 3539 1171 3604 amittatur,
1193 3539 1285 3593 ubi
1310 3542 1442 3594 odio
1465 3543 1677 3597 veritas
1708 3544 1916 3601 habea-

270 3627 388 3686 tur,
421 3619 517 3673 ubi
554 3635 657 3689 per
715 3619 1054 3674 immundas
1113 3621 1402 3690 nequitias
1434 3621 1733 3677 beatitudo
1766 3641 1915 3696 quae-

263 3703 434 3753 ratur
469 3717 482 3766 ;
516 3705 573 3753 et
604 3699 710 3754 hoc
771 3699 969 3753 itidem
1031 3704 1206 3770 atque
1238 3700 1436 3755 itidem
1469 3702 1594 3756 sine
1649 3702 1767 3758 ullo
1803 3705 1914 3762 tiae

262 3779 526 3852 priorum
559 3784 615 3835 et
649 3780 1032 3850 posteriorum
1063 3782 1233 3836 certis
1263 3782 1579 3837 intervallis
1611 3792 1659 3838 et
1693 3785 1912 3842 dimen-

266 3859 536 3916 sionibus
593 3859 936 3914 saeculorum
984 3860 1200 3914 factum
1234 3866 1290 3915 et
1351 3862 1604 3917 futurum
1644 3883 1656 3931 ;
1693 3867 1748 3918 et
1808 3866 1912 3923 hoc

261 3949 590 4012 propterea,
624 3944 688 3996 ut
720 3940 942 4009 possint
975 3940 1088 3995 Deo
1118 3942 1460 3998 circuitibus
1491 3943 1747 3999 deﬁnitis
1780 3962 1914 4003 eun-

264 4021 428 4076 tibus
460 4037 691 4092 semper
721 4027 897 4091 atque
930 4021 1308 4076 redeuntibus
1340 4039 1443 4094 per
1473 4030 1702 4080 nostras
1733 4026 1911 4082 falsas

265 4101 654 4157 beatitudines
684 4105 740 4156 et
770 4119 934 4157 veras
967 4103 1254 4170 miserias,
1287 4104 1615 4160 alternatim
1653 4107 1908 4176 quidem,

267 4184 364 4238 sed
392 4181 754 4238 revolutione
805 4182 1137 4237 incessabili
1170 4186 1582 4253 sempiternas,
1617 4193 1751 4242 nota
1782 4204 1910 4245 esse

264 4279 440 4333 opera
471 4280 582 4318 sua
615 4281 628 4329 ;
663 4263 938 4333 quoniam
972 4279 1158 4334 neque
1216 4282 1248 4318 a
1301 4265 1563 4323 faciendo
1595 4268 1905 4338 quiescere,

267 4360 456 4416 neque
480 4344 715 4398 sciendo
738 4345 1000 4414 possitea
1023 4361 1147 4415 quae
1173 4344 1396 4401 inﬁnita
1419 4353 1574 4414 sunt,
1592 4349 1906 4421 indagare?

263 4425 390 4494 quis
424 4425 545 4478 hec
569 4423 766 4477 audiat
797 4423 824 4476 ?
854 4424 986 4495 quis
1016 4424 1273 4480 credat?
1301 4427 1433 4498 quis
1467 4429 1606 4482 ferat
1637 4431 1664 4483 ‘?
1696 4437 1826 4496 Quae
1853 4432 1901 4487 si

259 4521 394 4559 vera
451 4509 666 4570 essent,
701 4520 816 4558 non
890 4504 1081 4560 solum
1138 4511 1468 4562 tacerentur
1527 4511 1901 4579 prudentius,

263 4601 461 4639 verum
506 4585 678 4639 etiam
723 4583 808 4655 (ut
835 4585 1124 4655 quomodo
1155 4585 1314 4642 valeo
1346 4589 1533 4642 dicam
1569 4590 1723 4661 quod
1754 4592 1901 4663 volo)

261 4665 486 4720 doctius
544 4664 928 4719 nescirentur.
977 4663 1116 4720 Nam
1152 4667 1200 4720 si
1234 4666 1352 4724 haec
1383 4668 1500 4724 illic
1533 4670 1588 4723 in
1625 4674 1903 4727 memoria

263 4761 376 4800 non
411 4743 785 4812 habebimus,
819 4748 875 4798 et
906 4744 1030 4799 ideo
1072 4744 1218 4799 beati
1244 4747 1485 4815 erimus,
1529 4765 1632 4803 cur
1661 4750 1752 4804 hic
1802 4768 1902 4821 per

262 4841 457 4880 eorum
490 4824 793 4879 scientiam
828 4831 1104 4896 gravatur
1121 4827 1374 4895 amplius
1408 4834 1605 4883 nostra
1628 4831 1901 4885 miseria?

260 4905 314 4962 Si
370 4912 568 4961 autem
630 4906 707 4960 ibi
766 4923 833 4961 ea
889 4909 1217 4962 necessario
1276 4909 1477 4964 scituri
1534 4927 1764 4981 sumus,
1806 4913 1900 4969 hic

261 4987 466 5042 saltem
505 4987 857 5055 nesciamus,
895 4992 957 5041 ut
995 4988 1087 5042 hic
1119 4986 1338 5043 felicior
1395 4990 1472 5044 sit
1529 4994 1897 5063 exspectatio,

261 5066 576 5138 quamillic
599 5066 830 5138 adeptio
849 5067 1066 5123 summi
1094 5067 1231 5124 boni
1266 5085 1280 5124 :
1316 5070 1546 5139 quando
1579 5071 1670 5128 hic
1691 5079 1901 5132 aeterna

260 5149 370 5204 vita
401 5152 815 5222 consequenda
843 5157 1254 5224 exspectatur;
1315 5155 1395 5210 ibi
1452 5160 1646 5212 autem
1705 5161 1896 5230 beata,

261 5232 356 5288 sed
381 5250 502 5290 non
525 5237 758 5302 caterua,
784 5235 1140 5307 quandoque
1160 5236 1482 5293 amittenda
1504 5243 1894 5312 cognoscitur.

317 5555 331 5587 ί
364 5551 423 5601 In
453 5552 566 5602 cola
595 5552 826 5602 editione
856 5554 1011 5613 Lov.,
1048 5554 1482 5609 immortalitati.

317 5615 390 5675 ta)
415 5615 561 5664 Conf.
594 5615 856 5666 Ciceronis
881 5615 1154 5666 Somnium
1184 5619 1457 5680 Scipionis.
1488 5634 1601 5683 cap.
1629 5622 1674 5670 3.

1593 351 1824 411 LIBER
1871 353 2400 415 DUODECIMUS.

3585 371 3708 430 3'70

2132 490 2186 541 2.
2246 488 2302 542 Si
2361 492 2552 544 autem
2613 489 2836 560 dicunt,
2896 492 3183 549 neminem
3219 511 3388 566 posse
3444 498 3514 553 ad
3547 498 3705 556 illam

2059 569 2478 625 beatitudinem
2535 573 2856 640 pervenire,
2909 575 3021 629 nisi
3080 576 3184 631 hos
3242 579 3541 645 circuitus,
3604 583 3702 637 ubi

2056 649 2357 734 beatitudo
2389 656 2446 734 et
2479 654 2718 708 miseria
2751 653 3007 708 vicissim
3041 655 3350 726 alternant,
3407 660 3466 714 in
3525 662 3701 734 hujus

2055 730 2186 783 vitas
2206 732 2528 785 eruditione
2549 735 2915 803 cognoverit;
2939 738 3232 806 quomodo
3263 754 3398 810 ergo
3426 730 3698 809 fatentur,

2051 817 2272 880 quanto
2324 811 2453 882 pius
2494 814 2747 883 quisque
2778 816 3060 871 amaverit
3094 821 3288 883 Deum,
3349 825 3511 876 tanto
3571 838 3698 879 eum

2053 890 2285 946 facilius
2317 893 2386 945 ad
2421 892 2840 948 beatitudinem
2900 901 3336 965 perventurum,
3367 901 3466 970 qui
3507 917 3573 956 ea
3597 904 3696 958 dc-

2051 976 2184 1026 cent
2215 971 2427 1042 quibus
2484 990 2646 1027 amor
2677 974 2802 1044 ipse
2853 979 3142 1045 torpescat
3171 976 3196 1030 ?
3227 981 3372 1032 Nam
3403 981 3531 1049 quis
3581 997 3693 1037 non

2051 1051 2355 1106 remissius
2386 1061 2437 1107 et
2473 1053 2729 1124 tepidius
2760 1062 2915 1110 amet
2949 1072 3104 1122 eum,
3139 1073 3308 1128 quem
3368 1075 3430 1113 se
3487 1061 3698 1130 cogitat

2049 1133 2378 1187 necessario
2411 1133 2798 1200 deserturum,
2829 1140 2886 1188 et
2909 1145 3106 1190 contra
3136 1138 3263 1207 ejus
3294 1139 3591 1194 veritatem
3612 1158 3696 1196 sa-

2044 1212 2443 1284 pientiamque
2474 1229 2776 1280 ensurum,
2811 1221 2866 1268 et
2897 1216 3005 1270 hoc
3033 1233 3167 1271 eum
3201 1219 3271 1272 ad
3305 1218 3431 1287 ejus
3460 1220 3692 1287 plenam

2044 1309 2148 1365 pro
2179 1310 2283 1348 sua
2313 1295 2629 1364 capacitate
2654 1295 2913 1350 notitiam
2939 1298 3311 1352 beatitudinis
3342 1298 3692 1369 perfectione

2041 1375 2361 1444 pervenerit
2405 1393 2419 1443 ;
2465 1377 2698 1446 quando
2735 1393 2836 1431 nec
2881 1377 3160 1433 hominem
3222 1380 3475 1434 amicum
3512 1381 3690 1450 possit

2039 1457 2286 1527 quisque
2336 1473 2532 1510 amare
2568 1457 2833 1524 ﬁdeliter,
2887 1460 2979 1512 cui
3034 1476 3095 1513 se
3154 1460 3416 1514 futurum
3468 1462 3689 1517 noverit

2037 1536 2339 1590 inimicum
2373 1537 2401 1590 ?
2432 1536 2540 1590 Sed
2576 1537 2728 1590 absit
2755 1544 2818 1590 ut
2851 1555 2982 1592 vera
3015 1539 3159 1604 sint,
3214 1556 3339 1610 quae
3377 1542 3544 1594 nobis
3576 1543 3688 1594 mi-

2036 1621 2252 1670 nantur
2284 1632 2474 1670 veram
2523 1618 2820 1671 miseriam
2872 1634 3172 1688 nunquam
3205 1620 3548 1685 finiendam,
3581 1622 3681 1675 sed

2033 1696 2576 1767 interpositionibus
2612 1697 2771 1750 falsa;
2803 1698 3185 1753 beatitudinis
3235 1715 3386 1767 saepe
3435 1716 3499 1753 ac
3556 1701 3682 1754 sine

2031 1777 2146 1832 ﬁne
2178 1779 2586 1849 rumpendam.
2612 1777 2760 1841 Quid
2791 1780 2942 1833 enim
2968 1778 3069 1832 illa
3093 1780 3451 1835 beatitudine
3482 1778 3680 1834 falsius

2032 1863 2209 1930 atque
2240 1858 2526 1922 fallacius,
2570 1859 2662 1912 ubi
2724 1874 2830 1914 nos
2891 1862 3113 1914 futuros
3161 1860 3422 1925 miseros,
3457 1865 3560 1914 aut
3616 1860 3675 1914 in

2029 1944 2190 1994 tanta
2223 1941 2484 1995 veritatis
2526 1940 2652 1995 luce
2685 1939 3040 2006 nesciamus,
3075 1947 3175 1995 aut
3205 1941 3259 1994 in
3286 1956 3517 1994 summa
3549 1939 3677 1995 feli-

2029 2022 2217 2076 citatis
2246 2038 2374 2076 arce
2403 2020 2718 2075 timeamus
2748 2021 2776 2074 ?
2797 2021 2854 2075 Si
2888 2021 3040 2074 enim
3089 2025 3393 2075 venturam
3442 2019 3677 2075 calami-

2029 2104 2209 2156 tatem
2242 2099 2564 2170 ignoraturi
2587 2115 2805 2165 sumus,
2843 2101 3077 2167 peritior
3107 2106 3195 2154 est
3218 2100 3311 2154 hic
3342 2105 3537 2153 nostra
3565 2100 3676 2154 mi-

2030 2180 2199 2245 seria,
2228 2180 2328 2234 ubi
2361 2184 2661 2234 venturam
2699 2179 3113 2233 beatitudinem
3148 2178 3437 2232 novimus.
3473 2179 3530 2232 Si
3565 2193 3675 2232 au-

2029 2264 2145 2315 tem
2181 2276 2286 2314 nos
2317 2259 2434 2313 illic
2463 2258 2661 2313 clades
2692 2258 3006 2312 imminens
3039 2274 3152 2313 non
3183 2258 3412 2323 latebit,
3446 2258 3674 2313 beatius

2031 2345 2294 2410 tempora
2321 2339 2594 2408 transigit
2623 2338 2819 2391 anima
2850 2339 3063 2391 misera
3097 2339 3313 2408 quibus
3355 2337 3672 2391 transactis

2029 2421 2098 2474 ad
2134 2419 2552 2473 beatitudinem
2596 2417 2948 2482 sublevetur,
3001 2432 3175 2486 quam
3233 2417 3400 2470 beata
3457 2416 3673 2486 quibus

2031 2499 2343 2554 transactis
2375 2499 2432 2552 in
2466 2497 2760 2552 miseriam
2799 2500 3143 2550 revolvatur.
3178 2500 3370 2566 Atque
3409 2494 3486 2549 ita
3540 2511 3674 2565 spes

2031 2586 2244 2634 nostra:
2279 2577 2644 2634 infelicitatis
2701 2581 2790 2632 est
2823 2576 2955 2630 felix
3009 2579 3066 2630 et
3113 2575 3406 2631 felicitatis
3454 2575 3672 2631 infelix.

2030 2659 2193 2714 Unde
2226 2660 2311 2723 ﬁt,
2347 2666 2402 2712 ut
2445 2658 2579 2728 quia
2613 2656 2706 2710 hic
2737 2655 2891 2710 mala
2951 2656 3257 2726 praesentia
3288 2654 3562 2724 patimur,
3597 2654 3673 2708 ibi

2029 2741 2348 2794 metuimus
2381 2737 2770 2800 imminentia,
2795 2737 2986 2790 verius
3015 2749 3241 2804 semper
3265 2734 3462 2789 miseri
3495 2751 3670 2804 quam

2027 2821 2176 2875 beati
2221 2819 2533 2889 aliquando
2563 2833 2693 2872 esse
2727 2815 3042 2886 possimus.

2095 2901 2149 2955 3.
2185 2900 2294 2954 Sed
2331 2899 2607 2970 quoniam
2635 2897 2756 2952 haec
2787 2895 2930 2950 falsa
2951 2901 3088 2950 sunt
3117 2896 3406 2950 clamante
3441 2895 3670 2966 pietate,

2024 2981 2404 3035 convincente
2433 2979 2676 3032 veritate
2707 2976 2832 3046 (illa
2862 2976 3018 3028 enim
3052 2975 3217 3030 nobis
3240 2976 3515 3030 veraciter
3538 2993 3669 3046 pro-

2025 3061 2283 3115 mittitur
2314 3076 2444 3114 vera
2470 3057 2733 3125 felicitas,
2759 3057 2928 3126 cujus
2951 3057 3058 3110 erit
3081 3071 3310 3125 semper
3344 3056 3670 3120 retinenda,

2023 3148 2077 3196 et
2129 3141 2291 3196 nulla
2345 3139 2689 3194 infelicitate
2739 3137 3066 3207 rumpenda
3122 3141 3279 3190 certa
3310 3137 3667 3205 securitas);

2022 3223 2171 3276 viam
2208 3226 2424 3276 rectam
2453 3222 2786 3291 sequentes,
2821 3233 2947 3286 qua
2981 3215 3000 3248 ί
3033 3216 3202 3270 nobis
3259 3220 3350 3269 est
3377 3215 3666 3281 Christus,

2021 3320 2087 3358 eo
2138 3306 2282 3356 duce
2338 3318 2402 3355 ac
2435 3301 2719 3354 salvatore
2767 3317 2797 3350 a
2848 3313 2994 3349 vano
3028 3301 3084 3350 et
3127 3295 3318 3364 inepto
3353 3297 3665 3361 impiorum

2023 3383 2269 3436 circuitu
2304 3383 2414 3435 iter
2445 3381 2574 3434 ﬁdei
2634 3382 3006 3446 mentemque
3037 3380 3386 3430 avertamus.
3421 3377 3476 3428 Si
3509 3376 3665 3430 enim

2021 3464 2090 3517 de
2124 3463 2249 3515 istis
2282 3461 2622 3516 circuitibus
2643 3464 2699 3512 et
2731 3457 2853 3510 sine
2885 3456 3208 3509 cessatione
3240 3455 3665 3509 alternantibus

2023 3543 2298 3600 itionibus
2365 3552 2420 3596 et
2487 3538 2871 3595 reditionibus
2930 3536 3257 3588 animarum
3311 3534 3664 3604 Porphyrius

2021 3621 2352 3677 Platonicus
2399 3634 2634 3675 suorum
2690 3616 3020 3685 opinionem
3079 3611 3245 3682 sequi
3305 3611 3514 3677 noluit,
3548 3612 3666 3666 sive

2020 3704 2208 3776 ipsius
2265 3702 2342 3756 rei
2401 3701 2657 3754 vanitate
2712 3699 3028 3776 permotus,
3070 3693 3194 3776 sive
3236 3692 3363 3776 jam
3403 3695 3666 3759 tempora

2020 3771 2333 3841 christiana
2375 3780 2652 3835 reveritus
2686 3793 2700 3842 ;
2733 3773 2956 3844 etquod
2985 3773 3041 3826 in
3070 3772 3216 3826 libro
3247 3771 3468 3824 decimo
3501 3786 3662 3824 com-

2020 3863 2338 3921 memoravi
2385 3862 2525 3932 (cap.
2551 3859 2663 3927 30),
2688 3857 2877 3910 dicere
2896 3852 3124 3918 maluit,
3149 3852 3405 3932 animam
3432 3859 3663 3932 propter

2019 3929 2416 4013 cognoscenda
2449 3936 2600 3992 mala
2631 3935 2903 3990 traditam
2939 3933 3180 3996 mundo,
3216 3935 3278 3984 ut
3299 3929 3375 4013 ab
3399 3929 3483 4013 eis
3516 3929 3659 4013 liber

2018 4007 2140 4079 rata
2171 4028 2344 4094 atque
2377 4026 2636 4091 purgata,
2675 4031 2803 4070 cum
2855 4015 2924 4067 ad
2951 4017 3176 4067 Patrem
3218 4008 3476 4094 redierit,
3508 4007 3656 4094 nihil

2019 4086 2268 4159 ulterius
2295 4086 2408 4156 tale
2433 4099 2724 4170 patiatur:
2751 4101 2963 4164 quanto
2996 4093 3183 4161 magis
3206 4106 3310 4144 nos
3341 4090 3512 4170 istam
3547 4086 3656 4170 ini-

2016 4184 2224 4240 micam
2275 4165 2602 4236 chrislianaa
2636 4175 2764 4230 ﬁdei
2801 4173 3112 4228 falsitatem
3138 4168 3410 4224 detestari
3463 4183 3530 4222 ac
3552 4165 3654 4221 de-

2014 4266 2190 4320 vitare
2220 4264 2503 4318 debemus
2532 4259 2559 4313 ‘t
2614 4257 2716 4310 His
2749 4259 2936 4309 autem
2995 4250 3333 4307 circuitibus
3365 4248 3654 4302 evacuatis

2016 4353 2188 4417 atque
2250 4342 2563 4403 frustratis,
2600 4337 2757 4392 nulla
2812 4334 3129 4417 necessitas
3187 4347 3293 4384 nos
3334 4327 3650 4417 compellit,

2014 4409 2140 4481 ideo
2176 4429 2377 4496 putare
2437 4438 2551 4475 non
2590 4419 2801 4472 habere
2843 4416 3072 4469 initium
3105 4409 3385 4496 tem-poris
3417 4425 3486 4462 ex
3538 4424 3652 4496 quo

2011 4523 2138 4563 esse
2176 4487 2425 4576 .cmperit
2481 4517 2664 4572 genus
2725 4499 3072 4560 humanum,
3132 4493 3270 4576 quia
3318 4506 3422 4576 per
3459 4487 3652 4576 nescio

2012 4604 2125 4658 quo
2188 4571 2464 4640 circuitus
2486 4571 2655 4634 inihil
2691 4579 2766 4634 sit
2803 4578 2860 4630 in
2887 4577 3058 4630 rebus
3089 4573 3241 4658 novi,
3269 4571 3426 4658 quod
3461 4587 3572 4658 non
3597 4573 3653 4623 et

2011 4652 2178 4722 antea
2211 4665 2382 4722 certis
2423 4658 2741 4717 intervallis
2781 4665 3106 4727 temporum
3143 4652 3328 4718 fuerit,
3366 4656 3420 4704 et
3455 4653 3651 4718 postea

2008 4749 2084 4804 sit
2117 4749 2400 4803 futurum.
2426 4742 2484 4799 Si
2517 4741 2668 4798 enim
2700 4739 2982 4792 liberatur
3029 4733 3224 4787 anima
3255 4746 3368 4783 non
3394 4729 3650 4782 reditura

2007 4831 2074 4884 ad
2105 4827 2393 4893 miserias,
2419 4824 2571 4877 sicut
2592 4833 2887 4888 nunquam
2915 4823 3080 4867 antea
3103 4812 3344 4893 liberata
3367 4811 3478 4893 est,
3501 4804 3565 4893 fit
3589 4806 3647 4893 in

2007 4910 2104 4964 illa
2155 4884 2392 4978 aliquid,
2416 4903 2569 4974 quod
2603 4884 2774 4953 antea
2822 4905 3121 4978 nunquam
3156 4890 3370 4940 factum
3403 4890 3488 4937 est
3517 4884 3558 4949 ³,

2007 4991 2114 5046 hoc
2145 4971 2378 5058 quidem
2409 4971 2576 5035 valde
2608 4989 2919 5058 magnum,
2945 4971 3000 5024 id
3035 4971 3138 5030 est,
3185 4981 3308 5058 qua!
3341 4977 3645 5058 nunquam

2008 5048 2228 5126 desinat
2270 5069 2486 5118 aeterna
2535 5057 2803 5114 felicitas.
2864 5052 2921 5106 Si
2978 5055 3172 5105 autem
3217 5048 3276 5100 in
3311 5052 3518 5126 natura
3543 5048 3649 5096 im-

2009 5124 2235 5204 mortali
2259 5145 2324 5199 ﬁt
2351 5145 2515 5198 tanta
2547 5137 2773 5194 novitas
2801 5132 2846 5203 ³,
2880 5131 3040 5188 nullo
3073 5127 3335 5202 repetita,
3368 5124 3524 5180 nullo
3554 5137 3646 5177 re-

2065 5372 2086 5464 ;
2109 5361 2525 5481 iisiiﬁgiiioi‘iia,
2557 5424 2624 5484 ﬁt
2649 5420 2711 5470 in
2741 5420 2847 5468 illa
2864 5416 3088 5481 aliquid
3101 5412 3246 5477 quod
3272 5409 3322 5461 ei
3351 5419 3649 5472 nunquam

2000 5498 2218 5554 factum
2244 5499 2338 5554 est.

2426 5552 2542 5599 Am.
2591 5550 2642 5598 et
2676 5547 2797 5596 Mss.
2852 5545 2918 5591 At
2960 5543 3105 5596 Lov.,
3155 5538 3204 5584 .ςὶ
3235 5544 3390 5584 tanta
3434 5531 3648 5581 navita:

2003 5624 2220 5679 futura.
