4136 6190
438 373 556 437 371

440 506 696 582 petenda
715 503 986 569 circuitu,
1020 518 1124 557 cur
1153 501 1213 582 in
1247 499 1420 556 rebus
1452 495 1950 582 mortalibu_s_tieri
1974 511 2090 582 non

442 575 611 661 posse
664 585 1036 641 contenditur
1063 583 1089 637 ?
1123 581 1182 637 Si
1215 582 1419 635 dicunt
1476 595 1592 634 non
1651 578 1776 632 fieri
1809 577 1869 632 in
1899 575 2094 661 anima

443 658 828 726 beatitudinis
850 666 1189 729 novitatem,
1217 662 1520 734 quoniam,
1545 662 1615 716 ad
1639 676 1766 715 eam
1787 658 2096 716 revertitur

444 750 504 804 in
537 765 654 819 qua
683 763 914 817 semper
957 745 1086 810 fuit,
1127 749 1258 814 ipsa
1308 748 1461 798 certe
1505 741 1774 795 liberatio
1827 756 1973 794 nova
2011 739 2092 796 fit,

450 847 587 888 cum
627 831 697 885 de
728 826 964 883 miseria
995 825 1276 881 liberatur
1306 825 1363 879 in
1395 840 1512 894 qua
1542 837 1846 891 nunquam
1881 820 2008 886 fuit,
2042 823 2098 875 et

450 913 577 983 ipsa
608 908 855 966 miseriae
887 909 1111 963 novitas
1136 906 1196 962 in
1229 920 1296 960 ea
1335 907 1486 961 facta
1516 908 1606 960 est
1634 920 1760 975 quea
1793 915 2096 972 nunquam

449 993 581 1047 fuit.
645 990 774 1044 Hac
834 997 1027 1044 autem
1081 987 1310 1043 novitas
1368 987 1419 1042 si
1475 1002 1591 1040 non
1634 987 1694 1040 in
1726 999 1942 1052 rerum,
1975 998 2098 1052 qua

448 1070 646 1126 divina
698 1068 1066 1141 providentia
1095 1068 1528 1140 gubernantur,
1570 1065 1837 1121 ordinem
1874 1067 1890 1098 ί
1924 1061 2096 1128 venit,

449 1151 550 1207 sed
582 1166 723 1208 casu
779 1150 972 1221 potius
1021 1149 1229 1215 evenit,
1274 1147 1372 1202 ubi
1421 1150 1561 1201 sunt
1602 1145 1688 1200 illi
1729 1141 2100 1199 determinati

451 1228 824 1300 dimensique
857 1228 1164 1293 circuitus,
1198 1227 1253 1282 in
1285 1226 1497 1297 quibus
1532 1224 1691 1280 nulla
1738 1241 1881 1279 nova
1931 1222 2098 1290 fiunt,

458 1311 561 1367 sed
593 1313 935 1381 repetuntur
980 1310 1174 1363 eadem
1209 1323 1339 1378 quae
1369 1305 1659 1361 fuerunt?
1707 1305 1764 1359 Si
1795 1310 1985 1359 autem
2045 1304 2102 1357 et

460 1393 585 1450 haec
628 1391 859 1447 novitas
898 1390 971 1445 ab
999 1389 1366 1444 ordinatione
1407 1386 1781 1458 providentiae
1809 1386 1830 1419 ²
1864 1401 1978 1438 non
2010 1400 2102 1438 ex-

457 1472 736 1540 cluditur,
790 1471 910 1527 sive
968 1471 1104 1526 data
1160 1469 1236 1525 sit
1302 1470 1520 1538 anima,
1581 1469 1700 1523 sive
1746 1467 1906 1538 lapsa
1955 1464 2030 1519 sit
2057 1464 2099 1531 ³,

461 1552 855 1628 possunttieri
887 1568 1058 1619 nova,
1084 1567 1210 1622 quae
1242 1566 1430 1621 neque
1462 1554 1632 1605 antea
1661 1549 1807 1602 facta
1839 1546 1975 1610 sint,
1999 1559 2104 1628 nec

455 1624 648 1692 {amen
682 1652 716 1690 a
773 1649 966 1689 rerum
1036 1634 1236 1687 ordine
1295 1631 1486 1686 aliena
1541 1630 1678 1684 sint.
1715 1629 1779 1683 Et
1827 1628 1876 1681 si
1917 1624 2106 1697 potuit

456 1716 655 1772 anima
687 1715 872 1769 facere
896 1729 995 1785 per
1041 1712 1499 1782 imprudentiam
1539 1710 1652 1764 sibi
1686 1724 1892 1763 novam
1926 1707 2106 1761 mise-

453 1798 626 1864 riam,
659 1812 784 1866 qua:
817 1811 929 1848 non
955 1801 1110 1848 esset
1142 1790 1452 1861 improvisa
1483 1791 1687 1845 divinae
1710 1787 2100 1859 providentiae,

459 1882 526 1932 ut
557 1865 709 1931 banc
741 1889 975 1946 quoque
998 1874 1054 1928 in
1090 1888 1278 1928 rerum
1313 1870 1517 1926 ordine
1547 1869 1896 1936 includeret,
1929 1873 1986 1921 et
2032 1865 2105 1920 ab

455 1958 566 2014 hac
598 1972 725 2011 eam
750 1971 866 2010 non
908 1953 1230 2025 improvide
1260 1951 1533 2006 liberaret
1565 1964 1578 2017 ;
1613 1966 1729 2020 qua
1755 1949 1989 2002 tandem
2022 1956 2104 2002 te-

457 2038 724 2094 meritate
781 2035 1049 2090 humana:
1087 2033 1364 2088 vanitatis
1395 2032 1681 2086 audemus
1708 2045 1916 2100 negare
1946 2028 2102 2082 divi-

455 2119 700 2175 nitatem
761 2117 948 2172 facere
1008 2131 1176 2186 posse
1225 2129 1336 2180 res,
1391 2129 1508 2168 non
1550 2111 1691 2180 sibi,
1734 2112 1835 2166 sed
1885 2108 2105 2164 mundo

454 2216 654 2267 novas,
686 2215 832 2270 quas
864 2212 1049 2267 neque
1080 2200 1252 2250 antea
1285 2194 1500 2260 fecerit,
1538 2208 1643 2248 uec
1693 2207 1958 2264 unquam
2000 2191 2103 2245 ha-

456 2280 650 2337 buerit
673 2278 1065 2351 improvises?
1091 2277 1149 2332 Si
1182 2281 1374 2330 autem
1423 2275 1630 2329 dicunt
1661 2273 1940 2328 liberatas
1971 2273 2104 2344 qui-

459 2361 590 2418 dem
622 2361 851 2416 animas
879 2359 948 2413 ad
976 2357 1274 2412 miseriam
1310 2372 1426 2410 non
1461 2371 1820 2417 reversurus,
1843 2355 1941 2408 sed
1970 2370 2106 2409 cum

461 2443 570 2498 hoc
593 2442 676 2500 lit.
719 2442 776 2495 in
810 2439 986 2495 rebus
1020 2436 1164 2492 nihil
1200 2436 1330 2491 novi
1380 2435 1528 2501 fieri,
1562 2436 1836 2502 quoniam
1879 2450 2108 2506 semper

461 2523 589 2578 aliae
629 2526 799 2591 atque
830 2520 954 2575 aliae
1003 2517 1259 2573 liberatae
1291 2521 1445 2584 sunt,
1488 2523 1544 2572 et
1594 2516 1933 2582 liberantur,
1952 2521 2010 2570 et
2042 2516 2107 2570 li-

462 2603 829 2659 berabuntur
861 2618 875 2656 :
909 2601 1020 2655 hoc
1047 2603 1200 2654 certe
1232 2597 1575 2662 concedant,
1609 2596 1656 2652 si
1681 2597 1755 2651 ita
1788 2601 1901 2664 est,
1930 2611 2108 2651 novas

464 2684 694 2740 animas
717 2683 860 2748 fieri,
897 2681 1112 2752 quibus
1137 2679 1210 2734 sit
1239 2685 1294 2734 et
1325 2695 1475 2734 nova
1508 2679 1742 2734 miseria
1773 2683 1829 2732 et
1858 2694 2004 2733 nova
2036 2677 2106 2731 li-

461 2764 700 2818 heratio.
732 2763 878 2818 Nam
931 2762 978 2816 si
1012 2762 1286 2831 antiquas
1339 2776 1438 2814 eas
1497 2759 1702 2814 dicunt
1749 2775 1897 2825 esse,
1931 2763 1988 2813 et
2019 2773 2111 2812 re-

460 2848 720 2898 trorsum
746 2843 1154 2911 sempiternas,
1187 2857 1254 2895 ex
1277 2840 1490 2911 quibus
1524 2839 1781 2910 quotidie
1815 2838 1942 2893 novi
1967 2838 2108 2892 fiant

467 2921 752 2988 homines,
787 2922 857 2976 de
881 2936 1119 2990 quorum
1153 2923 1511 2990 corporibus,
1536 2921 1588 2974 si
1629 2919 1916 2990 sapienter
1946 2919 2110 2973 vixe-

466 3001 603 3069 rint,
635 3002 716 3056 ita
746 3002 1082 3073 liberentur,
1109 3007 1171 3057 ut
1195 3018 1495 3072 nunquam
1527 3002 1597 3056 ad
1634 3000 1898 3054 miserias
1925 2998 2108 3054 revol-

464 3088 696 3153 vantur,
730 3090 1153 3152 consequenter
1186 3085 1395 3137 dicturi
1427 3087 1567 3136 sunt
1597 3082 1877 3136 infinitas.
1913 3082 2110 3146 Quan-

465 3163 705 3219 tuslibet
727 3180 982 3235 namque
1006 3165 1212 3219 finitus
1230 3178 1509 3217 numerus
1529 3162 1726 3215 fuisset
1752 3161 2106 3226 animarum,

461 3244 708 3300 inﬁnitis
739 3249 885 3299 retro
917 3244 1149 3299 saeculis
1182 3242 1448 3298 sufﬁcere
1505 3258 1621 3296 non
1665 3241 1900 3308 valeret,
1936 3243 1996 3294 ut
2042 3257 2110 3296 ex

461 3326 561 3382 illo
593 3342 822 3396 semper
854 3327 1058 3391 fierent
1089 3325 1377 3390 homines,
1400 3339 1649 3393 quorum
1676 3327 1872 3377 essent
1902 3321 2112 3376 animas

463 3407 536 3463 ab
559 3407 672 3462 ista
693 3423 923 3478 semper
956 3405 1310 3460 mortalitate
1339 3403 1677 3469 liberandae,
1710 3419 2005 3472 nunquam
2039 3403 2109 3457 ad

463 3503 586 3543 eam
611 3487 884 3559 deinceps
917 3487 1210 3542 reditura).
1235 3478 1348 3540 Nec
1366 3484 1485 3540 ullo
1509 3484 1681 3539 modo
1711 3482 2109 3553 explicabunt,

474 3570 766 3640 quomodo
791 3569 847 3623 in
874 3569 1070 3633 rebus,
1105 3584 1270 3640 quas,
1304 3575 1366 3622 ut
1395 3565 1510 3622 Deo
1544 3570 1688 3621 notae
1720 3582 1844 3620 esse
1868 3567 2110 3636 possint,

467 3647 666 3704 ﬁnitas
690 3648 889 3705 volunt
909 3648 951 3716 ⁴,
980 3649 1243 3704 infinitus
1274 3649 1350 3704 sit
1379 3663 1660 3703 numerus
1687 3647 2037 3702 animarum.

481 3721 492 3725 λ’
538 3729 592 3784 3.
621 3731 982 3800 Quapropter
1013 3729 1290 3802 quoniam
1323 3729 1600 3786 circuitus
1631 3727 1715 3784 illi
1739 3730 1862 3799 jam
1893 3727 2112 3798 explosi

470 3813 627 3880 sunt,
660 3810 877 3880 quibus
907 3809 980 3864 ad
1010 3811 1245 3865 easdem
1290 3810 1554 3865 miserias
1587 3809 1912 3864 necessario
1947 3817 2115 3879 puta-

468 3891 643 3945 batur
682 3890 880 3946 anima
937 3891 1232 3957 reditura;
1267 3891 1404 3961 quid
1467 3898 1646 3945 restat
1676 3889 2112 3945 convenientius

466 3971 694 4044 pietati,
718 3987 893 4042 quam
926 3972 1156 4027 credere
1195 3988 1311 4026 non
1334 3986 1463 4026 esse
1496 3970 1854 4042 impossibile
1887 3970 2023 4036 Deo,
2057 3975 2112 4023 et

470 4071 534 4110 ea
565 4071 693 4126 quae
726 4070 1023 4127 nunquam
1076 4055 1277 4109 fecerit
1315 4071 1460 4109 nova
1494 4054 1701 4120 facere,
1743 4059 1798 4108 et
1834 4051 2114 4107 ineffabili

475 4135 834 4206 przescientia
881 4135 1237 4190 voluntatem
1301 4133 1645 4189 mutabilem
1690 4147 1804 4188 non
1858 4133 2116 4186 habere?

474 4217 652 4271 Porro
701 4219 896 4271 autem
948 4221 1141 4270 utrum
1200 4215 1522 4270 animarum
1575 4213 1949 4268 liberatarum
2012 4228 2116 4267 nec

479 4295 722 4350 ulterius
754 4295 825 4349 ad
871 4295 1133 4350 miserias
1169 4294 1559 4350 rediturarum
1610 4309 1892 4347 numerus
1933 4293 2118 4364 possit

477 4391 709 4446 semper
739 4377 962 4447 augeri,
998 4375 1112 4448 ipsi
1144 4375 1415 4442 viderint,
1449 4375 1550 4446 qui
1592 4375 1662 4428 de
1693 4390 1886 4430 rerum
1921 4374 2115 4428 inﬁni-

473 4461 594 4513 tate
623 4457 944 4513 cohibenda
977 4461 1094 4510 tam
1127 4456 1422 4510 subtiliter
1451 4456 1753 4525 disputant
1791 4471 1803 4510 :
1849 4471 1954 4510 nos
1988 4471 2116 4511 vero

471 4538 967 4594 ratiocinationem
991 4540 1247 4592 nostram
1267 4552 1334 4591 ex
1368 4540 1613 4605 utroque
1634 4535 1812 4590 latere
1843 4536 2117 4590 termina-

469 4636 624 4678 mus.
659 4619 717 4675 Si
777 4619 931 4674 enim
991 4623 1204 4690 potest,
1239 4617 1378 4688 quid
1413 4632 1601 4672 causae
1653 4622 1740 4672 est
1783 4623 1847 4672 ut
1878 4622 2119 4687 negetur

471 4700 652 4758 creari
723 4701 978 4773 potuisse
1027 4700 1181 4772 quod
1260 4713 1556 4769 nunquam
1617 4703 1795 4759 antea
1855 4705 2113 4755 creatum

475 4789 650 4860 esset,
684 4787 735 4842 si
757 4785 1128 4846 liberatarum
1164 4782 1496 4840 animarum
1517 4798 1820 4853 numerus,
1842 4782 1939 4855 qui
1970 4800 2118 4839 nun-

538 5027 560 5080 1,
579 5023 662 5073 Sic
694 5023 820 5072 Mis.
847 5023 984 5071 Editi
1014 5037 1157 5079 vero,
1193 5025 1404 5074 ordine.

536 5087 557 5120 ³
587 5081 743 5143 Editi,
775 5084 840 5132 ab
867 5086 1238 5133 ordinatione
1266 5088 1489 5136 divinae
1511 5087 1907 5148 providentiae.
1939 5087 2118 5148 Abest,

467 5149 710 5202 divinae,
733 5159 766 5195 a
791 5149 1185 5210 manuscriptis.

535 5214 557 5247 3
586 5210 740 5258 Vind.
773 5208 889 5256 Am.
941 5208 1225 5265 Ern—Sive
1271 5210 1417 5259 elata
1462 5211 1536 5258 sit
1575 5211 1790 5267 anima,
1822 5211 1934 5259 sive
1964 5212 2120 5271 lapsa

469 5275 558 5324 sit.
591 5275 741 5331 Lov.,
775 5270 889 5319 sive
925 5272 1056 5320 data,
1099 5272 1176 5321 sit
1215 5273 1429 5327 anima,
1476 5272 1586 5320 sive
1631 5288 1667 5320 α
1711 5287 1765 5320 se
1811 5273 1900 5321 sit.
1934 5270 2123 5322 Metius

470 5341 650 5388 autem
679 5336 824 5390 Mss.,
853 5334 966 5382 sive
994 5335 1124 5398 data
1151 5334 1224 5382 sit
1251 5335 1468 5390 anima,
1487 5334 1600 5382 sive
1625 5335 1782 5396 lapsa
1797 5336 1886 5383 sit.
1907 5335 2123 5398 Propter

470 5401 606 5461 duas
643 5397 1231 5461 nimirum_opinion,es.
1280 5399 1503 5458 aliorum
1551 5398 1763 5461 quidem
1821 5397 2121 5454 docentium

472 5457 679 5509 animas
726 5457 1032 5522 corporibus
1085 5473 1118 5508 a
1159 5457 1274 5508 ‘Deo
1317 5461 1480 5508 datas
1533 5457 1585 5508 et
1627 5457 1830 5519 missas,
1895 5461 2120 5518 aliorum

473 5527 666 5588 autem
679 5523 1101 5588 existimantium
1131 5535 1236 5588 eas,
1253 5526 1436 5586 suapte
1465 5523 1620 5584 culpa
1647 5525 1890 5588 delapsas
1917 5539 2030 5575 esse
2058 5525 2121 5574 de

471 5575 711 5649 cmlisin
740 5575 957 5649 corpora
985 5587 1050 5634 ad
1080 5575 1303 5635 luendas
1331 5575 1532 5649 pmnas.
1557 5575 1571 5632 Ῐ
1680 5575 1687 5586 ’⁴
1768 5575 1792 5588 ⁹
1847 5582 1849 5584 ’
1937 5590 2088 5648 μέλ’-(λ.

537 5649 558 5680 ι
581 5644 676 5715 Sic
694 5623 846 5715 Aliis-sf
861 5650 929 5696 At
974 5649 1129 5715 editi,
1153 5664 1292 5712 quas
1331 5623 1449 5697 lbeo
1496 5657 1654 5697 notas
1695 5663 1823 5710 esse,
1873 5623 2121 5713 σοῖξῖἱόᾶ

472 5706 589 5756 sint
617 5704 870 5764 inﬁnitae
898 5724 1011 5757 non
1042 5704 1252 5758 volu’nr.

1501 368 1599 427 DE
1642 363 2008 427 CIVITA'I‘E
2055 361 2206 429 DEI,
2256 363 2324 423 S.
2367 363 2794 425 AUGUSTINI

3730 368 3848 426 3'72

2203 510 2378 565 quam
2403 498 2575 550 antea
2604 495 2735 561 fuit,
2767 513 2882 552 non
2916 495 3106 552 solum
3142 496 3326 551 factus
3375 501 3463 553 est
3493 497 3700 565 semel,
3750 499 3858 554 sed

2202 591 2502 646 nunquam
2538 576 2660 630 tieri
2693 578 2963 634 desinet?
2993 578 3047 631 Si
3089 584 3283 632 autem
3307 583 3532 644 Oportet
3562 583 3625 634 ut
3657 587 3856 635 certus

2200 657 2277 712 sit
2299 656 2674 712 liberatarum
2698 657 2907 730 aliquis
2932 675 3206 714 numerus
3238 661 3590 727 animarum,
3623 678 3753 732 quae
3778 665 3854 716 ad

2203 737 2496 791 miseriam
2530 754 2830 807 nunquam
2865 739 3128 802 redeant,
3175 755 3357 810 neque
3397 743 3508 794 iste
3569 756 3855 796 numerus

2203 815 2445 871 ulterius
2477 824 2761 889 augeatur
2795 834 2808 885 ;
2841 819 3015 872 etiam
3048 818 3172 889 ipse
3201 821 3326 874 sine
3357 819 3533 874 dubio
3563 821 3856 891 quicum4

2204 911 2312 968 que
2343 898 2473 964 erit,
2514 904 2646 952 ante
2679 899 2880 969 utique
2903 915 3206 970 nunquam
3241 900 3348 954 fuit
3380 916 3392 954 :
3427 901 3528 971 qui
3591 903 3853 973 profecto

2203 993 2481 1042 crescere,
2513 983 2571 1033 et
2601 979 2670 1032 ad
2704 995 2822 1034 suae
2845 980 3188 1050 quantitatis
3220 979 3527 1035 terminum
3556 983 3860 1052 pervenire

2205 1059 2334 1113 sine
2353 1059 2552 1130 aliquo
2579 1075 2693 1114 non
2720 1062 2901 1132 possit
2921 1060 3084 1116 initio
3109 1077 3122 1128 ;
3147 1062 3300 1132 quod
3325 1061 3557 1116 initium
3588 1078 3653 1118 eo
3679 1063 3860 1118 modo

2204 1147 2371 1194 antea
2403 1156 2705 1212 nunquam
2770 1141 2896 1196 fuit.
2960 1142 3077 1196 Hoc
3135 1157 3271 1213 ergo
3314 1147 3380 1198 ut
3409 1150 3582 1208 esset,
3616 1147 3858 1202 creatus

2204 1223 2290 1275 est
2320 1220 2515 1291 homo,
2545 1226 2677 1277 ante
2708 1237 2880 1293 quem
2914 1220 3111 1276 nullus
3141 1222 3264 1276 fuit.

2206 1407 2435 1463 CAPUT
2465 1409 2612 1464 XXI.
2647 1439 2713 1450 -—
2752 1412 2822 1466 De
2849 1411 3162 1467 conditione
3193 1411 3358 1467 unius
3386 1413 3561 1484 primi
3590 1414 3855 1485 hominis,

2603 1493 2764 1563 atque
2792 1495 2847 1546 in
2871 1507 2930 1549 eo
2959 1492 3181 1562 generis
3203 1493 3458 1550 humani.

2283 1632 2396 1687 Hac
2429 1633 2606 1704 igitur
2636 1635 2958 1706 quaestione
3009 1634 3356 1692 difficillima
3410 1641 3646 1708 propter
3682 1641 3857 1693 eter-

2211 1714 2452 1768 nitatem
2485 1715 2585 1772 Dei
2621 1733 2768 1771 nova
2799 1717 3050 1772 creantis
3082 1716 3206 1771 sine
3239 1717 3490 1774 novitate
3527 1719 3723 1791 aliqua
3747 1737 3854 1776 vo-

2210 1793 2476 1862 luntatis,
2542 1802 2830 1868 quantum
2872 1799 3191 1869 potuimus,
3243 1799 3546 1872 explicata,
3606 1819 3724 1859 non
3775 1811 3860 1859 est

2211 1876 2452 1931 arduum
2486 1877 2680 1932 videre
2705 1878 2887 1934 multo
2913 1908 2932 1930 τ
2959 1879 3139 1935 fuisse
3197 1881 3408 1937 melius
3440 1885 3596 1954 quod
3638 1884 3856 1940 factum

2212 1963 2318 2024 est,
2383 1963 2446 2012 ut
2487 1974 2554 2013 ex
2603 1975 2720 2014 uno
2763 1960 2994 2016 homine
3024 1978 3198 2032 quem
3260 1963 3515 2035 primum
3575 1965 3858 2034 condidit,

2213 2038 2632 2108 multiplicaret
2682 2054 2865 2109 genus
2924 2040 3278 2112 humanum,
3328 2059 3501 2114 quam
3553 2044 3602 2098 si
3661 2043 3719 2098 id
3755 2045 3854 2099 in-

2212 2118 2478 2174 choasset
2501 2135 2534 2174 a
2569 2119 2854 2190 pluribus.
2884 2122 3028 2176 Nam
3056 2137 3186 2177 cum
3230 2123 3560 2179 animantes
3590 2125 3733 2180 alias
3764 2143 3863 2181 so-

2212 2198 2456 2266 litarius,
2509 2205 2565 2255 et
2622 2202 3056 2271 quodammodo
3113 2203 3424 2275 solivagas,
3484 2205 3544 2260 id
3589 2211 3700 2275 est,
3732 2222 3860 2276 qua:

2213 2277 2594 2358 solitudinem
2641 2282 2830 2351 magis
2871 2287 3170 2354 appetant,
3217 2285 3392 2339 sicuti
3446 2294 3584 2340 sunt
3620 2285 3856 2358 aquilae,

2215 2357 2396 2426 milvi,
2428 2358 2646 2425 leones,
2681 2359 2822 2429 lupi,
2855 2365 2911 2416 et
2954 2377 3341 2434 quaecumque
3380 2365 3458 2419 ita
3489 2369 3626 2419 sunt
3657 2357 3688 2432 ;ί
3714 2365 3859 2421 alias

2214 2454 2530 2510 congreges
2583 2439 2926 2508 instituerit,
2980 2458 3108 2514 quae
3165 2449 3532 2516 congregatae
3571 2449 3748 2517 atque
3795 2446 3853 2500 in

2211 2521 2489 2592 gregibus
2525 2523 2732 2577 malint
2762 2522 2971 2591 vivere,
3037 2529 3098 2580 ut
3139 2531 3276 2580 sunt
3307 2526 3588 2592 columbi,
3648 2527 3858 2597 sturni,

2211 2601 2383 2668 cervi,
2420 2601 2666 2657 damula:
2691 2603 2785 2674 la),
2809 2611 2862 2658 et
2891 2609 3098 2660 caetera
3128 2605 3470 2676 hujusmodi
3503 2612 3858 2681 :utrumque

2210 2684 2407 2735 tamen
2441 2698 2624 2752 genus
2655 2699 2771 2737 non
2803 2701 2871 2738 ex
2892 2684 3140 2756 singulis
3173 2687 3529 2759 propagavit,
3562 2690 3663 2743 sed
3695 2688 3862 2760 plura

2213 2761 2389 2815 simul
2415 2762 2601 2832 jussit
2632 2763 2899 2820 existere.
2935 2764 3241 2821 Hominem
3302 2783 3456 2834 vero,
3488 2769 3660 2838 cujus
3693 2773 3860 2823 natu-

2216 2857 2338 2896 ram
2373 2844 2799 2912 quodammodo
2862 2845 3113 2900 mediam
3145 2847 3300 2902 inter
3332 2849 3569 2919 Angelos
3600 2851 3863 2904 bestias-

2215 2937 2327 2993 que
2357 2921 2663 2991 condehat,
2707 2930 2787 2992 ut,
2849 2925 2897 2980 si
2939 2926 3195 2981 Creatori
3258 2944 3361 2984 suo
3391 2934 3671 3001 tanquam
3723 2944 3867 2985 vero

2214 3001 2461 3056 Domino
2486 3003 2760 3059 subditus
2786 3014 3132 3076 praeceptum
3165 3009 3180 3044 ι
3215 3010 3343 3078 ejus
3399 3009 3493 3078 pia
3531 3007 3867 3064 obedientia

2215 3083 2554 3150 custodiret,
2582 3084 2639 3138 in
2664 3089 3018 3142 consortium
3051 3088 3328 3142 transiret
3350 3087 3702 3159 angelicum,
3735 3089 3866 3144 sine

2217 3168 2402 3217 morte
2432 3164 2624 3218 media
2683 3167 2754 3235 (ὁ)
2804 3167 3030 3222 beatam
3090 3167 3589 3224 immortalitatem
3640 3170 3865 3241 absque

2217 3243 2335 3298 ullo
2365 3246 2613 3300 termino
2632 3254 2981 3303 consecutus
3006 3265 3019 3316 ;
3047 3249 3092 3304 si
3115 3256 3310 3305 autem
3349 3251 3658 3306 Dominum
3682 3253 3859 3306 Deum

2217 3339 2387 3379 suum
2422 3324 2600 3381 libera
2630 3327 2932 3383 voluntate
2971 3332 3215 3399 superbe
3259 3336 3429 3401 atque
3462 3331 3864 3388 inobedienter

2218 3422 2364 3460 usus
2396 3407 2733 3475 offenderet,
2770 3409 2943 3464 morti
2977 3411 3244 3467 addictus
3277 3412 3598 3467 bestialiter
3629 3414 3861 3480 viveret,

2217 3484 2482 3540 libidinis
2514 3502 2718 3541 servus
2755 3493 3082 3560 aeternoque
3115 3494 3245 3560 post
3276 3497 3522 3546 mortem
3573 3493 3862 3564 supplicio

2219 3567 2584 3632 destinatus;
2621 3583 2803 3623 unum
2835 3585 2899 3624 ac
2926 3570 3225 3641 singulum
3255 3571 3490 3639 creavit,
3525 3588 3638 3626 non
3664 3573 3863 3645 utique

2221 3648 2414 3701 solum
2452 3647 2577 3703 sine
2608 3647 2864 3703 humana
2907 3652 3175 3705 societate
3215 3651 3625 3720 deserendum,
3667 3654 3768 3708 sed
3804 3661 3864 3708 ut

2220 3741 2287 3781 eo
2318 3728 2488 3781 modo
2537 3727 2944 3784 vehementius
3003 3731 3053 3785 ei
3112 3732 3632 3787 commendaretur
3677 3732 3868 3804 ipsius

2225 3807 2520 3864 societatis
2579 3811 2776 3866 unitas
2831 3811 3250 3883 vinculumque
3286 3813 3629 3884 concordiae,
3665 3815 3716 3868 si
3749 3832 3868 3870 non

2219 3892 2449 3942 tantum
2482 3889 2634 3944 inter
2665 3907 2726 3946 se
2749 3900 2970 3946 natura
3002 3892 3409 3959 similitudine,
3442 3909 3638 3948 verum
3686 3895 3862 3949 etiam

2223 3969 2579 4040 cognationis
2631 3971 2838 4027 allectu
2874 3972 3141 4029 homines
3165 3979 3533 4029 necterentur
3567 3999 3581 4042 ;
3632 3975 3869 4040 quando

2223 4066 2326 4105 nec
2351 4052 2538 4120 ipsam
2565 4052 2804 4123 quidem
2831 4053 3108 4110 feminam
3128 4056 3511 4126 cepulandam
3545 4055 3684 4124 viro,
3721 4057 3872 4112 sicut

2222 4127 2417 4197 ipsum
2441 4142 2638 4185 creare
2669 4129 2753 4183 illi
2790 4132 3032 4202 placuit,
3065 4134 3165 4188 sed
3200 4149 3267 4188 ex
3306 4135 3450 4205 ipso,
3483 4138 3546 4190 ut
3566 4150 3742 4190 omne
3800 4149 3870 4189 ex

2225 4207 2458 4263 homine
2490 4225 2606 4263 uno
2635 4209 3062 4268 diffunderetur
3094 4228 3280 4285 genus
3312 4215 3654 4270 humanum.

2222 4386 2458 4444 CAPUT
2487 4388 2664 4444 XXII.
2719 4419 2787 4429 —
2841 4389 2994 4454 Quod
3036 4390 3339 4460 prmscierit
3377 4391 3517 4447 Deus
3566 4389 3868 4456 hominem,

2295 4487 2453 4542 quem
2476 4472 2715 4540 primum
2746 4471 3009 4539 condidit,
3033 4477 3381 4532 moraturum
3400 4490 3421 4534 ;
3441 4473 3714 4545 simulque
3728 4490 3870 4544 prae-

2295 4549 2493 4606 viderit
2523 4561 2792 4622 quantum
2836 4553 3058 4623 piorum
3096 4553 3360 4624 papulum
3401 4569 3471 4608 ea:
3498 4556 3619 4623 ejus
3665 4569 3869 4622 genere

2296 4633 2356 4686 in
2385 4632 2698 4701 angelicum
2725 4634 3055 4689 consortium
3091 4650 3192 4690 sua
3237 4638 3373 4694 esset
3410 4632 3596 4703 gratia
3626 4635 3868 4691 transla-

2299 4717 2478 4769 turus.

2296 4867 2412 4923 Nec
2449 4866 2758 4939 ignorabat
2793 4867 2940 4922 Deus
3001 4865 3298 4922 hominem
3357 4871 3759 4938 peccaturum,
3813 4871 3874 4924 et

2227 4946 2401 5001 morti
2444 4946 2567 5016 jam
2627 4946 2941 5001 obnoxium
3007 4945 3321 5001 morituros
3389 4951 3870 5020 propegaturum,

2226 5042 2408 5098 eoque
2430 5041 2841 5097 progressuros
2867 5024 3142 5096 peccandi
3168 5026 3534 5080 immanitate
3569 5025 3871 5092 mortales,

2227 5110 2293 5160 ut
2323 5107 2504 5159 tutius
2535 5110 2706 5176 atque
2737 5105 2998 5176 pacatius
3041 5103 3189 5158 inter
3227 5120 3286 5159 se
3335 5105 3638 5160 rationalis
3669 5104 3875 5160 volun-

2230 5185 2362 5240 tatis
2387 5191 2650 5256 expertes
2684 5185 2878 5240 bestize
2908 5184 2996 5240 sui
3035 5185 3263 5258 generls
3311 5186 3586 5255 viverent,
3620 5201 3864 5258 quarum

2291 5461 2307 5494 ί
2343 5458 2526 5506 Plures
2554 5457 2695 5514 Mss,
2728 5462 3026 5514 praecepta.

2284 5523 2362 5580 (α)
2395 5521 2642 5568 Damulas
2671 5519 2744 5566 sic
2781 5518 3098 5565 diminutive
3138 5517 3292 5572 dixit,
3338 5518 3472 5581 quia
3502 5518 3876 5581 meticulosum

2226 5571 2306 5633 est
2335 5571 2551 5637 animal.
2584 5595 2679 5630 nec
2707 5582 2880 5632 ferum
2917 5593 3011 5628 nec
3040 5571 3395 5640 mansuetum.
3429 5581 3542 5642 Lup.
3577 5571 3744 5640 Vivas.

2288 5647 2379 5707 (ὁ)
2412 5645 2540 5717 iiic,_
2577 5645 2732 5706 juxta
2771 5707 2782 5717 .
2803 5642 3128 5717 goquae‘um'.‘
3179 5643 3417 5717 tangitur
3450 5643 3874 5717 Pelagianorum

2225 5705 2476 5768 haeresis,
2513 5708 2575 5756 de
2605 5720 2710 5769 qua
2732 5706 2838 5754 vid.
2871 5705 2962 5757 lib.
2995 5707 3057 5755 de
3086 5705 3418 5763 Haeresibus,
3450 5706 3596 5756 haer.
3626 5705 3706 5754 88.
