4136 6190
299 358 418 418 373

301 508 370 549 ex
399 493 564 564 aquis
601 498 658 550 et
691 495 858 550 terris
893 493 1144 566 plurium
1178 495 1198 530 ί
1257 497 1572 569 pullulavit
1625 498 1944 566 exordium,

300 589 474 644 quam
513 572 802 640 homines,
838 591 1085 644 quorum
1113 591 1296 645 genus
1327 593 1395 632 ex
1425 594 1541 633 uno
1573 582 1662 632 est
1693 578 1762 631 ad
1791 593 1948 632 com-

299 655 699 708 mendandam
725 656 1090 709 concordiam
1127 662 1539 728 propagatum.
1577 658 1775 728 Neque
1794 659 1950 713 enim

298 750 563 806 unquam
611 734 766 789 inter
821 751 879 790 se
910 736 1125 804 leones,
1184 743 1286 792 aut
1338 738 1489 794 inter
1540 754 1599 793 se
1645 738 1949 803 dracones,

296 816 496 886 qualia
542 815 834 880 homines,
868 815 1020 871 bella
1067 827 1388 888 gesserunt.
1450 819 1562 874 Sed
1601 818 1950 888 praevidebat

293 897 476 952 etiam
509 895 698 966 gratia
729 912 836 951 sua
868 897 1151 967 populum
1202 899 1433 968 piorum
1466 900 1522 953 in
1584 899 1949 965 adeptionem

294 978 644 1046 vocandum,
677 977 1052 1047 remissisque
1101 979 1356 1047 peccatis
1395 979 1786 1049 justiﬁcatum
1819 980 1950 1050 Spi-

290 1059 408 1113 ritu
443 1062 648 1114 sancto
669 1056 892 1113 sanctis
924 1059 1156 1130 Angelis
1188 1060 1248 1114 in
1283 1063 1498 1116 aeterna
1529 1076 1670 1131 pace
1717 1061 1944 1115 socian-

289 1141 454 1206 dum,
486 1138 804 1195 novissima
841 1138 1080 1194 inimica
1103 1148 1284 1196 morte
1315 1142 1617 1197 destructa
1658 1156 1671 1194 :
1710 1140 1802 1196 cui
1836 1158 1940 1212 po-

288 1221 429 1293 pulo
461 1225 618 1276 esset
665 1219 842 1288 hujus
887 1220 966 1275 rei
1010 1221 1396 1277 consideratio
1428 1223 1755 1292 profutura,
1788 1225 1943 1292 quod

287 1319 358 1358 ex
391 1317 512 1356 uno
563 1300 803 1356 homine
848 1299 1003 1355 Deus
1050 1302 1120 1355 ad
1169 1301 1705 1358 commendandum
1755 1301 1944 1358 homi-

291 1383 494 1447 nibus,
520 1397 696 1452 quam
729 1381 779 1436 ei
813 1384 978 1451 grata
1017 1380 1095 1435 sit
1140 1384 1313 1437 etiam
1341 1381 1398 1437 in
1432 1381 1693 1454 pluribus
1725 1383 1942 1448 unitas,

286 1479 473 1536 genus
498 1460 852 1518 instituisset
878 1461 1230 1517 humanum.

284 1620 512 1676 CAPUT
541 1619 730 1676 XXIII.
763 1651 833 1660 -—
862 1620 937 1674 De
966 1628 1171 1674 natura
1200 1619 1462 1678 humana
1491 1621 1698 1678 animae
1736 1627 1941 1680 creata?

817 1700 890 1754 ad
931 1699 1244 1769 imaginem
1287 1701 1402 1757 Dei.

353 1837 514 1893 Fecit
542 1852 675 1907 ergo
719 1835 873 1891 Deus
921 1835 1218 1891 hominem
1277 1838 1346 1892 ad
1401 1837 1714 1909 imaginem
1747 1856 1932 1896 suam.

288 1918 481 1974 Talem
506 1917 720 1988 quippe
752 1917 836 1970 illi
868 1917 1122 1972 animam
1147 1919 1380 1987 creavit,
1398 1935 1510 1988 qua
1533 1935 1630 1989 per
1653 1919 1933 1976 rationem

284 2004 458 2069 atque
477 1997 922 2068 intelligentiam
946 1997 1221 2052 omnibus
1249 2003 1404 2054 esset
1431 2003 1795 2069 praestantior
1815 2001 1935 2054 ani-

282 2077 534 2133 malibus
562 2078 940 2134 terrestribus
989 2082 1046 2132 et
1097 2079 1435 2133 natatilibus
1478 2084 1533 2133 et
1574 2079 1931 2148 volatilibus,

280 2165 532 2215 mentem
567 2160 901 2229 bujusmodi
952 2175 1067 2214 non
1122 2160 1413 2214 baberent.
1462 2158 1529 2213 Et
1575 2174 1709 2214 cum
1743 2160 1930 2214 virum

276 2255 406 2311 quae
437 2245 665 2295 terreno
709 2239 1021 2294 formasset
1067 2255 1136 2293 ex
1181 2240 1438 2310 pulvere,
1471 2238 1636 2306 eique
1674 2239 1930 2294 animam

269 2319 501 2391 qualern
533 2321 676 2388 dixi,
709 2321 828 2375 sive
854 2335 1032 2390 quam
1056 2320 1181 2387 jam
1223 2320 1432 2373 fecerat
1463 2317 1758 2372 sufﬂando
1784 2318 1932 2372 indi-

275 2400 480 2464 disset,
528 2401 648 2456 sive
696 2399 889 2468 potius
947 2397 1236 2453 sulﬂando
1269 2397 1504 2452 fecisset
1546 2397 1645 2467 (a),
1677 2413 1930 2466 eumque

261 2479 468 2535 ﬂatum
501 2495 677 2551 quem
709 2478 1012 2533 sufﬂando
1063 2477 1223 2542 fecit,
1267 2477 1424 2542 (nam
1459 2475 1596 2546 quid
1645 2482 1732 2531 est
1768 2476 1925 2532 aliud

262 2562 532 2628 sufﬂare,
579 2576 754 2632 quam
804 2559 1006 2613 ﬂatum
1056 2558 1316 2628 facere?)
1361 2558 1621 2612 animam
1666 2557 1924 2615 hominis

261 2657 398 2696 esse
427 2641 736 2706 voluisset,
768 2638 940 2693 etiam
975 2639 1282 2708 conjugem
1323 2636 1409 2691 illi
1457 2637 1515 2691 in
1566 2639 1922 2708 adjutorium

256 2721 582 2793 generandi
631 2737 699 2774 ex
755 2719 884 2788 ejus
941 2717 1118 2774 latere
1177 2734 1308 2773 osso
1353 2718 1607 2772 detracto
1653 2717 1809 2783 fecit,
1860 2723 1924 2774 ut

261 2802 444 2858 Deus.
488 2803 685 2871 Neque
714 2801 871 2855 enim
903 2799 1022 2853 haec
1053 2797 1268 2852 carnali
1304 2798 1733 2854 consuetudine
1763 2799 1919 2869 cogi-

259 2882 443 2938 tanda
477 2885 639 2945 sunt,
675 2884 736 2934 ut
775 2878 970 2934 videre
1019 2878 1275 2934 solemus
1314 2879 1550 2950 Opiﬁces
1580 2895 1647 2934 ex
1680 2879 1918 2934 materia

254 2977 628 3031 quacumque
674 2964 907 3014 terrena
954 2957 1353 3029 corporalibus
1405 2959 1704 3025 membris,
1758 2960 1911 3030 quod

257 3043 402 3097 artis
429 3040 724 3095 industria
772 3039 1085 3110 potuerint,
1137 3038 1506 3094 fabricantes.
1554 3038 1764 3094 Manus
1815 3039 1910 3094 Dei

256 3122 512 3194 potentia
559 3120 662 3176 Dei
703 3124 812 3185 est,
867 3118 966 3190 qui
1015 3119 1192 3175 etiam
1238 3119 1491 3174 visibilis
1545 3118 1912 3174 invisibiliter

257 3206 553 3272 operatur.
581 3199 689 3255 Sec
720 3199 841 3254 haec
883 3199 1146 3255 fabulosa
1178 3200 1373 3270 potius
1399 3215 1575 3269 quam
1618 3215 1749 3254 vera
1780 3215 1909 3254 esse

257 3280 638 3344 arbitrantur,
683 3279 782 3350 qui
823 3279 1098 3334 virtutem
1141 3296 1208 3334 ac
1252 3279 1603 3349 sapientiam
1637 3279 1760 3347 Dei,
1795 3295 1908 3349 qua

257 3361 420 3417 novit
449 3366 503 3416 et
533 3365 725 3431 potest
753 3360 927 3414 etiam
977 3360 1104 3415 sine
1134 3359 1456 3414 seminibus
1485 3358 1614 3428 ipsa
1643 3363 1798 3413 certe
1821 3361 1904 3412 fa-

253 3445 430 3498 cere'
461 3440 710 3504 semina,
759 3455 829 3495 ex
875 3440 968 3494 his
1015 3440 1248 3495 usitatis
1296 3448 1349 3495 et
1399 3439 1756 3510 quotidianis
1790 3455 1906 3493 me-

250 3523 486 3578 tiuntur
514 3521 820 3593 operibus;
854 3537 922 3576 ea
965 3537 1097 3575 vero
1133 3537 1256 3588 quae
1307 3520 1583 3590 primitus
1641 3520 1906 3574 instituta

242 3608 412 3672 sunt,
455 3603 732 3674 quoniam
766 3617 883 3656 non
916 3606 1220 3668 noverunt,
1251 3600 1564 3655 inﬁdeliter
1595 3600 1855 3670 cogitant
1888 3616 1901 3652 :

239 3686 415 3758 quasi
443 3701 557 3739 non
582 3683 702 3738 haec
733 3682 864 3754 ipsa
895 3700 1022 3755 qua:
1053 3686 1342 3736 noverunt
1367 3682 1440 3736 de
1470 3681 1748 3735 humanis
1773 3695 1901 3735 con-

243 3765 517 3835 oeptibus
547 3768 725 3834 atque
757 3765 1062 3834 partubus,
1086 3762 1138 3816 si
1174 3761 1490 3832 inexpertis
1531 3763 1906 3815 narrarentur

235 3845 680 3902 incredibiliora
709 3845 1078 3910 viderentur;
1127 3842 1390 3911 quamvis
1429 3846 1487 3897 et
1528 3841 1747 3912 eaipsa
1783 3839 1902 3910 ple.

243 3927 417 3999 rique
473 3926 662 3995 magis
719 3933 934 3979 naturae
995 3922 1397 3994 corporalibus
1451 3921 1662 3988 causis,
1722 3937 1899 3992 quam

242 4009 527 4081 operibus
556 4005 760 4063 divina:
792 4005 1004 4061 mentis
1032 4005 1355 4076 assignant.

238 4177 478 4234 CAPUT
510 4174 710 4232 XXIV.
753 4207 823 4217 —
866 4176 946 4229 An
993 4175 1163 4230 ullius
1210 4176 1296 4230 vel
1341 4174 1592 4232 minimae
1632 4182 1897 4232 creaturae

630 4257 838 4328 possint
858 4254 971 4310 dici
1000 4254 1198 4325 Angeli
1226 4259 1519 4312 creatores.

312 4394 424 4450 Sed
456 4409 589 4448 cum
619 4393 714 4449 his
739 4391 962 4448 nullum
996 4392 1166 4448 nobis
1195 4397 1282 4449 est
1311 4392 1372 4448 in
1400 4393 1491 4450 his
1522 4393 1686 4449 libris
1717 4408 1892 4465 uego-

236 4474 412 4543 tium,
447 4474 545 4546 qui
578 4472 834 4528 divinam
882 4477 1132 4528 mentem
1181 4473 1366 4530 facere
1415 4473 1501 4529 vel
1550 4489 1753 4530 curare
1785 4476 1894 4530 ista

237 4573 356 4612 non
389 4556 656 4612 credunt.
700 4553 787 4610 Illi
829 4559 1022 4610 autem
1075 4555 1174 4626 qui
1233 4555 1455 4611 Platoni
1488 4573 1594 4612 suo
1625 4557 1890 4625 credunt,

236 4653 356 4693 non
391 4635 596 4693 abillo
647 4651 878 4691 summo
927 4635 1043 4691 Deo
1091 4635 1192 4706 qui
1238 4635 1556 4693 fabricatus
1595 4645 1682 4693 est
1719 4655 1890 4693 mun-

239 4719 411 4785 dum,
457 4717 558 4773 sed
608 4717 681 4772 ab
725 4716 857 4771 aliis
907 4716 1252 4785 minoribus,
1302 4734 1448 4788 quos
1500 4719 1735 4788 quidem
1767 4719 1892 4787 ipse

235 4797 545 4864 creaverit,
582 4796 874 4869 permissu
907 4795 1026 4852 sive
1058 4797 1227 4868 jussu
1268 4797 1398 4867 ejus
1437 4797 1712 4853 animalia
1742 4799 1890 4853 facta

231 4895 368 4937 esse
397 4886 606 4934 cuncta
638 4877 927 4943 mortalia,
963 4877 1022 4933 in
1069 4877 1281 4948 quibus
1324 4879 1498 4933 homo
1530 4879 1887 4949 praecipuum

231 4960 469 5030 diisque
497 4957 644 5029 ipsis
672 4963 979 5029 cognatum
1019 4961 1241 5014 teneret
1280 4957 1470 5013 locum
1503 4960 1582 5027 (In
1620 4960 1888 5032 Timaeo);

233 5042 287 5096 si
333 5039 718 5111 supeslitione
765 5041 1016 5104 careant,
1057 5055 1170 5109 qua
1218 5043 1488 5110 quaerunt
1534 5039 1688 5094 unde
1730 5041 1891 5110 juste

224 5120 540 5177 videantur
570 5135 737 5175 sacra
783 5124 839 5175 et
886 5119 1171 5175 sacriﬁcia
1211 5120 1398 5176 facere
1429 5120 1595 5191 quasi
1626 5122 1884 5179 condito-

226 5202 400 5258 ribus
431 5200 582 5268 suis,
617 5198 786 5256 facile
840 5200 1122 5255 carebunt
1177 5201 1350 5256 etiam
1391 5201 1565 5270 hujus
1593 5202 1888 5274 opinionis

229 5299 451 5342 errore.
477 5281 677 5353 Neque
698 5281 854 5337 enim
881 5282 969 5337 fas
998 5283 1083 5336 est
1115 5280 1294 5336 ullius
1327 5287 1544 5338 naturae
1566 5281 1890 5354 quamlibet

297 5521 312 5555 ι
344 5518 463 5566 Am.
499 5519 552 5566 et
578 5515 817 5579 plerique
844 5515 986 5569 Mss.,
1015 5513 1361 5579 plurimum.

294 5580 315 5613 ²
349 5580 448 5627 Am
478 5618 490 5637 ,
528 5577 649 5639 ipsa
681 5585 829 5625 certa
857 5579 1058 5636 facere.
1112 5577 1295 5627 Plures
1322 5578 1465 5638 Mss.,
1511 5579 1633 5642 ipsa
1677 5596 1890 5644 quoque

227 5646 432 5704 facere.

289 5705 362 5768 (α)
392 5704 538 5756 Conl.
570 5704 662 5754 lib.
699 5702 729 5752 7
760 5704 824 5751 de
854 5701 978 5752 Gen.
1013 5701 1080 5751 ad
1110 5702 1231 5752 Litt.
1267 5716 1319 5752 ιι.
1353 5701 1430 5751 35.

1595 361 1832 422 LIBER
1875 359 2407 429 DUODECIMUS.

3589 369 3705 439 374

2060 500 2316 558 minimae
2348 507 2729 580 mortalisque
2760 514 3074 566 creatorem
3117 513 3230 568 nisi
3263 513 3441 570 Deum
3475 516 3709 572 erodere

2061 596 2127 634 ac
2157 583 2368 650 dicere,
2407 593 2463 641 et
2505 594 2815 659 antequam
2865 594 3049 661 possit
3078 593 3340 657 intelligi.
3374 597 3573 665 Angeli
3607 613 3706 651 au-

2060 667 2194 745 tem,
2253 682 2400 736 quos
2437 667 2522 722 illi
2578 671 2715 724 deos
2769 671 3048 726 libentius
3109 675 3423 745 appellant,
3481 679 3707 735 etiamsi

2053 744 2332 825 adhibent
2361 749 2445 801 vel
2473 749 2625 817 jussi
2670 751 2758 806 vel
2807 752 3073 821 permissi
3115 744 3503 825 operationem
3537 775 3704 814 suam

2054 822 2228 879 rebus
2273 842 2399 894 qua:
2437 829 2762 898 gignuntur
2800 831 2854 884 in
2895 822 3407 899 mundoptamen‘
3443 846 3556 891 tam
3588 853 3703 892 non

2054 920 2152 960 eos
2183 906 2432 961 dicimus
2477 918 2763 966 creatores
2812 912 3182 982 animalium,
3221 931 3395 986 quam
3428 933 3530 972 nec
3559 919 3701 988 agri-

2052 986 2210 1041 colas
2251 989 2486 1057 frugum
2517 998 2688 1060 atque
2718 991 3012 1048 arborum.

2051 1127 2280 1212 CAPUT
2313 1130 2484 1186 XXV.
2531 1164 2598 1172 —
2648 1133 2876 1188 Omnem
2933 1140 3196 1192 naturam
3245 1143 3297 1194 et
3337 1155 3552 1195 omnem
3582 1157 3703 1212 spe-

2120 1210 2296 1300 ciem.‘
2331 1214 2601 1268 universae
2653 1218 2919 1270 creaturae
2975 1220 3201 1274 nonnisi
3255 1235 3413 1290 opere
3451 1222 3551 1277 Dei
3589 1210 3702 1293 for-

2117 1306 2285 1346 mari.

2116 1426 2260 1482 Cum
2292 1429 2450 1484 enim
2482 1430 2595 1486 alia
2626 1433 2699 1487 sit
2729 1436 2953 1505 species
2997 1454 3124 1509 quae
3154 1440 3453 1498 adhibetur
3482 1445 3700 1501 extrin-

2044 1524 2215 1598 secus
2247 1510 2894 1598 cuicumque__{materiaa
2928 1523 3238 1591 corporali,
3271 1524 3426 1579 sicut
3454 1542 3700 1598 operan-

2045 1595 2140 1674 tur
2169 1589 2438 1674 homines
2470 1593 2633 1666 ﬁguli
2665 1600 2722 1650 et
2752 1598 2896 1652 fabri
2932 1589 3103 1669 atque
3131 1601 3188 1656 id
3221 1619 3407 1673 genus
3435 1589 3697 1674 opiﬁces,

2044 1669 2140 1739 qui
2167 1671 2345 1726 etiam
2379 1673 2629 1743 pingunt
2659 1681 2716 1731 et
2747 1679 3026 1750 efﬁngunt
3057 1669 3271 1738 formas
3313 1669 3535 1740 similes
3566 1669 3696 1742 cor?

2043 1751 2284 1819 poribus
2354 1753 2734 1824 animalium;
2791 1757 2906 1814 alia
2963 1776 3094 1816 vero
3153 1779 3276 1832 quae
3337 1765 3693 1824 intrinsecus

2040 1832 2358 1889 efﬁcientes
2391 1851 2598 1890 causas
2647 1837 2820 1894 habet
2866 1841 2937 1896 de
2985 1849 3208 1899 secreto
3236 1849 3292 1900 et
3323 1849 3549 1904 occulto
3583 1866 3690 1906 na-

2041 1917 2180 2000 turae
2211 1914 2455 1969 viventis
2498 1921 2673 2000 atque
2709 1919 3088 1989 intelligentia
3119 1925 3381 1994 arbitrio,
3414 1944 3540 2000 quae
3571 1946 3687 1986 non

2038 1994 2232 2074 solum
2285 1995 2578 2074 naturales
2631 2014 2936 2070 corporum
2985 2005 3226 2074 species.
3281 1994 3478 2063 verum
3511 2011 3688 2065 etiam

2037 2071 2196 2142 ipsas
2227 2073 2616 2131 animantium
2650 2085 2901 2146 animas,
2932 2071 3072 2136 dum
3108 2101 3222 2139 non
3256 2087 3337 2153 ﬁt,
3370 2089 3507 2143 facit
3540 2106 3553 2143 :
3587 2107 3687 2146 su-

2037 2153 2301 2234 pradicta
2333 2154 2431 2208 illa
2460 2157 2682 2225 species
2725 2161 3051 2216 artiﬁcibus
3094 2165 3424 2234 quibusque
3455 2169 3689 2223 tribua-

2035 2232 2168 2297 tur;
2206 2232 2321 2286 bznc
2354 2239 2547 2288 autem
2581 2236 2761 2291 altera
2791 2241 3026 2296 nonnisi
3062 2232 3162 2297 uni
3195 2232 3398 2300 artilici
3444 2243 3690 2303 creatori

2034 2315 2090 2399 et
2115 2314 2400 2399 conditori
2451 2315 2588 2399 D_eo,
2640 2319 2738 2399 qui
2789 2322 3072 2376 mundum
3107 2324 3297 2394 ipsum
3335 2331 3390 2380 et
3436 2329 3688 2399 Angelos

2032 2390 2166 2473 sine
2183 2390 2302 2448 ullo
2327 2394 2545 2448 mundo
2567 2401 2624 2451 et
2645 2398 2772 2452 sine
2802 2399 2940 2453 ullis
2961 2390 3196 2473 Angelis
3220 2405 3371 2460 fecit.
3389 2407 3511 2471 Qua
3527 2390 3687 2466 cnim

2031 2471 2081 2556 vi
2115 2472 2330 2556 divina,
2377 2478 2451 2543 et,
2484 2481 2546 2528 ut
2577 2477 2657 2531 ita
2689 2477 2904 2544 dicam,
2929 2471 3208 2549 ell'ecﬁtiva,
3243 2501 3371 2556 quae
3404 2488 3526 2542 ﬁeri
3553 2505 3686 2546 nes-

2029 2550 2126 2614 cit,
2152 2553 2253 2635 sed
2286 2553 2486 2619 facere,
2509 2557 2728 2627 accepit
2757 2559 3032 2629 speciem,
3053 2578 3186 2617 cum
3218 2550 3478 2622 mundus
3505 2568 3685 2635 ﬁeret,

2026 2634 2350 2691 rotunditas
2381 2636 2508 2691 οωιί
2539 2644 2593 2694 et
2624 2643 2952 2697 rotunditas
2975 2645 3151 2711 solis;
3177 2648 3381 2703 eadem
3416 2650 3465 2704 vi
3491 2634 3684 2709 divina

2023 2718 2081 2769 et
2130 2715 2409 2803 eil‘ectiva,
2455 2733 2585 2803 quin
2622 2720 2740 2774 ﬁeri
2805 2722 3011 2803 nescit,
3063 2728 3162 2780 sed
3199 2728 3406 2796 facere,
3459 2733 3681 2803 accepit

2022 2795 2288 2880 speciem
2329 2801 2655 2854 rotunditas
2699 2801 2884 2856 oculis
2929 2807 2984 2858 et
3035 2807 3364 2864 rotunditas
3393 2795 3677 2880 ipomi,-et

2019 2880 2236 2963 caeteras
2261 2877 2456 2948 ﬁguras
2481 2881 2772 2963 naturales
2801 2900 2951 2953 quas
2981 2885 3248 2942 videmus
3271 2888 3325 2942 in
3346 2877 3521 2948 rebus
3543 2893 3676 2963 qui-

2017 2954 2240 3037 busque
2301 2959 2682 3014 nascentibus
2715 2977 2826 3014 non
2860 2963 3217 3020 extrinsecus
3253 2968 3535 3037 adhiberi,
3559 2954 3671 3028 sed

2015 3034 2222 3090 intima
2245 3038 2531 3094 Creatoris
2562 3041 2839 3108 potentia,
2864 3044 3141 3114 quidixit,
3165 3049 3369 3103 Caelum
3389 3053 3438 3104 et
3461 3034 3667 3107 terram

2012 3131 2109 3184 ego
2164 3116 2368 3188 impleo
2417 3120 2634 3190 (Jerem.
2686 3139 2846 3189 χχιιι,
2895 3126 2986 3195 24)
3018 3141 3031 3178 :
3064 3132 3122 3181 et
3161 3131 3329 3196 cujus
3372 3133 3662 3201 sapientia

2012 3201 2256 3279 estquae
2289 3200 2517 3266 attingit
2557 3217 2591 3256 a
2647 3202 2758 3270 ﬁne
2799 3219 2970 3273 usque
3011 3206 3082 3259 ad
3129 3208 3296 3276 ﬁnem
3341 3200 3580 3279 fortiter,
3611 3217 3664 3268 et

2011 3277 2247 3347 disponit
2278 3280 2467 3334 omnia
2495 3285 2740 3336 suaviter
2771 3283 2918 3352 (Sap.
2956 3302 3075 3348 vni,
3111 3289 3182 3357 l).
3217 3277 3486 3357 Proinde,
3530 3277 3663 3349 facti

2009 3358 2283 3441 primitus
2346 3361 2548 3431 Angeli
2581 3363 2912 3430 cujusmodi
2963 3365 3352 3423 ministerium
3403 3374 3664 3441 praebue-

2010 3436 2128 3490 rint
2156 3437 2404 3493 Creatori
2450 3446 2658 3495 caatera
2707 3442 2956 3510 facienti,
2999 3447 3229 3513 nescio;
3265 3464 3368 3503 nec
3401 3436 3660 3507 tribuere

2008 3515 2124 3570 illis
2157 3521 2339 3572 audeo
2370 3522 2523 3588 quod
2558 3522 2704 3576 forte
2745 3539 2858 3576 non
2895 3533 3162 3593 possunt,
3197 3543 3300 3581 nec
3345 3529 3524 3583 debeo
3556 3533 3655 3585 de-

2007 3595 2250 3665 rogare8
2281 3601 2431 3668 quod
2481 3605 2746 3669 possunt.
2803 3601 3160 3658 Creationem
3207 3611 3401 3660 tamen
3448 3610 3656 3663 condi-

2007 3678 2342 3750 tionemque
2369 3681 2632 3734 omnium
2675 3686 3040 3746 naturarum,
3076 3700 3190 3754 qua
3223 3687 3287 3740 ﬁt
3320 3692 3382 3741 ut
3412 3690 3654 3746 omnino

2006 3763 2231 3816 natura:
2262 3761 2402 3827 sint,
2434 3760 2516 3816 eis
2548 3777 2775 3832 quoque
2820 3764 3146 3820 faventibus
3176 3766 3259 3821 illi
3296 3769 3406 3821 Deo
3438 3770 3651 3839 tribuo,

2005 3841 2099 3896 cui
2135 3857 2198 3897 se
2228 3842 2400 3897 etiam
2432 3841 2540 3912 ipsi
2573 3843 2779 3898 debere
2817 3845 2969 3915 quod
3004 3851 3139 3900 sunt
3169 3863 3303 3902 cum
3335 3849 3648 3917 gratiarum

2006 3921 2233 3977 actione
2264 3926 2570 3977 noverunt.
2619 3923 2744 3978 Non
2792 3923 2980 3979 solum
3013 3925 3193 3997 igitur
3221 3927 3500 3997 agricolas
3532 3946 3647 3987 non

2005 4001 2254 4057 dicimus
2285 4002 2582 4058 fructuum
2606 4019 2976 4076 quorumque
2997 4013 3307 4072 ereatores,
3331 4023 3458 4062 cum
3486 4009 3646 4080 lega-

2004 4096 2161 4149 mus,
2183 4083 2364 4153 Neque
2391 4084 2488 4154 qui
2514 4083 2731 4152 plantat
2759 4092 2840 4138 est
2866 4086 3104 4156 aliquid,
3135 4103 3311 4159 neque
3338 4087 3436 4160 qui
3463 4089 3646 4157 rigat;

1999 4162 2091 4216 sed
2119 4161 2218 4233 qui
2245 4165 2642 4218 incrementum
2673 4163 2767 4218 dat
2795 4167 2933 4220 Deus
2961 4167 3006 4236 (I
3030 4167 3153 4221 Cor.
3188 4185 3274 4236 ιιι,
3307 4170 3361 4240 7)
3396 4187 3410 4226 :
3440 4172 3536 4225 sed
3570 4188 3642 4228 ne

1998 4242 2187 4313 ipsam
2217 4245 2455 4314 quidem
2479 4250 2716 4310 terram,
2749 4246 3016 4317 quamvis
3048 4253 3234 4304 mater
3263 4251 3527 4306 omnium
3563 4253 3642 4308 fe-

1998 4325 2185 4380 cunda
2231 4325 2511 4388 videatur,
2547 4343 2676 4396 quae
2714 4327 3076 4397 germinibus
3115 4331 3479 4400 erumpentia
3509 4348 3638 4403 pro-

1999 4409 2210 4471 movet,
2243 4409 2298 4459 et
2329 4406 2437 4459 lixa
2476 4405 2775 4460 radicibus
2814 4407 3092 4478 continet,
3139 4426 3272 4464 cum
3320 4411 3523 4467 itidem
3557 4413 3640 4467 le-

1995 4499 2219 4552 gamus,
2265 4489 2408 4540 Deus
2454 4486 2550 4540 illi
2603 4485 2694 4541 dat
2740 4504 2932 4558 corpus
2980 4491 3247 4561 quomodo
3292 4493 3548 4560 voluerit,
3591 4503 3644 4550 el

1995 4564 2294 4636 unicuique
2320 4569 2592 4622 seminum
2617 4569 2908 4639 proprium
2949 4586 3144 4640 corpus
3176 4569 3274 4642 (Id.
3310 4589 3402 4641 xv,
3435 4574 3528 4644 38)
3559 4574 3642 4629 Ita

1995 4660 2100 4700 nec
2151 4647 2428 4702 feminam
2477 4649 2567 4702 sui
2619 4650 2908 4720 puerperii
2957 4652 3296 4706 creatricem
3343 4654 3640 4724 appellare

1995 4725 2296 4796 debemus,
2330 4729 2425 4783 sed
2463 4729 2655 4799 potius
2686 4728 2849 4784 illum
2883 4731 2981 4800 qui
3014 4731 3243 4785 cuidam
3277 4747 3383 4785 suo
3416 4733 3634 4786 famulo

1993 4805 2160 4874 dixit,
2191 4808 2520 4880 Priusquam
2560 4817 2610 4864 te
2649 4811 2947 4877 formarem
2979 4811 3038 4862 in
3078 4821 3250 4872 utero,
3289 4814 3422 4865 novi
3449 4819 3497 4864 te
3525 4813 3632 4878 (Je-

1992 4902 2199 4954 rem.1,
2239 4890 2318 4959 5).
2371 4891 2440 4944 Et
2488 4890 2756 4958 quamvis
2804 4889 2997 4941 anima
3044 4889 3128 4942 sic
3173 4887 3263 4941 vel
3311 4889 3394 4943 sic
3425 4890 3632 4944 ati‘ecta

1991 4971 2339 5039 praegnantis
2371 4968 2558 5024 valeat
2587 4967 2883 5038 aliquibus
2911 4967 3067 5022 velut
3106 4968 3347 5023 induere
3378 4970 3631 5040 qualita-

1989 5050 2149 5103 tibus
2189 5049 2392 5116 fetum,
2427 5050 2576 5103 sicut
2607 5049 2677 5102 de
2707 5047 2880 5113 virgis
2910 5048 3151 5104 variatis
3182 5049 3317 5104 fecit
3344 5051 3542 5117 Jacob,
3568 5055 3634 5105 ut

1989 5144 2197 5200 pecora
2217 5127 2407 5184 colore
2437 5129 2592 5183 varia
2620 5128 2989 5201 gignerentur
3017 5129 3170 5201 (Gen.
3202 5146 3332 5199 xxx,
3365 5132 3456 5204 37)
3481 5149 3494 5199 ;
3529 5147 3634 5187 na-

1987 5214 2182 5264 turam
2216 5213 2413 5264 tamen
2463 5208 2622 5264 illam
2670 5226 2800 5283 qua
2845 5212 3124 5283 gignitur,
3170 5219 3287 5267 tam
3335 5212 3466 5284 ipsa
3514 5228 3626 5266 non

1988 5289 2140 5354 fecit,
2175 5305 2348 5360 quam
2382 5305 2486 5345 nec
2519 5290 2648 5362 ipsa
2684 5307 2742 5345 se
2792 5290 2942 5347 fecit.
2993 5291 3268 5355 Quaelibet
3297 5293 3479 5364 igitur
3506 5308 3628 5347 cor-

2055 5523 2069 5556 1
2109 5518 2392 5571 Particula,
2428 5526 2626 5572 tamen,
2658 5521 2808 5570 abest
2835 5533 2868 5569 a
2898 5521 3050 5569 Vind.
3081 5522 3179 5570 Am
3232 5521 3314 5571 Er.
3346 5525 3398 5572 et
3426 5519 3547 5575 Mss.

2053 5586 2072 5618 9
2104 5581 2186 5628 Sic
2205 5582 2336 5652 .Mss.
2367 5579 2504 5652 Editi
2535 5583 2710 5630 autem
2748 5584 2987 5632 ferebant
3022 5597 3032 5630 :
3068 5584 3326 5633 Omnium
3359 5597 3618 5644 naturam

1989 5653 2036 5692 et
2061 5659 2315 5691 omnium.
2344 5658 2590 5702 spretum.

2056 5708 2076 5739 ³
2107 5707 2346 5768 Plerique
2377 5707 2481 5754 Mss
2509 5707 2818 5768 ,denegare.
