4136 6190
368 348 484 412 375

369 483 598 556 porales
625 482 714 538 vel
747 482 1054 538 seminales
1082 497 1270 536 causae
1307 479 1614 552 gignendis
1644 479 1814 534 rebus
1845 478 2012 534 adhi-

369 567 641 633 beantur,
675 565 796 620 sive
825 564 1263 635 operationibus
1304 562 1659 634 Angelorum
1701 569 1796 616 aut
1825 561 2016 616 homi-

369 663 533 711 num,
593 651 694 699 aut
743 660 1110 716 quorumque
1166 643 1530 708 animalium,
1590 646 1706 698 sive
1763 644 2014 698 marium

371 725 834 792 feminarumque
874 723 1292 790 mixtionibus;
1334 723 1602 795 quaelibet
1649 723 1819 778 etiam
1865 722 2020 777 desi-

371 804 535 860 deria
565 808 828 859 motusve
854 803 1060 858 animae
1091 803 1296 859 matris
1323 804 1547 859 valeant
1581 803 1802 874 aliquid
1834 802 2018 857 linea-

376 889 708 941 mentorum
751 889 852 938 aut
899 883 1160 939 colorum
1213 901 1518 955 aspergere
1568 885 1782 939 teneris
1831 883 2024 938 molli-

376 966 604 1035 busque
653 964 1056 1034 conceptibus,
1105 965 1266 1035 ipsas
1311 967 1549 1021 omnino
1599 971 1858 1032 naturas,
1898 979 2026 1034 quas

375 1046 460 1099 sic
491 1043 576 1098 vel
607 1044 693 1098 sic
725 1045 782 1098 in
815 1060 919 1100 suo
965 1061 1174 1116 genere
1215 1045 1568 1112 afﬁciantur,
1603 1061 1715 1100 non
1749 1046 1887 1098 facit
1917 1043 2026 1098 nisi

378 1137 653 1179 summus
685 1124 882 1180 Deus:
915 1127 1081 1194 cujus
1120 1125 1350 1181 occulta
1390 1126 1649 1197 polentia
1687 1129 1896 1180 cuncta
1936 1138 2029 1192 pe—

375 1207 612 1258 netrans
637 1204 1132 1260 incontaminahili
1154 1207 1168 1239 ¹
1194 1205 1499 1277 praesentia
1531 1205 1666 1260 facit
1696 1221 1824 1259 esse
1855 1203 2028 1274 quid-

377 1284 515 1354 quid
543 1283 736 1354 aliquo
770 1286 940 1340 modo
971 1290 1076 1353 est,
1097 1287 1155 1340 in
1189 1293 1735 1356 quantumcumque
1757 1288 1872 1349 est;
1893 1283 2030 1355 quia

379 1365 492 1421 nisi
516 1365 762 1420 faciente
784 1365 903 1433 illo,
937 1381 1050 1420 non
1083 1365 1198 1421 tale
1228 1367 1315 1420 vel
1341 1365 1448 1422 tale
1469 1372 1642 1434 esset,
1667 1367 1764 1422 sed
1792 1381 2031 1437 prorsus

382 1462 512 1502 esse
541 1462 654 1500 non
699 1451 894 1516 posset
936 1446 1037 1516 (a).
1090 1449 1466 1517 Quapropter,
1509 1449 1555 1502 si
1605 1447 1661 1502 in
1709 1447 1807 1501 illa
1840 1445 2031 1516 specie

384 1543 562 1599 quam
613 1526 930 1582 forinsecus
974 1527 1378 1596 corporalibus
1417 1527 1652 1598 opilices
1697 1527 1871 1582 rebus
1919 1526 2030 1580 im-

386 1611 633 1680 ponunt,
661 1607 860 1662 urbem
895 1609 1136 1662 Romam
1167 1613 1222 1661 at
1253 1607 1456 1663 urbem
1489 1607 1889 1662 Alexandriam
1915 1621 2030 1660 non

387 1688 580 1742 fabros
608 1693 666 1740 et
711 1687 1083 1754 architectos,
1129 1688 1231 1741 sed
1285 1703 1464 1758 reges,
1512 1704 1762 1758 quorum
1815 1685 2028 1741 volun-

386 1771 525 1835 tate,
549 1766 813 1831 concilio,
835 1766 1079 1836 imperio
1114 1767 1404 1823 fabricatas
1435 1773 1594 1834 sunt,
1627 1767 1787 1822 illam
1820 1768 2037 1822 Romu-

387 1845 536 1913 lum,
587 1845 744 1901 illam
784 1846 1174 1901 Alexandrum
1227 1847 1502 1903 habuisse
1541 1850 1793 1903 dicimus
1840 1845 2040 1901 condi-

391 1934 548 1984 tores
576 1945 589 1983 :
624 1933 844 1999 quanto
877 1927 1070 1999 potius
1100 1928 1335 1982 nonnisi
1385 1930 1558 1984 Deum
1591 1929 1873 1984 debemus
1901 1943 2038 1981 con-

394 2007 636 2062 ditorem
671 2008 862 2062 dicere
893 2016 1258 2074 naturarum,
1285 2009 1379 2077 qui
1414 2025 1602 2079 neque
1624 2025 1687 2064 ex
1711 2026 1778 2063 ea
1802 2007 2045 2062 materia

392 2087 532 2142 facit
559 2085 780 2156 aliquid
814 2102 995 2157 quam
1039 2087 1164 2156 ipse
1205 2103 1318 2141 non
1366 2089 1581 2154 fecerit,
1616 2104 1720 2144 nec
1749 2087 2046 2158 operarios

393 2168 567 2224 habet
617 2167 729 2223 nisi
778 2184 924 2238 quos
981 2169 1102 2239 ipse
1160 2171 1470 2237 creaverit;
1522 2179 1574 2224 et
1623 2171 1670 2225 si
1721 2170 2043 2240 potentiam

394 2264 587 2315 suam,
621 2253 683 2302 ut
709 2248 792 2302 ita
813 2249 1024 2317 dicam,
1055 2249 1484 2304 fabricatoriam
1519 2251 1687 2305 rebus
1714 2250 2043 2312 subtrahat,

393 2328 476 2384 ita
506 2345 619 2382 non
645 2337 836 2395 erunt,
869 2329 1020 2383 sicut
1045 2333 1361 2399 antequam
1395 2329 1599 2386 fierent
1627 2347 1740 2384 non
1770 2331 2048 2384 fuerunt?

276 2411 294 2428 ‘
397 2409 504 2464 Sed
539 2415 671 2464 ante
699 2409 846 2468 dico.
890 2409 1232 2476 eternitate,
1265 2425 1380 2464 non
1409 2414 1686 2479 tempore.
1719 2412 1858 2476 Quis
1889 2411 2046 2465 enim

399 2487 551 2543 alius
585 2493 810 2542 creator
838 2495 925 2544 est
956 2494 1306 2558 temporum,
1349 2489 1461 2544 nisi
1495 2492 1591 2562 qui
1625 2491 1759 2546 fecit
1787 2508 1874 2560 ea,
1907 2507 2048 2562 quo-

399 2584 532 2623 rum
564 2568 818 2624 motibus
849 2575 1141 2624 currerent
1173 2571 1480 2640 tempora?

402 2730 638 2787 CAPUT
686 2731 876 2788 XXVI.
926 2763 994 2774 --
1043 2735 1116 2790 De
1160 2736 1569 2792 Platonicorum
1620 2738 1899 2809 opinione,
1945 2755 2054 2812 qua

476 2820 807 2883 putaverunt
863 2818 1085 2882 angelos
1142 2819 1361 2887 quidem
1407 2834 1442 2872 a
1485 2819 1594 2872 Deo
1642 2820 1910 2891 conditos,
1966 2819 2057 2876 sed

476 2895 619 2964 ipso:
649 2909 760 2949 esse
791 2895 1158 2950 humanorum
1183 2913 1476 2969 corporum
1506 2899 1833 2956 conditores.

483 3041 567 3096 Ita
596 3056 738 3096 sane
778 3040 938 3097 Plato
1000 3043 1251 3099 minores
1299 3049 1357 3099 et
1387 3061 1420 3100 a
1449 3061 1683 3101 summo
1725 3047 1836 3101 Deo
1878 3047 2061 3102 factos

413 3121 556 3177 deos
591 3121 889 3176 effectores
929 3138 1057 3178 esse
1095 3124 1276 3178 voluit
1319 3125 1654 3180 animalium
1700 3135 2063 3196 ceterorum,

414 3204 480 3256 ut
510 3199 899 3256 immortalem
933 3212 1150 3272 partem
1186 3203 1257 3258 ab
1289 3203 1414 3275 ipso
1444 3211 1762 3273 sumerent,
1791 3209 1902 3278 ipsi
1933 3223 2066 3262 vero

415 3279 724 3336 mortalem
758 3286 1077 3338 attexerent
1124 3285 1206 3350 (In
1259 3286 1499 3356 Timaeo).
1554 3286 1801 3341 Proinde
1844 3287 2065 3341 anima-

420 3376 547 3417 rum
583 3365 911 3417 nostrarum
954 3379 1054 3418 eos
1098 3369 1382 3420 creatores
1411 3381 1540 3420 esse
1577 3366 1780 3435 noluit,
1812 3369 1912 3422 sed
1947 3383 2073 3422 cor-

417 3456 648 3514 porum.
686 3440 848 3496 Unde
889 3443 1167 3513 quoniam
1202 3445 1556 3518 Porphyrius
1590 3454 1824 3518 prapter
1861 3448 2072 3502 animae

422 3521 830 3591 purgationem
864 3521 1005 3576 dicit
1034 3539 1206 3578 omne
1234 3541 1440 3596 corpus
1470 3526 1837 3596 fugiendum,
1863 3526 2074 3581 simul-

421 3616 536 3672 que
560 3617 692 3655 cum
725 3616 832 3656 suo
864 3601 1102 3658 Platone
1131 3604 1380 3676 aliisque
1413 3605 1722 3663 Platonicis
1754 3609 1931 3663 sentit
1951 3623 2070 3674 eos,

423 3679 522 3751 qui
583 3679 963 3737 immoderate
1019 3699 1085 3739 ac
1143 3683 1450 3741 inhoneste
1516 3686 1787 3752 vixerint,
1848 3695 2078 3757 prapter

419 3758 666 3815 luendas
711 3777 911 3831 poenas
956 3763 1027 3818 ad
1075 3779 1316 3834 corpora
1360 3768 1547 3822 redire
1591 3767 1874 3834 mortalia,
1916 3768 2077 3822 Plato

421 3839 663 3910 quidem
709 3841 882 3896 etiam
919 3843 990 3897 ad
1031 3843 1378 3909 bestiarum,
1425 3845 1780 3918 Porphyrius
1821 3853 2078 3902 tantum-

423 3919 594 3976 modo
645 3921 714 3974 ad
763 3920 1066 3977 hominum
1115 3924 1224 3994 (b);
1290 3927 1554 3996 sequitur
1591 3945 1708 3994 eos,
1770 3936 1826 3983 ut
1884 3928 2083 3982 dicant

425 4000 563 4054 deos
593 3997 762 4066 istos,
796 4016 940 4070 quos
973 4018 1006 4056 a
1038 4003 1207 4061 nobis
1247 4005 1450 4060 volunt
1498 4008 1666 4078 quasi
1718 4013 1987 4078 parentes
2026 4012 2083 4062 et

427 4079 758 4136 conditores
791 4087 1021 4138 nostros
1065 4083 1196 4150 coli,
1241 4085 1384 4139 nihil
1437 4103 1558 4142 esse
1601 4087 1759 4143 aliud
1789 4104 1962 4158 quam
1997 4088 2084 4142 fa-

430 4159 566 4215 bros
596 4162 944 4232 compedum
992 4179 1364 4220 carcerumve
1414 4171 1777 4234 nostrorum;
1825 4184 1930 4222 nec
1960 4167 2082 4221 ins-

430 4239 716 4307 titutores,
775 4243 877 4297 sed
949 4243 1274 4300 inclusores
1342 4244 1788 4317 alligatoresque
1855 4251 2085 4302 nostros

431 4319 744 4389 ergastulis
775 4325 1122 4379 aarumnosis
1171 4330 1228 4380 et
1277 4327 1642 4396 gravissimis
1682 4328 1948 4384 vinculis.
1971 4329 2086 4383 Aut

433 4414 568 4468 ergo
617 4398 890 4458 desinant
928 4403 1207 4458 Platonici
1251 4420 1447 4476 pcenas
1487 4408 1815 4462 animarum
1856 4424 1922 4463 ex
1956 4409 2086 4464 istis

433 4480 781 4551 corporibus
827 4484 1208 4553 comminari;
1244 4494 1338 4541 aut
1379 4503 1474 4542 eos
1512 4488 1680 4542 nobis
1729 4489 1868 4544 deos
1899 4489 2087 4544 colen-

433 4561 539 4615 dos
570 4576 682 4614 non
717 4563 1051 4633 praedicent,
1102 4581 1348 4634 quorum
1383 4566 1440 4620 in
1487 4566 1655 4623 nobis
1686 4569 2085 4639 operationem

436 4646 524 4708 ut,
573 4652 856 4714 quantum
909 4661 1244 4716 possumus,
1297 4649 1592 4717 fugiamus
1640 4655 1696 4706 et
1751 4653 2088 4720 evadamus,

436 4721 783 4792 hortantur;
815 4741 950 4782 cum
982 4735 1173 4781 tamen
1219 4728 1292 4782 sit
1343 4735 1656 4801 utrumque
1688 4731 2086 4788 falsissimum.

440 4805 583 4858 Nam
617 4820 806 4877 neque
835 4806 914 4861 ita
945 4807 1117 4862 luunt
1149 4825 1341 4879 pcenas
1383 4811 1615 4874 animae,
1645 4827 1778 4866 cum
1812 4813 1882 4867 ad
1915 4814 2089 4868 istam

439 4885 622 4944 vitam
663 4887 854 4943 denuo
904 4889 1310 4960 revolvuntur;
1363 4896 1420 4947 et
1468 4891 1732 4948 omnium
1774 4893 2087 4948 viventium

442 4966 563 5022 sive
584 4965 644 5020 in
679 4967 846 5032 coelo,
877 4970 997 5023 sive
1028 4972 1086 5024 in
1117 4976 1289 5043 terra,
1323 4972 1517 5030 nullus
1548 4979 1635 5031 est
1665 4977 1948 5041 conditor,
1983 4974 2091 5031 nisi

443 5061 618 5116 aquo
653 5049 799 5100 facta
849 5054 989 5101 sunt
1047 5050 1252 5106 ccelum
1307 5059 1362 5108 et
1417 5058 1588 5112 terra.
1632 5055 1774 5110 Nam
1826 5054 1875 5111 si
1930 5053 2095 5110 nulla

446 5141 622 5182 causa
661 5129 748 5180 est
782 5125 1005 5181 vivendi
1041 5129 1098 5182 in
1144 5129 1252 5187 hoc
1296 5149 1554 5204 corpore,
1590 5136 1701 5190 nisi
1736 5142 1967 5206 propter
1997 5151 2097 5206 pu-

519 5375 536 5409 ί
567 5377 653 5426 Sic
685 5378 806 5428 Mss.
841 5377 979 5426 Editi
1006 5381 1183 5428 autem
1223 5381 1418 5433 ferunt.
1453 5367 1913 5434 incommu'tabili.

516 5445 596 5495 (ἀ)
619 5442 768 5488 (lonf.
799 5441 892 5488 lib.
924 5443 954 5489 3
984 5443 1046 5491 de
1074 5443 1280 5494 Trinit..
1313 5457 1366 5490 ιι.
1402 5442 1556 5492 13-16.

515 5502 594 5561 (ὸ)
623 5502 767 5552 Conf.
801 5517 979 5566 supra,
1011 5506 1103 5552 lib.
1138 5505 1214 5567 10,
1245 5518 1356 5567 cap.
1394 5505 1473 5556 30.

1423 345 1523 407 DE
1566 344 1932 407 CIVITA’I‘E
1976 342 2128 420 DEI,
2176 342 2238 403 S.
2286 345 2707 407 AUGUSTINI

3649 337 3721 399 37
3729 337 3765 398 6

2125 478 2314 534 dende
2343 481 2668 552 supplicia;
2701 482 2992 554 quomodo
3042 479 3182 536 dicit
3227 480 3382 535 idem
3417 479 3576 536 Plato
3606 481 3772 536 aliter

2123 562 2410 616 mundum
2459 563 2581 617 ﬁeri
2632 579 2745 618 non
2803 564 3065 633 potuisse
3107 559 3565 632 pulcherrimum
3599 569 3773 633 atque

2124 642 2433 712 Optimum,
2468 643 2580 698 nisi
2619 645 2881 700 omnium
2914 643 3280 709 animalium,
3316 643 3372 696 id
3403 647 3493 698 est
3530 643 3773 700 immor-

2125 721 2328 776 talium
2389 728 2445 778 et
2507 723 2856 792 mortalium,
2915 724 3226 795 generibus
3285 722 3632 794 impleretur
3689 724 3772 794 (In

2129 801 2392 870 Timeo)?
2421 804 2480 858 Si
2519 810 2716 859 autem
2764 809 2966 860 nostra
3007 803 3323 870 institutio,
3356 820 3472 874 qua
3500 805 3588 859 vel
3623 820 3774 859 mor-

2128 882 2275 936 tales
2323 883 2540 938 conditi
2598 901 2827 950 sumus,
2882 884 3142 939 divinum
3201 900 3421 938 munus
3467 889 3584 952 est;
3635 900 3775 955 quo-

2133 962 2306 1017 modo
2339 980 2507 1034 poena
2537 970 2626 1020 est
2673 967 2740 1021 ad
2791 966 2900 1020 ista
2956 981 3217 1035 corpora,
3258 965 3315 1018 id
3356 972 3444 1019 est
3481 967 3549 1020 ad
3583 965 3780 1022 divina

2134 1042 2433 1105 beneficia.
2459 1061 2716 1101 remeare
2735 1048 2763 1100 ?
2793 1047 2857 1102 Et
2887 1047 2934 1101 si
2969 1049 3136 1112 Deus,
3165 1044 3322 1116 quod
3354 1045 3586 1100 assidue
3616 1045 3778 1100 Plato

2134 1131 2570 1196 commemorat,
2613 1127 2765 1182 sicut
2805 1127 3050 1183 universi
3110 1125 3336 1193 mundi,
3390 1126 3469 1180 ita
3517 1127 3781 1181 omnium

2137 1204 2477 1260 animalium
2511 1207 2735 1278 species
2767 1213 2983 1263 aeterna
3013 1205 3400 1278 intelligentia
3425 1207 3780 1271 continebat,

2137 1287 2430 1355 quomodo
2462 1303 2574 1342 non
2609 1287 2733 1358 ipse
2761 1293 2974 1343 cuncta
3003 1287 3325 1343 condebat?
3343 1288 3426 1340 An
3453 1287 3785 1358 aliquorum

2136 1379 2262 1418 esse
2303 1366 2512 1422 artifex
2564 1367 2762 1437 nollet,
2814 1384 3062 1439 quorum
3118 1366 3555 1422 efficiendorum
3602 1371 3786 1422 artem

2143 1445 2456 1502 ineffabilia
2508 1449 2636 1518 ejus
2689 1453 2745 1504 et
2803 1447 3172 1504 ineliabiliter
3245 1447 3555 1503 laudabilis
3621 1464 3791 1504 mens

2143 1525 2434 1582 haberet?

2145 1687 2377 1744 CAPUT
2407 1687 2620 1743 XXVII.
2652 1719 2721 1729 —
2759 1691 2822 1743 In
2864 1692 3042 1759 primo
3080 1689 3299 1745 homine
3334 1695 3580 1746 exortam
3619 1693 3795 1760 fuisse

2218 1784 2432 1822 omnem
2461 1767 2879 1838 plenitudinem
2907 1773 3123 1838 generis
3153 1769 3408 1838 humani,
3434 1773 3490 1825 in
3522 1787 3628 1843 qua
3656 1788 3792 1842 pra:-

2219 1850 2355 1902 vidit
2396 1848 2532 1902 Deus
2569 1865 2687 1918 quae
2725 1865 2852 1917 pars
2880 1849 3198 1905 honoranda
3227 1859 3362 1907 esset
3394 1853 3642 1922 premio,
3673 1867 3798 1923 qua:

2218 1929 2540 1984 damnanda
2570 1931 2859 2002 supplicio.

2226 2067 2277 2120 1.
2319 2065 2522 2120 Merito
2562 2067 2738 2137 igitur
2780 2083 2915 2122 vera
2952 2067 3171 2137 religio,
3213 2072 3378 2141 qum'
3422 2071 3624 2126 mundi
3674 2072 3802 2128 uni-

2151 2145 2298 2202 versi
2346 2162 2502 2214 eum,
2559 2146 2898 2202 animalium
2952 2165 3179 2221 quoque
3238 2150 3660 2218 universorum,
3689 2154 3804 2209 hoc

2154 2232 2240 2282 est
2260 2230 2316 2280 et
2348 2227 2670 2282 animarum
2704 2237 2756 2282 et
2787 2244 3117 2298 corporum,
3140 2230 3496 2287 conditorem
3529 2237 3798 2304 agnoscit

2154 2313 2212 2363 et
2245 2308 2537 2378 praedicat.
2573 2311 2638 2364 In
2683 2309 2896 2380 quibus
2943 2313 3189 2366 terrenis
3242 2314 3572 2384 praecipuus
3603 2315 3674 2370 ab
3705 2315 3806 2372 illo

2156 2389 2226 2442 ad
2249 2389 2375 2456 ejus
2397 2388 2710 2458 imaginem
2739 2388 2915 2444 homo
2949 2395 3180 2461 propter
3202 2407 3328 2447 eam
3355 2408 3608 2462 causam,
3631 2411 3804 2466 quam

2158 2468 2298 2533 dixi,
2331 2473 2386 2523 et
2418 2468 2467 2522 si
2517 2485 2632 2540 qua
2686 2470 2829 2525 forte
2880 2470 2992 2525 alia
3035 2471 3222 2542 major
3267 2472 3428 2537 latet,
3487 2473 3673 2529 factus
3719 2486 3810 2536 est.

2158 2563 2331 2614 unus,
2382 2549 2480 2603 sed
2526 2566 2639 2604 non
2686 2549 2922 2605 relictus
2969 2557 3059 2606 est
3105 2552 3288 2606 solus.
3339 2553 3496 2609 Nihil
3530 2555 3685 2610 enim
3717 2558 3809 2610 est

2161 2646 2338 2701 quam
2370 2628 2477 2684 hoc
2507 2646 2692 2701 genus
2738 2635 2859 2685 tam
2906 2630 3328 2688 discordiosum
3375 2634 3532 2702 vitio,
3567 2641 3682 2690 tam
3716 2652 3805 2691 so-

2161 2711 2305 2766 ciale
2344 2715 2572 2765 natura.
2603 2709 2799 2781 Neque
2827 2713 3192 2767 commodius
3225 2718 3426 2768 contra
3455 2716 3659 2770 vitium
3687 2715 3810 2771 dis-

2165 2791 2377 2847 cordiae
2409 2789 2491 2846 vel
2526 2792 2848 2846 cavendum
2899 2809 2971 2847 ne
3013 2794 3306 2864 existeret,
3355 2794 3439 2850 vel
3479 2798 3813 2852 sanandum

2165 2887 2298 2928 cum
2333 2871 2658 2940 exstitisset,
2709 2877 2917 2927 natura
2965 2873 3300 2944 loqueretur
3329 2874 3597 2943 humana,
3627 2893 3817 2947 quam

2169 2950 2628 3006 recordationem
2664 2951 2823 3008 illius
2845 2953 3124 3024 parentis,
3151 2970 3316 3026 quem
3343 2959 3641 3026 propterea
3661 2956 3822 3012 Deus

2169 3047 2364 3087 creare
2393 3030 2571 3086 voluit
2613 3048 2816 3101 unum,
2861 3033 2932 3088 de
2979 3049 3094 3104 quo
3140 3034 3452 3091 multitudo
3484 3053 3826 3108 prepagare-

2173 3117 2290 3182 tur,
2324 3117 2386 3166 ut
2415 3113 2525 3166 hac
2556 3113 2954 3170 admonitione
2998 3115 3172 3170 etiam
3233 3115 3291 3170 in
3340 3116 3542 3172 multis
3581 3133 3826 3174 concors

2176 3194 2375 3250 unitas
2419 3202 2765 3248 servaretur.
2820 3197 2980 3260 Quod
3026 3212 3158 3251 vero
3204 3197 3422 3251 femina
3470 3197 3552 3251 illi
3597 3214 3665 3252 ex
3693 3200 3826 3269 ejus

2179 3275 2358 3330 latere
2389 3273 2538 3326 facta
2571 3277 2678 3339 est,
2713 3277 2886 3329 etiam
2947 3273 3081 3330 hinc
3131 3275 3271 3330 satis
3317 3275 3704 3345 signiﬁcatum
3741 3281 3830 3332 est

2181 3370 2355 3426 quam
2387 3351 2564 3407 chara
2604 3353 2796 3408 mariti
2829 3359 2887 3409 et
2919 3355 3112 3410 uxoris
3152 3355 3356 3410 debeat
3385 3373 3514 3413 esse
3545 3358 3827 3427 conjunc-

2181 3434 2433 3490 tio.Haec
2463 3450 2637 3502 opera
2669 3434 2762 3489 Dei
2798 3440 3098 3505 propterea
3129 3442 3265 3491 sunt
3298 3436 3495 3509 utique
3527 3439 3827 3505 inusitata,

2183 3515 2323 3587 quia
2355 3513 2560 3585 prima.
2615 3514 2722 3578 Qui
2783 3520 2974 3570 autem
3037 3516 3150 3570 ista
3208 3534 3321 3572 non
3375 3517 3642 3584 credunt,
3673 3517 3833 3572 nulla

2187 3597 2335 3650 facta
2368 3593 2629 3664 prodigia
2661 3594 2870 3649 debent
2901 3595 3172 3651 credere:
3201 3613 3389 3669 neque
3419 3596 3574 3652 enim
3606 3602 3664 3652 et
3685 3598 3834 3668 ipsa.

2187 3677 2232 3732 si
2275 3675 2482 3732 usitato
2524 3680 2743 3730 naturas
2793 3675 3080 3732 curriculo
3123 3677 3520 3748 gignerentur,
3572 3678 3840 3750 prodigia

2188 3759 2540 3812 dicerentur.
2601 3756 2747 3819 Quid
2799 3762 2993 3812 autem
3043 3759 3151 3813 sub
3201 3763 3364 3813 tanta
3421 3759 3841 3827 gubernatione

2189 3839 2396 3894 divinas
2457 3835 2852 3908 providentiae,
2915 3838 3179 3907 quamvis
3241 3841 3370 3908 ejus
3427 3855 3602 3894 causa
3651 3837 3844 3902 lateat,

2192 3921 2408 3976 frustra
2454 3917 2754 3989 gignitur?
2791 3916 2883 3971 Ait
2933 3917 3170 3989 quidam
3214 3921 3476 3989 psalmus
3519 3935 3722 3974 sacer:
3759 3918 3848 3974 Ve-

2190 4000 2324 4064 nite,
2375 4005 2426 4054 et
2479 3999 2655 4053 videte
2693 4013 2861 4067 opera
2917 3997 3156 4065 Domini,
3198 4016 3319 4070 quae
3364 3999 3544 4070 posuit
3588 3998 3851 4069 prodigia

2193 4095 2356 4152 super
2388 4089 2595 4135 terram
2627 4077 2800 4148 (Psat.
2832 4093 2960 4148 va,
2991 4079 3068 4146 9).
3114 4081 3224 4134 Cur
3254 4095 3389 4151 ergo
3418 4096 3486 4134 ex
3525 4078 3709 4134 latere
3739 4077 3847 4132 viri

2193 4160 2408 4216 femina
2465 4159 2612 4215 facta
2663 4159 2759 4228 ait,
2827 4171 2880 4217 et
2943 4159 3046 4214 hoc
3112 4160 3366 4231 primum
3418 4159 3848 4230 quodammodo

2195 4241 2523 4314 prodigium
2558 4243 2693 4311 quid
2725 4241 3200 4314 praefiguraverit,
3232 4239 3346 4296 alio
3377 4239 3526 4307 loco,
3560 4244 3848 4310 quantum

2195 4337 2288 4379 me
2320 4327 2470 4378 Deus
2499 4325 2808 4394 adjuverit,
2841 4326 3057 4381 dicam.

2264 4404 2319 4457 2.
2353 4401 2624 4476 [XXVIL]
2655 4403 2818 4460 Nunc
2858 4405 3132 4476 quoniam
3169 4401 3317 4457 liber
3345 4401 3455 4456 iste
3484 4400 3849 4456 claudendus

2197 4489 2306 4549 est,
2337 4483 2396 4538 iu
2428 4483 2537 4539 hoc
2571 4485 2756 4554 primo
2789 4485 3042 4549 homine,
3075 4483 3174 4554 qui
3209 4481 3479 4554 primitus
3515 4480 3702 4535 factus
3733 4485 3848 4550 est,

2200 4567 2455 4620 nondum
2518 4567 2753 4636 quidem
2803 4565 3122 4621 secundum
3172 4561 3547 4628 evidentiam,
3593 4561 3714 4632 jam
3769 4567 3853 4616 ta-

2201 4662 2332 4702 men
2375 4645 2697 4701 secundum
2749 4645 2849 4700 Dei
2900 4642 3323 4716 praescientiam
3381 4647 3611 4696 exortas
3671 4641 3852 4695 fuisse

2200 4727 2600 4784 existimemus
2622 4727 2679 4780 in
2703 4741 2912 4796 genere
2943 4725 3202 4779 humano
3233 4721 3540 4778 societates
3565 4726 3852 4792 tanquam

2202 4810 2466 4864 civitates
2496 4808 2662 4862 duas.
2707 4808 2786 4861 Ex
2811 4805 2910 4860 illo
2952 4805 3111 4859 enim
3152 4803 3330 4858 futuri
3363 4807 3531 4856 erant
3562 4801 3853 4866 homines,

2203 4889 2299 4944 alii
2331 4889 2499 4944 malis
2547 4885 2768 4958 angelis
2823 4885 2881 4939 in
2932 4882 3244 4956 supplicio,
3286 4881 3382 4936 alii
3417 4879 3587 4935 bonis
3619 4879 3676 4934 in
3711 4896 3860 4951 pras-

2205 4971 2320 5024 mio
2380 4967 2661 5033 sociandi,
2721 4965 2987 5038 quamvis
3037 4961 3264 5019 occulto
3316 4960 3415 5017 Dei
3465 4959 3714 5031 judicio,
3760 4959 3860 5014 sed

2205 5054 2400 5104 tamen
2425 5051 2610 5120 justo.
2642 5048 2786 5102 Cum
2811 5045 2963 5101 enim
2999 5045 3286 5115 scriptum
3319 5043 3410 5106 sit,
3448 5041 3724 5099 Universz
3756 5040 3864 5096 viae

2206 5132 2450 5196 Domini,
2509 5126 2883 5184 misericordia
2942 5131 2992 5181 et
3040 5128 3242 5181 veritas
3297 5123 3468 5194 (Psal.
3530 5138 3680 5190 xxiv,
3727 5122 3860 5193 10):

2209 5229 2312 5268 nec
2355 5213 2573 5280 injuste
2622 5211 2750 5280 ejus
2799 5208 3006 5280 gratia,
3057 5222 3160 5262 nec
3209 5204 3465 5261 crudelis
3512 5209 3700 5276 potest
3729 5217 3863 5258 esse

2201 5295 2456 5367 justitia.

2212 5454 2296 5562 Ml
2327 5452 2412 5500 Sic
2439 5449 2607 5499 nostri
2655 5458 2838 5497 omnes
2883 5441 3248 5506 manuscripti.
3299 5441 3358 5489 In
3404 5440 3456 5487 Β.
3489 5440 3655 5493 deest,
3694 5451 3862 5500 quae,
