  <div class='ocr_page' id='page_1' title='image "/cluster/home/n/w/nwhite01/storage/ocr_20150623/41/hvd.32044096580634/194.png"; bbox 0 0 4136 6190; ppageno 0'>
   <div class='ocr_carea' id='block_1_1' title="bbox 304 348 428 409">
    <p class='ocr_par' dir='ltr' id='par_1_1' title="bbox 304 348 428 409">
     <span class='ocr_line' id='line_1_1' title="bbox 304 348 428 409; baseline -0.032 0"><span class='ocrx_word' id='word_1_1' title='bbox 304 348 428 409; x_wconf 82' lang='lat'><strong>377</strong></span> 
     </span>
    </p>
   </div>
   <div class='ocr_carea' id='block_1_2' title="bbox 323 486 620 504">
    <p class='ocr_par' dir='ltr' id='par_1_2' title="bbox 323 486 620 504">
     <span class='ocr_line' id='line_1_2' title="bbox 323 486 620 504; baseline -0.01 0"><span class='ocrx_word' id='word_1_2' title='bbox 323 486 620 504; x_wconf 43' lang='grc' dir='ltr'><em>ἒ</em></span> 
     </span>
    </p>
   </div>
   <div class='ocr_carea' id='block_1_3' title="bbox 1509 339 2538 404">
    <p class='ocr_par' dir='ltr' id='par_1_3' title="bbox 1509 339 2538 404">
     <span class='ocr_line' id='line_1_3' title="bbox 1509 339 2538 404; baseline -0.001 -3"><span class='ocrx_word' id='word_1_3' title='bbox 1509 342 1741 402; x_wconf 80' lang='lat' dir='ltr'><strong>LIBER</strong></span> <span class='ocrx_word' id='word_1_4' title='bbox 1785 340 2128 402; x_wconf 73' lang='lat' dir='ltr'><strong>DECIMUS</strong></span> <span class='ocrx_word' id='word_1_5' title='bbox 2175 339 2538 404; x_wconf 77' lang='lat' dir='ltr'><strong>TERTIUS.</strong></span> 
     </span>
    </p>
   </div>
   <div class='ocr_carea' id='block_1_4' title="bbox 3593 343 3710 403">
    <p class='ocr_par' dir='ltr' id='par_1_4' title="bbox 3593 343 3710 403">
     <span class='ocr_line' id='line_1_4' title="bbox 3593 343 3710 403; baseline 0 -1"><span class='ocrx_word' id='word_1_6' title='bbox 3593 343 3710 403; x_wconf 87' lang='lat'><strong>378</strong></span> 
     </span>
    </p>
   </div>
   <div class='ocr_carea' id='block_1_5' title="bbox 812 573 3264 714">
    <p class='ocr_par' dir='ltr' id='par_1_5' title="bbox 812 573 3264 714">
     <span class='ocr_line' id='line_1_5' title="bbox 812 573 3264 714; baseline -0.001 -3"><span class='ocrx_word' id='word_1_7' title='bbox 812 576 1369 714; x_wconf 72' lang='lat' dir='ltr'><em>LIBER</em></span> <span class='ocrx_word' id='word_1_8' title='bbox 1475 573 2295 712; x_wconf 83' lang='lat' dir='ltr'><strong>DECIMUS</strong></span> <span class='ocrx_word' id='word_1_9' title='bbox 2423 574 3264 712; x_wconf 73' lang='lat' dir='ltr'><strong>TERTIUS.</strong></span> 
     </span>
    </p>
   </div>
   <div class='ocr_carea' id='block_1_6' title="bbox 786 793 3254 858">
    <p class='ocr_par' dir='ltr' id='par_1_6' title="bbox 786 793 3254 858">
     <span class='ocr_line' id='line_1_6' title="bbox 786 793 3254 858; baseline -0 -16"><span class='ocrx_word' id='word_1_10' title='bbox 786 793 843 843; x_wconf 89' lang='lat' dir='ltr'><strong>lu</strong></span> <span class='ocrx_word' id='word_1_11' title='bbox 871 808 978 858; x_wconf 88' lang='lat' dir='ltr'><strong>quo</strong></span> <span class='ocrx_word' id='word_1_12' title='bbox 1005 795 1240 853; x_wconf 85' lang='lat' dir='ltr'><strong>docetur,</strong></span> <span class='ocrx_word' id='word_1_13' title='bbox 1272 797 1496 844; x_wconf 87' lang='lat' dir='ltr'><strong>mortem</strong></span> <span class='ocrx_word' id='word_1_14' title='bbox 1525 795 1582 844; x_wconf 88' lang='lat' dir='ltr'><strong>in</strong></span> <span class='ocrx_word' id='word_1_15' title='bbox 1611 794 1916 843; x_wconf 85' lang='lat' dir='ltr'><strong>hominibus</strong></span> <span class='ocrx_word' id='word_1_16' title='bbox 1943 806 2058 843; x_wconf 88' lang='lat' dir='ltr'><strong>esse</strong></span> <span class='ocrx_word' id='word_1_17' title='bbox 2086 795 2369 857; x_wconf 83' lang='lat' dir='ltr'><strong>poenalem,</strong></span> <span class='ocrx_word' id='word_1_18' title='bbox 2404 797 2683 856; x_wconf 77' lang='lat' dir='ltr'><strong>ortumque</strong></span> <span class='ocrx_word' id='word_1_19' title='bbox 2712 808 2778 844; x_wconf 84' lang='lat' dir='ltr'><strong>ex</strong></span> <span class='ocrx_word' id='word_1_20' title='bbox 2806 793 2994 843; x_wconf 80' lang='lat' dir='ltr'><strong>Adami</strong></span> <span class='ocrx_word' id='word_1_21' title='bbox 3023 796 3254 856; x_wconf 88' lang='lat' dir='ltr'><strong>peccato.</strong></span> 
     </span>
    </p>
   </div>
   <div class='ocr_carea' id='block_1_7' title="bbox 1815 881 2232 937">
    <p class='ocr_par' dir='ltr' id='par_1_7' title="bbox 1815 881 2232 937">
     <span class='ocr_line' id='line_1_7' title="bbox 1815 881 2232 937; baseline 0 -1"><span class='ocrx_word' id='word_1_22' title='bbox 1815 881 2232 937; x_wconf 53' lang='lat' dir='ltr'><strong>suam</strong></span> 
     </span>
    </p>
   </div>
   <div class='ocr_carea' id='block_1_8' title="bbox 311 989 1966 1062">
    <p class='ocr_par' dir='ltr' id='par_1_8' title="bbox 311 989 1966 1062">
     <span class='ocr_line' id='line_1_8' title="bbox 311 989 1966 1062; baseline -0.003 -14"><span class='ocrx_word' id='word_1_23' title='bbox 311 991 546 1048; x_wconf 79' lang='lat' dir='ltr'><strong>CAPUT</strong></span> <span class='ocrx_word' id='word_1_24' title='bbox 584 989 888 1046; x_wconf 81' lang='lat' dir='ltr'><strong>PRIMUM.</strong></span> <span class='ocrx_word' id='word_1_25' title='bbox 930 1019 998 1031; x_wconf 94' lang='lat'>—</span> <span class='ocrx_word' id='word_1_26' title='bbox 1039 990 1110 1045; x_wconf 89' lang='lat' dir='ltr'><strong>De</strong></span> <span class='ocrx_word' id='word_1_27' title='bbox 1141 990 1300 1062; x_wconf 86' lang='lat' dir='ltr'><strong>lapsu</strong></span> <span class='ocrx_word' id='word_1_28' title='bbox 1343 990 1520 1061; x_wconf 83' lang='lat' dir='ltr'><strong>primi</strong></span> <span class='ocrx_word' id='word_1_29' title='bbox 1572 989 1834 1058; x_wconf 87' lang='lat' dir='ltr'><strong>hominis,</strong></span> <span class='ocrx_word' id='word_1_30' title='bbox 1863 1005 1966 1058; x_wconf 85' lang='lat' dir='ltr'><strong>per</strong></span> 
     </span>
    </p>
   </div>
   <div class='ocr_carea' id='block_1_9' title="bbox 667 1069 1616 1141">
    <p class='ocr_par' dir='ltr' id='par_1_9' title="bbox 667 1069 1616 1141">
     <span class='ocr_line' id='line_1_9' title="bbox 667 1069 1616 1141; baseline -0.001 -16"><span class='ocrx_word' id='word_1_31' title='bbox 667 1085 819 1141; x_wconf 84' lang='lat' dir='ltr'><strong>quem</strong></span> <span class='ocrx_word' id='word_1_32' title='bbox 851 1073 930 1125; x_wconf 86' lang='lat' dir='ltr'><strong>est</strong></span> <span class='ocrx_word' id='word_1_33' title='bbox 952 1075 1235 1125; x_wconf 85' lang='lat' dir='ltr'><strong>contracta</strong></span> <span class='ocrx_word' id='word_1_34' title='bbox 1272 1069 1616 1125; x_wconf 78' lang='lat' dir='ltr'><strong>mortalitas.</strong></span> 
     </span>
    </p>
   </div>
   <div class='ocr_carea' id='block_1_10' title="bbox 389 1205 1962 1279">
    <p class='ocr_par' dir='ltr' id='par_1_10' title="bbox 389 1205 1962 1279">
     <span class='ocr_line' id='line_1_10' title="bbox 389 1205 1962 1279; baseline -0.001 -17"><span class='ocrx_word' id='word_1_35' title='bbox 389 1206 687 1279; x_wconf 80' lang='lat' dir='ltr'><strong>Expeditis</strong></span> <span class='ocrx_word' id='word_1_36' title='bbox 721 1205 790 1261; x_wconf 91' lang='lat' dir='ltr'><strong>de</strong></span> <span class='ocrx_word' id='word_1_37' title='bbox 816 1206 999 1261; x_wconf 91' lang='lat' dir='ltr'><strong>nostri</strong></span> <span class='ocrx_word' id='word_1_38' title='bbox 1030 1206 1223 1262; x_wconf 69' lang='lat' dir='ltr'><strong>saeculi</strong></span> <span class='ocrx_word' id='word_1_39' title='bbox 1259 1210 1454 1262; x_wconf 82' lang='lat' dir='ltr'><strong>exortu</strong></span> <span class='ocrx_word' id='word_1_40' title='bbox 1479 1211 1535 1262; x_wconf 90' lang='lat' dir='ltr'><strong>et</strong></span> <span class='ocrx_word' id='word_1_41' title='bbox 1565 1207 1634 1260; x_wconf 91' lang='lat' dir='ltr'><strong>de</strong></span> <span class='ocrx_word' id='word_1_42' title='bbox 1664 1205 1830 1260; x_wconf 85' lang='lat' dir='ltr'><strong>initio</strong></span> <span class='ocrx_word' id='word_1_43' title='bbox 1865 1221 1962 1276; x_wconf 81' lang='lat' dir='ltr'><strong>ge-</strong></span> 
     </span>
    </p>
   </div>
   <div class='ocr_carea' id='block_1_11' title="bbox 315 1286 1962 1359">
    <p class='ocr_par' dir='ltr' id='par_1_11' title="bbox 315 1286 1962 1359">
     <span class='ocr_line' id='line_1_11' title="bbox 315 1286 1962 1359; baseline -0.002 -15"><span class='ocrx_word' id='word_1_44' title='bbox 315 1290 475 1344; x_wconf 86' lang='lat' dir='ltr'><strong>neris</strong></span> <span class='ocrx_word' id='word_1_45' title='bbox 506 1287 751 1343; x_wconf 81' lang='lat' dir='ltr'><strong>humani</strong></span> <span class='ocrx_word' id='word_1_46' title='bbox 785 1286 1146 1343; x_wconf 82' lang='lat' dir='ltr'><strong>difﬁcillimis</strong></span> <span class='ocrx_word' id='word_1_47' title='bbox 1178 1287 1628 1359; x_wconf 77' lang='lat' dir='ltr'><strong>quaestionibus,</strong></span> <span class='ocrx_word' id='word_1_48' title='bbox 1662 1303 1817 1341; x_wconf 90' lang='lat' dir='ltr'><strong>nunc</strong></span> <span class='ocrx_word' id='word_1_49' title='bbox 1840 1288 1962 1356; x_wconf 88' lang='lat' dir='ltr'><strong>jam</strong></span> 
     </span>
    </p>
   </div>
   <div class='ocr_carea' id='block_1_12' title="bbox 316 1367 1966 1446">
    <p class='ocr_par' dir='ltr' id='par_1_12' title="bbox 316 1367 1966 1446">
     <span class='ocr_line' id='line_1_12' title="bbox 316 1367 1966 1446; baseline -0.002 -20"><span class='ocrx_word' id='word_1_50' title='bbox 316 1372 388 1426; x_wconf 84' lang='lat' dir='ltr'><strong>de</strong></span> <span class='ocrx_word' id='word_1_51' title='bbox 417 1369 584 1440; x_wconf 87' lang='lat' dir='ltr'><strong>lapsu</strong></span> <span class='ocrx_word' id='word_1_52' title='bbox 620 1367 789 1439; x_wconf 80' lang='lat' dir='ltr'><strong>primi</strong></span> <span class='ocrx_word' id='word_1_53' title='bbox 823 1367 1099 1436; x_wconf 81' lang='lat' dir='ltr'><strong>hominis,</strong></span> <span class='ocrx_word' id='word_1_54' title='bbox 1131 1368 1250 1424; x_wconf 90' lang='lat' dir='ltr'><strong>imo</strong></span> <span class='ocrx_word' id='word_1_55' title='bbox 1282 1369 1601 1446; x_wconf 81' lang='lat' dir='ltr'><strong>primorum</strong></span> <span class='ocrx_word' id='word_1_56' title='bbox 1633 1367 1966 1434; x_wconf 85' lang='lat' dir='ltr'><strong>hominum,</strong></span> 
     </span>
    </p>
   </div>
   <div class='ocr_carea' id='block_1_13' title="bbox 315 1447 1966 1518">
    <p class='ocr_par' dir='ltr' id='par_1_13' title="bbox 315 1447 1966 1518">
     <span class='ocr_line' id='line_1_13' title="bbox 315 1447 1966 1518; baseline -0.004 -12"><span class='ocrx_word' id='word_1_57' title='bbox 315 1454 375 1506; x_wconf 82' lang='lat' dir='ltr'><strong>et</strong></span> <span class='ocrx_word' id='word_1_58' title='bbox 406 1451 477 1504; x_wconf 86' lang='lat' dir='ltr'><strong>de</strong></span> <span class='ocrx_word' id='word_1_59' title='bbox 525 1448 746 1518; x_wconf 82' lang='lat' dir='ltr'><strong>origine</strong></span> <span class='ocrx_word' id='word_1_60' title='bbox 791 1463 858 1503; x_wconf 89' lang='lat' dir='ltr'><strong>ac</strong></span> <span class='ocrx_word' id='word_1_61' title='bbox 915 1449 1234 1518; x_wconf 85' lang='lat' dir='ltr'><strong>propagine</strong></span> <span class='ocrx_word' id='word_1_62' title='bbox 1285 1448 1490 1502; x_wconf 87' lang='lat' dir='ltr'><strong>mortis</strong></span> <span class='ocrx_word' id='word_1_63' title='bbox 1541 1447 1809 1502; x_wconf 71' lang='lat' dir='ltr'><strong>humans:</strong></span> <span class='ocrx_word' id='word_1_64' title='bbox 1850 1447 1966 1501; x_wconf 85' lang='lat' dir='ltr'><strong>dis-</strong></span> 
     </span>
    </p>
   </div>
   <div class='ocr_carea' id='block_1_14' title="bbox 315 1528 1968 1602">
    <p class='ocr_par' dir='ltr' id='par_1_14' title="bbox 315 1528 1968 1602">
     <span class='ocr_line' id='line_1_14' title="bbox 315 1528 1968 1602; baseline -0.001 -17"><span class='ocrx_word' id='word_1_65' title='bbox 315 1530 680 1602; x_wconf 79' lang='lat' dir='ltr'><strong>putationem</strong></span> <span class='ocrx_word' id='word_1_66' title='bbox 732 1545 764 1583; x_wconf 90' lang='lat' dir='ltr'><strong>a</strong></span> <span class='ocrx_word' id='word_1_67' title='bbox 821 1528 987 1584; x_wconf 91' lang='lat' dir='ltr'><strong>nobis</strong></span> <span class='ocrx_word' id='word_1_68' title='bbox 1029 1528 1360 1584; x_wconf 91' lang='lat' dir='ltr'><strong>institutam</strong></span> <span class='ocrx_word' id='word_1_69' title='bbox 1422 1544 1613 1584; x_wconf 90' lang='lat' dir='ltr'><strong>rerum</strong></span> <span class='ocrx_word' id='word_1_70' title='bbox 1672 1529 1809 1584; x_wconf 90' lang='lat' dir='ltr'><strong>ordo</strong></span> <span class='ocrx_word' id='word_1_71' title='bbox 1859 1529 1968 1584; x_wconf 93' lang='lat' dir='ltr'><strong>de-</strong></span> 
     </span>
    </p>
   </div>
   <div class='ocr_carea' id='block_1_15' title="bbox 319 1607 1974 1684">
    <p class='ocr_par' dir='ltr' id='par_1_15' title="bbox 319 1607 1974 1684">
     <span class='ocr_line' id='line_1_15' title="bbox 319 1607 1974 1684; baseline -0.001 -19"><span class='ocrx_word' id='word_1_72' title='bbox 319 1611 527 1684; x_wconf 87' lang='lat' dir='ltr'><strong>poscit.</strong></span> <span class='ocrx_word' id='word_1_73' title='bbox 565 1608 693 1664; x_wconf 89' lang='lat' dir='ltr'><strong>Non</strong></span> <span class='ocrx_word' id='word_1_74' title='bbox 723 1607 877 1663; x_wconf 91' lang='lat' dir='ltr'><strong>enim</strong></span> <span class='ocrx_word' id='word_1_75' title='bbox 910 1624 976 1663; x_wconf 90' lang='lat' dir='ltr'><strong>eo</strong></span> <span class='ocrx_word' id='word_1_76' title='bbox 1009 1609 1177 1663; x_wconf 89' lang='lat' dir='ltr'><strong>modo</strong></span> <span class='ocrx_word' id='word_1_77' title='bbox 1210 1624 1322 1680; x_wconf 89' lang='lat' dir='ltr'><strong>quo</strong></span> <span class='ocrx_word' id='word_1_78' title='bbox 1356 1609 1613 1677; x_wconf 83' lang='lat' dir='ltr'><strong>Angelos,</strong></span> <span class='ocrx_word' id='word_1_79' title='bbox 1649 1609 1974 1664; x_wconf 89' lang='lat' dir='ltr'><strong>considerat</strong></span> 
     </span>
    </p>
   </div>
   <div class='ocr_carea' id='block_1_16' title="bbox 319 1689 1972 1760">
    <p class='ocr_par' dir='ltr' id='par_1_16' title="bbox 319 1689 1972 1760">
     <span class='ocr_line' id='line_1_16' title="bbox 319 1689 1972 1760; baseline -0.001 -13"><span class='ocrx_word' id='word_1_80' title='bbox 319 1691 474 1748; x_wconf 88' lang='lat' dir='ltr'><strong>Deus</strong></span> <span class='ocrx_word' id='word_1_81' title='bbox 507 1689 780 1744; x_wconf 86' lang='lat' dir='ltr'><strong>homines</strong></span> <span class='ocrx_word' id='word_1_82' title='bbox 813 1705 826 1756; x_wconf 90' lang='lat'><strong>;</strong></span> <span class='ocrx_word' id='word_1_83' title='bbox 872 1693 935 1743; x_wconf 89' lang='lat' dir='ltr'><strong>ut</strong></span> <span class='ocrx_word' id='word_1_84' title='bbox 965 1689 1136 1744; x_wconf 88' lang='lat' dir='ltr'><strong>etiam</strong></span> <span class='ocrx_word' id='word_1_85' title='bbox 1195 1690 1244 1745; x_wconf 91' lang='lat' dir='ltr'><strong>si</strong></span> <span class='ocrx_word' id='word_1_86' title='bbox 1276 1695 1630 1760; x_wconf 82' lang='lat' dir='ltr'><strong>peccassent,</strong></span> <span class='ocrx_word' id='word_1_87' title='bbox 1659 1692 1804 1746; x_wconf 90' lang='lat' dir='ltr'><strong>mori</strong></span> <span class='ocrx_word' id='word_1_88' title='bbox 1851 1708 1972 1746; x_wconf 89' lang='lat' dir='ltr'><strong>om-</strong></span> 
     </span>
    </p>
   </div>
   <div class='ocr_carea' id='block_1_17' title="bbox 321 1771 1972 1841">
    <p class='ocr_par' dir='ltr' id='par_1_17' title="bbox 321 1771 1972 1841">
     <span class='ocr_line' id='line_1_17' title="bbox 321 1771 1972 1841; baseline -0.001 -13"><span class='ocrx_word' id='word_1_89' title='bbox 321 1774 464 1828; x_wconf 88' lang='lat' dir='ltr'><strong>nino</strong></span> <span class='ocrx_word' id='word_1_90' title='bbox 494 1787 609 1828; x_wconf 90' lang='lat' dir='ltr'><strong>non</strong></span> <span class='ocrx_word' id='word_1_91' title='bbox 641 1775 918 1841; x_wconf 87' lang='lat' dir='ltr'><strong>possent:</strong></span> <span class='ocrx_word' id='word_1_92' title='bbox 945 1771 1047 1826; x_wconf 89' lang='lat' dir='ltr'><strong>sed</strong></span> <span class='ocrx_word' id='word_1_93' title='bbox 1080 1771 1160 1826; x_wconf 84' lang='lat' dir='ltr'><strong>ita</strong></span> <span class='ocrx_word' id='word_1_94' title='bbox 1182 1775 1244 1826; x_wconf 88' lang='lat' dir='ltr'><strong>ut</strong></span> <span class='ocrx_word' id='word_1_95' title='bbox 1268 1772 1601 1840; x_wconf 75' lang='lat' dir='ltr'><strong>perfunctos</strong></span> <span class='ocrx_word' id='word_1_96' title='bbox 1631 1773 1972 1828; x_wconf 72' lang='lat' dir='ltr'><strong>obedientias</strong></span> 
     </span>
    </p>
   </div>
   <div class='ocr_carea' id='block_1_18' title="bbox 325 1850 1978 1925">
    <p class='ocr_par' dir='ltr' id='par_1_18' title="bbox 325 1850 1978 1925">
     <span class='ocr_line' id='line_1_18' title="bbox 325 1850 1978 1925; baseline -0.002 -15"><span class='ocrx_word' id='word_1_97' title='bbox 325 1868 570 1910; x_wconf 88' lang='lat' dir='ltr'><strong>munere</strong></span> <span class='ocrx_word' id='word_1_98' title='bbox 616 1853 743 1906; x_wconf 88' lang='lat' dir='ltr'><strong>sine</strong></span> <span class='ocrx_word' id='word_1_99' title='bbox 773 1850 1100 1907; x_wconf 91' lang='lat' dir='ltr'><strong>interventu</strong></span> <span class='ocrx_word' id='word_1_100' title='bbox 1164 1851 1364 1906; x_wconf 88' lang='lat' dir='ltr'><strong>mortis</strong></span> <span class='ocrx_word' id='word_1_101' title='bbox 1419 1852 1684 1925; x_wconf 84' lang='lat' dir='ltr'><strong>angelica</strong></span> <span class='ocrx_word' id='word_1_102' title='bbox 1727 1853 1978 1908; x_wconf 89' lang='lat' dir='ltr'><strong>immor-</strong></span> 
     </span>
    </p>
   </div>
   <div class='ocr_carea' id='block_1_19' title="bbox 327 1931 1978 2004">
    <p class='ocr_par' dir='ltr' id='par_1_19' title="bbox 327 1931 1978 2004">
     <span class='ocr_line' id='line_1_19' title="bbox 327 1931 1978 2004; baseline -0.001 -16"><span class='ocrx_word' id='word_1_103' title='bbox 327 1934 527 1989; x_wconf 88' lang='lat' dir='ltr'><strong>talitas</strong></span> <span class='ocrx_word' id='word_1_104' title='bbox 557 1931 576 1966; x_wconf 75' lang='grc' dir='ltr'>ί</span> <span class='ocrx_word' id='word_1_105' title='bbox 607 1936 664 1986; x_wconf 90' lang='lat' dir='ltr'><strong>et</strong></span> <span class='ocrx_word' id='word_1_106' title='bbox 695 1932 864 1987; x_wconf 91' lang='lat' dir='ltr'><strong>beata</strong></span> <span class='ocrx_word' id='word_1_107' title='bbox 903 1932 1192 1988; x_wconf 66' lang='lat' dir='ltr'><strong>aeternitas</strong></span> <span class='ocrx_word' id='word_1_108' title='bbox 1225 1942 1558 2004; x_wconf 76' lang='lat' dir='ltr'><strong>sequeretur</strong></span> <span class='ocrx_word' id='word_1_109' title='bbox 1590 1952 1604 2001; x_wconf 85' lang='lat'><strong>;</strong></span> <span class='ocrx_word' id='word_1_110' title='bbox 1639 1933 1978 1990; x_wconf 87' lang='lat' dir='ltr'><strong>inohedien-</strong></span> 
     </span>
    </p>
   </div>
   <div class='ocr_carea' id='block_1_20' title="bbox 330 2011 1978 2083">
    <p class='ocr_par' dir='ltr' id='par_1_20' title="bbox 330 2011 1978 2083">
     <span class='ocr_line' id='line_1_20' title="bbox 330 2011 1978 2083; baseline -0.002 -14"><span class='ocrx_word' id='word_1_111' title='bbox 330 2018 420 2069; x_wconf 87' lang='lat' dir='ltr'><strong>tes</strong></span> <span class='ocrx_word' id='word_1_112' title='bbox 453 2016 647 2068; x_wconf 88' lang='lat' dir='ltr'><strong>autem</strong></span> <span class='ocrx_word' id='word_1_113' title='bbox 682 2027 840 2066; x_wconf 87' lang='lat' dir='ltr'><strong>mors</strong></span> <span class='ocrx_word' id='word_1_114' title='bbox 872 2012 1152 2083; x_wconf 85' lang='lat' dir='ltr'><strong>plecteret</strong></span> <span class='ocrx_word' id='word_1_115' title='bbox 1183 2011 1558 2068; x_wconf 91' lang='lat' dir='ltr'><strong>damnatione</strong></span> <span class='ocrx_word' id='word_1_116' title='bbox 1604 2014 1931 2082; x_wconf 83' lang='lat' dir='ltr'><strong>justissima</strong></span> <span class='ocrx_word' id='word_1_117' title='bbox 1964 2027 1978 2066; x_wconf 91' lang='lat'><strong>:</strong></span> 
     </span>
    </p>
   </div>
   <div class='ocr_carea' id='block_1_21' title="bbox 332 2093 1982 2250">
    <p class='ocr_par' dir='ltr' id='par_1_21' title="bbox 332 2093 1982 2250">
     <span class='ocr_line' id='line_1_21' title="bbox 332 2093 1982 2250; baseline -0.001 -100"><span class='ocrx_word' id='word_1_118' title='bbox 332 2095 484 2250; x_wconf 55' lang='lat' dir='ltr'><strong>quod</strong></span> <span class='ocrx_word' id='word_1_119' title='bbox 517 2094 735 2246; x_wconf 47' lang='lat' dir='ltr'><strong>2aliam</strong></span> <span class='ocrx_word' id='word_1_120' title='bbox 811 2093 869 2149; x_wconf 89' lang='lat' dir='ltr'><strong>in</strong></span> <span class='ocrx_word' id='word_1_121' title='bbox 946 2094 1094 2150; x_wconf 90' lang='lat' dir='ltr'><strong>libro</strong></span> <span class='ocrx_word' id='word_1_122' title='bbox 1152 2095 1450 2166; x_wconf 89' lang='lat' dir='ltr'><strong>superiore</strong></span> <span class='ocrx_word' id='word_1_123' title='bbox 1525 2095 1652 2166; x_wconf 88' lang='lat' dir='ltr'><strong>jam</strong></span> <span class='ocrx_word' id='word_1_124' title='bbox 1728 2095 1982 2149; x_wconf 85' lang='lat' dir='ltr'><strong>diximus</strong></span> 
     </span>
     <span class='ocr_line' id='line_1_22' title="bbox 365 2192 632 2247; baseline -0.015 -15"><span class='ocrx_word' id='word_1_125' title='bbox 365 2192 482 2247; x_wconf 85' lang='lat' dir='ltr'><strong>cap.</strong></span> <span class='ocrx_word' id='word_1_126' title='bbox 618 2215 632 2228; x_wconf 95' lang='lat'><strong>.</strong></span> 
     </span>
    </p>
   </div>
   <div class='ocr_carea' id='block_1_22' title="bbox 365 2192 632 2247">
    <p class='ocr_par' dir='ltr' id='par_1_22' title="bbox 365 2192 632 2247">
     <span class='ocr_line' id='line_1_23' title="bbox 365 2192 632 2247; baseline -0.015 -15"><span class='ocrx_word' id='word_1_127' title='bbox 365 2192 482 2247; x_wconf 85' lang='lat' dir='ltr'><strong>cap.</strong></span> <span class='ocrx_word' id='word_1_128' title='bbox 517 2192 632 2246; x_wconf 63' lang='grc' dir='ltr'><strong>ιι).</strong></span> 
     </span>
    </p>
   </div>
   <div class='ocr_carea' id='block_1_23' title="bbox 335 2312 1983 2384">
    <p class='ocr_par' dir='ltr' id='par_1_23' title="bbox 335 2312 1983 2384">
     <span class='ocr_line' id='line_1_24' title="bbox 335 2312 1983 2384; baseline -0.002 -15"><span class='ocrx_word' id='word_1_129' title='bbox 335 2312 577 2369; x_wconf 87' lang='lat' dir='ltr'><strong>CAPUT</strong></span> <span class='ocrx_word' id='word_1_130' title='bbox 610 2313 678 2369; x_wconf 91' lang='lat' dir='ltr'><strong>II.</strong></span> <span class='ocrx_word' id='word_1_131' title='bbox 724 2343 794 2354; x_wconf 89' lang='lat'><strong>—</strong></span> <span class='ocrx_word' id='word_1_132' title='bbox 822 2315 896 2368; x_wconf 93' lang='lat' dir='ltr'><strong>De</strong></span> <span class='ocrx_word' id='word_1_133' title='bbox 945 2328 1011 2368; x_wconf 90' lang='lat' dir='ltr'><strong>ea</strong></span> <span class='ocrx_word' id='word_1_134' title='bbox 1039 2320 1213 2368; x_wconf 88' lang='lat' dir='ltr'><strong>morte</strong></span> <span class='ocrx_word' id='word_1_135' title='bbox 1239 2328 1360 2384; x_wconf 76' lang='lat' dir='ltr'><strong>quae</strong></span> <span class='ocrx_word' id='word_1_136' title='bbox 1390 2313 1593 2367; x_wconf 74' lang='lat' dir='ltr'><strong>animae</strong></span> <span class='ocrx_word' id='word_1_137' title='bbox 1642 2326 1853 2381; x_wconf 88' lang='lat' dir='ltr'><strong>semper</strong></span> <span class='ocrx_word' id='word_1_138' title='bbox 1899 2316 1983 2366; x_wconf 83' lang='lat' dir='ltr'><strong>ut-</strong></span> 
     </span>
    </p>
   </div>
   <div class='ocr_carea' id='block_1_24' title="bbox 408 2391 1984 2465">
    <p class='ocr_par' dir='ltr' id='par_1_24' title="bbox 408 2391 1984 2465">
     <span class='ocr_line' id='line_1_25' title="bbox 408 2391 1984 2465; baseline -0.002 -16"><span class='ocrx_word' id='word_1_139' title='bbox 408 2410 642 2465; x_wconf 85' lang='lat' dir='ltr'><strong>cumque</strong></span> <span class='ocrx_word' id='word_1_140' title='bbox 688 2395 914 2450; x_wconf 76' lang='lat' dir='ltr'><strong>victurae</strong></span> <span class='ocrx_word' id='word_1_141' title='bbox 946 2392 1198 2450; x_wconf 78' lang='lat' dir='ltr'><strong>accidere</strong></span> <span class='ocrx_word' id='word_1_142' title='bbox 1236 2397 1434 2463; x_wconf 82' lang='lat' dir='ltr'><strong>potest,</strong></span> <span class='ocrx_word' id='word_1_143' title='bbox 1463 2400 1514 2447; x_wconf 89' lang='lat' dir='ltr'><strong>et</strong></span> <span class='ocrx_word' id='word_1_144' title='bbox 1569 2407 1632 2447; x_wconf 91' lang='lat' dir='ltr'><strong>ea</strong></span> <span class='ocrx_word' id='word_1_145' title='bbox 1671 2391 1762 2446; x_wconf 83' lang='lat' dir='ltr'><strong>cui</strong></span> <span class='ocrx_word' id='word_1_146' title='bbox 1789 2406 1984 2464; x_wconf 81' lang='lat' dir='ltr'><strong>carpas</strong></span> 
     </span>
    </p>
   </div>
   <div class='ocr_carea' id='block_1_25' title="bbox 415 2474 852 2530">
    <p class='ocr_par' dir='ltr' id='par_1_25' title="bbox 415 2474 852 2530">
     <span class='ocr_line' id='line_1_26' title="bbox 415 2474 852 2530; baseline -0.005 -1"><span class='ocrx_word' id='word_1_147' title='bbox 415 2474 716 2530; x_wconf 79' lang='lat' dir='ltr'><strong>obnoxium</strong></span> <span class='ocrx_word' id='word_1_148' title='bbox 753 2477 852 2528; x_wconf 77' lang='lat' dir='ltr'><strong>est.</strong></span> 
     </span>
    </p>
   </div>
   <div class='ocr_carea' id='block_1_26' title="bbox 414 2577 1985 2652">
    <p class='ocr_par' dir='ltr' id='par_1_26' title="bbox 414 2577 1985 2652">
     <span class='ocr_line' id='line_1_27' title="bbox 414 2577 1985 2652; baseline -0.001 -17"><span class='ocrx_word' id='word_1_149' title='bbox 414 2581 526 2635; x_wconf 89' lang='lat' dir='ltr'><strong>Sed</strong></span> <span class='ocrx_word' id='word_1_150' title='bbox 559 2581 630 2633; x_wconf 89' lang='lat' dir='ltr'><strong>de</strong></span> <span class='ocrx_word' id='word_1_151' title='bbox 660 2579 786 2647; x_wconf 90' lang='lat' dir='ltr'><strong>ipso</strong></span> <span class='ocrx_word' id='word_1_152' title='bbox 815 2593 1020 2647; x_wconf 83' lang='lat' dir='ltr'><strong>genere</strong></span> <span class='ocrx_word' id='word_1_153' title='bbox 1051 2577 1258 2635; x_wconf 90' lang='lat' dir='ltr'><strong>mortis</strong></span> <span class='ocrx_word' id='word_1_154' title='bbox 1279 2578 1443 2634; x_wconf 89' lang='lat' dir='ltr'><strong>video</strong></span> <span class='ocrx_word' id='word_1_155' title='bbox 1476 2577 1617 2634; x_wconf 92' lang='lat' dir='ltr'><strong>mihi</strong></span> <span class='ocrx_word' id='word_1_156' title='bbox 1646 2579 1820 2652; x_wconf 87' lang='lat' dir='ltr'><strong>paulo</strong></span> <span class='ocrx_word' id='word_1_157' title='bbox 1853 2579 1985 2634; x_wconf 73' lang='lat' dir='ltr'><strong>dili-</strong></span> 
     </span>
    </p>
   </div>
   <div class='ocr_carea' id='block_1_27' title="bbox 331 2659 1991 2733">
    <p class='ocr_par' dir='ltr' id='par_1_27' title="bbox 331 2659 1991 2733">
     <span class='ocr_line' id='line_1_28' title="bbox 331 2659 1991 2733; baseline -0.001 -17"><span class='ocrx_word' id='word_1_158' title='bbox 331 2661 577 2733; x_wconf 80' lang='lat' dir='ltr'><strong>gentius</strong></span> <span class='ocrx_word' id='word_1_159' title='bbox 641 2659 1070 2716; x_wconf 90' lang='lat' dir='ltr'><strong>disserendum.</strong></span> <span class='ocrx_word' id='word_1_160' title='bbox 1141 2660 1410 2726; x_wconf 87' lang='lat' dir='ltr'><strong>Quamvis</strong></span> <span class='ocrx_word' id='word_1_161' title='bbox 1485 2660 1640 2714; x_wconf 90' lang='lat' dir='ltr'><strong>enim</strong></span> <span class='ocrx_word' id='word_1_162' title='bbox 1733 2661 1991 2715; x_wconf 88' lang='lat' dir='ltr'><strong>humana</strong></span> 
     </span>
    </p>
   </div>
   <div class='ocr_carea' id='block_1_28' title="bbox 333 2740 1990 2810">
    <p class='ocr_par' dir='ltr' id='par_1_28' title="bbox 333 2740 1990 2810">
     <span class='ocr_line' id='line_1_29' title="bbox 333 2740 1990 2810; baseline -0.001 -13"><span class='ocrx_word' id='word_1_163' title='bbox 333 2741 542 2797; x_wconf 72' lang='lat' dir='ltr'><strong>anima</strong></span> <span class='ocrx_word' id='word_1_164' title='bbox 574 2741 849 2795; x_wconf 89' lang='lat' dir='ltr'><strong>veraciler</strong></span> <span class='ocrx_word' id='word_1_165' title='bbox 878 2740 1226 2796; x_wconf 87' lang='lat' dir='ltr'><strong>immortalis</strong></span> <span class='ocrx_word' id='word_1_166' title='bbox 1277 2741 1667 2810; x_wconf 89' lang='lat' dir='ltr'><strong>perhibeatur,</strong></span> <span class='ocrx_word' id='word_1_167' title='bbox 1706 2742 1876 2796; x_wconf 89' lang='lat' dir='ltr'><strong>habet</strong></span> <span class='ocrx_word' id='word_1_168' title='bbox 1905 2745 1990 2795; x_wconf 90' lang='lat' dir='ltr'><strong>ta-</strong></span> 
     </span>
    </p>
   </div>
   <div class='ocr_carea' id='block_1_29' title="bbox 333 2820 1988 2890">
    <p class='ocr_par' dir='ltr' id='par_1_29' title="bbox 333 2820 1988 2890">
     <span class='ocr_line' id='line_1_30' title="bbox 333 2820 1988 2890; baseline 0 -14"><span class='ocrx_word' id='word_1_169' title='bbox 333 2835 473 2876; x_wconf 86' lang='lat' dir='ltr'><strong>men</strong></span> <span class='ocrx_word' id='word_1_170' title='bbox 533 2820 850 2890; x_wconf 85' lang='lat' dir='ltr'><strong>quamdam</strong></span> <span class='ocrx_word' id='word_1_171' title='bbox 906 2822 1081 2875; x_wconf 89' lang='lat' dir='ltr'><strong>etiam</strong></span> <span class='ocrx_word' id='word_1_172' title='bbox 1117 2820 1240 2890; x_wconf 87' lang='lat' dir='ltr'><strong>ipsa</strong></span> <span class='ocrx_word' id='word_1_173' title='bbox 1289 2825 1535 2876; x_wconf 90' lang='lat' dir='ltr'><strong>mortem</strong></span> <span class='ocrx_word' id='word_1_174' title='bbox 1594 2836 1780 2876; x_wconf 88' lang='lat' dir='ltr'><strong>suam.</strong></span> <span class='ocrx_word' id='word_1_175' title='bbox 1844 2822 1988 2876; x_wconf 89' lang='lat' dir='ltr'><strong>Nam</strong></span> 
     </span>
    </p>
   </div>
   <div class='ocr_carea' id='block_1_30' title="bbox 330 2901 1985 2973">
    <p class='ocr_par' dir='ltr' id='par_1_30' title="bbox 330 2901 1985 2973">
     <span class='ocr_line' id='line_1_31' title="bbox 330 2901 1985 2973; baseline 0 -17"><span class='ocrx_word' id='word_1_176' title='bbox 330 2901 469 2956; x_wconf 87' lang='lat' dir='ltr'><strong>ideo</strong></span> <span class='ocrx_word' id='word_1_177' title='bbox 510 2901 1112 2965; x_wconf 89' lang='lat' dir='ltr'><strong>diciturimmortalis,</strong></span> <span class='ocrx_word' id='word_1_178' title='bbox 1145 2901 1283 2972; x_wconf 88' lang='lat' dir='ltr'><strong>quia</strong></span> <span class='ocrx_word' id='word_1_179' title='bbox 1311 2901 1480 2956; x_wconf 92' lang='lat' dir='ltr'><strong>modo</strong></span> <span class='ocrx_word' id='word_1_180' title='bbox 1512 2904 1760 2973; x_wconf 89' lang='lat' dir='ltr'><strong>quodam</strong></span> <span class='ocrx_word' id='word_1_181' title='bbox 1803 2918 1985 2972; x_wconf 88' lang='lat' dir='ltr'><strong>quan-</strong></span> 
     </span>
    </p>
   </div>
   <div class='ocr_carea' id='block_1_31' title="bbox 331 2981 1985 3052">
    <p class='ocr_par' dir='ltr' id='par_1_31' title="bbox 331 2981 1985 3052">
     <span class='ocr_line' id='line_1_32' title="bbox 331 2981 1985 3052; baseline 0 -15"><span class='ocrx_word' id='word_1_182' title='bbox 331 2981 712 3051; x_wconf 88' lang='lat' dir='ltr'><strong>tulocumque</strong></span> <span class='ocrx_word' id='word_1_183' title='bbox 785 2997 900 3034; x_wconf 92' lang='lat' dir='ltr'><strong>non</strong></span> <span class='ocrx_word' id='word_1_184' title='bbox 961 2981 1178 3036; x_wconf 89' lang='lat' dir='ltr'><strong>desinit</strong></span> <span class='ocrx_word' id='word_1_185' title='bbox 1231 2981 1423 3038; x_wconf 86' lang='lat' dir='ltr'><strong>vivere</strong></span> <span class='ocrx_word' id='word_1_186' title='bbox 1471 2989 1648 3052; x_wconf 88' lang='lat' dir='ltr'><strong>atque</strong></span> <span class='ocrx_word' id='word_1_187' title='bbox 1705 2982 1921 3037; x_wconf 85' lang='lat' dir='ltr'><strong>sentire</strong></span> <span class='ocrx_word' id='word_1_188' title='bbox 1972 2999 1985 3037; x_wconf 92' lang='lat'>:</span> 
     </span>
    </p>
   </div>
   <div class='ocr_carea' id='block_1_32' title="bbox 332 3060 1990 3133">
    <p class='ocr_par' dir='ltr' id='par_1_32' title="bbox 332 3060 1990 3133">
     <span class='ocr_line' id='line_1_33' title="bbox 332 3060 1990 3133; baseline 0.001 -17"><span class='ocrx_word' id='word_1_189' title='bbox 332 3077 547 3133; x_wconf 90' lang='lat' dir='ltr'><strong>corpus</strong></span> <span class='ocrx_word' id='word_1_190' title='bbox 578 3065 773 3115; x_wconf 88' lang='lat' dir='ltr'><strong>autem</strong></span> <span class='ocrx_word' id='word_1_191' title='bbox 818 3060 948 3116; x_wconf 91' lang='lat' dir='ltr'><strong>ideo</strong></span> <span class='ocrx_word' id='word_1_192' title='bbox 998 3061 1255 3130; x_wconf 87' lang='lat' dir='ltr'><strong>mortale,</strong></span> <span class='ocrx_word' id='word_1_193' title='bbox 1290 3061 1566 3133; x_wconf 89' lang='lat' dir='ltr'><strong>quoniam</strong></span> <span class='ocrx_word' id='word_1_194' title='bbox 1609 3064 1797 3119; x_wconf 84' lang='lat' dir='ltr'><strong>deseri</strong></span> <span class='ocrx_word' id='word_1_195' title='bbox 1830 3063 1990 3120; x_wconf 91' lang='lat' dir='ltr'><strong>omni</strong></span> 
     </span>
    </p>
   </div>
   <div class='ocr_carea' id='block_1_33' title="bbox 339 3142 1987 3214">
    <p class='ocr_par' dir='ltr' id='par_1_33' title="bbox 339 3142 1987 3214">
     <span class='ocr_line' id='line_1_34' title="bbox 339 3142 1987 3214; baseline 0.002 -17"><span class='ocrx_word' id='word_1_196' title='bbox 339 3143 458 3198; x_wconf 85' lang='lat' dir='ltr'><strong>vita</strong></span> <span class='ocrx_word' id='word_1_197' title='bbox 505 3146 709 3211; x_wconf 89' lang='lat' dir='ltr'><strong>potest,</strong></span> <span class='ocrx_word' id='word_1_198' title='bbox 764 3157 868 3196; x_wconf 92' lang='lat' dir='ltr'><strong>nec</strong></span> <span class='ocrx_word' id='word_1_199' title='bbox 920 3157 1017 3210; x_wconf 90' lang='lat' dir='ltr'><strong>per</strong></span> <span class='ocrx_word' id='word_1_200' title='bbox 1059 3159 1117 3197; x_wconf 87' lang='lat' dir='ltr'><strong>se</strong></span> <span class='ocrx_word' id='word_1_201' title='bbox 1161 3143 1358 3212; x_wconf 89' lang='lat' dir='ltr'><strong>ipsum</strong></span> <span class='ocrx_word' id='word_1_202' title='bbox 1415 3142 1789 3214; x_wconf 81' lang='lat' dir='ltr'><strong>aliquatenus</strong></span> <span class='ocrx_word' id='word_1_203' title='bbox 1828 3146 1987 3200; x_wconf 88' lang='lat' dir='ltr'><strong>vivit.</strong></span> 
     </span>
    </p>
   </div>
   <div class='ocr_carea' id='block_1_34' title="bbox 336 3221 1990 3292">
    <p class='ocr_par' dir='ltr' id='par_1_34' title="bbox 336 3221 1990 3292">
     <span class='ocr_line' id='line_1_35' title="bbox 336 3221 1990 3292; baseline 0.002 -15"><span class='ocrx_word' id='word_1_204' title='bbox 336 3224 488 3278; x_wconf 79' lang='lat' dir='ltr'><strong>Mors</strong></span> <span class='ocrx_word' id='word_1_205' title='bbox 525 3221 706 3292; x_wconf 80' lang='lat' dir='ltr'><strong>igitur</strong></span> <span class='ocrx_word' id='word_1_206' title='bbox 763 3221 968 3276; x_wconf 66' lang='lat' dir='ltr'><strong>animas</strong></span> <span class='ocrx_word' id='word_1_207' title='bbox 1025 3223 1110 3288; x_wconf 81' lang='lat' dir='ltr'><strong>fit,</strong></span> <span class='ocrx_word' id='word_1_208' title='bbox 1145 3239 1278 3277; x_wconf 91' lang='lat' dir='ltr'><strong>cum</strong></span> <span class='ocrx_word' id='word_1_209' title='bbox 1341 3239 1465 3278; x_wconf 91' lang='lat' dir='ltr'><strong>eam</strong></span> <span class='ocrx_word' id='word_1_210' title='bbox 1526 3224 1740 3279; x_wconf 89' lang='lat' dir='ltr'><strong>deserit</strong></span> <span class='ocrx_word' id='word_1_211' title='bbox 1788 3225 1990 3280; x_wconf 90' lang='lat' dir='ltr'><strong>Deus:</strong></span> 
     </span>
    </p>
   </div>
   <div class='ocr_carea' id='block_1_35' title="bbox 340 3301 1992 3375">
    <p class='ocr_par' dir='ltr' id='par_1_35' title="bbox 340 3301 1992 3375">
     <span class='ocr_line' id='line_1_36' title="bbox 340 3301 1992 3375; baseline 0.001 -18"><span class='ocrx_word' id='word_1_212' title='bbox 340 3301 494 3357; x_wconf 83' lang='lat' dir='ltr'><strong>sicut</strong></span> <span class='ocrx_word' id='word_1_213' title='bbox 523 3301 803 3372; x_wconf 86' lang='lat' dir='ltr'><strong>corporis,</strong></span> <span class='ocrx_word' id='word_1_214' title='bbox 838 3317 971 3356; x_wconf 89' lang='lat' dir='ltr'><strong>cum</strong></span> <span class='ocrx_word' id='word_1_215' title='bbox 1012 3302 1066 3356; x_wconf 94' lang='lat' dir='ltr'><strong>id</strong></span> <span class='ocrx_word' id='word_1_216' title='bbox 1103 3302 1316 3356; x_wconf 90' lang='lat' dir='ltr'><strong>deserit</strong></span> <span class='ocrx_word' id='word_1_217' title='bbox 1345 3303 1560 3358; x_wconf 91' lang='lat' dir='ltr'><strong>anima.</strong></span> <span class='ocrx_word' id='word_1_218' title='bbox 1598 3304 1743 3375; x_wconf 85' lang='lat' dir='ltr'><strong>Ergo</strong></span> <span class='ocrx_word' id='word_1_219' title='bbox 1776 3305 1992 3359; x_wconf 90' lang='lat' dir='ltr'><strong>utrius-</strong></span> 
     </span>
    </p>
   </div>
   <div class='ocr_carea' id='block_1_36' title="bbox 344 3380 1991 3451">
    <p class='ocr_par' dir='ltr' id='par_1_36' title="bbox 344 3380 1991 3451">
     <span class='ocr_line' id='line_1_37' title="bbox 344 3380 1991 3451; baseline 0.002 -16"><span class='ocrx_word' id='word_1_220' title='bbox 344 3397 461 3451; x_wconf 86' lang='lat' dir='ltr'><strong>que</strong></span> <span class='ocrx_word' id='word_1_221' title='bbox 516 3380 618 3447; x_wconf 86' lang='lat' dir='ltr'><strong>rei,</strong></span> <span class='ocrx_word' id='word_1_222' title='bbox 677 3381 733 3434; x_wconf 93' lang='lat' dir='ltr'><strong>id</strong></span> <span class='ocrx_word' id='word_1_223' title='bbox 793 3385 882 3436; x_wconf 89' lang='lat' dir='ltr'><strong>est</strong></span> <span class='ocrx_word' id='word_1_224' title='bbox 946 3381 1125 3436; x_wconf 90' lang='lat' dir='ltr'><strong>totius</strong></span> <span class='ocrx_word' id='word_1_225' title='bbox 1184 3381 1460 3449; x_wconf 88' lang='lat' dir='ltr'><strong>hominis,</strong></span> <span class='ocrx_word' id='word_1_226' title='bbox 1495 3399 1654 3439; x_wconf 91' lang='lat' dir='ltr'><strong>mors</strong></span> <span class='ocrx_word' id='word_1_227' title='bbox 1710 3389 1800 3438; x_wconf 88' lang='lat' dir='ltr'><strong>est</strong></span> <span class='ocrx_word' id='word_1_228' title='bbox 1857 3400 1991 3438; x_wconf 89' lang='lat' dir='ltr'><strong>cum</strong></span> 
     </span>
    </p>
   </div>
   <div class='ocr_carea' id='block_1_37' title="bbox 345 3462 1995 3533">
    <p class='ocr_par' dir='ltr' id='par_1_37' title="bbox 345 3462 1995 3533">
     <span class='ocr_line' id='line_1_38' title="bbox 345 3462 1995 3533; baseline 0.001 -16"><span class='ocrx_word' id='word_1_229' title='bbox 345 3462 546 3517; x_wconf 84' lang='lat' dir='ltr'><strong>anima</strong></span> <span class='ocrx_word' id='word_1_230' title='bbox 575 3478 608 3516; x_wconf 91' lang='lat' dir='ltr'><strong>a</strong></span> <span class='ocrx_word' id='word_1_231' title='bbox 656 3466 767 3517; x_wconf 84' lang='lat' dir='ltr'><strong>Deo</strong></span> <span class='ocrx_word' id='word_1_232' title='bbox 807 3463 1038 3516; x_wconf 90' lang='lat' dir='ltr'><strong>deserta</strong></span> <span class='ocrx_word' id='word_1_233' title='bbox 1068 3463 1280 3516; x_wconf 89' lang='lat' dir='ltr'><strong>deserit</strong></span> <span class='ocrx_word' id='word_1_234' title='bbox 1309 3479 1541 3533; x_wconf 91' lang='lat' dir='ltr'><strong>corpus.</strong></span> <span class='ocrx_word' id='word_1_235' title='bbox 1578 3464 1661 3517; x_wconf 87' lang='lat' dir='ltr'><strong>Ita</strong></span> <span class='ocrx_word' id='word_1_236' title='bbox 1701 3464 1853 3518; x_wconf 89' lang='lat' dir='ltr'><strong>enim</strong></span> <span class='ocrx_word' id='word_1_237' title='bbox 1891 3480 1995 3520; x_wconf 85' lang='lat' dir='ltr'><strong>nec</strong></span> 
     </span>
    </p>
   </div>
   <div class='ocr_carea' id='block_1_38' title="bbox 347 3541 1996 3614">
    <p class='ocr_par' dir='ltr' id='par_1_38' title="bbox 347 3541 1996 3614">
     <span class='ocr_line' id='line_1_39' title="bbox 347 3541 1996 3614; baseline 0.001 -17"><span class='ocrx_word' id='word_1_238' title='bbox 347 3557 417 3597; x_wconf 82' lang='lat' dir='ltr'><strong>ex</strong></span> <span class='ocrx_word' id='word_1_239' title='bbox 450 3545 560 3597; x_wconf 86' lang='lat' dir='ltr'><strong>Deo</strong></span> <span class='ocrx_word' id='word_1_240' title='bbox 589 3541 726 3598; x_wconf 92' lang='lat' dir='ltr'><strong>vivit</strong></span> <span class='ocrx_word' id='word_1_241' title='bbox 783 3541 931 3612; x_wconf 90' lang='lat' dir='ltr'><strong>ipsa,</strong></span> <span class='ocrx_word' id='word_1_242' title='bbox 966 3558 1070 3597; x_wconf 88' lang='lat' dir='ltr'><strong>nec</strong></span> <span class='ocrx_word' id='word_1_243' title='bbox 1101 3557 1312 3611; x_wconf 89' lang='lat' dir='ltr'><strong>corpus</strong></span> <span class='ocrx_word' id='word_1_244' title='bbox 1343 3559 1413 3598; x_wconf 86' lang='lat' dir='ltr'><strong>ex</strong></span> <span class='ocrx_word' id='word_1_245' title='bbox 1462 3543 1607 3614; x_wconf 85' lang='lat' dir='ltr'><strong>ipsa.</strong></span> <span class='ocrx_word' id='word_1_246' title='bbox 1642 3543 1996 3613; x_wconf 86' lang='lat' dir='ltr'><strong>Hujusmodi</strong></span> 
     </span>
    </p>
   </div>
   <div class='ocr_carea' id='block_1_39' title="bbox 346 3623 1995 3695">
    <p class='ocr_par' dir='ltr' id='par_1_39' title="bbox 346 3623 1995 3695">
     <span class='ocr_line' id='line_1_40' title="bbox 346 3623 1995 3695; baseline 0.002 -19"><span class='ocrx_word' id='word_1_247' title='bbox 346 3627 543 3677; x_wconf 85' lang='lat' dir='ltr'><strong>autem</strong></span> <span class='ocrx_word' id='word_1_248' title='bbox 573 3623 752 3678; x_wconf 90' lang='lat' dir='ltr'><strong>totius</strong></span> <span class='ocrx_word' id='word_1_249' title='bbox 784 3623 1040 3678; x_wconf 88' lang='lat' dir='ltr'><strong>hominis</strong></span> <span class='ocrx_word' id='word_1_250' title='bbox 1090 3628 1333 3677; x_wconf 88' lang='lat' dir='ltr'><strong>mortem</strong></span> <span class='ocrx_word' id='word_1_251' title='bbox 1368 3623 1468 3676; x_wconf 90' lang='lat' dir='ltr'><strong>illa</strong></span> <span class='ocrx_word' id='word_1_252' title='bbox 1500 3625 1782 3695; x_wconf 89' lang='lat' dir='ltr'><strong>sequitur,</strong></span> <span class='ocrx_word' id='word_1_253' title='bbox 1819 3641 1995 3693; x_wconf 90' lang='lat' dir='ltr'><strong>quam</strong></span> 
     </span>
    </p>
   </div>
   <div class='ocr_carea' id='block_1_40' title="bbox 347 3703 2000 3776">
    <p class='ocr_par' dir='ltr' id='par_1_40' title="bbox 347 3703 2000 3776">
     <span class='ocr_line' id='line_1_41' title="bbox 347 3703 2000 3776; baseline 0.002 -18"><span class='ocrx_word' id='word_1_254' title='bbox 347 3705 660 3758; x_wconf 82' lang='lat' dir='ltr'><strong>secundam</strong></span> <span class='ocrx_word' id='word_1_255' title='bbox 699 3708 941 3759; x_wconf 90' lang='lat' dir='ltr'><strong>mortem</strong></span> <span class='ocrx_word' id='word_1_256' title='bbox 972 3703 1306 3757; x_wconf 88' lang='lat' dir='ltr'><strong>divinorum</strong></span> <span class='ocrx_word' id='word_1_257' title='bbox 1349 3703 1710 3774; x_wconf 90' lang='lat' dir='ltr'><strong>eloquiorum</strong></span> <span class='ocrx_word' id='word_1_258' title='bbox 1743 3705 2000 3776; x_wconf 85' lang='lat' dir='ltr'><strong>appellat</strong></span> 
     </span>
    </p>
   </div>
   <div class='ocr_carea' id='block_1_41' title="bbox 353 3783 1999 3854">
    <p class='ocr_par' dir='ltr' id='par_1_41' title="bbox 353 3783 1999 3854">
     <span class='ocr_line' id='line_1_42' title="bbox 353 3783 1999 3854; baseline 0.001 -17"><span class='ocrx_word' id='word_1_259' title='bbox 353 3783 668 3839; x_wconf 84' lang='lat' dir='ltr'><strong>auctoritas</strong></span> <span class='ocrx_word' id='word_1_260' title='bbox 718 3785 899 3853; x_wconf 82' lang='lat' dir='ltr'><strong>(Apoc.</strong></span> <span class='ocrx_word' id='word_1_261' title='bbox 934 3799 997 3851; x_wconf 87' lang='grc' dir='ltr'><strong>ιι,</strong></span> <span class='ocrx_word' id='word_1_262' title='bbox 1022 3783 1082 3836; x_wconf 89' lang='grc'><strong>11</strong></span> <span class='ocrx_word' id='word_1_263' title='bbox 1112 3798 1126 3843; x_wconf 77' lang='grc' dir='ltr'>ς</span> <span class='ocrx_word' id='word_1_264' title='bbox 1160 3799 1274 3849; x_wconf 72' lang='lat' dir='ltr'><strong>xxx,</strong></span> <span class='ocrx_word' id='word_1_265' title='bbox 1307 3783 1385 3854; x_wconf 90' lang='lat'><strong>8).</strong></span> <span class='ocrx_word' id='word_1_266' title='bbox 1421 3787 1578 3838; x_wconf 88' lang='lat' dir='ltr'><strong>Hanc</strong></span> <span class='ocrx_word' id='word_1_267' title='bbox 1625 3784 1889 3840; x_wconf 87' lang='lat' dir='ltr'><strong>Salvator</strong></span> <span class='ocrx_word' id='word_1_268' title='bbox 1918 3786 1999 3839; x_wconf 89' lang='lat' dir='ltr'><strong>si-</strong></span> 
     </span>
    </p>
   </div>
   <div class='ocr_carea' id='block_1_42' title="bbox 345 3863 1998 3935">
    <p class='ocr_par' dir='ltr' id='par_1_42' title="bbox 345 3863 1998 3935">
     <span class='ocr_line' id='line_1_43' title="bbox 345 3863 1998 3935; baseline 0.002 -17"><span class='ocrx_word' id='word_1_269' title='bbox 345 3863 666 3935; x_wconf 73' lang='lat' dir='ltr'><strong>gnificavit,</strong></span> <span class='ocrx_word' id='word_1_270' title='bbox 702 3863 798 3918; x_wconf 90' lang='lat' dir='ltr'><strong>ubi</strong></span> <span class='ocrx_word' id='word_1_271' title='bbox 850 3864 925 3918; x_wconf 87' lang='lat' dir='ltr'><strong>ait</strong></span> <span class='ocrx_word' id='word_1_272' title='bbox 979 3880 992 3918; x_wconf 91' lang='lat'>:</span> <span class='ocrx_word' id='word_1_273' title='bbox 1029 3864 1166 3917; x_wconf 86' lang='lat' dir='ltr'><strong>Eum</strong></span> <span class='ocrx_word' id='word_1_274' title='bbox 1209 3865 1414 3928; x_wconf 78' lang='lat' dir='ltr'><strong>timete,</strong></span> <span class='ocrx_word' id='word_1_275' title='bbox 1446 3866 1548 3933; x_wconf 87' lang='lat' dir='ltr'><strong>qui</strong></span> <span class='ocrx_word' id='word_1_276' title='bbox 1575 3864 1734 3919; x_wconf 88' lang='lat' dir='ltr'><strong>habet</strong></span> <span class='ocrx_word' id='word_1_277' title='bbox 1762 3869 1998 3934; x_wconf 86' lang='lat' dir='ltr'><strong>potesta-</strong></span> 
     </span>
    </p>
   </div>
   <div class='ocr_carea' id='block_1_43' title="bbox 347 3944 2000 4014">
    <p class='ocr_par' dir='ltr' id='par_1_43' title="bbox 347 3944 2000 4014">
     <span class='ocr_line' id='line_1_44' title="bbox 347 3944 2000 4014; baseline 0 -14"><span class='ocrx_word' id='word_1_278' title='bbox 347 3950 462 4000; x_wconf 81' lang='lat' dir='ltr'><strong>tem</strong></span> <span class='ocrx_word' id='word_1_279' title='bbox 524 3946 576 3998; x_wconf 87' lang='lat' dir='ltr'><strong>et</strong></span> <span class='ocrx_word' id='word_1_280' title='bbox 632 3959 826 4012; x_wconf 88' lang='lat' dir='ltr'><strong>corpus</strong></span> <span class='ocrx_word' id='word_1_281' title='bbox 882 3952 931 3998; x_wconf 92' lang='lat' dir='ltr'><strong>et</strong></span> <span class='ocrx_word' id='word_1_282' title='bbox 979 3945 1228 3998; x_wconf 84' lang='lat' dir='ltr'><strong>animam</strong></span> <span class='ocrx_word' id='word_1_283' title='bbox 1275 3944 1498 4013; x_wconf 87' lang='lat' dir='ltr'><strong>perdere</strong></span> <span class='ocrx_word' id='word_1_284' title='bbox 1550 3945 1610 4000; x_wconf 84' lang='lat' dir='ltr'><strong>in</strong></span> <span class='ocrx_word' id='word_1_285' title='bbox 1692 3947 2000 4014; x_wconf 81' lang='lat' dir='ltr'><strong>gehennam</strong></span> 
     </span>
    </p>
   </div>
   <div class='ocr_carea' id='block_1_44' title="bbox 345 4021 1998 4096">
    <p class='ocr_par' dir='ltr' id='par_1_44' title="bbox 345 4021 1998 4096">
     <span class='ocr_line' id='line_1_45' title="bbox 345 4021 1998 4096; baseline 0.002 -18"><span class='ocrx_word' id='word_1_286' title='bbox 345 4021 560 4094; x_wconf 74' lang='lat' dir='ltr'><strong>(Matth.</strong></span> <span class='ocrx_word' id='word_1_287' title='bbox 584 4039 640 4087; x_wconf 71' lang='grc' dir='ltr'><strong>χ,</strong></span> <span class='ocrx_word' id='word_1_288' title='bbox 672 4022 785 4094; x_wconf 88' lang='lat'><strong>28).</strong></span> <span class='ocrx_word' id='word_1_289' title='bbox 819 4023 978 4086; x_wconf 90' lang='lat' dir='ltr'><strong>Quod</strong></span> <span class='ocrx_word' id='word_1_290' title='bbox 1010 4039 1142 4078; x_wconf 92' lang='lat' dir='ltr'><strong>cum</strong></span> <span class='ocrx_word' id='word_1_291' title='bbox 1176 4029 1310 4078; x_wconf 90' lang='lat' dir='ltr'><strong>ante</strong></span> <span class='ocrx_word' id='word_1_292' title='bbox 1342 4041 1456 4079; x_wconf 92' lang='lat' dir='ltr'><strong>non</strong></span> <span class='ocrx_word' id='word_1_293' title='bbox 1507 4025 1623 4093; x_wconf 84' lang='lat' dir='ltr'><strong>fiat,</strong></span> <span class='ocrx_word' id='word_1_294' title='bbox 1658 4042 1830 4096; x_wconf 92' lang='lat' dir='ltr'><strong>quam</strong></span> <span class='ocrx_word' id='word_1_295' title='bbox 1865 4043 1998 4082; x_wconf 89' lang='lat' dir='ltr'><strong>cum</strong></span> 
     </span>
    </p>
   </div>
   <div class='ocr_carea' id='block_1_45' title="bbox 343 4103 2002 4176">
    <p class='ocr_par' dir='ltr' id='par_1_45' title="bbox 343 4103 2002 4176">
     <span class='ocr_line' id='line_1_46' title="bbox 343 4103 2002 4176; baseline 0.001 -16"><span class='ocrx_word' id='word_1_296' title='bbox 343 4103 534 4160; x_wconf 87' lang='lat' dir='ltr'><strong>anima</strong></span> <span class='ocrx_word' id='word_1_297' title='bbox 562 4103 789 4174; x_wconf 89' lang='lat' dir='ltr'><strong>corpori</strong></span> <span class='ocrx_word' id='word_1_298' title='bbox 815 4104 900 4158; x_wconf 88' lang='lat' dir='ltr'><strong>sic</strong></span> <span class='ocrx_word' id='word_1_299' title='bbox 932 4104 1104 4158; x_wconf 82' lang='lat' dir='ltr'><strong>fuerit</strong></span> <span class='ocrx_word' id='word_1_300' title='bbox 1133 4103 1424 4175; x_wconf 89' lang='lat' dir='ltr'><strong>copulata,</strong></span> <span class='ocrx_word' id='word_1_301' title='bbox 1459 4109 1523 4159; x_wconf 90' lang='lat' dir='ltr'><strong>ut</strong></span> <span class='ocrx_word' id='word_1_302' title='bbox 1552 4105 1713 4160; x_wconf 91' lang='lat' dir='ltr'><strong>nulla</strong></span> <span class='ocrx_word' id='word_1_303' title='bbox 1743 4105 2002 4176; x_wconf 89' lang='lat' dir='ltr'><strong>diremp-</strong></span> 
     </span>
    </p>
   </div>
   <div class='ocr_carea' id='block_1_46' title="bbox 343 4184 2002 4258">
    <p class='ocr_par' dir='ltr' id='par_1_46' title="bbox 343 4184 2002 4258">
     <span class='ocr_line' id='line_1_47' title="bbox 343 4184 2002 4258; baseline 0.002 -19"><span class='ocrx_word' id='word_1_304' title='bbox 343 4185 505 4240; x_wconf 85' lang='lat' dir='ltr'><strong>tione</strong></span> <span class='ocrx_word' id='word_1_305' title='bbox 553 4188 932 4254; x_wconf 86' lang='lat' dir='ltr'><strong>separentur;</strong></span> <span class='ocrx_word' id='word_1_306' title='bbox 989 4184 1202 4239; x_wconf 91' lang='lat' dir='ltr'><strong>mirum</strong></span> <span class='ocrx_word' id='word_1_307' title='bbox 1247 4185 1428 4240; x_wconf 90' lang='lat' dir='ltr'><strong>videri</strong></span> <span class='ocrx_word' id='word_1_308' title='bbox 1479 4191 1669 4258; x_wconf 85' lang='lat' dir='ltr'><strong>potest</strong></span> <span class='ocrx_word' id='word_1_309' title='bbox 1713 4187 2002 4256; x_wconf 91' lang='lat' dir='ltr'><strong>quomodo</strong></span> 
     </span>
    </p>
   </div>
   <div class='ocr_carea' id='block_1_47' title="bbox 353 4263 2005 4337">
    <p class='ocr_par' dir='ltr' id='par_1_47' title="bbox 353 4263 2005 4337">
     <span class='ocr_line' id='line_1_48' title="bbox 353 4263 2005 4337; baseline 0.001 -18"><span class='ocrx_word' id='word_1_310' title='bbox 353 4280 568 4334; x_wconf 90' lang='lat' dir='ltr'><strong>corpus</strong></span> <span class='ocrx_word' id='word_1_311' title='bbox 613 4280 681 4318; x_wconf 89' lang='lat' dir='ltr'><strong>ea</strong></span> <span class='ocrx_word' id='word_1_312' title='bbox 731 4269 915 4319; x_wconf 91' lang='lat' dir='ltr'><strong>morte</strong></span> <span class='ocrx_word' id='word_1_313' title='bbox 965 4263 1194 4319; x_wconf 88' lang='lat' dir='ltr'><strong>dicatur</strong></span> <span class='ocrx_word' id='word_1_314' title='bbox 1222 4266 1428 4332; x_wconf 89' lang='lat' dir='ltr'><strong>occidi,</strong></span> <span class='ocrx_word' id='word_1_315' title='bbox 1489 4283 1602 4337; x_wconf 92' lang='lat' dir='ltr'><strong>qua</strong></span> <span class='ocrx_word' id='word_1_316' title='bbox 1662 4283 1773 4322; x_wconf 92' lang='lat' dir='ltr'><strong>non</strong></span> <span class='ocrx_word' id='word_1_317' title='bbox 1807 4268 2005 4322; x_wconf 88' lang='lat' dir='ltr'><strong>anima</strong></span> 
     </span>
    </p>
   </div>
   <div class='ocr_carea' id='block_1_48' title="bbox 353 4345 2002 4418">
    <p class='ocr_par' dir='ltr' id='par_1_48' title="bbox 353 4345 2002 4418">
     <span class='ocr_line' id='line_1_49' title="bbox 353 4345 2002 4418; baseline 0.003 -19"><span class='ocrx_word' id='word_1_318' title='bbox 353 4345 665 4412; x_wconf 87' lang='lat' dir='ltr'><strong>deseritur,</strong></span> <span class='ocrx_word' id='word_1_319' title='bbox 724 4345 824 4399; x_wconf 91' lang='lat' dir='ltr'><strong>sed</strong></span> <span class='ocrx_word' id='word_1_320' title='bbox 886 4345 1209 4400; x_wconf 88' lang='lat' dir='ltr'><strong>animatum</strong></span> <span class='ocrx_word' id='word_1_321' title='bbox 1263 4345 1637 4418; x_wconf 90' lang='lat' dir='ltr'><strong>sentiensque</strong></span> <span class='ocrx_word' id='word_1_322' title='bbox 1689 4348 2002 4404; x_wconf 90' lang='lat' dir='ltr'><strong>cruciatur.</strong></span> 
     </span>
    </p>
   </div>
   <div class='ocr_carea' id='block_1_49' title="bbox 357 4423 2004 4499">
    <p class='ocr_par' dir='ltr' id='par_1_49' title="bbox 357 4423 2004 4499">
     <span class='ocr_line' id='line_1_50' title="bbox 357 4423 2004 4499; baseline 0.001 -19"><span class='ocrx_word' id='word_1_323' title='bbox 357 4423 502 4480; x_wconf 86' lang='lat' dir='ltr'><strong>Nam</strong></span> <span class='ocrx_word' id='word_1_324' title='bbox 538 4423 596 4478; x_wconf 89' lang='lat' dir='ltr'><strong>in</strong></span> <span class='ocrx_word' id='word_1_325' title='bbox 627 4424 730 4478; x_wconf 92' lang='lat' dir='ltr'><strong>illa</strong></span> <span class='ocrx_word' id='word_1_326' title='bbox 764 4441 930 4494; x_wconf 76' lang='lat' dir='ltr'><strong>poena</strong></span> <span class='ocrx_word' id='word_1_327' title='bbox 962 4423 1171 4478; x_wconf 89' lang='lat' dir='ltr'><strong>ultima</strong></span> <span class='ocrx_word' id='word_1_328' title='bbox 1199 4440 1265 4479; x_wconf 92' lang='lat' dir='ltr'><strong>ac</strong></span> <span class='ocrx_word' id='word_1_329' title='bbox 1289 4426 1654 4496; x_wconf 82' lang='lat' dir='ltr'><strong>sempiterna,</strong></span> <span class='ocrx_word' id='word_1_330' title='bbox 1687 4428 1756 4482; x_wconf 91' lang='lat' dir='ltr'><strong>de</strong></span> <span class='ocrx_word' id='word_1_331' title='bbox 1788 4443 1903 4499; x_wconf 86' lang='lat' dir='ltr'><strong>qua</strong></span> <span class='ocrx_word' id='word_1_332' title='bbox 1923 4428 2004 4481; x_wconf 88' lang='lat' dir='ltr'><strong>di-</strong></span> 
     </span>
    </p>
   </div>
   <div class='ocr_carea' id='block_1_50' title="bbox 355 4502 2005 4575">
    <p class='ocr_par' dir='ltr' id='par_1_50' title="bbox 355 4502 2005 4575">
     <span class='ocr_line' id='line_1_51' title="bbox 355 4502 2005 4575; baseline 0.001 -17"><span class='ocrx_word' id='word_1_333' title='bbox 355 4502 636 4575; x_wconf 88' lang='lat' dir='ltr'><strong>ligentius</strong></span> <span class='ocrx_word' id='word_1_334' title='bbox 687 4518 791 4559; x_wconf 88' lang='lat' dir='ltr'><strong>suo</strong></span> <span class='ocrx_word' id='word_1_335' title='bbox 853 4503 978 4559; x_wconf 90' lang='lat' dir='ltr'><strong>loco</strong></span> <span class='ocrx_word' id='word_1_336' title='bbox 1027 4504 1431 4560; x_wconf 87' lang='lat' dir='ltr'><strong>disserendum</strong></span> <span class='ocrx_word' id='word_1_337' title='bbox 1482 4514 1588 4575; x_wconf 86' lang='lat' dir='ltr'><strong>est,</strong></span> <span class='ocrx_word' id='word_1_338' title='bbox 1639 4511 1792 4562; x_wconf 90' lang='lat' dir='ltr'><strong>recte</strong></span> <span class='ocrx_word' id='word_1_339' title='bbox 1851 4523 2005 4561; x_wconf 89' lang='lat' dir='ltr'><strong>mors</strong></span> 
     </span>
    </p>
   </div>
   <div class='ocr_carea' id='block_1_51' title="bbox 357 4583 2005 4655">
    <p class='ocr_par' dir='ltr' id='par_1_51' title="bbox 357 4583 2005 4655">
     <span class='ocr_line' id='line_1_52' title="bbox 357 4583 2005 4655; baseline 0.001 -16"><span class='ocrx_word' id='word_1_340' title='bbox 357 4585 566 4640; x_wconf 75' lang='lat' dir='ltr'><strong>animae</strong></span> <span class='ocrx_word' id='word_1_341' title='bbox 597 4584 830 4650; x_wconf 88' lang='lat' dir='ltr'><strong>dicitur,</strong></span> <span class='ocrx_word' id='word_1_342' title='bbox 863 4583 999 4655; x_wconf 89' lang='lat' dir='ltr'><strong>quia</strong></span> <span class='ocrx_word' id='word_1_343' title='bbox 1029 4599 1142 4639; x_wconf 90' lang='lat' dir='ltr'><strong>non</strong></span> <span class='ocrx_word' id='word_1_344' title='bbox 1175 4585 1317 4639; x_wconf 89' lang='lat' dir='ltr'><strong>vivit</strong></span> <span class='ocrx_word' id='word_1_345' title='bbox 1346 4602 1414 4640; x_wconf 84' lang='lat' dir='ltr'><strong>ex</strong></span> <span class='ocrx_word' id='word_1_346' title='bbox 1439 4586 1588 4642; x_wconf 91' lang='lat' dir='ltr'><strong>Deo:</strong></span> <span class='ocrx_word' id='word_1_347' title='bbox 1624 4603 1780 4642; x_wconf 84' lang='lat' dir='ltr'><strong>mors</strong></span> <span class='ocrx_word' id='word_1_348' title='bbox 1809 4592 2005 4641; x_wconf 88' lang='lat' dir='ltr'><strong>autem</strong></span> 
     </span>
    </p>
   </div>
   <div class='ocr_carea' id='block_1_52' title="bbox 359 4665 2007 4736">
    <p class='ocr_par' dir='ltr' id='par_1_52' title="bbox 359 4665 2007 4736">
     <span class='ocr_line' id='line_1_53' title="bbox 359 4665 2007 4736; baseline 0.001 -16"><span class='ocrx_word' id='word_1_349' title='bbox 359 4665 620 4734; x_wconf 87' lang='lat' dir='ltr'><strong>corporis</strong></span> <span class='ocrx_word' id='word_1_350' title='bbox 641 4681 897 4736; x_wconf 89' lang='lat' dir='ltr'><strong>quonam</strong></span> <span class='ocrx_word' id='word_1_351' title='bbox 933 4665 1127 4730; x_wconf 92' lang='lat' dir='ltr'><strong>modo,</strong></span> <span class='ocrx_word' id='word_1_352' title='bbox 1161 4681 1293 4720; x_wconf 92' lang='lat' dir='ltr'><strong>cum</strong></span> <span class='ocrx_word' id='word_1_353' title='bbox 1327 4665 1475 4720; x_wconf 85' lang='lat' dir='ltr'><strong>vivat</strong></span> <span class='ocrx_word' id='word_1_354' title='bbox 1507 4683 1577 4722; x_wconf 83' lang='lat' dir='ltr'><strong>ex</strong></span> <span class='ocrx_word' id='word_1_355' title='bbox 1615 4667 1854 4722; x_wconf 84' lang='lat' dir='ltr'><strong>anima?</strong></span> <span class='ocrx_word' id='word_1_356' title='bbox 1894 4684 2007 4722; x_wconf 91' lang='lat' dir='ltr'><strong>non</strong></span> 
     </span>
    </p>
   </div>
   <div class='ocr_carea' id='block_1_53' title="bbox 358 4745 2009 4818">
    <p class='ocr_par' dir='ltr' id='par_1_53' title="bbox 358 4745 2009 4818">
     <span class='ocr_line' id='line_1_54' title="bbox 358 4745 2009 4818; baseline -0.001 -16"><span class='ocrx_word' id='word_1_357' title='bbox 358 4745 514 4802; x_wconf 90' lang='lat' dir='ltr'><strong>enim</strong></span> <span class='ocrx_word' id='word_1_358' title='bbox 541 4745 706 4802; x_wconf 90' lang='lat' dir='ltr'><strong>aliter</strong></span> <span class='ocrx_word' id='word_1_359' title='bbox 738 4749 930 4816; x_wconf 74' lang='lat' dir='ltr'><strong>potest</strong></span> <span class='ocrx_word' id='word_1_360' title='bbox 957 4746 1084 4816; x_wconf 89' lang='lat' dir='ltr'><strong>ipsa</strong></span> <span class='ocrx_word' id='word_1_361' title='bbox 1115 4747 1458 4816; x_wconf 91' lang='lat' dir='ltr'><strong>corporalia,</strong></span> <span class='ocrx_word' id='word_1_362' title='bbox 1491 4763 1618 4818; x_wconf 69' lang='lat' dir='ltr'><strong>quas</strong></span> <span class='ocrx_word' id='word_1_363' title='bbox 1654 4753 1782 4817; x_wconf 87' lang='lat' dir='ltr'><strong>post</strong></span> <span class='ocrx_word' id='word_1_364' title='bbox 1811 4764 2009 4802; x_wconf 87' lang='lat' dir='ltr'><strong>resur-</strong></span> 
     </span>
    </p>
   </div>
   <div class='ocr_carea' id='block_1_54' title="bbox 357 4824 2010 4897">
    <p class='ocr_par' dir='ltr' id='par_1_54' title="bbox 357 4824 2010 4897">
     <span class='ocr_line' id='line_1_55' title="bbox 357 4824 2010 4897; baseline 0.001 -17"><span class='ocrx_word' id='word_1_365' title='bbox 357 4824 678 4881; x_wconf 86' lang='lat' dir='ltr'><strong>rectionem</strong></span> <span class='ocrx_word' id='word_1_366' title='bbox 712 4827 910 4881; x_wconf 85' lang='lat' dir='ltr'><strong>futura</strong></span> <span class='ocrx_word' id='word_1_367' title='bbox 960 4831 1116 4890; x_wconf 90' lang='lat' dir='ltr'><strong>sunt,</strong></span> <span class='ocrx_word' id='word_1_368' title='bbox 1150 4826 1367 4881; x_wconf 90' lang='lat' dir='ltr'><strong>sentire</strong></span> <span class='ocrx_word' id='word_1_369' title='bbox 1417 4831 1727 4882; x_wconf 88' lang='lat' dir='ltr'><strong>tormenta.</strong></span> <span class='ocrx_word' id='word_1_370' title='bbox 1761 4829 1841 4882; x_wconf 80' lang='lat' dir='ltr'><strong>An</strong></span> <span class='ocrx_word' id='word_1_371' title='bbox 1873 4829 2010 4897; x_wconf 89' lang='lat' dir='ltr'><strong>quia</strong></span> 
     </span>
    </p>
   </div>
   <div class='ocr_carea' id='block_1_55' title="bbox 356 4905 2009 4976">
    <p class='ocr_par' dir='ltr' id='par_1_55' title="bbox 356 4905 2009 4976">
     <span class='ocr_line' id='line_1_56' title="bbox 356 4905 2009 4976; baseline 0.002 -18"><span class='ocrx_word' id='word_1_372' title='bbox 356 4907 482 4960; x_wconf 91' lang='lat' dir='ltr'><strong>vita</strong></span> <span class='ocrx_word' id='word_1_373' title='bbox 507 4905 953 4976; x_wconf 88' lang='lat' dir='ltr'><strong>qualiscumque</strong></span> <span class='ocrx_word' id='word_1_374' title='bbox 993 4907 1227 4975; x_wconf 89' lang='lat' dir='ltr'><strong>aliquod</strong></span> <span class='ocrx_word' id='word_1_375' title='bbox 1286 4905 1504 4960; x_wconf 90' lang='lat' dir='ltr'><strong>bonum</strong></span> <span class='ocrx_word' id='word_1_376' title='bbox 1552 4911 1661 4972; x_wconf 89' lang='lat' dir='ltr'><strong>est,</strong></span> <span class='ocrx_word' id='word_1_377' title='bbox 1695 4905 1860 4962; x_wconf 91' lang='lat' dir='ltr'><strong>dolor</strong></span> <span class='ocrx_word' id='word_1_378' title='bbox 1906 4923 2009 4962; x_wconf 86' lang='lat' dir='ltr'><strong>au-</strong></span> 
     </span>
    </p>
   </div>
   <div class='ocr_carea' id='block_1_56' title="bbox 355 4984 2009 5056">
    <p class='ocr_par' dir='ltr' id='par_1_56' title="bbox 355 4984 2009 5056">
     <span class='ocr_line' id='line_1_57' title="bbox 355 4984 2009 5056; baseline 0 -14"><span class='ocrx_word' id='word_1_379' title='bbox 355 4991 476 5042; x_wconf 89' lang='lat' dir='ltr'><strong>tem</strong></span> <span class='ocrx_word' id='word_1_380' title='bbox 513 4984 760 5051; x_wconf 87' lang='lat' dir='ltr'><strong>malum,</strong></span> <span class='ocrx_word' id='word_1_381' title='bbox 794 4987 922 5041; x_wconf 91' lang='lat' dir='ltr'><strong>ideo</strong></span> <span class='ocrx_word' id='word_1_382' title='bbox 953 5002 1058 5040; x_wconf 91' lang='lat' dir='ltr'><strong>nec</strong></span> <span class='ocrx_word' id='word_1_383' title='bbox 1097 4985 1289 5041; x_wconf 90' lang='lat' dir='ltr'><strong>vivere</strong></span> <span class='ocrx_word' id='word_1_384' title='bbox 1319 5001 1530 5056; x_wconf 91' lang='lat' dir='ltr'><strong>corpus</strong></span> <span class='ocrx_word' id='word_1_385' title='bbox 1559 4987 1865 5042; x_wconf 87' lang='lat' dir='ltr'><strong>dicendum</strong></span> <span class='ocrx_word' id='word_1_386' title='bbox 1899 4992 2009 5053; x_wconf 90' lang='lat' dir='ltr'><strong>est,</strong></span> 
     </span>
    </p>
   </div>
   <div class='ocr_carea' id='block_1_57' title="bbox 353 5065 2015 5137">
    <p class='ocr_par' dir='ltr' id='par_1_57' title="bbox 353 5065 2015 5137">
     <span class='ocr_line' id='line_1_58' title="bbox 353 5065 2015 5137; baseline 0.001 -14"><span class='ocrx_word' id='word_1_387' title='bbox 353 5067 417 5123; x_wconf 88' lang='lat' dir='ltr'><strong>in</strong></span> <span class='ocrx_word' id='word_1_388' title='bbox 451 5082 567 5137; x_wconf 92' lang='lat' dir='ltr'><strong>quo</strong></span> <span class='ocrx_word' id='word_1_389' title='bbox 599 5066 798 5122; x_wconf 89' lang='lat' dir='ltr'><strong>anima</strong></span> <span class='ocrx_word' id='word_1_390' title='bbox 829 5083 942 5123; x_wconf 88' lang='lat' dir='ltr'><strong>non</strong></span> <span class='ocrx_word' id='word_1_391' title='bbox 975 5065 1204 5121; x_wconf 90' lang='lat' dir='ltr'><strong>vivendi</strong></span> <span class='ocrx_word' id='word_1_392' title='bbox 1249 5081 1424 5121; x_wconf 89' lang='lat' dir='ltr'><strong>causa</strong></span> <span class='ocrx_word' id='word_1_393' title='bbox 1453 5069 1561 5135; x_wconf 88' lang='lat' dir='ltr'><strong>est,</strong></span> <span class='ocrx_word' id='word_1_394' title='bbox 1595 5067 1695 5122; x_wconf 89' lang='lat' dir='ltr'><strong>sed</strong></span> <span class='ocrx_word' id='word_1_395' title='bbox 1733 5066 2015 5124; x_wconf 81' lang='lat' dir='ltr'><strong>dolendi?</strong></span> 
     </span>
    </p>
   </div>
   <div class='ocr_carea' id='block_1_58' title="bbox 356 5146 2011 5218">
    <p class='ocr_par' dir='ltr' id='par_1_58' title="bbox 356 5146 2011 5218">
     <span class='ocr_line' id='line_1_59' title="bbox 356 5146 2011 5218; baseline 0.002 -18"><span class='ocrx_word' id='word_1_396' title='bbox 356 5146 512 5202; x_wconf 86' lang='lat' dir='ltr'><strong>Vivit</strong></span> <span class='ocrx_word' id='word_1_397' title='bbox 547 5146 743 5218; x_wconf 83' lang='lat' dir='ltr'><strong>itaque</strong></span> <span class='ocrx_word' id='word_1_398' title='bbox 801 5148 1003 5203; x_wconf 90' lang='lat' dir='ltr'><strong>anima</strong></span> <span class='ocrx_word' id='word_1_399' title='bbox 1041 5163 1109 5201; x_wconf 84' lang='lat' dir='ltr'><strong>ex</strong></span> <span class='ocrx_word' id='word_1_400' title='bbox 1154 5147 1286 5212; x_wconf 89' lang='lat' dir='ltr'><strong>Deo,</strong></span> <span class='ocrx_word' id='word_1_401' title='bbox 1317 5162 1452 5202; x_wconf 89' lang='lat' dir='ltr'><strong>cum</strong></span> <span class='ocrx_word' id='word_1_402' title='bbox 1493 5146 1629 5202; x_wconf 83' lang='lat' dir='ltr'><strong>vivit</strong></span> <span class='ocrx_word' id='word_1_403' title='bbox 1681 5147 1862 5217; x_wconf 82' lang='lat' dir='ltr'><strong>bene;</strong></span> <span class='ocrx_word' id='word_1_404' title='bbox 1899 5165 2011 5204; x_wconf 90' lang='lat' dir='ltr'><strong>non</strong></span> 
     </span>
    </p>
   </div>
   <div class='ocr_carea' id='block_1_59' title="bbox 359 5225 2016 5298">
    <p class='ocr_par' dir='ltr' id='par_1_59' title="bbox 359 5225 2016 5298">
     <span class='ocr_line' id='line_1_60' title="bbox 359 5225 2016 5298; baseline 0.001 -15"><span class='ocrx_word' id='word_1_405' title='bbox 359 5225 520 5283; x_wconf 91' lang='lat' dir='ltr'><strong>enim</strong></span> <span class='ocrx_word' id='word_1_406' title='bbox 552 5232 744 5298; x_wconf 87' lang='lat' dir='ltr'><strong>potest</strong></span> <span class='ocrx_word' id='word_1_407' title='bbox 787 5227 934 5283; x_wconf 89' lang='lat' dir='ltr'><strong>bene</strong></span> <span class='ocrx_word' id='word_1_408' title='bbox 983 5228 1192 5296; x_wconf 91' lang='lat' dir='ltr'><strong>vivere,</strong></span> <span class='ocrx_word' id='word_1_409' title='bbox 1225 5226 1337 5280; x_wconf 88' lang='lat' dir='ltr'><strong>nisi</strong></span> <span class='ocrx_word' id='word_1_410' title='bbox 1369 5226 1486 5282; x_wconf 91' lang='lat' dir='ltr'><strong>Deo</strong></span> <span class='ocrx_word' id='word_1_411' title='bbox 1518 5228 1576 5282; x_wconf 90' lang='lat' dir='ltr'><strong>in</strong></span> <span class='ocrx_word' id='word_1_412' title='bbox 1627 5244 1690 5283; x_wconf 91' lang='lat' dir='ltr'><strong>se</strong></span> <span class='ocrx_word' id='word_1_413' title='bbox 1741 5232 2016 5298; x_wconf 85' lang='lat' dir='ltr'><strong>cperante</strong></span> 
     </span>
    </p>
   </div>
   <div class='ocr_carea' id='block_1_60' title="bbox 355 5307 2014 5380">
    <p class='ocr_par' dir='ltr' id='par_1_60' title="bbox 355 5307 2014 5380">
     <span class='ocr_line' id='line_1_61' title="bbox 355 5307 2014 5380; baseline -0.001 -17"><span class='ocrx_word' id='word_1_414' title='bbox 355 5308 506 5380; x_wconf 87' lang='lat' dir='ltr'><strong>quod</strong></span> <span class='ocrx_word' id='word_1_415' title='bbox 534 5307 752 5364; x_wconf 82' lang='lat' dir='ltr'><strong>benum</strong></span> <span class='ocrx_word' id='word_1_416' title='bbox 803 5313 940 5364; x_wconf 89' lang='lat' dir='ltr'><strong>est:</strong></span> <span class='ocrx_word' id='word_1_417' title='bbox 976 5307 1114 5362; x_wconf 91' lang='lat' dir='ltr'><strong>vivit</strong></span> <span class='ocrx_word' id='word_1_418' title='bbox 1170 5316 1365 5362; x_wconf 89' lang='lat' dir='ltr'><strong>autem</strong></span> <span class='ocrx_word' id='word_1_419' title='bbox 1425 5324 1638 5380; x_wconf 90' lang='lat' dir='ltr'><strong>corpus</strong></span> <span class='ocrx_word' id='word_1_420' title='bbox 1691 5325 1759 5365; x_wconf 85' lang='lat' dir='ltr'><strong>ex</strong></span> <span class='ocrx_word' id='word_1_421' title='bbox 1798 5309 2014 5375; x_wconf 88' lang='lat' dir='ltr'><strong>anima,</strong></span> 
     </span>
    </p>
   </div>
   <div class='ocr_carea' id='block_1_61' title="bbox 358 5388 2017 5460">
    <p class='ocr_par' dir='ltr' id='par_1_61' title="bbox 358 5388 2017 5460">
     <span class='ocr_line' id='line_1_62' title="bbox 358 5388 2017 5460; baseline 0.001 -17"><span class='ocrx_word' id='word_1_422' title='bbox 358 5403 497 5444; x_wconf 90' lang='lat' dir='ltr'><strong>cum</strong></span> <span class='ocrx_word' id='word_1_423' title='bbox 542 5388 740 5445; x_wconf 87' lang='lat' dir='ltr'><strong>anima</strong></span> <span class='ocrx_word' id='word_1_424' title='bbox 787 5389 926 5445; x_wconf 91' lang='lat' dir='ltr'><strong>vivit</strong></span> <span class='ocrx_word' id='word_1_425' title='bbox 955 5389 1016 5444; x_wconf 91' lang='lat' dir='ltr'><strong>in</strong></span> <span class='ocrx_word' id='word_1_426' title='bbox 1069 5404 1308 5458; x_wconf 90' lang='lat' dir='ltr'><strong>corpore</strong></span> <span class='ocrx_word' id='word_1_427' title='bbox 1341 5407 1355 5456; x_wconf 89' lang='lat'><strong>;</strong></span> <span class='ocrx_word' id='word_1_428' title='bbox 1390 5403 1490 5443; x_wconf 90' lang='lat' dir='ltr'><strong>seu</strong></span> <span class='ocrx_word' id='word_1_429' title='bbox 1539 5389 1689 5444; x_wconf 90' lang='lat' dir='ltr'><strong>vivat</strong></span> <span class='ocrx_word' id='word_1_430' title='bbox 1731 5391 1880 5460; x_wconf 88' lang='lat' dir='ltr'><strong>ipsa,</strong></span> <span class='ocrx_word' id='word_1_431' title='bbox 1914 5403 2017 5444; x_wconf 89' lang='lat' dir='ltr'><strong>seu</strong></span> 
     </span>
    </p>
   </div>
   <div class='ocr_carea' id='block_1_62' title="bbox 361 5467 2016 5541">
    <p class='ocr_par' dir='ltr' id='par_1_62' title="bbox 361 5467 2016 5541">
     <span class='ocr_line' id='line_1_63' title="bbox 361 5467 2016 5541; baseline -0.001 -16"><span class='ocrx_word' id='word_1_432' title='bbox 361 5485 480 5525; x_wconf 89' lang='lat' dir='ltr'><strong>non</strong></span> <span class='ocrx_word' id='word_1_433' title='bbox 511 5468 669 5524; x_wconf 88' lang='lat' dir='ltr'><strong>vivat</strong></span> <span class='ocrx_word' id='word_1_434' title='bbox 697 5485 767 5524; x_wconf 84' lang='lat' dir='ltr'><strong>ex</strong></span> <span class='ocrx_word' id='word_1_435' title='bbox 800 5470 934 5525; x_wconf 91' lang='lat' dir='ltr'><strong>Deo.</strong></span> <span class='ocrx_word' id='word_1_436' title='bbox 971 5467 1280 5539; x_wconf 88' lang='lat' dir='ltr'><strong>Impiorum</strong></span> <span class='ocrx_word' id='word_1_437' title='bbox 1315 5484 1566 5539; x_wconf 88' lang='lat' dir='ltr'><strong>namque</strong></span> <span class='ocrx_word' id='word_1_438' title='bbox 1589 5471 1645 5524; x_wconf 93' lang='lat' dir='ltr'><strong>in</strong></span> <span class='ocrx_word' id='word_1_439' title='bbox 1677 5469 2016 5541; x_wconf 86' lang='lat' dir='ltr'><strong>corporibus</strong></span> 
     </span>
    </p>
   </div>
   <div class='ocr_carea' id='block_1_63' title="bbox 363 5549 2014 5621">
    <p class='ocr_par' dir='ltr' id='par_1_63' title="bbox 363 5549 2014 5621">
     <span class='ocr_line' id='line_1_64' title="bbox 363 5549 2014 5621; baseline -0.001 -15"><span class='ocrx_word' id='word_1_440' title='bbox 363 5551 509 5615; x_wconf 90' lang='lat' dir='ltr'><strong>vita,</strong></span> <span class='ocrx_word' id='word_1_441' title='bbox 533 5565 650 5604; x_wconf 92' lang='lat' dir='ltr'><strong>non</strong></span> <span class='ocrx_word' id='word_1_442' title='bbox 683 5550 1030 5617; x_wconf 88' lang='lat' dir='ltr'><strong>animarum,</strong></span> <span class='ocrx_word' id='word_1_443' title='bbox 1053 5549 1154 5604; x_wconf 91' lang='lat' dir='ltr'><strong>sed</strong></span> <span class='ocrx_word' id='word_1_444' title='bbox 1187 5563 1488 5619; x_wconf 90' lang='lat' dir='ltr'><strong>corporum</strong></span> <span class='ocrx_word' id='word_1_445' title='bbox 1523 5550 1639 5605; x_wconf 90' lang='lat' dir='ltr'><strong>vita</strong></span> <span class='ocrx_word' id='word_1_446' title='bbox 1671 5557 1761 5606; x_wconf 90' lang='lat' dir='ltr'><strong>est</strong></span> <span class='ocrx_word' id='word_1_447' title='bbox 1796 5567 1808 5603; x_wconf 93' lang='lat'><em>:</em></span> <span class='ocrx_word' id='word_1_448' title='bbox 1843 5566 2014 5621; x_wconf 87' lang='lat' dir='ltr'><strong>quam</strong></span> 
     </span>
    </p>
   </div>
   <div class='ocr_carea' id='block_1_64' title="bbox 441 5683 1800 5742">
    <p class='ocr_par' dir='ltr' id='par_1_64' title="bbox 441 5683 1800 5742">
     <span class='ocr_line' id='line_1_65' title="bbox 441 5683 1800 5742; baseline 0 -10"><span class='ocrx_word' id='word_1_449' title='bbox 441 5687 453 5720; x_wconf 81' lang='grc' dir='ltr'>ι</span> <span class='ocrx_word' id='word_1_450' title='bbox 488 5683 607 5734; x_wconf 80' lang='lat' dir='ltr'><strong>Mss.</strong></span> <span class='ocrx_word' id='word_1_451' title='bbox 640 5683 765 5734; x_wconf 80' lang='lat'><strong>2050</strong></span> <span class='ocrx_word' id='word_1_452' title='bbox 792 5688 843 5734; x_wconf 84' lang='lat' dir='ltr'><strong>et</strong></span> <span class='ocrx_word' id='word_1_453' title='bbox 870 5683 988 5732; x_wconf 80' lang='grc'><strong>2051</strong></span> <span class='ocrx_word' id='word_1_454' title='bbox 1027 5685 1224 5742; x_wconf 83' lang='lat' dir='ltr'><strong>ferunt,</strong></span> <span class='ocrx_word' id='word_1_455' title='bbox 1257 5683 1702 5737; x_wconf 64' lang='lat' dir='ltr'><strong>immutabilium.</strong></span> <span class='ocrx_word' id='word_1_456' title='bbox 1737 5687 1800 5734; x_wconf 85' lang='lat' dir='ltr'><strong>M.</strong></span> 
     </span>
    </p>
   </div>
   <div class='ocr_carea' id='block_1_65' title="bbox 2074 990 3724 1060">
    <p class='ocr_par' dir='ltr' id='par_1_65' title="bbox 2074 990 3724 1060">
     <span class='ocr_line' id='line_1_66' title="bbox 2074 990 3724 1060; baseline 0.002 -15"><span class='ocrx_word' id='word_1_457' title='bbox 2074 995 2319 1060; x_wconf 87' lang='lat' dir='ltr'><strong>possunt</strong></span> <span class='ocrx_word' id='word_1_458' title='bbox 2365 991 2448 1046; x_wconf 91' lang='lat' dir='ltr'><strong>eis</strong></span> <span class='ocrx_word' id='word_1_459' title='bbox 2493 992 2700 1046; x_wconf 79' lang='lat' dir='ltr'><strong>animae</strong></span> <span class='ocrx_word' id='word_1_460' title='bbox 2759 990 2930 1045; x_wconf 90' lang='lat' dir='ltr'><strong>etiam</strong></span> <span class='ocrx_word' id='word_1_461' title='bbox 2972 995 3238 1058; x_wconf 73' lang='lat' dir='ltr'><strong>mortuas,</strong></span> <span class='ocrx_word' id='word_1_462' title='bbox 3273 991 3379 1046; x_wconf 90' lang='lat' dir='ltr'><strong>hoc</strong></span> <span class='ocrx_word' id='word_1_463' title='bbox 3410 994 3495 1046; x_wconf 85' lang='lat' dir='ltr'><strong>est</strong></span> <span class='ocrx_word' id='word_1_464' title='bbox 3539 1007 3568 1044; x_wconf 87' lang='lat' dir='ltr'><strong>a</strong></span> <span class='ocrx_word' id='word_1_465' title='bbox 3613 995 3724 1048; x_wconf 91' lang='lat' dir='ltr'><strong>Deo</strong></span> 
     </span>
    </p>
   </div>
   <div class='ocr_carea' id='block_1_66' title="bbox 2074 1069 3726 1142">
    <p class='ocr_par' dir='ltr' id='par_1_66' title="bbox 2074 1069 3726 1142">
     <span class='ocr_line' id='line_1_67' title="bbox 2074 1069 3726 1142; baseline 0.001 -17"><span class='ocrx_word' id='word_1_466' title='bbox 2074 1069 2332 1138; x_wconf 61' lang='lat' dir='ltr'><strong>desertae,</strong></span> <span class='ocrx_word' id='word_1_467' title='bbox 2368 1072 2908 1142; x_wconf 88' lang='lat' dir='ltr'><strong>quantulacumque</strong></span> <span class='ocrx_word' id='word_1_468' title='bbox 2967 1073 3199 1142; x_wconf 89' lang='lat' dir='ltr'><strong>propria</strong></span> <span class='ocrx_word' id='word_1_469' title='bbox 3237 1071 3376 1137; x_wconf 89' lang='lat' dir='ltr'><strong>vita,</strong></span> <span class='ocrx_word' id='word_1_470' title='bbox 3411 1087 3480 1125; x_wconf 82' lang='lat' dir='ltr'><strong>ex</strong></span> <span class='ocrx_word' id='word_1_471' title='bbox 3523 1087 3639 1141; x_wconf 90' lang='lat' dir='ltr'><strong>qua</strong></span> <span class='ocrx_word' id='word_1_472' title='bbox 3668 1076 3726 1127; x_wconf 89' lang='lat' dir='ltr'><strong>et</strong></span> 
     </span>
    </p>
   </div>
   <div class='ocr_carea' id='block_1_67' title="bbox 2073 1150 3722 1221">
    <p class='ocr_par' dir='ltr' id='par_1_67' title="bbox 2073 1150 3722 1221">
     <span class='ocr_line' id='line_1_68' title="bbox 2073 1150 3722 1221; baseline 0 -15"><span class='ocrx_word' id='word_1_473' title='bbox 2073 1150 2432 1207; x_wconf 80' lang='lat' dir='ltr'><strong>immortales</strong></span> <span class='ocrx_word' id='word_1_474' title='bbox 2472 1157 2631 1221; x_wconf 87' lang='lat' dir='ltr'><strong>sunt,</strong></span> <span class='ocrx_word' id='word_1_475' title='bbox 2655 1168 2768 1208; x_wconf 89' lang='lat' dir='ltr'><strong>non</strong></span> <span class='ocrx_word' id='word_1_476' title='bbox 2817 1153 3156 1217; x_wconf 87' lang='lat' dir='ltr'><strong>desistente,</strong></span> <span class='ocrx_word' id='word_1_477' title='bbox 3202 1153 3482 1207; x_wconf 81' lang='lat' dir='ltr'><strong>conferre.</strong></span> <span class='ocrx_word' id='word_1_478' title='bbox 3518 1151 3722 1207; x_wconf 83' lang='lat' dir='ltr'><strong>Verum</strong></span> 
     </span>
    </p>
   </div>
   <div class='ocr_carea' id='block_1_68' title="bbox 2075 1231 3722 1304">
    <p class='ocr_par' dir='ltr' id='par_1_68' title="bbox 2075 1231 3722 1304">
     <span class='ocr_line' id='line_1_69' title="bbox 2075 1231 3722 1304; baseline 0 -18"><span class='ocrx_word' id='word_1_479' title='bbox 2075 1232 2134 1286; x_wconf 92' lang='lat' dir='ltr'><strong>in</strong></span> <span class='ocrx_word' id='word_1_480' title='bbox 2170 1231 2547 1288; x_wconf 88' lang='lat' dir='ltr'><strong>damnatione</strong></span> <span class='ocrx_word' id='word_1_481' title='bbox 2601 1233 2919 1289; x_wconf 85' lang='lat' dir='ltr'><strong>novissima</strong></span> <span class='ocrx_word' id='word_1_482' title='bbox 2965 1234 3232 1304; x_wconf 87' lang='lat' dir='ltr'><strong>quamvis</strong></span> <span class='ocrx_word' id='word_1_483' title='bbox 3285 1234 3458 1288; x_wconf 91' lang='lat' dir='ltr'><strong>homo</strong></span> <span class='ocrx_word' id='word_1_484' title='bbox 3508 1233 3722 1287; x_wconf 90' lang='lat' dir='ltr'><strong>sentire</strong></span> 
     </span>
    </p>
   </div>
   <div class='ocr_carea' id='block_1_69' title="bbox 2077 1313 3722 1384">
    <p class='ocr_par' dir='ltr' id='par_1_69' title="bbox 2077 1313 3722 1384">
     <span class='ocr_line' id='line_1_70' title="bbox 2077 1313 3722 1384; baseline -0.001 -17"><span class='ocrx_word' id='word_1_485' title='bbox 2077 1327 2193 1367; x_wconf 92' lang='lat' dir='ltr'><strong>non</strong></span> <span class='ocrx_word' id='word_1_486' title='bbox 2224 1313 2470 1382; x_wconf 89' lang='lat' dir='ltr'><strong>desinat,</strong></span> <span class='ocrx_word' id='word_1_487' title='bbox 2505 1319 2700 1368; x_wconf 87' lang='lat' dir='ltr'><strong>tamen</strong></span> <span class='ocrx_word' id='word_1_488' title='bbox 2733 1314 2872 1384; x_wconf 87' lang='lat' dir='ltr'><strong>quia</strong></span> <span class='ocrx_word' id='word_1_489' title='bbox 2897 1329 3104 1368; x_wconf 87' lang='lat' dir='ltr'><strong>sensus</strong></span> <span class='ocrx_word' id='word_1_490' title='bbox 3137 1316 3261 1384; x_wconf 83' lang='lat' dir='ltr'><strong>ipse</strong></span> <span class='ocrx_word' id='word_1_491' title='bbox 3295 1328 3396 1368; x_wconf 91' lang='lat' dir='ltr'><strong>nec</strong></span> <span class='ocrx_word' id='word_1_492' title='bbox 3427 1313 3722 1383; x_wconf 89' lang='lat' dir='ltr'><strong>voluptate</strong></span> 
     </span>
    </p>
   </div>
   <div class='ocr_carea' id='block_1_70' title="bbox 2077 1393 3727 1465">
    <p class='ocr_par' dir='ltr' id='par_1_70' title="bbox 2077 1393 3727 1465">
     <span class='ocr_line' id='line_1_71' title="bbox 2077 1393 3727 1465; baseline -0.001 -18"><span class='ocrx_word' id='word_1_493' title='bbox 2077 1394 2293 1460; x_wconf 87' lang='lat' dir='ltr'><strong>suavis,</strong></span> <span class='ocrx_word' id='word_1_494' title='bbox 2329 1410 2433 1448; x_wconf 89' lang='lat' dir='ltr'><strong>nec</strong></span> <span class='ocrx_word' id='word_1_495' title='bbox 2464 1395 2659 1465; x_wconf 86' lang='lat' dir='ltr'><strong>quiete</strong></span> <span class='ocrx_word' id='word_1_496' title='bbox 2692 1394 2965 1460; x_wconf 82' lang='lat' dir='ltr'><strong>salubris,</strong></span> <span class='ocrx_word' id='word_1_497' title='bbox 3001 1395 3098 1449; x_wconf 88' lang='lat' dir='ltr'><strong>sed</strong></span> <span class='ocrx_word' id='word_1_498' title='bbox 3126 1395 3316 1448; x_wconf 84' lang='lat' dir='ltr'><strong>dolore</strong></span> <span class='ocrx_word' id='word_1_499' title='bbox 3349 1393 3584 1464; x_wconf 66' lang='lat' dir='ltr'><strong>paenalis</strong></span> <span class='ocrx_word' id='word_1_500' title='bbox 3616 1396 3727 1457; x_wconf 88' lang='lat' dir='ltr'><strong>est,</strong></span> 
     </span>
    </p>
   </div>
   <div class='ocr_carea' id='block_1_71' title="bbox 2080 1474 3724 1546">
    <p class='ocr_par' dir='ltr' id='par_1_71' title="bbox 2080 1474 3724 1546">
     <span class='ocr_line' id='line_1_72' title="bbox 2080 1474 3724 1546; baseline -0.001 -18"><span class='ocrx_word' id='word_1_501' title='bbox 2080 1490 2192 1528; x_wconf 91' lang='lat' dir='ltr'><strong>non</strong></span> <span class='ocrx_word' id='word_1_502' title='bbox 2223 1474 2514 1530; x_wconf 91' lang='lat' dir='ltr'><strong>immerito</strong></span> <span class='ocrx_word' id='word_1_503' title='bbox 2549 1493 2702 1530; x_wconf 90' lang='lat' dir='ltr'><strong>mors</strong></span> <span class='ocrx_word' id='word_1_504' title='bbox 2735 1482 2823 1530; x_wconf 90' lang='lat' dir='ltr'><strong>est</strong></span> <span class='ocrx_word' id='word_1_505' title='bbox 2845 1475 3036 1545; x_wconf 87' lang='lat' dir='ltr'><strong>potius</strong></span> <span class='ocrx_word' id='word_1_506' title='bbox 3068 1476 3358 1546; x_wconf 89' lang='lat' dir='ltr'><strong>appellata</strong></span> <span class='ocrx_word' id='word_1_507' title='bbox 3381 1490 3555 1544; x_wconf 90' lang='lat' dir='ltr'><strong>quam</strong></span> <span class='ocrx_word' id='word_1_508' title='bbox 3590 1474 3724 1527; x_wconf 89' lang='lat' dir='ltr'><strong>vita.</strong></span> 
     </span>
    </p>
   </div>
   <div class='ocr_carea' id='block_1_72' title="bbox 2079 1554 3731 1626">
    <p class='ocr_par' dir='ltr' id='par_1_72' title="bbox 2079 1554 3731 1626">
     <span class='ocr_line' id='line_1_73' title="bbox 2079 1554 3731 1626; baseline -0.001 -17"><span class='ocrx_word' id='word_1_509' title='bbox 2079 1554 2213 1609; x_wconf 90' lang='lat' dir='ltr'><strong>Ideo</strong></span> <span class='ocrx_word' id='word_1_510' title='bbox 2243 1559 2435 1610; x_wconf 88' lang='lat' dir='ltr'><strong>autem</strong></span> <span class='ocrx_word' id='word_1_511' title='bbox 2469 1556 2746 1620; x_wconf 89' lang='lat' dir='ltr'><strong>secunda,</strong></span> <span class='ocrx_word' id='word_1_512' title='bbox 2781 1556 2914 1626; x_wconf 88' lang='lat' dir='ltr'><strong>quia</strong></span> <span class='ocrx_word' id='word_1_513' title='bbox 2966 1560 3096 1625; x_wconf 90' lang='lat' dir='ltr'><strong>post</strong></span> <span class='ocrx_word' id='word_1_514' title='bbox 3130 1556 3288 1610; x_wconf 89' lang='lat' dir='ltr'><strong>illam</strong></span> <span class='ocrx_word' id='word_1_515' title='bbox 3342 1555 3583 1626; x_wconf 81' lang='lat' dir='ltr'><strong>primum</strong></span> <span class='ocrx_word' id='word_1_516' title='bbox 3623 1557 3731 1625; x_wconf 84' lang='lat' dir='ltr'><strong>est,</strong></span> 
     </span>
    </p>
   </div>
   <div class='ocr_carea' id='block_1_73' title="bbox 2082 1634 3730 1706">
    <p class='ocr_par' dir='ltr' id='par_1_73' title="bbox 2082 1634 3730 1706">
     <span class='ocr_line' id='line_1_74' title="bbox 2082 1634 3730 1706; baseline -0.002 -16"><span class='ocrx_word' id='word_1_517' title='bbox 2082 1651 2194 1706; x_wconf 88' lang='lat' dir='ltr'><strong>qua</strong></span> <span class='ocrx_word' id='word_1_518' title='bbox 2244 1635 2303 1688; x_wconf 86' lang='lat' dir='ltr'><strong>fit</strong></span> <span class='ocrx_word' id='word_1_519' title='bbox 2369 1636 2779 1690; x_wconf 72' lang='lat' dir='ltr'><strong>cohaerentium</strong></span> <span class='ocrx_word' id='word_1_520' title='bbox 2840 1636 3148 1706; x_wconf 88' lang='lat' dir='ltr'><strong>diremptio</strong></span> <span class='ocrx_word' id='word_1_521' title='bbox 3207 1642 3575 1697; x_wconf 89' lang='lat' dir='ltr'><strong>naturarum,</strong></span> <span class='ocrx_word' id='word_1_522' title='bbox 3609 1634 3730 1688; x_wconf 89' lang='lat' dir='ltr'><strong>sive</strong></span> 
     </span>
    </p>
   </div>
   <div class='ocr_carea' id='block_1_74' title="bbox 2083 1713 3732 1786">
    <p class='ocr_par' dir='ltr' id='par_1_74' title="bbox 2083 1713 3732 1786">
     <span class='ocr_line' id='line_1_75' title="bbox 2083 1713 3732 1786; baseline -0.003 -16"><span class='ocrx_word' id='word_1_523' title='bbox 2083 1715 2181 1770; x_wconf 93' lang='lat' dir='ltr'><strong>Dei</strong></span> <span class='ocrx_word' id='word_1_524' title='bbox 2213 1720 2268 1770; x_wconf 89' lang='lat' dir='ltr'><strong>ct</strong></span> <span class='ocrx_word' id='word_1_525' title='bbox 2304 1715 2675 1784; x_wconf 68' lang='lat' dir='ltr'><strong>animas,sive</strong></span> <span class='ocrx_word' id='word_1_526' title='bbox 2721 1716 2929 1771; x_wconf 64' lang='lat' dir='ltr'><strong>animae</strong></span> <span class='ocrx_word' id='word_1_527' title='bbox 2982 1722 3038 1770; x_wconf 93' lang='lat' dir='ltr'><strong>et</strong></span> <span class='ocrx_word' id='word_1_528' title='bbox 3086 1717 3366 1786; x_wconf 89' lang='lat' dir='ltr'><strong>corporis.</strong></span> <span class='ocrx_word' id='word_1_529' title='bbox 3415 1716 3488 1769; x_wconf 92' lang='lat' dir='ltr'><strong>De</strong></span> <span class='ocrx_word' id='word_1_530' title='bbox 3545 1713 3732 1784; x_wconf 90' lang='lat' dir='ltr'><strong>prima</strong></span> 
     </span>
    </p>
   </div>
   <div class='ocr_carea' id='block_1_75' title="bbox 2089 1793 3732 1868">
    <p class='ocr_par' dir='ltr' id='par_1_75' title="bbox 2089 1793 3732 1868">
     <span class='ocr_line' id='line_1_76' title="bbox 2089 1793 3732 1868; baseline -0.002 -18"><span class='ocrx_word' id='word_1_531' title='bbox 2089 1795 2269 1866; x_wconf 79' lang='lat' dir='ltr'><strong>Igitur</strong></span> <span class='ocrx_word' id='word_1_532' title='bbox 2297 1797 2553 1867; x_wconf 89' lang='lat' dir='ltr'><strong>corporis</strong></span> <span class='ocrx_word' id='word_1_533' title='bbox 2596 1802 2776 1852; x_wconf 89' lang='lat' dir='ltr'><strong>morte</strong></span> <span class='ocrx_word' id='word_1_534' title='bbox 2807 1797 2918 1851; x_wconf 90' lang='lat' dir='ltr'><strong>dici</strong></span> <span class='ocrx_word' id='word_1_535' title='bbox 2950 1800 3158 1868; x_wconf 88' lang='lat' dir='ltr'><strong>potest,</strong></span> <span class='ocrx_word' id='word_1_536' title='bbox 3193 1795 3346 1868; x_wconf 88' lang='lat' dir='ltr'><strong>quod</strong></span> <span class='ocrx_word' id='word_1_537' title='bbox 3382 1795 3549 1849; x_wconf 90' lang='lat' dir='ltr'><strong>bonis</strong></span> <span class='ocrx_word' id='word_1_538' title='bbox 3579 1793 3732 1847; x_wconf 89' lang='lat' dir='ltr'><strong>bona</strong></span> 
     </span>
    </p>
   </div>
   <div class='ocr_carea' id='block_1_76' title="bbox 2087 1873 3734 1941">
    <p class='ocr_par' dir='ltr' id='par_1_76' title="bbox 2087 1873 3734 1941">
     <span class='ocr_line' id='line_1_77' title="bbox 2087 1873 3734 1941; baseline -0.002 -11"><span class='ocrx_word' id='word_1_539' title='bbox 2087 1877 2182 1941; x_wconf 85' lang='lat' dir='ltr'><strong>sit,</strong></span> <span class='ocrx_word' id='word_1_540' title='bbox 2242 1877 2410 1933; x_wconf 89' lang='lat' dir='ltr'><strong>malis</strong></span> <span class='ocrx_word' id='word_1_541' title='bbox 2469 1878 2638 1933; x_wconf 86' lang='lat' dir='ltr'><strong>mala.</strong></span> <span class='ocrx_word' id='word_1_542' title='bbox 2689 1879 2954 1933; x_wconf 88' lang='lat' dir='ltr'><strong>Secunda</strong></span> <span class='ocrx_word' id='word_1_543' title='bbox 3008 1893 3136 1932; x_wconf 90' lang='lat' dir='ltr'><strong>vero</strong></span> <span class='ocrx_word' id='word_1_544' title='bbox 3189 1878 3314 1932; x_wconf 92' lang='lat' dir='ltr'><strong>sine</strong></span> <span class='ocrx_word' id='word_1_545' title='bbox 3365 1875 3541 1930; x_wconf 89' lang='lat' dir='ltr'><strong>dubio</strong></span> <span class='ocrx_word' id='word_1_546' title='bbox 3581 1873 3734 1928; x_wconf 89' lang='lat' dir='ltr'><strong>sicut</strong></span> 
     </span>
    </p>
   </div>
   <div class='ocr_carea' id='block_1_77' title="bbox 2091 1956 3443 2026">
    <p class='ocr_par' dir='ltr' id='par_1_77' title="bbox 2091 1956 3443 2026">
     <span class='ocr_line' id='line_1_78' title="bbox 2091 1956 3443 2026; baseline -0.001 -14"><span class='ocrx_word' id='word_1_547' title='bbox 2091 1957 2382 2014; x_wconf 88' lang='lat' dir='ltr'><strong>nullorum</strong></span> <span class='ocrx_word' id='word_1_548' title='bbox 2415 1959 2698 2014; x_wconf 91' lang='lat' dir='ltr'><strong>bonorum</strong></span> <span class='ocrx_word' id='word_1_549' title='bbox 2732 1964 2840 2026; x_wconf 87' lang='lat' dir='ltr'><strong>est,</strong></span> <span class='ocrx_word' id='word_1_550' title='bbox 2873 1959 2952 2013; x_wconf 90' lang='lat' dir='ltr'><strong>ita</strong></span> <span class='ocrx_word' id='word_1_551' title='bbox 2984 1957 3127 2011; x_wconf 90' lang='lat' dir='ltr'><strong>nulli</strong></span> <span class='ocrx_word' id='word_1_552' title='bbox 3159 1958 3313 2012; x_wconf 91' lang='lat' dir='ltr'><strong>bona</strong></span> <span class='ocrx_word' id='word_1_553' title='bbox 3345 1956 3443 2026; x_wconf 94' lang='lat' dir='ltr'><strong>(a).</strong></span> 
     </span>
    </p>
   </div>
   <div class='ocr_carea' id='block_1_78' title="bbox 2091 2095 3734 2168">
    <p class='ocr_par' dir='ltr' id='par_1_78' title="bbox 2091 2095 3734 2168">
     <span class='ocr_line' id='line_1_79' title="bbox 2091 2095 3734 2168; baseline -0.001 -18"><span class='ocrx_word' id='word_1_554' title='bbox 2091 2095 2322 2151; x_wconf 86' lang='lat' dir='ltr'><strong>CAPUT</strong></span> <span class='ocrx_word' id='word_1_555' title='bbox 2349 2097 2452 2151; x_wconf 89' lang='lat' dir='ltr'><strong>III.</strong></span> <span class='ocrx_word' id='word_1_556' title='bbox 2486 2127 2552 2137; x_wconf 87' lang='lat'><strong>——</strong></span> <span class='ocrx_word' id='word_1_557' title='bbox 2599 2100 2788 2154; x_wconf 80' lang='lat' dir='ltr'><strong>Utrum</strong></span> <span class='ocrx_word' id='word_1_558' title='bbox 2816 2113 2986 2164; x_wconf 87' lang='lat' dir='ltr'><strong>mors,</strong></span> <span class='ocrx_word' id='word_1_559' title='bbox 3021 2114 3139 2168; x_wconf 74' lang='lat' dir='ltr'><strong>quae</strong></span> <span class='ocrx_word' id='word_1_560' title='bbox 3174 2113 3277 2168; x_wconf 85' lang='lat' dir='ltr'><strong>per</strong></span> <span class='ocrx_word' id='word_1_561' title='bbox 3303 2099 3582 2166; x_wconf 84' lang='lat' dir='ltr'><strong>peccatum</strong></span> <span class='ocrx_word' id='word_1_562' title='bbox 3619 2098 3734 2166; x_wconf 85' lang='lat' dir='ltr'><strong>pri-</strong></span> 
     </span>
    </p>
   </div>
   <div class='ocr_carea' id='block_1_79' title="bbox 2164 2176 3736 2246">
    <p class='ocr_par' dir='ltr' id='par_1_79' title="bbox 2164 2176 3736 2246">
     <span class='ocr_line' id='line_1_80' title="bbox 2164 2176 3736 2246; baseline -0.001 -17"><span class='ocrx_word' id='word_1_563' title='bbox 2164 2192 2378 2230; x_wconf 88' lang='lat' dir='ltr'><strong>morum</strong></span> <span class='ocrx_word' id='word_1_564' title='bbox 2409 2177 2695 2232; x_wconf 81' lang='lat' dir='ltr'><strong>hominum</strong></span> <span class='ocrx_word' id='word_1_565' title='bbox 2754 2181 2812 2232; x_wconf 86' lang='lat' dir='ltr'><strong>in</strong></span> <span class='ocrx_word' id='word_1_566' title='bbox 2867 2193 3050 2232; x_wconf 85' lang='lat' dir='ltr'><strong>omnes</strong></span> <span class='ocrx_word' id='word_1_567' title='bbox 3100 2176 3346 2231; x_wconf 78' lang='lat' dir='ltr'><strong>homines</strong></span> <span class='ocrx_word' id='word_1_568' title='bbox 3391 2177 3736 2246; x_wconf 78' lang='lat' dir='ltr'><strong>pertransiit,</strong></span> 
     </span>
    </p>
   </div>
   <div class='ocr_carea' id='block_1_80' title="bbox 2164 2254 3095 2327">
    <p class='ocr_par' dir='ltr' id='par_1_80' title="bbox 2164 2254 3095 2327">
     <span class='ocr_line' id='line_1_81' title="bbox 2164 2254 3095 2327; baseline 0 -17"><span class='ocrx_word' id='word_1_569' title='bbox 2164 2254 2331 2310; x_wconf 87' lang='lat' dir='ltr'><strong>etiam</strong></span> <span class='ocrx_word' id='word_1_570' title='bbox 2358 2259 2562 2310; x_wconf 77' lang='lat' dir='ltr'><strong>sanctis</strong></span> <span class='ocrx_word' id='word_1_571' title='bbox 2589 2274 2748 2327; x_wconf 72' lang='lat' dir='ltr'><strong>paena</strong></span> <span class='ocrx_word' id='word_1_572' title='bbox 2771 2258 2977 2327; x_wconf 87' lang='lat' dir='ltr'><strong>peccati</strong></span> <span class='ocrx_word' id='word_1_573' title='bbox 3005 2259 3095 2311; x_wconf 89' lang='lat' dir='ltr'><strong>sit.</strong></span> 
     </span>
    </p>
   </div>
   <div class='ocr_carea' id='block_1_81' title="bbox 2167 2393 3744 2466">
    <p class='ocr_par' dir='ltr' id='par_1_81' title="bbox 2167 2393 3744 2466">
     <span class='ocr_line' id='line_1_82' title="bbox 2167 2393 3744 2466; baseline 0.001 -18"><span class='ocrx_word' id='word_1_574' title='bbox 2167 2393 2291 2448; x_wconf 89' lang='lat' dir='ltr'><strong>Non</strong></span> <span class='ocrx_word' id='word_1_575' title='bbox 2348 2400 2539 2448; x_wconf 89' lang='lat' dir='ltr'><strong>autem</strong></span> <span class='ocrx_word' id='word_1_576' title='bbox 2635 2394 3057 2450; x_wconf 75' lang='lat' dir='ltr'><strong>dissimulanda</strong></span> <span class='ocrx_word' id='word_1_577' title='bbox 3149 2396 3412 2451; x_wconf 86' lang='lat' dir='ltr'><strong>nascitur</strong></span> <span class='ocrx_word' id='word_1_578' title='bbox 3477 2394 3744 2466; x_wconf 56' lang='lat' dir='ltr'><strong>quaestio,</strong></span> 
     </span>
    </p>
   </div>
   <div class='ocr_carea' id='block_1_82' title="bbox 2099 2477 3745 2544">
    <p class='ocr_par' dir='ltr' id='par_1_82' title="bbox 2099 2477 3745 2544">
     <span class='ocr_line' id='line_1_83' title="bbox 2099 2477 3745 2544; baseline 0.001 -15"><span class='ocrx_word' id='word_1_579' title='bbox 2099 2479 2291 2529; x_wconf 91' lang='lat' dir='ltr'><strong>utrum</strong></span> <span class='ocrx_word' id='word_1_580' title='bbox 2333 2489 2528 2529; x_wconf 90' lang='lat' dir='ltr'><strong>revera</strong></span> <span class='ocrx_word' id='word_1_581' title='bbox 2558 2490 2739 2541; x_wconf 88' lang='lat' dir='ltr'><strong>mors,</strong></span> <span class='ocrx_word' id='word_1_582' title='bbox 2773 2491 2890 2544; x_wconf 89' lang='lat' dir='ltr'><strong>qua</strong></span> <span class='ocrx_word' id='word_1_583' title='bbox 2921 2480 3269 2544; x_wconf 90' lang='lat' dir='ltr'><strong>separantur</strong></span> <span class='ocrx_word' id='word_1_584' title='bbox 3296 2477 3494 2531; x_wconf 88' lang='lat' dir='ltr'><strong>anima</strong></span> <span class='ocrx_word' id='word_1_585' title='bbox 3523 2478 3581 2528; x_wconf 89' lang='lat' dir='ltr'><strong>et</strong></span> <span class='ocrx_word' id='word_1_586' title='bbox 3609 2491 3745 2530; x_wconf 91' lang='lat' dir='ltr'><strong>cor—</strong></span> 
     </span>
    </p>
   </div>
   <div class='ocr_carea' id='block_1_83' title="bbox 2099 2553 3744 2626">
    <p class='ocr_par' dir='ltr' id='par_1_83' title="bbox 2099 2553 3744 2626">
     <span class='ocr_line' id='line_1_84' title="bbox 2099 2553 3744 2626; baseline 0.001 -18"><span class='ocrx_word' id='word_1_587' title='bbox 2099 2571 2230 2626; x_wconf 91' lang='lat' dir='ltr'><strong>pus,</strong></span> <span class='ocrx_word' id='word_1_588' title='bbox 2269 2553 2430 2608; x_wconf 91' lang='lat' dir='ltr'><strong>bonis</strong></span> <span class='ocrx_word' id='word_1_589' title='bbox 2455 2555 2533 2608; x_wconf 89' lang='lat' dir='ltr'><strong>sit</strong></span> <span class='ocrx_word' id='word_1_590' title='bbox 2563 2554 2715 2608; x_wconf 89' lang='lat' dir='ltr'><strong>bona</strong></span> <span class='ocrx_word' id='word_1_591' title='bbox 2771 2555 2868 2623; x_wconf 88' lang='lat' dir='ltr'><strong>(b).</strong></span> <span class='ocrx_word' id='word_1_592' title='bbox 2901 2554 3044 2619; x_wconf 90' lang='lat' dir='ltr'><strong>Quia</strong></span> <span class='ocrx_word' id='word_1_593' title='bbox 3102 2556 3151 2610; x_wconf 90' lang='lat' dir='ltr'><strong>si</strong></span> <span class='ocrx_word' id='word_1_594' title='bbox 3198 2555 3276 2610; x_wconf 86' lang='lat' dir='ltr'><strong>ita</strong></span> <span class='ocrx_word' id='word_1_595' title='bbox 3313 2560 3421 2622; x_wconf 91' lang='lat' dir='ltr'><strong>est,</strong></span> <span class='ocrx_word' id='word_1_596' title='bbox 3453 2555 3744 2626; x_wconf 88' lang='lat' dir='ltr'><strong>quomodo</strong></span> 
     </span>
    </p>
   </div>
   <div class='ocr_carea' id='block_1_84' title="bbox 2100 2633 3748 2706">
    <p class='ocr_par' dir='ltr' id='par_1_84' title="bbox 2100 2633 3748 2706">
     <span class='ocr_line' id='line_1_85' title="bbox 2100 2633 3748 2706; baseline 0 -18"><span class='ocrx_word' id='word_1_597' title='bbox 2100 2635 2312 2704; x_wconf 89' lang='lat' dir='ltr'><strong>poterit</strong></span> <span class='ocrx_word' id='word_1_598' title='bbox 2342 2634 2590 2689; x_wconf 90' lang='lat' dir='ltr'><strong>obtineri</strong></span> <span class='ocrx_word' id='word_1_599' title='bbox 2633 2635 2786 2703; x_wconf 88' lang='lat' dir='ltr'><strong>quod</strong></span> <span class='ocrx_word' id='word_1_600' title='bbox 2819 2635 2992 2688; x_wconf 88' lang='lat' dir='ltr'><strong>etiam</strong></span> <span class='ocrx_word' id='word_1_601' title='bbox 3024 2633 3147 2706; x_wconf 84' lang='lat' dir='ltr'><strong>ipsa</strong></span> <span class='ocrx_word' id='word_1_602' title='bbox 3187 2636 3265 2690; x_wconf 91' lang='lat' dir='ltr'><strong>sit</strong></span> <span class='ocrx_word' id='word_1_603' title='bbox 3295 2651 3462 2705; x_wconf 75' lang='lat' dir='ltr'><strong>pceua</strong></span> <span class='ocrx_word' id='word_1_604' title='bbox 3495 2635 3748 2704; x_wconf 83' lang='lat' dir='ltr'><strong>peccati?</strong></span> 
     </span>
    </p>
   </div>
   <div class='ocr_carea' id='block_1_85' title="bbox 2100 2714 3744 2784">
    <p class='ocr_par' dir='ltr' id='par_1_85' title="bbox 2100 2714 3744 2784">
     <span class='ocr_line' id='line_1_86' title="bbox 2100 2714 3744 2784; baseline -0.001 -14"><span class='ocrx_word' id='word_1_605' title='bbox 2100 2715 2258 2770; x_wconf 85' lang='lat' dir='ltr'><strong>Hanc</strong></span> <span class='ocrx_word' id='word_1_606' title='bbox 2289 2715 2446 2768; x_wconf 89' lang='lat' dir='ltr'><strong>enim</strong></span> <span class='ocrx_word' id='word_1_607' title='bbox 2480 2714 2648 2784; x_wconf 90' lang='lat' dir='ltr'><strong>primi</strong></span> <span class='ocrx_word' id='word_1_608' title='bbox 2685 2714 2970 2781; x_wconf 88' lang='lat' dir='ltr'><strong>homines,</strong></span> <span class='ocrx_word' id='word_1_609' title='bbox 3005 2715 3116 2770; x_wconf 90' lang='lat' dir='ltr'><strong>nisi</strong></span> <span class='ocrx_word' id='word_1_610' title='bbox 3163 2715 3575 2784; x_wconf 88' lang='lat' dir='ltr'><strong>peccavissent,</strong></span> <span class='ocrx_word' id='word_1_611' title='bbox 3612 2730 3744 2784; x_wconf 89' lang='lat' dir='ltr'><strong>per-</strong></span> 
     </span>
    </p>
   </div>
   <div class='ocr_carea' id='block_1_86' title="bbox 2100 2795 3744 2868">
    <p class='ocr_par' dir='ltr' id='par_1_86' title="bbox 2100 2795 3744 2868">
     <span class='ocr_line' id='line_1_87' title="bbox 2100 2795 3744 2868; baseline 0 -18"><span class='ocrx_word' id='word_1_612' title='bbox 2100 2797 2256 2868; x_wconf 88' lang='lat' dir='ltr'><strong>pessi</strong></span> <span class='ocrx_word' id='word_1_613' title='bbox 2305 2796 2508 2866; x_wconf 89' lang='lat' dir='ltr'><strong>utique</strong></span> <span class='ocrx_word' id='word_1_614' title='bbox 2540 2810 2654 2848; x_wconf 89' lang='lat' dir='ltr'><strong>non</strong></span> <span class='ocrx_word' id='word_1_615' title='bbox 2696 2797 2968 2850; x_wconf 83' lang='lat' dir='ltr'><strong>fuissent.</strong></span> <span class='ocrx_word' id='word_1_616' title='bbox 3002 2797 3124 2861; x_wconf 89' lang='lat' dir='ltr'><strong>Quo</strong></span> <span class='ocrx_word' id='word_1_617' title='bbox 3172 2795 3344 2867; x_wconf 82' lang='lat' dir='ltr'><strong>igitur</strong></span> <span class='ocrx_word' id='word_1_618' title='bbox 3393 2801 3559 2866; x_wconf 89' lang='lat' dir='ltr'><strong>pacto</strong></span> <span class='ocrx_word' id='word_1_619' title='bbox 3589 2795 3744 2850; x_wconf 88' lang='lat' dir='ltr'><strong>bona</strong></span> 
     </span>
    </p>
   </div>
   <div class='ocr_carea' id='block_1_87' title="bbox 2099 2875 3745 2948">
    <p class='ocr_par' dir='ltr' id='par_1_87' title="bbox 2099 2875 3745 2948">
     <span class='ocr_line' id='line_1_88' title="bbox 2099 2875 3745 2948; baseline -0.001 -16"><span class='ocrx_word' id='word_1_620' title='bbox 2099 2893 2227 2932; x_wconf 89' lang='lat' dir='ltr'><strong>esse</strong></span> <span class='ocrx_word' id='word_1_621' title='bbox 2274 2877 2456 2946; x_wconf 88' lang='lat' dir='ltr'><strong>possit</strong></span> <span class='ocrx_word' id='word_1_622' title='bbox 2505 2876 2695 2942; x_wconf 90' lang='lat' dir='ltr'><strong>bonis,</strong></span> <span class='ocrx_word' id='word_1_623' title='bbox 2727 2892 2851 2948; x_wconf 68' lang='lat' dir='ltr'><strong>quae</strong></span> <span class='ocrx_word' id='word_1_624' title='bbox 2909 2876 3169 2933; x_wconf 88' lang='lat' dir='ltr'><strong>accidere</strong></span> <span class='ocrx_word' id='word_1_625' title='bbox 3221 2893 3334 2932; x_wconf 89' lang='lat' dir='ltr'><strong>non</strong></span> <span class='ocrx_word' id='word_1_626' title='bbox 3390 2880 3582 2946; x_wconf 89' lang='lat' dir='ltr'><strong>posset</strong></span> <span class='ocrx_word' id='word_1_627' title='bbox 3630 2875 3745 2930; x_wconf 85' lang='lat' dir='ltr'><strong>nisi</strong></span> 
     </span>
    </p>
   </div>
   <div class='ocr_carea' id='block_1_88' title="bbox 2100 2955 3743 3027">
    <p class='ocr_par' dir='ltr' id='par_1_88' title="bbox 2100 2955 3743 3027">
     <span class='ocr_line' id='line_1_89' title="bbox 2100 2955 3743 3027; baseline -0.002 -15"><span class='ocrx_word' id='word_1_628' title='bbox 2100 2957 2310 3012; x_wconf 86' lang='lat' dir='ltr'><strong>malis?</strong></span> <span class='ocrx_word' id='word_1_629' title='bbox 2339 2957 2448 3011; x_wconf 88' lang='lat' dir='ltr'><strong>Sed</strong></span> <span class='ocrx_word' id='word_1_630' title='bbox 2491 2973 2696 3011; x_wconf 89' lang='lat' dir='ltr'><strong>rursus</strong></span> <span class='ocrx_word' id='word_1_631' title='bbox 2746 2959 2791 3011; x_wconf 88' lang='lat' dir='ltr'><strong>si</strong></span> <span class='ocrx_word' id='word_1_632' title='bbox 2855 2957 3087 3012; x_wconf 88' lang='lat' dir='ltr'><strong>nonnisi</strong></span> <span class='ocrx_word' id='word_1_633' title='bbox 3124 2955 3290 3012; x_wconf 89' lang='lat' dir='ltr'><strong>malis</strong></span> <span class='ocrx_word' id='word_1_634' title='bbox 3348 2962 3543 3027; x_wconf 66' lang='lat' dir='ltr'><strong>posset</strong></span> <span class='ocrx_word' id='word_1_635' title='bbox 3591 2956 3743 3010; x_wconf 86' lang='lat' dir='ltr'><strong>acci-</strong></span> 
     </span>
    </p>
   </div>
   <div class='ocr_carea' id='block_1_89' title="bbox 2099 3036 3747 3108">
    <p class='ocr_par' dir='ltr' id='par_1_89' title="bbox 2099 3036 3747 3108">
     <span class='ocr_line' id='line_1_90' title="bbox 2099 3036 3747 3108; baseline -0.002 -14"><span class='ocrx_word' id='word_1_636' title='bbox 2099 3039 2257 3108; x_wconf 90' lang='lat' dir='ltr'><strong>dere,</strong></span> <span class='ocrx_word' id='word_1_637' title='bbox 2292 3055 2405 3093; x_wconf 89' lang='lat' dir='ltr'><strong>non</strong></span> <span class='ocrx_word' id='word_1_638' title='bbox 2438 3038 2670 3093; x_wconf 88' lang='lat' dir='ltr'><strong>deberet</strong></span> <span class='ocrx_word' id='word_1_639' title='bbox 2705 3038 2873 3093; x_wconf 87' lang='lat' dir='ltr'><strong>bonis</strong></span> <span class='ocrx_word' id='word_1_640' title='bbox 2906 3038 3058 3093; x_wconf 89' lang='lat' dir='ltr'><strong>bona</strong></span> <span class='ocrx_word' id='word_1_641' title='bbox 3097 3053 3246 3105; x_wconf 90' lang='lat' dir='ltr'><strong>esse,</strong></span> <span class='ocrx_word' id='word_1_642' title='bbox 3279 3038 3380 3092; x_wconf 91' lang='lat' dir='ltr'><strong>sed</strong></span> <span class='ocrx_word' id='word_1_643' title='bbox 3414 3037 3592 3092; x_wconf 88' lang='lat' dir='ltr'><strong>nulla.</strong></span> <span class='ocrx_word' id='word_1_644' title='bbox 3628 3036 3747 3090; x_wconf 88' lang='lat' dir='ltr'><strong>Cur</strong></span> 
     </span>
    </p>
   </div>
   <div class='ocr_carea' id='block_1_90' title="bbox 2098 3116 3747 3189">
    <p class='ocr_par' dir='ltr' id='par_1_90' title="bbox 2098 3116 3747 3189">
     <span class='ocr_line' id='line_1_91' title="bbox 2098 3116 3747 3189; baseline -0.001 -15"><span class='ocrx_word' id='word_1_645' title='bbox 2098 3121 2250 3175; x_wconf 90' lang='lat' dir='ltr'><strong>enim</strong></span> <span class='ocrx_word' id='word_1_646' title='bbox 2283 3124 2438 3174; x_wconf 89' lang='lat' dir='ltr'><strong>esset</strong></span> <span class='ocrx_word' id='word_1_647' title='bbox 2480 3119 2599 3173; x_wconf 91' lang='lat' dir='ltr'><strong>ulla</strong></span> <span class='ocrx_word' id='word_1_648' title='bbox 2642 3135 2830 3189; x_wconf 77' lang='lat' dir='ltr'><strong>pmna,</strong></span> <span class='ocrx_word' id='word_1_649' title='bbox 2864 3119 2923 3173; x_wconf 92' lang='lat' dir='ltr'><strong>in</strong></span> <span class='ocrx_word' id='word_1_650' title='bbox 2969 3119 3186 3189; x_wconf 86' lang='lat' dir='ltr'><strong>quibus</strong></span> <span class='ocrx_word' id='word_1_651' title='bbox 3247 3135 3360 3173; x_wconf 92' lang='lat' dir='ltr'><strong>non</strong></span> <span class='ocrx_word' id='word_1_652' title='bbox 3401 3122 3598 3172; x_wconf 89' lang='lat' dir='ltr'><strong>essent</strong></span> <span class='ocrx_word' id='word_1_653' title='bbox 3631 3116 3747 3172; x_wconf 90' lang='lat' dir='ltr'><strong>ulla</strong></span> 
     </span>
    </p>
   </div>
   <div class='ocr_carea' id='block_1_91' title="bbox 2100 3195 3746 3272">
    <p class='ocr_par' dir='ltr' id='par_1_91' title="bbox 2100 3195 3746 3272">
     <span class='ocr_line' id='line_1_92' title="bbox 2100 3195 3746 3272; baseline -0.004 -17"><span class='ocrx_word' id='word_1_654' title='bbox 2100 3201 2442 3272; x_wconf 88' lang='lat' dir='ltr'><strong>punienda?</strong></span> <span class='ocrx_word' id='word_1_655' title='bbox 2472 3201 2834 3269; x_wconf 88' lang='lat' dir='ltr'><strong>Quapropter</strong></span> <span class='ocrx_word' id='word_1_656' title='bbox 2866 3199 3164 3253; x_wconf 82' lang='lat' dir='ltr'><strong>fatendum</strong></span> <span class='ocrx_word' id='word_1_657' title='bbox 3217 3207 3322 3265; x_wconf 85' lang='lat' dir='ltr'><strong>est,</strong></span> <span class='ocrx_word' id='word_1_658' title='bbox 3357 3198 3577 3269; x_wconf 88' lang='lat' dir='ltr'><strong>primos</strong></span> <span class='ocrx_word' id='word_1_659' title='bbox 3623 3195 3746 3266; x_wconf 86' lang='lat' dir='ltr'><strong>qui-</strong></span> 
     </span>
    </p>
   </div>
   <div class='ocr_carea' id='block_1_92' title="bbox 2098 3279 3748 3349">
    <p class='ocr_par' dir='ltr' id='par_1_92' title="bbox 2098 3279 3748 3349">
     <span class='ocr_line' id='line_1_93' title="bbox 2098 3279 3748 3349; baseline -0.003 -12"><span class='ocrx_word' id='word_1_660' title='bbox 2098 3283 2230 3337; x_wconf 89' lang='lat' dir='ltr'><strong>dem</strong></span> <span class='ocrx_word' id='word_1_661' title='bbox 2281 3281 2545 3336; x_wconf 89' lang='lat' dir='ltr'><strong>homines</strong></span> <span class='ocrx_word' id='word_1_662' title='bbox 2576 3281 2656 3336; x_wconf 88' lang='lat' dir='ltr'><strong>ita</strong></span> <span class='ocrx_word' id='word_1_663' title='bbox 2689 3280 2862 3335; x_wconf 80' lang='lat' dir='ltr'><strong>fuisse</strong></span> <span class='ocrx_word' id='word_1_664' title='bbox 2897 3279 3221 3346; x_wconf 88' lang='lat' dir='ltr'><strong>institutos,</strong></span> <span class='ocrx_word' id='word_1_665' title='bbox 3257 3283 3340 3346; x_wconf 91' lang='lat' dir='ltr'><strong>ut,</strong></span> <span class='ocrx_word' id='word_1_666' title='bbox 3376 3279 3423 3334; x_wconf 89' lang='lat' dir='ltr'><strong>si</strong></span> <span class='ocrx_word' id='word_1_667' title='bbox 3471 3296 3583 3333; x_wconf 91' lang='lat' dir='ltr'><strong>non</strong></span> <span class='ocrx_word' id='word_1_668' title='bbox 3618 3294 3748 3349; x_wconf 91' lang='lat' dir='ltr'><strong>pec-</strong></span> 
     </span>
    </p>
   </div>
   <div class='ocr_carea' id='block_1_93' title="bbox 2102 3356 3748 3429">
    <p class='ocr_par' dir='ltr' id='par_1_93' title="bbox 2102 3356 3748 3429">
     <span class='ocr_line' id='line_1_94' title="bbox 2102 3356 3748 3429; baseline -0.005 -13"><span class='ocrx_word' id='word_1_669' title='bbox 2102 3367 2354 3425; x_wconf 88' lang='lat' dir='ltr'><strong>cassent,</strong></span> <span class='ocrx_word' id='word_1_670' title='bbox 2390 3359 2620 3413; x_wconf 89' lang='lat' dir='ltr'><strong>nullum</strong></span> <span class='ocrx_word' id='word_1_671' title='bbox 2673 3359 2872 3413; x_wconf 89' lang='lat' dir='ltr'><strong>mortis</strong></span> <span class='ocrx_word' id='word_1_672' title='bbox 2906 3360 3304 3429; x_wconf 80' lang='lat' dir='ltr'><strong>experirentur</strong></span> <span class='ocrx_word' id='word_1_673' title='bbox 3350 3373 3536 3426; x_wconf 88' lang='lat' dir='ltr'><strong>genus</strong></span> <span class='ocrx_word' id='word_1_674' title='bbox 3580 3375 3592 3411; x_wconf 92' lang='lat'>:</span> <span class='ocrx_word' id='word_1_675' title='bbox 3649 3356 3748 3411; x_wconf 87' lang='lat' dir='ltr'><strong>sed</strong></span> 
     </span>
    </p>
   </div>
   <div class='ocr_carea' id='block_1_94' title="bbox 2101 3435 3751 3508">
    <p class='ocr_par' dir='ltr' id='par_1_94' title="bbox 2101 3435 3751 3508">
     <span class='ocr_line' id='line_1_95' title="bbox 2101 3435 3751 3508; baseline -0.004 -14"><span class='ocrx_word' id='word_1_676' title='bbox 2101 3441 2328 3495; x_wconf 91' lang='lat' dir='ltr'><strong>eosdem</strong></span> <span class='ocrx_word' id='word_1_677' title='bbox 2363 3442 2583 3508; x_wconf 89' lang='lat' dir='ltr'><strong>primos</strong></span> <span class='ocrx_word' id='word_1_678' title='bbox 2615 3447 2943 3508; x_wconf 84' lang='lat' dir='ltr'><strong>peccatores</strong></span> <span class='ocrx_word' id='word_1_679' title='bbox 2975 3441 3056 3491; x_wconf 88' lang='lat' dir='ltr'><strong>ita</strong></span> <span class='ocrx_word' id='word_1_680' title='bbox 3086 3438 3264 3492; x_wconf 79' lang='lat' dir='ltr'><strong>fuisse</strong></span> <span class='ocrx_word' id='word_1_681' title='bbox 3295 3445 3477 3490; x_wconf 90' lang='lat' dir='ltr'><strong>morte</strong></span> <span class='ocrx_word' id='word_1_682' title='bbox 3511 3435 3751 3489; x_wconf 82' lang='lat' dir='ltr'><strong>mulcta-</strong></span> 
     </span>
    </p>
   </div>
   <div class='ocr_carea' id='block_1_95' title="bbox 2102 3516 3750 3588">
    <p class='ocr_par' dir='ltr' id='par_1_95' title="bbox 2102 3516 3750 3588">
     <span class='ocr_line' id='line_1_96' title="bbox 2102 3516 3750 3588; baseline -0.004 -15"><span class='ocrx_word' id='word_1_683' title='bbox 2102 3525 2210 3583; x_wconf 87' lang='lat' dir='ltr'><strong>tos,</strong></span> <span class='ocrx_word' id='word_1_684' title='bbox 2246 3523 2308 3572; x_wconf 91' lang='lat' dir='ltr'><strong>ut</strong></span> <span class='ocrx_word' id='word_1_685' title='bbox 2337 3521 2501 3572; x_wconf 85' lang='lat' dir='ltr'><strong>etiam</strong></span> <span class='ocrx_word' id='word_1_686' title='bbox 2535 3517 2817 3588; x_wconf 89' lang='lat' dir='ltr'><strong>quidquid</strong></span> <span class='ocrx_word' id='word_1_687' title='bbox 2852 3517 2920 3570; x_wconf 91' lang='lat' dir='ltr'><strong>de</strong></span> <span class='ocrx_word' id='word_1_688' title='bbox 2951 3532 3149 3570; x_wconf 90' lang='lat' dir='ltr'><strong>eorum</strong></span> <span class='ocrx_word' id='word_1_689' title='bbox 3193 3516 3373 3584; x_wconf 87' lang='lat' dir='ltr'><strong>stirpe</strong></span> <span class='ocrx_word' id='word_1_690' title='bbox 3405 3522 3554 3568; x_wconf 85' lang='lat' dir='ltr'><strong>esset</strong></span> <span class='ocrx_word' id='word_1_691' title='bbox 3586 3529 3750 3568; x_wconf 84' lang='lat' dir='ltr'><strong>exor—</strong></span> 
     </span>
    </p>
   </div>
   <div class='ocr_carea' id='block_1_96' title="bbox 2102 3590 3749 3666">
    <p class='ocr_par' dir='ltr' id='par_1_96' title="bbox 2102 3590 3749 3666">
     <span class='ocr_line' id='line_1_97' title="bbox 2102 3590 3749 3666; baseline -0.005 -14"><span class='ocrx_word' id='word_1_692' title='bbox 2102 3602 2251 3662; x_wconf 89' lang='lat' dir='ltr'><strong>tum,</strong></span> <span class='ocrx_word' id='word_1_693' title='bbox 2313 3597 2496 3651; x_wconf 90' lang='lat' dir='ltr'><strong>eidem</strong></span> <span class='ocrx_word' id='word_1_694' title='bbox 2541 3613 2718 3666; x_wconf 58' lang='lat' dir='ltr'><strong>poenae</strong></span> <span class='ocrx_word' id='word_1_695' title='bbox 2779 3600 3071 3648; x_wconf 82' lang='lat' dir='ltr'><strong>teneretur</strong></span> <span class='ocrx_word' id='word_1_696' title='bbox 3131 3597 3145 3628; x_wconf 85' lang='grc'>¹</span> <span class='ocrx_word' id='word_1_697' title='bbox 3225 3593 3562 3647; x_wconf 82' lang='lat' dir='ltr'><strong>obnoxium.</strong></span> <span class='ocrx_word' id='word_1_698' title='bbox 3623 3590 3749 3645; x_wconf 90' lang='lat' dir='ltr'><strong>Non</strong></span> 
     </span>
    </p>
   </div>
   <div class='ocr_carea' id='block_1_97' title="bbox 2105 3672 3753 3745">
    <p class='ocr_par' dir='ltr' id='par_1_97' title="bbox 2105 3672 3753 3745">
     <span class='ocr_line' id='line_1_98' title="bbox 2105 3672 3753 3745; baseline -0.007 -10"><span class='ocrx_word' id='word_1_699' title='bbox 2105 3679 2260 3735; x_wconf 85' lang='lat' dir='ltr'><strong>enim</strong></span> <span class='ocrx_word' id='word_1_700' title='bbox 2293 3676 2449 3731; x_wconf 87' lang='lat' dir='ltr'><strong>aliud</strong></span> <span class='ocrx_word' id='word_1_701' title='bbox 2482 3691 2550 3730; x_wconf 89' lang='lat' dir='ltr'><strong>ex</strong></span> <span class='ocrx_word' id='word_1_702' title='bbox 2588 3676 2693 3737; x_wconf 88' lang='lat' dir='ltr'><strong>eis.</strong></span> <span class='ocrx_word' id='word_1_703' title='bbox 2727 3690 2901 3745; x_wconf 86' lang='lat' dir='ltr'><strong>quam</strong></span> <span class='ocrx_word' id='word_1_704' title='bbox 2939 3674 3094 3744; x_wconf 91' lang='lat' dir='ltr'><strong>quod</strong></span> <span class='ocrx_word' id='word_1_705' title='bbox 3128 3672 3239 3742; x_wconf 88' lang='lat' dir='ltr'><strong>ipsi</strong></span> <span class='ocrx_word' id='word_1_706' title='bbox 3273 3673 3516 3735; x_wconf 83' lang='lat' dir='ltr'><strong>fuerant,</strong></span> <span class='ocrx_word' id='word_1_707' title='bbox 3553 3687 3753 3724; x_wconf 81' lang='lat' dir='ltr'><strong>nasce-</strong></span> 
     </span>
    </p>
   </div>
   <div class='ocr_carea' id='block_1_98' title="bbox 2107 3751 3755 3825">
    <p class='ocr_par' dir='ltr' id='par_1_98' title="bbox 2107 3751 3755 3825">
     <span class='ocr_line' id='line_1_99' title="bbox 2107 3751 3755 3825; baseline -0.006 -13"><span class='ocrx_word' id='word_1_708' title='bbox 2107 3763 2280 3812; x_wconf 89' lang='lat' dir='ltr'><strong>retur.</strong></span> <span class='ocrx_word' id='word_1_709' title='bbox 2318 3756 2421 3810; x_wconf 90' lang='lat' dir='ltr'><strong>Pro</strong></span> <span class='ocrx_word' id='word_1_710' title='bbox 2456 3754 2858 3825; x_wconf 86' lang='lat' dir='ltr'><strong>magnitudine</strong></span> <span class='ocrx_word' id='word_1_711' title='bbox 2891 3754 3102 3824; x_wconf 91' lang='lat' dir='ltr'><strong>quippe</strong></span> <span class='ocrx_word' id='word_1_712' title='bbox 3143 3752 3325 3822; x_wconf 65' lang='lat' dir='ltr'><strong>culpm</strong></span> <span class='ocrx_word' id='word_1_713' title='bbox 3376 3751 3533 3805; x_wconf 89' lang='lat' dir='ltr'><strong>illius</strong></span> <span class='ocrx_word' id='word_1_714' title='bbox 3581 3758 3755 3804; x_wconf 88' lang='lat' dir='ltr'><strong>natu-</strong></span> 
     </span>
    </p>
   </div>
   <div class='ocr_carea' id='block_1_99' title="bbox 2107 3831 3756 3904">
    <p class='ocr_par' dir='ltr' id='par_1_99' title="bbox 2107 3831 3756 3904">
     <span class='ocr_line' id='line_1_100' title="bbox 2107 3831 3756 3904; baseline -0.007 -11"><span class='ocrx_word' id='word_1_715' title='bbox 2107 3855 2230 3893; x_wconf 89' lang='lat' dir='ltr'><strong>ram</strong></span> <span class='ocrx_word' id='word_1_716' title='bbox 2262 3836 2559 3892; x_wconf 87' lang='lat' dir='ltr'><strong>damnatio</strong></span> <span class='ocrx_word' id='word_1_717' title='bbox 2594 3835 2833 3888; x_wconf 89' lang='lat' dir='ltr'><strong>mutavit</strong></span> <span class='ocrx_word' id='word_1_718' title='bbox 2865 3835 2923 3888; x_wconf 90' lang='lat' dir='ltr'><strong>in</strong></span> <span class='ocrx_word' id='word_1_719' title='bbox 2954 3835 3154 3904; x_wconf 83' lang='lat' dir='ltr'><strong>pejus;</strong></span> <span class='ocrx_word' id='word_1_720' title='bbox 3180 3837 3238 3886; x_wconf 88' lang='lat' dir='ltr'><strong>ut</strong></span> <span class='ocrx_word' id='word_1_721' title='bbox 3271 3833 3419 3903; x_wconf 91' lang='lat' dir='ltr'><strong>quod</strong></span> <span class='ocrx_word' id='word_1_722' title='bbox 3455 3831 3756 3902; x_wconf 75' lang='lat' dir='ltr'><strong>pmnaliter</strong></span> 
     </span>
    </p>
   </div>
   <div class='ocr_carea' id='block_1_100' title="bbox 2109 3910 3755 3989">
    <p class='ocr_par' dir='ltr' id='par_1_100' title="bbox 2109 3910 3755 3989">
     <span class='ocr_line' id='line_1_101' title="bbox 2109 3910 3755 3989; baseline -0.007 -17"><span class='ocrx_word' id='word_1_723' title='bbox 2109 3916 2401 3989; x_wconf 68' lang='lat' dir='ltr'><strong>praecessit</strong></span> <span class='ocrx_word' id='word_1_724' title='bbox 2435 3915 2490 3968; x_wconf 86' lang='lat' dir='ltr'><strong>in</strong></span> <span class='ocrx_word' id='word_1_725' title='bbox 2527 3913 2900 3983; x_wconf 86' lang='lat' dir='ltr'><strong>peccantibus</strong></span> <span class='ocrx_word' id='word_1_726' title='bbox 2933 3911 3271 3966; x_wconf 89' lang='lat' dir='ltr'><strong>hominibus</strong></span> <span class='ocrx_word' id='word_1_727' title='bbox 3323 3910 3549 3982; x_wconf 89' lang='lat' dir='ltr'><strong>primis,</strong></span> <span class='ocrx_word' id='word_1_728' title='bbox 3582 3911 3755 3963; x_wconf 87' lang='lat' dir='ltr'><strong>etiam</strong></span> 
     </span>
    </p>
   </div>
   <div class='ocr_carea' id='block_1_101' title="bbox 2110 3989 3756 4065">
    <p class='ocr_par' dir='ltr' id='par_1_101' title="bbox 2110 3989 3756 4065">
     <span class='ocr_line' id='line_1_102' title="bbox 2110 3989 3756 4065; baseline -0.005 -13"><span class='ocrx_word' id='word_1_729' title='bbox 2110 3996 2453 4052; x_wconf 89' lang='lat' dir='ltr'><strong>naturaliter</strong></span> <span class='ocrx_word' id='word_1_730' title='bbox 2482 3999 2819 4065; x_wconf 88' lang='lat' dir='ltr'><strong>sequeretur</strong></span> <span class='ocrx_word' id='word_1_731' title='bbox 2850 3994 2908 4048; x_wconf 92' lang='lat' dir='ltr'><strong>in</strong></span> <span class='ocrx_word' id='word_1_732' title='bbox 2945 3993 3318 4048; x_wconf 88' lang='lat' dir='ltr'><strong>nascentibus</strong></span> <span class='ocrx_word' id='word_1_733' title='bbox 3358 3991 3602 4047; x_wconf 68' lang='lat' dir='ltr'><strong>caeteris.</strong></span> <span class='ocrx_word' id='word_1_734' title='bbox 3643 3989 3756 4044; x_wconf 86' lang='lat' dir='ltr'><strong>Ne-</strong></span> 
     </span>
    </p>
   </div>
   <div class='ocr_carea' id='block_1_102' title="bbox 2109 4065 3760 4150">
    <p class='ocr_par' dir='ltr' id='par_1_102' title="bbox 2109 4065 3760 4150">
     <span class='ocr_line' id='line_1_103' title="bbox 2109 4065 3760 4150; baseline -0.006 -16"><span class='ocrx_word' id='word_1_735' title='bbox 2109 4094 2220 4150; x_wconf 91' lang='lat' dir='ltr'><strong>que</strong></span> <span class='ocrx_word' id='word_1_736' title='bbox 2239 4078 2396 4134; x_wconf 89' lang='lat' dir='ltr'><strong>enim</strong></span> <span class='ocrx_word' id='word_1_737' title='bbox 2428 4076 2510 4130; x_wconf 91' lang='lat' dir='ltr'><strong>ita</strong></span> <span class='ocrx_word' id='word_1_738' title='bbox 2541 4076 2712 4130; x_wconf 91' lang='lat' dir='ltr'><strong>homo</strong></span> <span class='ocrx_word' id='word_1_739' title='bbox 2745 4091 2813 4130; x_wconf 81' lang='lat' dir='ltr'><strong>ex</strong></span> <span class='ocrx_word' id='word_1_740' title='bbox 2853 4073 3108 4140; x_wconf 88' lang='lat' dir='ltr'><strong>homine,</strong></span> <span class='ocrx_word' id='word_1_741' title='bbox 3140 4065 3291 4128; x_wconf 81' lang='lat' dir='ltr'><strong>sicut</strong></span> <span class='ocrx_word' id='word_1_742' title='bbox 3324 4073 3496 4128; x_wconf 90' lang='lat' dir='ltr'><strong>homo</strong></span> <span class='ocrx_word' id='word_1_743' title='bbox 3526 4087 3595 4125; x_wconf 82' lang='lat' dir='ltr'><strong>ex</strong></span> <span class='ocrx_word' id='word_1_744' title='bbox 3627 4070 3760 4142; x_wconf 90' lang='lat' dir='ltr'><strong>pul-</strong></span> 
     </span>
    </p>
   </div>
   <div class='ocr_carea' id='block_1_103' title="bbox 2111 4151 3760 4226">
    <p class='ocr_par' dir='ltr' id='par_1_103' title="bbox 2111 4151 3760 4226">
     <span class='ocr_line' id='line_1_104' title="bbox 2111 4151 3760 4226; baseline -0.007 -10"><span class='ocrx_word' id='word_1_745' title='bbox 2111 4175 2259 4216; x_wconf 89' lang='lat' dir='ltr'><strong>vere.</strong></span> <span class='ocrx_word' id='word_1_746' title='bbox 2319 4159 2517 4214; x_wconf 90' lang='lat' dir='ltr'><strong>Pulvis</strong></span> <span class='ocrx_word' id='word_1_747' title='bbox 2574 4171 2826 4226; x_wconf 88' lang='lat' dir='ltr'><strong>namque</strong></span> <span class='ocrx_word' id='word_1_748' title='bbox 2884 4153 3107 4210; x_wconf 89' lang='lat' dir='ltr'><strong>homini</strong></span> <span class='ocrx_word' id='word_1_749' title='bbox 3169 4154 3431 4210; x_wconf 76' lang='lat' dir='ltr'><strong>faciendo</strong></span> <span class='ocrx_word' id='word_1_750' title='bbox 3491 4151 3760 4207; x_wconf 87' lang='lat' dir='ltr'><strong>materies</strong></span> 
     </span>
    </p>
   </div>
   <div class='ocr_carea' id='block_1_104' title="bbox 2114 4233 3756 4305">
    <p class='ocr_par' dir='ltr' id='par_1_104' title="bbox 2114 4233 3756 4305">
     <span class='ocr_line' id='line_1_105' title="bbox 2114 4233 3756 4305; baseline -0.008 -9"><span class='ocrx_word' id='word_1_751' title='bbox 2114 4241 2222 4296; x_wconf 82' lang='lat' dir='ltr'><strong>fuit</strong></span> <span class='ocrx_word' id='word_1_752' title='bbox 2290 4257 2303 4297; x_wconf 89' lang='lat'>:</span> <span class='ocrx_word' id='word_1_753' title='bbox 2374 4239 2546 4294; x_wconf 91' lang='lat' dir='ltr'><strong>homo</strong></span> <span class='ocrx_word' id='word_1_754' title='bbox 2614 4240 2808 4292; x_wconf 89' lang='lat' dir='ltr'><strong>autem</strong></span> <span class='ocrx_word' id='word_1_755' title='bbox 2878 4233 3101 4289; x_wconf 88' lang='lat' dir='ltr'><strong>homini</strong></span> <span class='ocrx_word' id='word_1_756' title='bbox 3161 4234 3452 4305; x_wconf 83' lang='lat' dir='ltr'><strong>gignendo</strong></span> <span class='ocrx_word' id='word_1_757' title='bbox 3531 4247 3756 4303; x_wconf 88' lang='lat' dir='ltr'><strong>parens.</strong></span> 
     </span>
    </p>
   </div>
   <div class='ocr_carea' id='block_1_105' title="bbox 2112 4309 3762 4390">
    <p class='ocr_par' dir='ltr' id='par_1_105' title="bbox 2112 4309 3762 4390">
     <span class='ocr_line' id='line_1_106' title="bbox 2112 4309 3762 4390; baseline -0.005 -15"><span class='ocrx_word' id='word_1_758' title='bbox 2112 4321 2356 4376; x_wconf 87' lang='lat' dir='ltr'><strong>Proinde</strong></span> <span class='ocrx_word' id='word_1_759' title='bbox 2385 4319 2537 4390; x_wconf 89' lang='lat' dir='ltr'><strong>quod</strong></span> <span class='ocrx_word' id='word_1_760' title='bbox 2571 4323 2656 4372; x_wconf 90' lang='lat' dir='ltr'><strong>est</strong></span> <span class='ocrx_word' id='word_1_761' title='bbox 2687 4323 2860 4382; x_wconf 89' lang='lat' dir='ltr'><strong>terra,</strong></span> <span class='ocrx_word' id='word_1_762' title='bbox 2894 4331 3009 4371; x_wconf 91' lang='lat' dir='ltr'><strong>non</strong></span> <span class='ocrx_word' id='word_1_763' title='bbox 3043 4315 3150 4369; x_wconf 92' lang='lat' dir='ltr'><strong>hoc</strong></span> <span class='ocrx_word' id='word_1_764' title='bbox 3183 4323 3267 4369; x_wconf 89' lang='lat' dir='ltr'><strong>est</strong></span> <span class='ocrx_word' id='word_1_765' title='bbox 3290 4330 3460 4378; x_wconf 87' lang='lat' dir='ltr'><strong>caro;</strong></span> <span class='ocrx_word' id='word_1_766' title='bbox 3495 4309 3762 4384; x_wconf 87' lang='lat' dir='ltr'><strong>quamvis</strong></span> 
     </span>
    </p>
   </div>
   <div class='ocr_carea' id='block_1_106' title="bbox 2111 4395 3761 4464">
    <p class='ocr_par' dir='ltr' id='par_1_106' title="bbox 2111 4395 3761 4464">
     <span class='ocr_line' id='line_1_107' title="bbox 2111 4395 3761 4464; baseline -0.007 -8"><span class='ocrx_word' id='word_1_767' title='bbox 2111 4417 2178 4456; x_wconf 81' lang='lat' dir='ltr'><strong>ex</strong></span> <span class='ocrx_word' id='word_1_768' title='bbox 2224 4407 2376 4456; x_wconf 89' lang='lat' dir='ltr'><strong>terra</strong></span> <span class='ocrx_word' id='word_1_769' title='bbox 2432 4401 2582 4454; x_wconf 83' lang='lat' dir='ltr'><strong>facta</strong></span> <span class='ocrx_word' id='word_1_770' title='bbox 2631 4397 2704 4452; x_wconf 88' lang='lat' dir='ltr'><strong>sit</strong></span> <span class='ocrx_word' id='word_1_771' title='bbox 2761 4412 2912 4451; x_wconf 91' lang='lat' dir='ltr'><strong>caro.</strong></span> <span class='ocrx_word' id='word_1_772' title='bbox 2954 4395 3115 4460; x_wconf 92' lang='lat' dir='ltr'><strong>Quod</strong></span> <span class='ocrx_word' id='word_1_773' title='bbox 3173 4399 3261 4450; x_wconf 90' lang='lat' dir='ltr'><strong>est</strong></span> <span class='ocrx_word' id='word_1_774' title='bbox 3313 4402 3504 4449; x_wconf 90' lang='lat' dir='ltr'><strong>autem</strong></span> <span class='ocrx_word' id='word_1_775' title='bbox 3552 4407 3761 4464; x_wconf 87' lang='lat' dir='ltr'><strong>parens</strong></span> 
     </span>
    </p>
   </div>
   <div class='ocr_carea' id='block_1_107' title="bbox 2115 4472 3762 4547">
    <p class='ocr_par' dir='ltr' id='par_1_107' title="bbox 2115 4472 3762 4547">
     <span class='ocr_line' id='line_1_108' title="bbox 2115 4472 3762 4547; baseline -0.007 -10"><span class='ocrx_word' id='word_1_776' title='bbox 2115 4483 2309 4546; x_wconf 86' lang='lat' dir='ltr'><strong>homo,</strong></span> <span class='ocrx_word' id='word_1_777' title='bbox 2343 4480 2450 4535; x_wconf 92' lang='lat' dir='ltr'><strong>hoc</strong></span> <span class='ocrx_word' id='word_1_778' title='bbox 2479 4484 2563 4534; x_wconf 89' lang='lat' dir='ltr'><strong>est</strong></span> <span class='ocrx_word' id='word_1_779' title='bbox 2592 4483 2649 4532; x_wconf 88' lang='lat' dir='ltr'><strong>et</strong></span> <span class='ocrx_word' id='word_1_780' title='bbox 2680 4475 2870 4547; x_wconf 89' lang='lat' dir='ltr'><strong>proles</strong></span> <span class='ocrx_word' id='word_1_781' title='bbox 2903 4476 3096 4531; x_wconf 90' lang='lat' dir='ltr'><strong>homo.</strong></span> <span class='ocrx_word' id='word_1_782' title='bbox 3133 4475 3194 4529; x_wconf 90' lang='lat' dir='ltr'><strong>In</strong></span> <span class='ocrx_word' id='word_1_783' title='bbox 3229 4476 3418 4545; x_wconf 92' lang='lat' dir='ltr'><strong>primo</strong></span> <span class='ocrx_word' id='word_1_784' title='bbox 3448 4473 3628 4544; x_wconf 88' lang='lat' dir='ltr'><strong>igitur</strong></span> <span class='ocrx_word' id='word_1_785' title='bbox 3658 4472 3762 4527; x_wconf 90' lang='lat' dir='ltr'><strong>ho-</strong></span> 
     </span>
    </p>
   </div>
   <div class='ocr_carea' id='block_1_108' title="bbox 2113 4551 3766 4630">
    <p class='ocr_par' dir='ltr' id='par_1_108' title="bbox 2113 4551 3766 4630">
     <span class='ocr_line' id='line_1_109' title="bbox 2113 4551 3766 4630; baseline -0.007 -14"><span class='ocrx_word' id='word_1_786' title='bbox 2113 4562 2271 4616; x_wconf 89' lang='lat' dir='ltr'><strong>mine</strong></span> <span class='ocrx_word' id='word_1_787' title='bbox 2303 4577 2402 4630; x_wconf 90' lang='lat' dir='ltr'><strong>per</strong></span> <span class='ocrx_word' id='word_1_788' title='bbox 2433 4559 2708 4613; x_wconf 83' lang='lat' dir='ltr'><strong>feminam</strong></span> <span class='ocrx_word' id='word_1_789' title='bbox 2742 4558 2802 4612; x_wconf 91' lang='lat' dir='ltr'><strong>in</strong></span> <span class='ocrx_word' id='word_1_790' title='bbox 2846 4555 3180 4628; x_wconf 88' lang='lat' dir='ltr'><strong>progeniem</strong></span> <span class='ocrx_word' id='word_1_791' title='bbox 3213 4555 3602 4610; x_wconf 89' lang='lat' dir='ltr'><strong>transiturum</strong></span> <span class='ocrx_word' id='word_1_792' title='bbox 3640 4551 3766 4606; x_wconf 90' lang='lat' dir='ltr'><strong>uni-</strong></span> 
     </span>
    </p>
   </div>
   <div class='ocr_carea' id='block_1_109' title="bbox 2114 4633 3762 4712">
    <p class='ocr_par' dir='ltr' id='par_1_109' title="bbox 2114 4633 3762 4712">
     <span class='ocr_line' id='line_1_110' title="bbox 2114 4633 3762 4712; baseline -0.008 -15"><span class='ocrx_word' id='word_1_793' title='bbox 2114 4658 2349 4698; x_wconf 88' lang='lat' dir='ltr'><strong>versum</strong></span> <span class='ocrx_word' id='word_1_794' title='bbox 2395 4657 2581 4712; x_wconf 87' lang='lat' dir='ltr'><strong>genus</strong></span> <span class='ocrx_word' id='word_1_795' title='bbox 2624 4640 2940 4693; x_wconf 85' lang='lat' dir='ltr'><strong>humanum</strong></span> <span class='ocrx_word' id='word_1_796' title='bbox 2976 4638 3100 4699; x_wconf 84' lang='lat' dir='ltr'><strong>fuit,</strong></span> <span class='ocrx_word' id='word_1_797' title='bbox 3134 4638 3368 4705; x_wconf 90' lang='lat' dir='ltr'><strong>quando</strong></span> <span class='ocrx_word' id='word_1_798' title='bbox 3421 4635 3517 4688; x_wconf 92' lang='lat' dir='ltr'><strong>illa</strong></span> <span class='ocrx_word' id='word_1_799' title='bbox 3557 4633 3762 4700; x_wconf 88' lang='lat' dir='ltr'><strong>conju-</strong></span> 
     </span>
    </p>
   </div>
   <div class='ocr_carea' id='block_1_110' title="bbox 2116 4712 3765 4795">
    <p class='ocr_par' dir='ltr' id='par_1_110' title="bbox 2116 4712 3765 4795">
     <span class='ocr_line' id='line_1_111' title="bbox 2116 4712 3765 4795; baseline -0.007 -17"><span class='ocrx_word' id='word_1_800' title='bbox 2116 4740 2252 4795; x_wconf 89' lang='lat' dir='ltr'><strong>gum</strong></span> <span class='ocrx_word' id='word_1_801' title='bbox 2286 4722 2492 4793; x_wconf 90' lang='lat' dir='ltr'><strong>copula</strong></span> <span class='ocrx_word' id='word_1_802' title='bbox 2539 4720 2797 4776; x_wconf 89' lang='lat' dir='ltr'><strong>divinam</strong></span> <span class='ocrx_word' id='word_1_803' title='bbox 2830 4717 3176 4773; x_wconf 86' lang='lat' dir='ltr'><strong>sententiam</strong></span> <span class='ocrx_word' id='word_1_804' title='bbox 3225 4731 3338 4770; x_wconf 69' lang='lat' dir='ltr'><strong>suae</strong></span> <span class='ocrx_word' id='word_1_805' title='bbox 3373 4712 3765 4768; x_wconf 83' lang='lat' dir='ltr'><strong>damnationis</strong></span> 
     </span>
    </p>
   </div>
   <div class='ocr_carea' id='block_1_111' title="bbox 2116 4798 3770 4874">
    <p class='ocr_par' dir='ltr' id='par_1_111' title="bbox 2116 4798 3770 4874">
     <span class='ocr_line' id='line_1_112' title="bbox 2116 4798 3770 4874; baseline -0.01 -15"><span class='ocrx_word' id='word_1_806' title='bbox 2116 4801 2334 4874; x_wconf 82' lang='lat' dir='ltr'><strong>excepit</strong></span> <span class='ocrx_word' id='word_1_807' title='bbox 2366 4819 2380 4858; x_wconf 88' lang='lat'><strong>:</strong></span> <span class='ocrx_word' id='word_1_808' title='bbox 2413 4807 2471 4858; x_wconf 92' lang='lat' dir='ltr'><strong>et</strong></span> <span class='ocrx_word' id='word_1_809' title='bbox 2493 4801 2648 4873; x_wconf 92' lang='lat' dir='ltr'><strong>quod</strong></span> <span class='ocrx_word' id='word_1_810' title='bbox 2683 4800 2855 4853; x_wconf 90' lang='lat' dir='ltr'><strong>homo</strong></span> <span class='ocrx_word' id='word_1_811' title='bbox 2882 4798 3070 4851; x_wconf 81' lang='lat' dir='ltr'><strong>factus</strong></span> <span class='ocrx_word' id='word_1_812' title='bbox 3105 4798 3350 4858; x_wconf 88' lang='lat' dir='ltr'><strong>est,non</strong></span> <span class='ocrx_word' id='word_1_813' title='bbox 3382 4808 3511 4874; x_wconf 81' lang='lat' dir='ltr'><strong>cum</strong></span> <span class='ocrx_word' id='word_1_814' title='bbox 3547 4805 3770 4874; x_wconf 81' lang='lat' dir='ltr'><strong>creare-</strong></span> 
     </span>
    </p>
   </div>
   <div class='ocr_carea' id='block_1_112' title="bbox 2114 4870 3766 4953">
    <p class='ocr_par' dir='ltr' id='par_1_112' title="bbox 2114 4870 3766 4953">
     <span class='ocr_line' id='line_1_113' title="bbox 2114 4870 3766 4953; baseline -0.012 -11"><span class='ocrx_word' id='word_1_815' title='bbox 2114 4891 2234 4953; x_wconf 88' lang='lat' dir='ltr'><strong>tur,</strong></span> <span class='ocrx_word' id='word_1_816' title='bbox 2259 4870 2366 4940; x_wconf 77' lang='lat' dir='ltr'><strong>sed</strong></span> <span class='ocrx_word' id='word_1_817' title='bbox 2429 4870 2561 4938; x_wconf 84' lang='lat' dir='ltr'><strong>cum</strong></span> <span class='ocrx_word' id='word_1_818' title='bbox 2611 4885 2866 4948; x_wconf 89' lang='lat' dir='ltr'><strong>peccaret</strong></span> <span class='ocrx_word' id='word_1_819' title='bbox 2915 4880 2972 4929; x_wconf 89' lang='lat' dir='ltr'><strong>et</strong></span> <span class='ocrx_word' id='word_1_820' title='bbox 3018 4874 3344 4953; x_wconf 86' lang='lat' dir='ltr'><strong>puniretur,</strong></span> <span class='ocrx_word' id='word_1_821' title='bbox 3382 4871 3488 4924; x_wconf 94' lang='lat' dir='ltr'><strong>hoc</strong></span> <span class='ocrx_word' id='word_1_822' title='bbox 3541 4870 3766 4953; x_wconf 80' lang='lat' dir='ltr'><strong>genuit,</strong></span> 
     </span>
    </p>
   </div>
   <div class='ocr_carea' id='block_1_113' title="bbox 2118 4949 3764 5038">
    <p class='ocr_par' dir='ltr' id='par_1_113' title="bbox 2118 4949 3764 5038">
     <span class='ocr_line' id='line_1_114' title="bbox 2118 4949 3764 5038; baseline -0.013 -16"><span class='ocrx_word' id='word_1_823' title='bbox 2118 4949 2399 5038; x_wconf 76' lang='lat' dir='ltr'><strong>quantum</strong></span> <span class='ocrx_word' id='word_1_824' title='bbox 2441 4961 2677 5032; x_wconf 83' lang='lat' dir='ltr'><strong>quidem</strong></span> <span class='ocrx_word' id='word_1_825' title='bbox 2711 4958 2918 5038; x_wconf 79' lang='lat' dir='ltr'><strong>attinet</strong></span> <span class='ocrx_word' id='word_1_826' title='bbox 2954 4954 3026 5038; x_wconf 79' lang='lat' dir='ltr'><strong>ad</strong></span> <span class='ocrx_word' id='word_1_827' title='bbox 3061 4952 3282 5038; x_wconf 80' lang='lat' dir='ltr'><strong>peccati</strong></span> <span class='ocrx_word' id='word_1_828' title='bbox 3333 4955 3390 5038; x_wconf 78' lang='lat' dir='ltr'><strong>et</strong></span> <span class='ocrx_word' id='word_1_829' title='bbox 3421 4949 3626 5038; x_wconf 80' lang='lat' dir='ltr'><strong>mortis</strong></span> <span class='ocrx_word' id='word_1_830' title='bbox 3655 4949 3764 5038; x_wconf 67' lang='lat' dir='ltr'><strong>ori-</strong></span> 
     </span>
    </p>
   </div>
   <div class='ocr_carea' id='block_1_114' title="bbox 2120 5029 3768 5116">
    <p class='ocr_par' dir='ltr' id='par_1_114' title="bbox 2120 5029 3768 5116">
     <span class='ocr_line' id='line_1_115' title="bbox 2120 5029 3768 5116; baseline -0.012 -15"><span class='ocrx_word' id='word_1_831' title='bbox 2120 5029 2334 5116; x_wconf 64' lang='lat' dir='ltr'><strong>ginem.</strong></span> <span class='ocrx_word' id='word_1_832' title='bbox 2365 5029 2489 5097; x_wconf 77' lang='lat' dir='ltr'><strong>Non</strong></span> <span class='ocrx_word' id='word_1_833' title='bbox 2545 5037 2703 5116; x_wconf 90' lang='lat' dir='ltr'><strong>enim</strong></span> <span class='ocrx_word' id='word_1_834' title='bbox 2760 5036 2831 5090; x_wconf 91' lang='lat' dir='ltr'><strong>ad</strong></span> <span class='ocrx_word' id='word_1_835' title='bbox 2879 5033 3206 5116; x_wconf 77' lang='lat' dir='ltr'><strong>infantilem</strong></span> <span class='ocrx_word' id='word_1_836' title='bbox 3268 5029 3680 5116; x_wconf 72' lang='lat' dir='ltr'><strong>hebetudinem</strong></span> <span class='ocrx_word' id='word_1_837' title='bbox 3712 5032 3768 5084; x_wconf 89' lang='lat' dir='ltr'><strong>et</strong></span> 
     </span>
    </p>
   </div>
   <div class='ocr_carea' id='block_1_115' title="bbox 2121 5109 3766 5185">
    <p class='ocr_par' dir='ltr' id='par_1_115' title="bbox 2121 5109 3766 5185">
     <span class='ocr_line' id='line_1_116' title="bbox 2121 5109 3766 5185; baseline -0.01 -6"><span class='ocrx_word' id='word_1_838' title='bbox 2121 5109 2516 5180; x_wconf 74' lang='lat' dir='ltr'><strong>infirmitatem</strong></span> <span class='ocrx_word' id='word_1_839' title='bbox 2578 5115 2758 5173; x_wconf 88' lang='lat' dir='ltr'><strong>animi</strong></span> <span class='ocrx_word' id='word_1_840' title='bbox 2808 5122 2862 5170; x_wconf 89' lang='lat' dir='ltr'><strong>et</strong></span> <span class='ocrx_word' id='word_1_841' title='bbox 2929 5114 3210 5184; x_wconf 88' lang='lat' dir='ltr'><strong>corporis,</strong></span> <span class='ocrx_word' id='word_1_842' title='bbox 3263 5127 3438 5185; x_wconf 73' lang='lat' dir='ltr'><strong>quam</strong></span> <span class='ocrx_word' id='word_1_843' title='bbox 3499 5109 3766 5164; x_wconf 89' lang='lat' dir='ltr'><strong>videmus</strong></span> 
     </span>
    </p>
   </div>
   <div class='ocr_carea' id='block_1_116' title="bbox 2123 5192 3766 5274">
    <p class='ocr_par' dir='ltr' id='par_1_116' title="bbox 2123 5192 3766 5274">
     <span class='ocr_line' id='line_1_117' title="bbox 2123 5192 3766 5274; baseline -0.009 -14"><span class='ocrx_word' id='word_1_844' title='bbox 2123 5205 2179 5260; x_wconf 92' lang='lat' dir='ltr'><strong>in</strong></span> <span class='ocrx_word' id='word_1_845' title='bbox 2230 5201 2508 5274; x_wconf 91' lang='lat' dir='ltr'><strong>parvulis,</strong></span> <span class='ocrx_word' id='word_1_846' title='bbox 2542 5202 2776 5270; x_wconf 86' lang='lat' dir='ltr'><strong>peccato</strong></span> <span class='ocrx_word' id='word_1_847' title='bbox 2825 5197 2906 5251; x_wconf 85' lang='lat' dir='ltr'><strong>vel</strong></span> <span class='ocrx_word' id='word_1_848' title='bbox 2957 5211 3125 5266; x_wconf 73' lang='lat' dir='ltr'><strong>poena</strong></span> <span class='ocrx_word' id='word_1_849' title='bbox 3170 5193 3266 5249; x_wconf 91' lang='lat' dir='ltr'><strong>ille</strong></span> <span class='ocrx_word' id='word_1_850' title='bbox 3326 5192 3592 5274; x_wconf 78' lang='lat' dir='ltr'><strong>redactus</strong></span> <span class='ocrx_word' id='word_1_851' title='bbox 3631 5194 3766 5274; x_wconf 87' lang='lat' dir='ltr'><strong>est:</strong></span> 
     </span>
    </p>
   </div>
   <div class='ocr_carea' id='block_1_117' title="bbox 2125 5270 3768 5359">
    <p class='ocr_par' dir='ltr' id='par_1_117' title="bbox 2125 5270 3768 5359">
     <span class='ocr_line' id='line_1_118' title="bbox 2125 5270 3768 5359; baseline -0.012 -15"><span class='ocrx_word' id='word_1_852' title='bbox 2125 5270 2248 5359; x_wconf 70' lang='lat' dir='ltr'><strong>quae</strong></span> <span class='ocrx_word' id='word_1_853' title='bbox 2285 5285 2434 5341; x_wconf 90' lang='lat' dir='ltr'><strong>Deus</strong></span> <span class='ocrx_word' id='word_1_854' title='bbox 2491 5281 2670 5338; x_wconf 89' lang='lat' dir='ltr'><strong>voluit</strong></span> <span class='ocrx_word' id='word_1_855' title='bbox 2719 5294 2847 5335; x_wconf 89' lang='lat' dir='ltr'><strong>esse</strong></span> <span class='ocrx_word' id='word_1_856' title='bbox 2903 5282 3183 5348; x_wconf 90' lang='lat' dir='ltr'><strong>tanquam</strong></span> <span class='ocrx_word' id='word_1_857' title='bbox 3242 5270 3561 5346; x_wconf 89' lang='lat' dir='ltr'><strong>primordia</strong></span> <span class='ocrx_word' id='word_1_858' title='bbox 3609 5273 3768 5326; x_wconf 82' lang='lat' dir='ltr'><strong>catu-</strong></span> 
     </span>
    </p>
   </div>
   <div class='ocr_carea' id='block_1_118' title="bbox 2191 5425 2925 5486">
    <p class='ocr_par' dir='ltr' id='par_1_118' title="bbox 2191 5425 2925 5486">
     <span class='ocr_line' id='line_1_119' title="bbox 2191 5425 2925 5486; baseline -0.012 -7"><span class='ocrx_word' id='word_1_859' title='bbox 2191 5435 2205 5467; x_wconf 77' lang='grc' dir='ltr'><strong><em>ι</em></strong></span> <span class='ocrx_word' id='word_1_860' title='bbox 2237 5427 2487 5480; x_wconf 83' lang='lat' dir='ltr'><strong>Nonnulli</strong></span> <span class='ocrx_word' id='word_1_861' title='bbox 2515 5425 2660 5486; x_wconf 83' lang='lat' dir='ltr'><strong>Mss.,</strong></span> <span class='ocrx_word' id='word_1_862' title='bbox 2679 5431 2925 5486; x_wconf 71' lang='lat' dir='ltr'><strong>tenetur.</strong></span> 
     </span>
    </p>
   </div>
   <div class='ocr_carea' id='block_1_119' title="bbox 2190 5485 3633 5553">
    <p class='ocr_par' dir='ltr' id='par_1_119' title="bbox 2190 5485 3633 5553">
     <span class='ocr_line' id='line_1_120' title="bbox 2190 5485 3633 5553; baseline -0.006 -12"><span class='ocrx_word' id='word_1_863' title='bbox 2190 5496 2266 5553; x_wconf 89' lang='lat' dir='ltr'><strong>ta)</strong></span> <span class='ocrx_word' id='word_1_864' title='bbox 2301 5491 2447 5539; x_wconf 78' lang='lat' dir='ltr'><strong>Coni.</strong></span> <span class='ocrx_word' id='word_1_865' title='bbox 2481 5485 2742 5553; x_wconf 13' lang='lat' dir='ltr'><strong>serm.r§5.</strong></span> <span class='ocrx_word' id='word_1_866' title='bbox 2927 5547 2940 5553; x_wconf 87' lang='lat'>_</span> <span class='ocrx_word' id='word_1_867' title='bbox 3030 5546 3059 5553; x_wconf 82' lang='lat'><strong>_</strong></span> <span class='ocrx_word' id='word_1_868' title='bbox 3113 5545 3169 5553; x_wconf 53' lang='grc' dir='ltr'>ω</span> <span class='ocrx_word' id='word_1_869' title='bbox 3543 5539 3579 5553; x_wconf 51' lang='grc' dir='ltr'><strong>π</strong></span> <span class='ocrx_word' id='word_1_870' title='bbox 3622 5538 3633 5552; x_wconf 52' lang='grc'>,</span> 
     </span>
    </p>
   </div>
   <div class='ocr_carea' id='block_1_120' title="bbox 2187 5539 3777 5617">
    <p class='ocr_par' dir='ltr' id='par_1_120' title="bbox 2187 5539 3777 5617">
     <span class='ocr_line' id='line_1_121' title="bbox 2187 5539 3777 5617; baseline -0.011 -14"><span class='ocrx_word' id='word_1_871' title='bbox 2187 5539 2261 5617; x_wconf 44' lang='lat' dir='ltr'><strong>th),</strong></span> <span class='ocrx_word' id='word_1_872' title='bbox 2285 5555 2356 5602; x_wconf 90' lang='lat' dir='ltr'><strong>De</strong></span> <span class='ocrx_word' id='word_1_873' title='bbox 2383 5555 2483 5602; x_wconf 88' lang='lat' dir='ltr'><strong>hac</strong></span> <span class='ocrx_word' id='word_1_874' title='bbox 2509 5549 2785 5617; x_wconf 74' lang='lat' dir='ltr'><strong>questions</strong></span> <span class='ocrx_word' id='word_1_875' title='bbox 2816 5547 3007 5617; x_wconf 63' lang='lat' dir='ltr'><strong>confer</strong></span> <span class='ocrx_word' id='word_1_876' title='bbox 3029 5545 3513 5617; x_wconf 43' lang='lat' dir='ltr'><strong>S.Al_liero_uy&#39;rnum,</strong></span> <span class='ocrx_word' id='word_1_877' title='bbox 3543 5539 3777 5617; x_wconf 80' lang='lat' dir='ltr'><strong>Epistola</strong></span> 
     </span>
    </p>
   </div>
   <div class='ocr_carea' id='block_1_121' title="bbox 2123 5605 3778 5673">
    <p class='ocr_par' dir='ltr' id='par_1_121' title="bbox 2123 5605 3778 5673">
     <span class='ocr_line' id='line_1_122' title="bbox 2123 5605 3778 5673; baseline -0.011 -6"><span class='ocrx_word' id='word_1_878' title='bbox 2123 5605 2202 5673; x_wconf 61' lang='lat'><strong>24,</strong></span> <span class='ocrx_word' id='word_1_879' title='bbox 2237 5605 2302 5666; x_wconf 77' lang='lat' dir='ltr'><strong>de</strong></span> <span class='ocrx_word' id='word_1_880' title='bbox 2330 5617 2480 5666; x_wconf 88' lang='lat' dir='ltr'><strong>obitu</strong></span> <span class='ocrx_word' id='word_1_881' title='bbox 2526 5605 2685 5664; x_wconf 52' lang='lat' dir='ltr'><strong>&#39;Leac.</strong></span> <span class='ocrx_word' id='word_1_882' title='bbox 2716 5615 2767 5660; x_wconf 85' lang='lat' dir='ltr'><strong>et</strong></span> <span class='ocrx_word' id='word_1_883' title='bbox 2816 5611 3047 5672; x_wconf 83' lang='lat' dir='ltr'><strong>Epistola</strong></span> <span class='ocrx_word' id='word_1_884' title='bbox 3092 5607 3168 5662; x_wconf 74' lang='lat'><strong>25,</strong></span> <span class='ocrx_word' id='word_1_885' title='bbox 3218 5607 3285 5654; x_wconf 88' lang='lat' dir='ltr'><strong>ad</strong></span> <span class='ocrx_word' id='word_1_886' title='bbox 3334 5605 3571 5662; x_wconf 85' lang='lat' dir='ltr'><strong>Paulam,</strong></span> <span class='ocrx_word' id='word_1_887' title='bbox 3621 5615 3778 5665; x_wconf 86' lang='lat' dir='ltr'><strong>super</strong></span> 
     </span>
    </p>
   </div>
   <div class='ocr_carea' id='block_1_122' title="bbox 2128 5675 3024 5732">
    <p class='ocr_par' dir='ltr' id='par_1_122' title="bbox 2128 5675 3024 5732">
     <span class='ocr_line' id='line_1_123' title="bbox 2128 5675 3024 5732; baseline -0.011 0"><span class='ocrx_word' id='word_1_888' title='bbox 2128 5683 2275 5732; x_wconf 84' lang='lat' dir='ltr'><strong>obitu</strong></span> <span class='ocrx_word' id='word_1_889' title='bbox 2312 5679 2551 5729; x_wconf 84' lang='lat' dir='ltr'><strong>Blesillae</strong></span> <span class='ocrx_word' id='word_1_890' title='bbox 2584 5676 2743 5726; x_wconf 76' lang='lat' dir='ltr'><strong>tiliae.</strong></span> <span class='ocrx_word' id='word_1_891' title='bbox 2777 5675 3024 5726; x_wconf 75' lang='lat' dir='ltr'><strong>Consonus.</strong></span> 
     </span>
    </p>
   </div>
  </div>
