4136 6190
393 346 514 408 379

391 480 606 548 lorum,
640 500 890 554 quorum
929 486 1196 554 parentes
1222 481 1281 537 in
1333 480 1629 539 hestialem
1659 483 1838 538 vitam
1873 499 2034 538 mor-

388 565 628 633 temque
658 564 981 632 dejecerat;
1037 563 1189 618 sicut
1246 562 1526 632 scriptum
1560 567 1665 627 est,
1697 565 1865 618 Homo
1911 578 2033 618 cum

387 643 448 698 in
490 643 694 698 honore
721 649 875 712 esset,
906 660 1016 699 non
1047 641 1322 700 intellexit
1345 659 1367 708 ;
1399 647 1739 711 comparatus
1767 648 1844 700 est
1872 661 2038 714 peco-

389 723 548 777 ribus
604 738 714 777 non
763 723 1222 795 intelligentibus,
1254 729 1305 778 et
1354 723 1560 779 similis
1605 733 1782 795 factus
1813 730 1890 780 est
1919 726 2037 780 illis

390 803 561 873 (Psal.
612 819 806 870 xum,
854 803 962 876 i3).
1004 804 1129 860 Nisi
1177 805 1332 877 quod
1391 805 1640 861 infantes
1688 806 2038 862 infirmiores

389 884 560 938 etiam
614 885 910 939 cernimus
950 885 1007 939 in
1041 902 1153 940 usu
1197 891 1478 956 motuque
1531 886 1924 941 membrorum
1985 889 2040 941 et

388 979 563 1019 sensu
626 964 940 1034 appetendi
979 969 1157 1036 atque
1213 965 1451 1030 vitandi,
1485 982 1662 1037 quam
1712 971 1853 1021 sunt
1899 965 2041 1021 alio-

387 1059 518 1097 rum
579 1044 877 1099 tenerrimi
954 1046 1102 1100 fetus
1180 1045 1522 1102 animalium
1577 1062 1589 1102 :
1644 1052 1923 1116 tanquam
1982 1058 2044 1100 se

387 1125 549 1177 tanto
579 1122 804 1179 attollat
851 1125 1229 1181 excellentius
1259 1142 1441 1197 supra
1479 1131 1682 1182 caetera
1721 1125 2046 1181 animantia

386 1201 474 1258 vis
510 1202 787 1274 humana,
821 1211 1038 1277 quanto
1072 1207 1262 1276 magis
1320 1207 1604 1278 impetum
1655 1224 1855 1276 suum,
1886 1207 2048 1263 velut

386 1282 621 1354 sagitta,
654 1300 786 1339 cum
839 1301 1010 1341 arcus
1055 1287 1408 1355 extenditur,
1442 1291 1759 1342 retrorsum
1800 1287 2045 1342 reducta

385 1363 701 1422 distulerit.
738 1365 862 1421 Non
903 1381 1036 1435 ergo
1097 1367 1166 1421 ad
1219 1366 1331 1422 ista
1379 1367 1667 1422 infantilis
1711 1368 2043 1423 rudimenta

389 1446 845 1516 praesumptione
891 1445 1096 1502 illicita
1127 1451 1181 1501 et
1213 1447 1599 1503 damnatione
1621 1448 1787 1518 justa
1822 1446 2046 1518 prolap-

388 1541 491 1581 sus
525 1525 611 1581 vel
653 1527 942 1597 impulsus
971 1535 1057 1582 est
1089 1527 1310 1598 primus
1359 1527 1536 1584 homo
1567 1529 1684 1600 (a):
1719 1528 1819 1584 sed
1858 1528 2047 1582 hacte-

385 1621 498 1660 nus
530 1607 588 1660 in
632 1623 698 1661 eo
744 1612 954 1663 natura
1006 1608 1266 1663 humana
1324 1609 1521 1664 vitiata
1583 1615 1759 1681 atque
1820 1613 2047 1664 mutata

384 1690 493 1753 est,
529 1691 592 1741 ut
651 1693 1068 1758 repugnantem
1102 1694 1390 1759 pateretur
1419 1690 1477 1744 in
1512 1691 1795 1746 membris
1842 1689 2042 1744 inobs-

387 1765 669 1821 dientiam
701 1767 1169 1839 coucupiscendi,
1201 1773 1258 1823 et
1289 1769 1751 1839 obstringeretur
1791 1768 2040 1825 necessi-

385 1848 502 1900 tate
555 1847 884 1916 moriendi;
937 1853 1114 1918 atque
1151 1849 1232 1904 ita
1278 1849 1335 1903 id
1369 1850 1522 1920 quod
1582 1850 1720 1904 vitio
1763 1864 2043 1920 poenaque

383 1925 571 1981 factus
602 1933 707 1997 est,
741 1928 796 1983 id
829 1933 937 1995 est,
971 1929 1253 1984 obnoxios
1286 1937 1515 2000 peccato
1550 1931 1836 2000 mortique
1867 1945 2038 2001 gene-

383 2010 552 2061 raret.
581 2009 624 2060 A
657 2023 771 2077 quo
806 2008 1025 2078 peccati
1057 2009 1315 2076 vinculo,
1348 2009 1397 2064 si
1431 2027 1534 2080 per
1555 2010 1887 2065 Mediatoris
1917 2026 2041 2082 gra-

382 2087 527 2140 tiam
558 2086 858 2142 solvuntur
906 2088 1177 2156 infantes,
1211 2089 1363 2144 hanc
1391 2091 1578 2145 solam
1619 2095 1866 2146 mortem
1904 2107 2042 2160 per-

382 2165 500 2237 peti
534 2171 804 2236 possunt,
836 2183 963 2239 quas
995 2167 1252 2222 animam
1295 2170 1558 2241 sejungit
1599 2188 1631 2225 a
1654 2185 1898 2239 corpore
1931 2187 1945 2226 :
1977 2170 2037 2226 in

382 2246 701 2301 secundam
751 2263 882 2304 vero
915 2246 1074 2302 illam
1108 2248 1236 2303 sine
1271 2249 1386 2304 fine
1415 2249 1704 2320 pmnalem
1747 2249 1975 2306 liberati
2005 2266 2038 2306 a

385 2326 605 2396 peccati
639 2325 989 2399 obligatione
1024 2345 1136 2384 non
1170 2333 1503 2387 transeunt.

379 2486 607 2544 CAPUT
632 2487 725 2544 IV.
757 2518 823 2528 --
860 2487 970 2543 Cur
1007 2491 1076 2544 ab
1108 2489 1194 2544 his
1221 2491 1316 2562 qui
1344 2503 1442 2560 per
1477 2491 1719 2560 gratiam
1749 2503 2036 2561 regenera-

449 2570 620 2625 tionis
649 2569 889 2624 absoluti
928 2578 1058 2624 sunt
1085 2585 1116 2624 a
1141 2579 1382 2642 peccato,
1413 2585 1522 2626 non
1549 2573 1842 2641 auferatur
1869 2584 2033 2635 mors,

448 2649 506 2705 id
535 2655 634 2720 est,
655 2666 815 2721 paena
851 2651 1092 2722 peccati.

450 2785 507 2840 Si
541 2799 714 2854 quem
741 2800 874 2841 vero
901 2791 1110 2851 movet,
1143 2801 1249 2842 cur
1281 2784 1362 2840 vel
1400 2785 1585 2855 ipsam
1631 2787 1950 2857 patiantur,
1983 2787 2033 2841 si

378 2867 435 2920 et
463 2864 591 2932 ipsa
623 2881 789 2935 poena
820 2865 1040 2936 peccati
1072 2870 1179 2933 est,
1213 2882 1462 2937 quorum
1499 2883 1599 2938 per
1628 2868 1875 2938 gratiam
1910 2884 2034 2923 rea-

381 2950 473 2997 tus
505 2942 766 2998 aboletur
789 2943 941 3012 ;jam
964 2945 1076 2998 ista
1105 2945 1346 3013 qumstio
1380 2945 1436 2999 in
1469 2944 1581 2999 alio
1613 2954 1812 3001 nostro
1841 2962 2034 3016 opere,

373 3023 528 3094 quod
561 3022 901 3092 scripsimus
925 3023 997 3078 de
1023 3024 1323 3094 Baptismo
1355 3025 1722 3094 parvulorum
1749 3027 1845 3096 (ὁ),
1880 3032 2034 3080 trae-

371 3109 496 3161 tata
537 3121 604 3160 ac
635 3103 824 3160 soluta
854 3112 938 3159 est
974 3120 987 3159 :
1023 3105 1122 3160 ubi
1148 3105 1366 3160 dictum
1397 3111 1507 3174 est,
1540 3107 1610 3179 ad
1644 3106 1752 3161 hoc
1783 3104 2032 3176 relinqui

375 3186 584 3242 animm
646 3185 1112 3255 experimentum
1182 3186 1572 3256 separationis
1653 3202 1685 3240 a
1769 3201 2032 3256 corpore,

375 3265 641 3337 quamvis
698 3263 888 3320 ablato
941 3266 1062 3335 jam
1113 3265 1378 3320 criminis
1420 3282 1610 3326 nexu:
1647 3267 1950 3336 quoniam,
1983 3267 2029 3321 si

374 3345 836 3416 regenerationis
867 3346 1310 3401 Sacramentum
1357 3346 1636 3401 continuo
1688 3350 2034 3418 sequeretur

374 3426 790 3482 immortalitas
821 3429 1094 3496 corporis,
1131 3427 1258 3496 ipsa
1292 3428 1436 3483 ﬁdes
1479 3432 1868 3494 enervaretur,
1903 3443 2028 3498 quae

374 3515 512 3562 tunc
542 3511 633 3561 est
669 3508 836 3574 fides,
869 3508 1106 3578 quando
1154 3511 1523 3577 exspectatur
1551 3508 1609 3563 in
1657 3524 1762 3578 spe
1786 3508 1939 3576 quod
1973 3509 2028 3561 in

375 3604 437 3644 re
470 3588 730 3642 nondum
779 3589 1007 3643 videtur
1055 3589 1150 3660 (τε).
1187 3588 1346 3644 Fidei
1377 3593 1571 3644 autem
1625 3590 1826 3644 robore
1856 3595 2030 3658 atque

375 3668 719 3738 certamine,
752 3668 810 3722 in
860 3669 1184 3737 majoribus
1215 3671 1494 3725 duntaxat
1531 3670 1820 3737 aetatibus,
1852 3669 2028 3723 etiam

378 3748 588 3805 mortis
620 3749 807 3804 fuerat
869 3751 1227 3820 superandus
1270 3750 1468 3817 timor,
1503 3751 1657 3821 quod
1705 3751 1765 3804 in
1808 3749 2032 3804 sanctis

377 3830 727 3902 martyribus
771 3830 1022 3884 maxime
1051 3829 1302 3884 eminuit
1336 3847 1349 3884 :
1383 3832 1548 3899 cujus
1597 3832 1852 3902 profecto
1902 3845 2030 3884 cer-

374 3911 618 3965 taminia
651 3909 813 3964 nulla
842 3920 995 3965 esset
1023 3911 1286 3976 victoria,
1321 3910 1482 3966 nulla
1509 3912 1728 3980 gloria;
1761 3910 1894 3983 quia
1926 3925 2030 3964 nec

376 3988 572 4060 ipsum
606 3989 848 4045 omnino
878 3995 1076 4060 posset
1107 4007 1235 4046 esse
1266 3996 1586 4059 certamen,
1619 3992 1667 4047 si
1699 3997 1834 4064 post
1872 3990 2030 4045 lava-

377 4086 543 4126 crum
576 4073 1032 4142 regenerationis
1060 4073 1186 4142 jam
1221 4074 1409 4128 sancti
1450 4090 1562 4128 non
1606 4079 1845 4144 possent
1876 4089 2029 4128 mor-

379 4155 495 4206 tem
533 4151 751 4221 perpeti
793 4151 1177 4222 corporalem.
1202 4153 1342 4207 Cum
1381 4153 1637 4224 parvulis
1669 4157 1862 4208 autem
1896 4153 2030 4222 hap-

379 4231 632 4286 tizan-dis
664 4233 797 4302 quis
820 4249 934 4287 non
977 4233 1048 4288 ad
1083 4233 1292 4288 Christi
1326 4234 1566 4302 gratiam
1603 4240 1904 4305 propterea
1927 4248 2027 4302 po-

380 4311 498 4367 tius
529 4319 805 4381 curreret,
840 4328 912 4368 ne
942 4329 976 4368 a
1025 4328 1262 4383 corpore
1310 4314 1669 4368 solveretur?
1708 4316 1892 4384 Atque
1947 4313 2028 4367 ita

381 4408 496 4448 non
541 4393 816 4448 invisibili
875 4392 1115 4465 praemio
1149 4394 1487 4464 probaretur
1527 4394 1700 4463 fides;
1761 4396 1858 4449 sed
1908 4394 2026 4466 jam

382 4489 488 4529 nec
516 4474 661 4530 fides
693 4479 864 4540 esset,
900 4474 1207 4530 confestim
1256 4475 1344 4530 sui
1391 4475 1582 4546 operis
1637 4477 1946 4547 quaerendo
1973 4480 2031 4530 et

384 4555 669 4611 sumendo
701 4555 1047 4610 mercedem.
1081 4554 1246 4609 Nune
1278 4571 1408 4610 vero
1440 4557 1660 4626 majore
1697 4563 1755 4612 et
1787 4556 2026 4612 mirabi-

380 4634 522 4690 liore
553 4635 734 4706 gratia
756 4635 1072 4690 Salvateris
1092 4635 1150 4689 in
1185 4652 1324 4690 usus
1348 4637 1589 4706 justitirs
1620 4641 1836 4710 peccati
1861 4654 2027 4710 pmna

382 4730 660 4770 conversa
703 4720 808 4771 est.
839 4719 994 4770 Tunc
1041 4716 1198 4770 enim
1229 4717 1449 4772 dictum
1511 4722 1597 4773 est
1628 4717 1874 4786 homini,
1911 4719 2030 4773 Mo-

384 4794 572 4859 rieris,
607 4795 656 4848 si
713 4795 1037 4865 peccaveris
1080 4811 1093 4850 :
1151 4811 1308 4852 nunc
1353 4795 1565 4852 dicitur
1621 4797 2024 4868 martyri,M.o-

381 4890 524 4941 rere,
567 4892 639 4930 ne
684 4891 906 4945 pecces.
956 4876 1116 4932 Tunc
1159 4877 1376 4934 dictum
1426 4883 1531 4943 est,
1575 4878 1633 4933 Si
1688 4880 2026 4932 mandatum

380 4956 733 5026 transgressi
771 4956 1018 5024 fueritis,
1049 4963 1232 5013 morte
1265 4957 1590 5013 moriemini
1618 4957 1771 5029 (Gen.
1805 4975 1866 5020 ιι,
1894 4959 1978 5027 17)
2011 4974 2025 5013 :

379 5050 537 5090 nunc
567 5035 805 5097 dicitur,
835 5036 892 5089 Si
926 5042 1172 5091 mortem
1224 5041 1656 5106 recusaveritis,
1687 5040 2027 5093 mandatum

381 5115 905 5185 transgrediemini.
957 5117 1119 5180 Quod
1169 5121 1310 5173 tunc
1342 5119 1666 5174 timendum
1729 5121 1935 5187 fuerat,
1969 5125 2031 5177 ut

382 5263 716 5374 67(ag800nt.
772 5263 866 5313 lib.
924 5263 947 5310 1
998 5264 1064 5315 de
1105 5262 1306 5315 Peccat.
1358 5265 1526 5316 Merit.
1573 5267 1626 5315 et
1671 5267 1888 5325 Remis.,
1935 5282 2028 5318 nn.

443 5327 897 5451 ('bﬁlesignantur
945 5388 1033 5438 hic
1077 5388 1202 5436 libri
1246 5391 1354 5439 tres
1400 5390 1462 5440 de
1508 5391 1710 5442 Peccat.
1762 5392 1929 5442 Merit.
1978 5397 2033 5444 et

378 5449 599 5514 Bemiss.
637 5449 865 5514 quorum
917 5451 1099 5514 titulo_
1120 5453 1558 5514 ﬁsuperadduntur
1598 5455 1730 5505 haec
1778 5456 1942 5506 verba
1971 5457 2030 5506 in

602 5511 849 5572 Rotract,
909 5529 1020 5577 cap.
1080 5512 1166 5573 33,.
1192 5511 1271 5562 λε
1323 5515 1386 5562 de
1433 5518 1718 5580 Baptismo
1753 5519 2030 5580 parvulo-

384 5634 686 5744 ‘9fgcg5t30ni.
737 5637 828 5684 lib.
884 5639 914 5685 2
961 5643 1024 5688 de
1075 5640 1276 5690 Peccat.
1326 5641 1494 5691 Merit.
1544 5643 1618 5693 et.
1645 5643 1886 5703 Remiss,,
1934 5658 2026 5695 nn.

1448 349 1548 408 DE
1594 342 1959 408 CIVITATE
2006 345 2157 422 DEI,
2206 345 2268 409 S.
2313 350 2743 413 AUGUSTINI

3679 332 3799 415 38o

2146 500 2258 538 non
2293 490 2673 554 peccaretur;
2707 487 3324 560 nuncsuscipiendum
3358 492 3467 556 est,
3500 505 3574 546 ne
3604 506 3798 560 pecce-

2153 570 2262 623 tur.
2296 565 2390 621 Sic
2422 581 2525 635 per
2554 565 2900 626 ineffabilem
2941 562 3035 623 Dei
3073 567 3552 635 misericordiam,
3584 577 3640 625 et
3667 570 3798 642 ipsa

2152 663 2322 718 poena
2351 646 2625 702 vitiorum
2659 648 2863 704 transit
2894 649 2950 703 in
2983 665 3144 704 arma
3170 651 3426 718 virtutis,
3457 659 3515 704 et
3565 651 3629 704 fit
3650 651 3797 720 justi

2152 729 2421 783 meritum
2472 729 2644 783 etiam
2689 730 3038 801 supplicium
3079 731 3416 802 peccatoris.
3450 736 3611 785 Tunc
3640 733 3796 789 enim

2152 821 2308 864 mors
2340 813 2424 864 est
2456 809 2744 880 acquisita
2777 816 3086 882 peccando,
3121 827 3274 866 nunc
3319 811 3597 884 impletur
3625 813 3800 883 justi-

2151 888 2231 944 tia
2279 889 2596 944 moriendo.
2644 889 2858 946 Verum
2901 890 3009 946 hoc
3057 892 3115 946 in
3163 892 3380 946 sanctis
3431 894 3792 964 martyribus.

2153 968 2369 1040 quibus
2396 969 2737 1026 alterutrum
2762 987 2796 1026 a
2825 976 3196 1043 persecutore
3215 971 3577 1043 prOponitur,
3603 978 3666 1026 ut
3693 977 3798 1028 aut

2154 1050 2422 1106 deserant
2463 1052 2654 1120 fidem,
2681 1057 2783 1107 aut
2831 1052 3115 1108 sufferant
3158 1057 3426 1108 mortem.
3456 1053 3604 1108 Justi
3636 1054 3794 1108 enim

2155 1131 2385 1186 malunt
2415 1133 2701 1188 credendo
2734 1133 2970 1204 perpeti,
3001 1134 3154 1204 quod
3181 1138 3318 1189 sunt
3357 1133 3534 1205 primi
3554 1134 3574 1168 ί
3606 1134 3796 1206 iniqui

2157 1229 2272 1268 non
2305 1213 2593 1269 credendo
2643 1215 2923 1286 perpessi.
2948 1213 3067 1268 Nisi
3119 1215 3275 1270 enim
3322 1220 3663 1286 peccassent
3691 1216 3803 1281 illi,

2159 1309 2272 1348 non
2325 1299 2692 1350 morerentur
2725 1311 2738 1350 :
2774 1296 3100 1366 peccabunt
3143 1297 3337 1351 autem
3368 1295 3483 1364 isti,
3519 1297 3630 1351 nisi
3683 1311 3807 1350 mo-

2158 1374 2404 1430 riantur.
2444 1373 2653 1430 Mortui
2704 1383 2840 1430 sunt
2887 1391 3025 1446 ergo
3055 1375 3162 1441 illi,
3192 1376 3328 1446 quia
3368 1380 3802 1446 peccaverunt:

2163 1471 2276 1510 non
2310 1461 2550 1527 peccant
2595 1456 2714 1524 isti,
2749 1455 2884 1527 quia
2915 1455 3267 1512 moriuntur.
3300 1458 3536 1510 Factum
3569 1460 3659 1511 est
3706 1471 3817 1528 per

2156 1537 2388 1593 illorum
2438 1538 2693 1607 culpam,
2729 1541 2790 1591 ut
2845 1536 3134 1591 veniretur
3180 1535 3238 1590 in
3281 1551 3508 1606 pmnam
3554 1551 3567 1592 :
3607 1535 3669 1592 fit
3701 1552 3802 1608 per

2155 1618 2394 1673 istorum
2430 1633 2682 1688 poenam,
2716 1634 2787 1672 ne
2818 1617 3082 1671 veniatur
3113 1616 3169 1671 in
3208 1615 3475 1688 culpam;
3509 1633 3623 1671 non
3655 1618 3802 1689 quia

2154 1710 2313 1755 mors
2351 1699 2569 1754 bonum
2614 1697 2847 1769 aliquod
2898 1699 3042 1752 facta
3090 1700 3197 1766 est,
3222 1712 3345 1767 quas
3376 1703 3546 1753 antea
3574 1699 3796 1753 malum

2150 1779 2295 1847 fuit;
2369 1779 2470 1834 sed
2524 1784 2744 1832 tantam
2814 1779 2965 1832 Deus
3031 1777 3160 1833 fidei
3213 1777 3473 1848 praestitit
3531 1778 3798 1850 gratiam,

2150 1865 2214 1915 ut
2259 1877 2435 1926 more,
2489 1876 2666 1931 quam
2735 1858 2862 1914 vita
2922 1861 3149 1914 constat
3221 1874 3345 1914 esse
3421 1859 3797 1926 contrariam,

2149 1940 2603 1997 instrumentum
2645 1940 2805 1994 fieret
2849 1955 2949 2010 per
2993 1939 3140 2011 quod
3194 1937 3541 1994 transiretur
3599 1938 3669 1994 ad
3721 1939 3801 1994 vi-

2148 2024 2288 2076 tam.

2145 2185 2376 2242 CAPUT
2405 2185 2472 2240 V.
2505 2214 2572 2226 —-
2604 2184 2754 2253 Quod
2800 2183 2944 2238 sicut
2985 2183 3168 2254 iniqui
3221 2183 3364 2238 male
3414 2185 3641 2238 utuntur
3677 2184 3798 2254 lege

2217 2282 2334 2401 qua:
2362 2267 2500 2322 bona
2529 2275 2632 2334 est,
2664 2265 2747 2321 ita
2783 2269 2832 2320 et
2853 2266 2999 2336 justi
3051 2267 3185 2322 bene
3213 2272 3446 2321 utuntur
3474 2273 3646 2322 morte
3672 2283 3796 2338 quas

2216 2363 2311 2401 ma
2339 2365 2377 2404 α
2405 2352 2504 2404 est.

2213 2485 2522 2558 Apostolus
2547 2501 2682 2540 cum
2715 2484 2886 2540 vellet
2916 2485 3240 2554 ostendere,
3274 2489 3559 2557 quantum
3592 2503 3795 2559 pecca-

2143 2571 2296 2635 tum,
2322 2567 2506 2638 gratia
2547 2581 2660 2622 non
2709 2565 3106 2633 subveniente,
3138 2567 3208 2621 ad
3260 2568 3591 2622 nocendum
3633 2567 3786 2623 vale-

2145 2653 2250 2713 ret,
2283 2648 2456 2702 etiam
2490 2647 2674 2720 ipsam
2711 2648 2894 2717 legem
2927 2663 3043 2717 qua
3087 2646 3427 2716 prohibetur
3463 2653 3788 2720 peccatum,

2144 2743 2262 2783 non
2303 2727 2586 2782 dubitavit
2615 2726 2804 2781 dicere
2831 2726 3104 2781 virtutem
3128 2741 3257 2781 esse
3281 2729 3517 2796 peccati.
3540 2728 3791 2796 Acuteus,

2141 2807 2350 2878 inquit,
2391 2810 2586 2862 mortis
2631 2815 2712 2861 est
2765 2811 3044 2876 peccatum
3070 2823 3092 2869 ,·
3143 2809 3315 2862 virtus
3347 2813 3528 2862 autem
3554 2810 3791 2878 peccati,

2143 2879 2234 2935 lea:
2263 2880 2307 2950 (Ι
2341 2878 2461 2934 Cor.
2500 2895 2590 2945 xv,
2622 2879 2733 2946 56).
2763 2879 3070 2932 Verissime
3109 2881 3369 2934 omnino.
3400 2882 3580 2949 Auget
3626 2881 3792 2936 enim

2143 2960 2454 3032 prohibitio
2487 2958 2836 3014 desiderium
2869 2959 3058 3028 operis
3081 2958 3292 3025 illiciti,
3316 2958 3541 3030 quando
3559 2960 3801 3029 justitia

2140 3054 2254 3098 non
2287 3043 2372 3096 sic
2401 3040 2685 3111 diligitur,
2721 3045 2784 3095 ut
2816 3041 3092 3111 peccandi
3125 3041 3414 3113 cupiditas
3443 3043 3572 3111 ejus
3603 3041 3790 3097 delec-

2142 3124 2355 3179 latione
2403 3123 2687 3176 vincatur.
2725 3121 2793 3176 Ut
2850 3125 3044 3176 autem
3093 3121 3376 3191 diligatur
3420 3127 3474 3178 et
3533 3121 3784 3178 delectet

2137 3221 2271 3260 vera
2321 3204 2570 3274 justitia,
2605 3201 2837 3257 nonnisi
2891 3202 3090 3256 divina
3142 3203 3417 3258 subvenit
3442 3203 3642 3272 gratia.
3674 3203 3786 3258 Sed

2141 3303 2211 3343 ne
2243 3291 2546 3356 propterea
2588 3284 2677 3340 lex
2713 3292 3011 3354 putaretur
3042 3284 3258 3339 malum
3292 3285 3571 3356 quoniam
3600 3286 3788 3341 virtus

2139 3372 2227 3422 est
2256 3367 2411 3422 dicta
2459 3367 2715 3436 peccati;
2762 3365 2891 3418 ideo
2923 3365 3045 3435 ipse
3075 3364 3187 3420 alio
3226 3364 3354 3420 loco
3401 3381 3638 3420 versans
3669 3366 3788 3420 hu—

2129 3448 2394 3518 jusmodi
2426 3446 2826 3518 quaestionem,
2860 3446 3063 3515 inquit,
3097 3449 3209 3502 Lex
3235 3446 3456 3516 quidem
3493 3456 3699 3514 saneta,
3731 3458 3786 3504 et

2136 3531 2459 3586 mandatum
2491 3535 2741 3584 sanctum
2796 3532 2848 3583 et
2892 3528 3098 3596 iustum
3128 3535 3179 3583 et
3217 3529 3434 3584 bonum.
3479 3528 3627 3596 Quod
3656 3544 3786 3597 ergo

2138 3611 2338 3666 bonum
2387 3614 2481 3680 est,
2515 3610 2721 3680 inquit,
2754 3608 2895 3663 mihi
2923 3612 3133 3679 factum
3160 3614 3239 3665 est
3264 3613 3448 3665 mors?
3486 3609 3655 3664 Absit.
3682 3609 3786 3664 Sed

2131 3701 2434 3764 peccatum,
2479 3694 2543 3745 ut
2592 3693 2855 3760 appareat
2910 3696 3212 3760 peccatum,
3242 3705 3341 3760 per
3388 3690 3588 3744 bonum
3642 3690 3786 3745 mihi

2135 3777 2420 3842 apemtum
2448 3775 2528 3827 est
2556 3776 2804 3838 mortem,
2836 3775 2900 3825 ut
2936 3772 3034 3841 ﬁat
3057 3787 3226 3841 supra
3264 3769 3488 3825 modum
3534 3779 3786 3840 peccator

2133 3861 2230 3908 aut
2281 3853 2610 3924 peccatum3
2661 3867 2769 3922 per
2822 3851 3145 3906 mandatum
3192 3851 3366 3922 (Rom.
3414 3866 3513 3916 vn,
3549 3853 3634 3916 12,
3671 3850 3780 3921 13).

2135 3937 2315 4002 Supra
2354 3933 2591 4002 modum,
2635 3932 2814 3998 dixit;
2867 3932 3004 3999 quia
3045 3933 3222 3986 etiam
3257 3931 3642 3998 praevaricatio
3673 3933 3785 3986 ad—

2135 4016 2305 4078 ditur,
2341 4030 2474 4069 cum
2517 4013 2799 4084 peccandi
2844 4018 3012 4068 aucta
3052 4011 3290 4067 libidine
3319 4013 3494 4066 etiam
3527 4011 3616 4067 lex
3653 4011 3783 4081 ipsa

2134 4095 2548 4152 contemnitur.
2596 4095 2708 4149 Cur
2749 4093 2857 4149 hoc
2908 4092 3494 4148 commemorandum
3553 4092 3784 4162 putavi-

2137 4178 2316 4233 mus?
2370 4177 2517 4241 Quia
2573 4175 2785 4232 scilicet
2859 4177 3011 4231 sicut
3067 4175 3157 4231 lex
3213 4187 3328 4230 non
3388 4179 3480 4230 est
3532 4173 3780 4241 malum,

2135 4258 2368 4330 quando
2428 4266 2599 4327 auget
2645 4258 3009 4329 peccantium
3072 4255 3602 4327 concupiscentiam
3639 4271 3653 4322 ;
3698 4255 3784 4310 ita

2134 4354 2240 4395 nec
2298 4354 2457 4392 mors
2517 4340 2734 4392 bonum
2791 4347 2896 4404 est,
2931 4339 3166 4410 quando
3225 4342 3400 4408 auget
3433 4334 3780 4404 patientium

2131 4420 2376 4492 gloriam
2413 4434 2426 4474 :
2459 4434 2591 4472 cum
2626 4416 2714 4473 vel
2765 4418 2866 4473 illa
2897 4435 3001 4490 pro
3045 4418 3349 4489 iniquitate
3383 4417 3692 4483 deseritur,
3724 4420 3785 4472 et

2131 4501 2310 4556 efficit
2347 4499 2816 4570 praevaricatores
2856 4516 2870 4566 ;
2905 4499 2988 4555 vel
3021 4500 3130 4555 ista
3162 4514 3264 4570 pro
3310 4500 3550 4554 veritate
3594 4497 3778 4552 susei-

2134 4581 2308 4652 pitur,
2340 4583 2396 4634 et
2439 4578 2617 4633 efficit
2665 4585 2970 4651 martyres.
3009 4582 3089 4635 Ac
3131 4591 3232 4650 per
3277 4578 3384 4634 hoc
3423 4577 3514 4633 lex
3545 4577 3778 4648 quidem

2133 4661 2283 4716 bona
2311 4663 2417 4725 est,
2451 4659 2592 4731 quia
2621 4658 2936 4728 prohibitio
2983 4663 3072 4715 est
3101 4658 3321 4730 peccati
3347 4675 3364 4727 ;
3398 4673 3552 4712 mors
3580 4662 3780 4713 autem

2134 4740 2306 4807 mala,
2341 4739 2477 4812 quia
2515 4739 2872 4809 stipendium
2922 4742 3012 4795 est
3043 4739 3261 4808 peccati
3294 4754 3308 4793 :
3342 4739 3440 4794 sed
3490 4738 3780 4810 quemad-

2133 4822 2370 4876 modum
2401 4819 2608 4890 injusti
2658 4819 2808 4874 male
2848 4824 3094 4875 utuntur
3119 4818 3144 4854 ³
3174 4821 3286 4874 nOn
3329 4822 3552 4874 tantum
3583 4817 3776 4885 malis,

2129 4901 2230 4957 sed
2274 4901 2444 4957 etiam
2476 4899 2678 4967 bonis;
2712 4902 2789 4954 ita
2809 4900 2956 4968 justi
2992 4901 3134 4954 bene
3181 4914 3298 4955 non
3329 4903 3558 4954 tantum
3585 4897 3778 4956 bonis,

2130 4983 2226 5035 sed
2287 4982 2461 5036 etiam
2513 4981 2702 5036 malis.
2735 4981 2881 5036 Hinc
2930 4981 2994 5036 fit
3040 4984 3107 5035 ut
3162 4988 3216 5036 et
3274 4977 3413 5035 mali
3457 4978 3609 5034 male
3651 4977 3781 5049 lege

2133 5068 2386 5128 utantur,
2432 5060 2701 5133 quamvis
2759 5061 2833 5116 sit
2889 5061 2981 5116 lex
3026 5059 3283 5128 bonum;
3333 5063 3389 5115 et
3447 5058 3584 5115 boni
3632 5058 3782 5114 bene

2133 5143 2476 5214 moriantur,
2509 5143 2780 5214 quamvis
2807 5143 2883 5200 sit
2912 5158 3069 5199 mors
3099 5141 3344 5199 malum.

2197 5461 2211 5494 ί
2243 5457 2369 5508 Sola
2398 5458 2560 5507 editio
2588 5458 2735 5516 Lov.,
2765 5458 3053 5519 primin

2196 5519 2217 5552 ²
2246 5520 2400 5578 Editi,
2425 5535 2655 5582 peccans
2683 5530 2982 5581 peccatum.
3029 5523 3098 5572 At
3138 5521 3503 5584 mausoﬂptl,
3525 5530 3784 5582 pauonem-

2130 5591 2234 5658 au}
2247 5591 2548 5658 peccatum.
2581 5584 2657 5658 In
2670 5597 2864 5658 graeco
2881 5587 2979 5640 est.
2996 5583 3364 5658 entertains}
3385 5583 3649 5658 dmurtia.

2196 5646 2216 5678 ³
2247 5645 2405 5710 Mss,
2431 5645 2721 5707 injustitia
2749 5647 2896 5697 male
2942 5647 3144 5698 utitur.
3197 5647 3468 5710 Pauloan
3515 5651 3658 5710 post,
3697 5647 3778 5696 ita

2120 5707 2358 5769 Justitia
2387 5708 2532 5766 bene,
2565 5711 2663 5759 etc.
