4138 6192
290 315 402 377 381

289 446 518 504 CAPUT
547 449 640 507 VI.
666 483 742 537 έ-
772 453 847 509 De
873 457 1155 537 generatis
1181 461 1375 518 mortis
1402 465 1569 535 malo,
1601 483 1706 537 quo
1733 469 1936 526 animae

623 535 675 586 et
701 536 951 606 corporis
975 542 1204 595 societas
1232 548 1550 614 separatur.

355 665 733 756 QuaprOpter,
765 673 920 756 quod
953 675 1159 731 attinet
1190 678 1262 733 ad
1293 681 1554 752 corporis
1585 689 1852 756 mortem,
1873 689 1929 744 id

283 748 806 817 estseparationem
828 753 1037 811 animae
1058 775 1090 812 a
1111 774 1366 830 corpore,
1393 748 1522 817 cum
1548 779 1676 820 eam
1698 748 1932 837 patiun-

279 831 374 884 tur
402 829 506 899 qui
540 832 857 890 morientes
888 829 1275 908 appellantur,
1302 841 1446 898 nulli
1475 843 1629 901 bona
1657 829 1763 902 est.
1810 849 1930 904 Ha-

277 908 374 964 bet
403 910 560 965 enim
595 929 866 983 asperum
917 933 1156 974 sensum
1201 925 1258 976 et
1287 928 1491 980 contra
1531 932 1803 983 naturam
1848 931 1929 985 vis

276 989 405 1073 ipsa
427 1007 542 1061 qua
565 996 884 1066 utrumque
903 998 1219 1070 divellitur,
1241 1004 1395 1073 quod
1417 1004 1607 1060 fuerat
1627 1007 1684 1061 in
1705 1008 1930 1066 vivente

278 1069 661 1159 uenjunctum
713 1079 891 1148 atque
937 1069 1294 1153 consertum,
1327 1086 1601 1156 quamdiu
1648 1093 1924 1159 moratur,

277 1149 462 1238 donec
492 1154 686 1211 omnis
732 1159 1026 1214 adimatur
1055 1149 1289 1232 sensus,
1328 1149 1427 1236 qui
1459 1182 1530 1221 ex
1568 1167 1695 1238 ipso
1739 1149 1928 1226 inerat

275 1231 487 1287 animae
508 1236 818 1308 carnisque
837 1241 1154 1312 complexu.
1179 1231 1363 1308 Quam
1383 1250 1566 1304 totam
1593 1231 1924 1306 molestiam

277 1327 696 1404 nonnunquam
728 1337 880 1376 unus
900 1321 1046 1379 ictus
1075 1326 1330 1396 corporis
1374 1328 1460 1383 vel
1485 1330 1693 1386 animai
1725 1337 1926 1404 raptus

275 1391 595 1478 intercipit,
648 1415 751 1455 nec
781 1417 910 1457 eam
960 1391 1592 1478 sentiri-praeveniente
1637 1391 1926 1469 celeritate

276 1475 577 1563 permittit.
604 1479 897 1552 Quidquid
921 1487 1114 1540 tamen
1146 1475 1288 1542 illud
1313 1493 1397 1544 est
1424 1490 1482 1545 in
1516 1492 1923 1563 morientibus,

275 1555 427 1626 quod
463 1573 596 1643 cum
627 1564 786 1643 gravi
811 1580 988 1620 sensu
1021 1567 1228 1623 adimit
1252 1585 1513 1640 sensum,
1539 1573 1629 1643 pie
1652 1555 1925 1630 ﬁdeliter;

273 1650 382 1706 que
413 1639 711 1696 tolerando
741 1651 914 1714 auget
942 1647 1212 1702 meritum
1245 1639 1559 1720 patientiae,
1582 1668 1700 1708 non
1732 1655 1924 1709 aufert

269 1722 613 1778 vocabulum
651 1739 850 1795 poenas.
903 1727 988 1781 Ita
1035 1741 1167 1782 cum
1197 1744 1266 1784 ex
1296 1729 1552 1788 hominis
1583 1733 1754 1803 primi
1795 1750 1920 1804 per-

272 1807 522 1885 petuate,
561 1805 879 1877 propagine
936 1808 1133 1876 procul
1193 1809 1365 1865 dubio
1416 1812 1494 1867 sit
1543 1829 1703 1868 mors
1751 1831 1920 1885 poena

270 1883 560 1965 nascentis
591 1901 606 1949 ;
645 1889 837 1965 tamen
869 1885 915 1942 si
949 1903 1052 1957 pro
1084 1889 1294 1959 pietate
1323 1891 1678 1965 justitiaque
1707 1883 1921 1965 penda-

269 1963 382 2031 tnr,
417 1963 479 2017 fit
508 1963 692 2035 gloria
719 1967 1078 2022 renascentis
1110 1985 1124 2024 :
1158 1977 1211 2023 et
1233 1985 1368 2026 eum
1396 1973 1474 2026 sit
1505 1963 1662 2029 mors
1697 1963 1917 2043 peccati

262 2043 591 2113 retributio,
624 2045 945 2119 aliquando
976 2048 1251 2120 impetrat
1281 2055 1342 2107 ut
1381 2051 1527 2108 nihil
1551 2054 1916 2110 retribuatur

263 2129 520 2191 peccato.

250 2314 500 2371 CAPUT
535 2315 661 2370 VII.
695 2347 760 2395 έ
792 2318 866 2372 De
919 2322 1112 2388 morte,
1143 2336 1306 2391 quam
1333 2337 1448 2377 non
1478 2325 1784 2394 regenerati
1819 2341 1917 2395 pro

599 2394 804 2451 Christi
831 2398 1165 2467 confessione
1192 2401 1522 2472 suscipiunt.

332 2547 503 2635 Nam_
531 2551 890 2624 quicumque
919 2554 1094 2611 etiam
1143 2574 1258 2614 non
1303 2567 1576 2631 percepto
1608 2579 1916 2635 regenera-

258 2628 440 2684 tionis
487 2628 854 2716 lavacrdpro
894 2635 1107 2691 Christi
1160 2628 1526 2698 confessione
1559 2628 1914 2716 moriuntur,

259 2711 494 2794 tantum
525 2710 608 2764 eis
652 2710 800 2766 valet
846 2715 918 2768 ad
965 2715 1308 2774 dimittenda
1339 2726 1596 2790 peccata,
1629 2710 1912 2794 quantum

258 2789 307 2843 si
337 2788 721 2845 abluerentur
757 2809 922 2848 sacro
958 2795 1115 2851 fonte
1161 2788 1561 2867 Baptismatis.
1584 2788 1588 2789 ί
1613 2788 1722 2868 Qui
1754 2808 1910 2864 enim

257 2869 423 2936 dixit,
457 2869 516 2922 Si
543 2872 666 2956 quis
695 2880 1058 2956 nonqrenatus
1102 2879 1272 2948 fuerit
1310 2895 1386 2934 ea:
1430 2897 1574 2952 aqua
1617 2889 1668 2938 et
1701 2886 1912 2956 Spiritu

253 2959 464 3016 sancto,
485 2965 594 3004 non
612 2950 851 3008 intrabit
873 2957 932 3008 in
956 2971 1187 3026 regnum
1215 2950 1674 3032 calorum—(Joan.
1703 2950 1788 3034 ui,
1809 2968 1865 3038 5)
1893 2982 1908 3022 :

255 3028 368 3084 alia
398 3032 688 3086 sententia
737 3033 880 3089 istos
930 3036 1064 3092 fecit
1095 3045 1383 3112 exceptos,
1419 3028 1517 3096 ubi
1553 3061 1665 3099 non
1715 3028 1908 3102 [uinus

253 3110 600 3190 generaliter
629 3114 793 3185 dixit,
829 3117 936 3184 Qui
973 3133 1060 3173 me
1096 3110 1368 3190 confessus
1390 3123 1567 3190 fuerit
1594 3141 1780 3181 coram
1809 3127 1906 3182 ho-

251 3187 514 3258 minibus,
547 3193 844 3261 conﬁtebor
882 3204 931 3250 et
958 3213 1052 3266 ego
1081 3187 1206 3254 eum
1235 3187 1427 3256 coram
1463 3207 1634 3258 Patre
1663 3221 1779 3260 meo
1811 3208 1907 3277 qui

252 3269 313 3355 in
341 3270 601 3355 ctelisest
623 3271 830 3342 (Matth.
863 3292 918 3344 x,
960 3277 1047 3345 32)
1082 3293 1096 3344 ;
1129 3284 1186 3334 et
1217 3279 1328 3336 alio
1361 3282 1504 3347 loco,
1540 3284 1681 3352 Quid
1717 3269 1903 3355 perdi-

251 3349 392 3405 derit
408 3349 649 3408 animum
667 3370 828 3409 suam
844 3363 1068 3429 propter
1098 3376 1197 3429 me,
1240 3360 1484 3418 inveniet
1512 3349 1632 3419 eam
1661 3349 1761 3435 (Id.
1784 3384 1898 3438 xvr,

250 3431 361 3505 25).
399 3431 545 3488 Hinc
584 3439 673 3490 est
712 3438 864 3506 quod
897 3442 1180 3510 scriptum
1228 3447 1338 3510 est,
1371 3445 1620 3499 Pretiosa
1653 3431 1709 3498 in
1742 3431 1900 3501 cons;

250 3517 411 3582 pectu
446 3513 664 3570 Domini
708 3533 855 3573 mors
903 3524 1218 3577 sanctorum
1264 3524 1382 3591 eius
1422 3524 1592 3595 (Psat.
1626 3541 1751 3589 cxv,
1787 3528 1896 3597 15).

252 3592 590 3674 Quidenim
631 3599 944 3668 pretiosius
976 3618 1152 3672 quam
1196 3619 1373 3668 mors,
1407 3592 1506 3673 per
1537 3620 1710 3674 quam
1746 3605 1810 3659 fit
1840 3592 1900 3661 ut

250 3681 301 3726 et
335 3673 547 3729 delicta
575 3678 767 3733 omnia
797 3680 1195 3750 dimittantur,
1216 3688 1273 3738 et
1305 3684 1514 3738 merita
1540 3673 1897 3742 cumulatius

249 3760 578 3825 augeantur
615 3759 643 3813 ?
671 3759 869 3842 Neque
911 3764 1068 3818 enim
1121 3763 1269 3819 tanti
1326 3769 1466 3820 sunt
1506 3767 1718 3836 meriti,
1772 3771 1892 3842 qui,

247 3851 377 3919 cum
404 3843 660 3919 mortem
693 3841 922 3900 differre
969 3861 1082 3900 non
1134 3851 1393 3918 possent,
1429 3848 1702 3918 baptizati
1735 3841 1894 3919 sunt,

244 3915 573 3988 deletisque
595 3915 866 4002 omnibus
889 3915 1228 3995 peccatis'ex
1249 3927 1356 3982 hac
1381 3915 1894 4002 vitacmigrarunt,

240 4002 445 4078 quanti
479 4006 619 4054 sunt
647 4001 706 4056 hi
739 4004 839 4075 qui
874 4010 1140 4073 mortem,
1165 4023 1298 4063 cum
1334 4018 1593 4078 possent,
1623 4001 1754 4066 ideo
1780 4030 1892 4068 non

241 4076 616 4150 distulerunt,
662 4085 799 4153 quia
848 4085 1177 4142 maluerunt
1234 4076 1533 4144 Christum
1565 4076 1892 4150 confitendo

236 4157 402 4214 finire
449 4160 643 4231 etiam,
679 4182 864 4245 quam
916 4183 1050 4222 eum
1088 4171 1353 4240 negando
1402 4172 1473 4225 ad
1515 4172 1644 4239 ejus
1679 4174 1897 4245 Baptis-

240 4253 402 4292 mnm
452 4244 771 4312 pervenire.
823 4247 984 4310 Quod
1033 4249 1231 4320 utique
1278 4251 1326 4306 si
1375 4251 1666 4322 fecissent,
1718 4244 1890 4312 etiam

238 4318 342 4376 hoc
415 4321 502 4376 eis
571 4324 628 4378 in
678 4325 778 4383 illo
857 4327 1084 4384 lavacro
1135 4318 1572 4401 ‘dimitteretur,
1623 4318 1778 4407 quod
1828 4340 1895 4393 ti-

236 4415 394 4460 more
433 4407 633 4461 mortis
669 4415 1016 4479 negaverant
1044 4410 1338 4467 Christum
1375 4429 1388 4480 ;
1425 4414 1481 4468 in
1515 4431 1629 4486 quo
1661 4417 1891 4476 lavacro

234 4488 287 4538 et
331 4487 457 4543 illis
500 4486 728 4543 facinus
782 4493 902 4543 tam
953 4489 1210 4546 immane
1257 4492 1569 4550 dimissum
1619 4501 1727 4566 est,
1789 4501 1889 4570 qui

231 4569 570 4624 occiderant
654 4567 970 4626 Christum.
1033 4571 1142 4625 Sed
1215 4575 1449 4643 quando
1512 4575 1638 4631 sine
1703 4567 1888 4634 abun-

230 4645 427 4731 dantis
461 4653 477 4688 ¹
511 4651 709 4724 gratias
757 4651 1005 4722 Spiritus
1035 4652 1217 4723 illius,
1254 4655 1353 4730 qui
1406 4656 1500 4712 ubi
1540 4659 1664 4713 vult
1702 4662 1888 4731 spirat

229 4729 418 4794 (Joan.
455 4749 541 4798 ιιι.
571 4734 647 4803 8),
699 4738 925 4789 tantum
959 4735 1247 4790 Christum
1293 4730 1489 4792 amare
1533 4729 1789 4810 possent,
1824 4747 1888 4796 ut

229 4823 359 4868 eum
395 4816 456 4868 in
500 4819 664 4870 tanto
702 4812 827 4868 vitae
858 4813 1191 4872 discrimine
1230 4819 1394 4872 tanta
1436 4818 1543 4872 sub
1575 4835 1679 4890 spe
1708 4822 1885 4876 veniae

230 4904 446 4964 negare
480 4910 595 4950 non
647 4898 883 4966 possent
908 4895 940 4951 ?
967 4895 1122 4952 Mors
1152 4895 1331 4967 igitur
1370 4897 1623 4966 pretiosa
1653 4905 1888 4955 sancto-

230 4985 387 5041 rum,
417 4975 637 5047 quibus
670 4991 804 5029 cum
828 4979 989 5035 tanta
1015 4976 1202 5046 gratia
1231 4980 1320 5032 est
1343 4977 1636 5048 praemissa
1665 4984 1722 5034 et
1746 4997 1885 5051 prae-

231 5059 432 5129 rogata
457 5051 626 5111 mors
656 5055 860 5124 Chisti,
888 5061 948 5111 ut
996 5058 1067 5112 ad
1100 5074 1229 5113 eum
1264 5058 1687 5128 acquirendum
1719 5077 1882 5118 suam

229 5146 338 5188 non
375 5141 800 5193 cunctarentur
820 5137 1175 5208 impendere,
1205 5138 1264 5193 in
1295 5155 1393 5194 eos
1423 5156 1565 5195 usus
1589 5142 1882 5199 redactum

227 5226 354 5271 esse
386 5218 761 5285 monstravit,
793 5219 947 5290 quod
999 5220 1070 5274 ad
1105 5236 1333 5290 pcsnam
1387 5222 1684 5292 peccantis
1713 5229 1883 5280 antea

227 5295 421 5354 fuerat
451 5299 855 5368 constitutum,
891 5300 1368 5372 utindejustitiae
1391 5303 1620 5360 fructus
1652 5304 1884 5360 uberior

290 5615 303 5649 ¹
341 5613 432 5678 Sic
465 5612 546 5665 Er.
580 5615 633 5663 et
669 5613 791 5662 Mss.
846 5613 936 5678 At
960 5613 1114 5664 Vind.
1144 5614 1203 5678 et
1226 5614 1341 5678 Am.
1365 5625 1380 5668 :
1405 5613 1519 5678 Sed
1563 5615 1786 5678 quando
1817 5616 1875 5664 in

221 5675 592 5727 abundantia.
626 5678 748 5726 Lov.
784 5690 795 5725 :
829 5676 937 5725 Sed
965 5677 1188 5738 quando
1219 5676 1332 5726 nisi
1362 5675 1726 5729 abunddntia.

1459 331 1688 394 LIBER
1733 334 2084 403 DECIMUS
2129 342 2494 409 TERTIUS.

3576 363 3696 425 382

2045 481 2401 562 nasceretur.
2431 477 2592 536 Mors
2617 497 2751 553 ergo
2768 500 2883 538 non
2900 483 3026 541 ideo
3050 486 3269 544 bonum
3291 490 3473 548 videri
3497 494 3688 562 debet,

2043 556 2264 639 quiain
2299 564 2530 639 plantam
2579 562 2887 619 utilitatem
2941 582 3056 620 non
3086 569 3138 621 vi
3189 585 3315 639 sua,
3361 575 3459 627 sed
3495 556 3694 631 divina

2041 634 2424 706 Opitulatione
2455 656 2732 697 conversa
2759 650 2848 699 est
2897 661 2910 712 ;
2948 652 3011 701 ut
3055 664 3180 719 quis
3215 634 3349 706 tunc
3381 657 3692 712 metuenda

2039 718 2332 786 proposita
2373 728 2482 788 est,
2543 739 2614 777 ne
2667 730 2964 794 peccatum
3010 718 3482 799 committeretur,
3535 753 3691 793 nunc

2037 797 2405 869 suscipienda
2455 814 2828 875 proponatur,
2880 815 2943 862 ut
2979 816 3318 878 peocantum
3365 797 3480 869 non
3526 833 3687 873 como.

2039 879 2321 949 mittatur,
2356 887 2852 959 commissumque
2884 889 3167 959 deleatur,
3207 910 3540 969 magnaeque
3573 900 3698 954 vic-

2035 969 2194 1026 toria:
2227 973 2686 1044 debitajustitiae
2728 979 2920 1052 palma
2965 982 3260 1039 reddatur-

2034 1134 2266 1222 CAPU'_I‘
2299 1137 2441 1194 Vlll.
2471 1171 2536 1182 —
2584 1143 2735 1208 Quod
2763 1145 2822 1199 in
2849 1148 3051 1202 sanctis
3096 1147 3291 1218 primae
3359 1151 3552 1205 mortis
3593 1166 3694 1222 pro

2119 1216 2355 1274 veritate
2382 1225 2668 1293 susceptio,
2701 1226 2958 1282 secundae
2986 1229 3056 1282 sit
3088 1216 3279 1284 mortis
3309 1216 3602 1287 absolutio:

2104 1351 2330 1409 Sienim
2353 1356 2692 1428 diligentius
2706 1361 3159 1432 consideremus,
3179 1366 3348 1421 etiam
3369 1383 3502 1423 cum
3522 1367 3685 1437 quis-

2030 1448 2143 1503 que
2191 1451 2294 1506 pro
2345 1437 2582 1493 veritate
2612 1440 2863 1496 fideliter
2905 1447 2963 1498 et
3005 1445 3368 1502 laudabiliter
3415 1452 3684 1517 moritur,

2029 1528 2185 1568 mors
2216 1523 2472 1574 cavetur.
2509 1520 2640 1574 Ideo
2673 1521 2889 1592 quippe
2927 1522 3144 1595 aliquid
3189 1527 3316 1596 ejus
3349 1527 3684 1597 suscipitur,

2030 1598 2228 1650 netota
2247 1597 2567 1668 contingat,
2593 1608 2646 1653 et
2669 1601 2922 1656 secunda
2945 1605 3204 1674 insuper,
3226 1622 3351 1675 quae
3376 1623 3678 1677 nunquam

2028 1673 2286 1745 finiatur,
2313 1679 2564 1734 accedat.
2599 1679 2928 1751 Suscipitur
2956 1673 3111 1738 enim
3141 1673 3351 1740 animae
3383 1703 3414 1740 a
3438 1673 3679 1757 corpore

2026 1758 2329 1826 separatio,
2362 1773 2428 1812 ne
2462 1758 2576 1814 Deo
2608 1762 2680 1815 ab
2711 1761 2908 1816 anima
2931 1768 3196 1833 separato
3228 1765 3404 1821 etiam
3437 1765 3562 1836 ipsa
3595 1783 3677 1823 se-

2027 1842 2265 1906 paretur
2303 1855 2337 1893 a
2384 1856 2642 1910 corpore,
2708 1859 2773 1897 ac
2822 1843 2905 1898 sic
2944 1845 3126 1900 totius
3180 1846 3435 1901 hominis
3493 1849 3682 1916 prima

2026 1929 2212 1974 morte
2243 1921 2552 1992 completa,
2585 1924 2841 1978 secunda
2863 1926 3112 1996 excipiat
3134 1928 3504 1997 sempiterna.
3530 1930 3678 1994 Quo-

2025 1998 2174 2052 circa
2209 2014 2367 2055 mors
2414 2001 2674 2071 quidem,
2709 2008 2773 2058 ut
2821 2003 2960 2071 dixi,
3008 2021 3141 2060 cum
3193 2023 3318 2061 eam
3363 2008 3678 2065 morientes

2024 2078 2344 2148 patiuntur,
2395 2096 2643 2154 cumque
2683 2083 2741 2138 in
2791 2086 2871 2140 eis
2903 2089 2966 2140 ut
3022 2087 3348 2142 moriantur
3380 2089 3537 2159 facit,
3571 2107 3679 2147 ne-

2025 2157 2171 2212 mini
2201 2159 2354 2214 bona
2373 2166 2480 2229 est,
2513 2164 2610 2217 sed
2637 2163 3008 2220 laudabiliter
3038 2165 3320 2222 toleratur
3343 2184 3444 2236 pro
3473 2157 3680 2224 tenen-

2024 2237 2097 2292 do
2143 2237 2231 2292 vel
2280 2240 2658 2310 adipiscendo
2701 2243 2868 2299 bono.
2923 2244 3068 2300 Cum
3119 2262 3250 2302 vero
3297 2247 3354 2301 in
3397 2264 3464 2303 ea
3514 2253 3676 2321 sunt,

2023 2317 2261 2389 quijam
2298 2322 2506 2375 mortui
2559 2328 2997 2394 nuncupantur,
3029 2342 3143 2380 non
3186 2328 3436 2383 absurde
3467 2317 3681 2384 dicitur

2022 2403 2076 2453 et
2110 2398 2277 2454 malis
2305 2401 2478 2472 mala,
2510 2407 2566 2458 et
2596 2404 2764 2458 bonis
2792 2404 2963 2458 bona.
3005 2405 3069 2459 In
3112 2407 3308 2478 requie
3349 2409 3504 2464 enim
3538 2415 3680 2466 sunt

2023 2478 2230 2534 anima:
2281 2480 2507 2552 piorum
2560 2501 2591 2539 a
2665 2499 2902 2556 corpore
2952 2491 3229 2556 separatas
3292 2507 3306 2556 ;
3358 2488 3672 2559 impiorum

2022 2565 2212 2614 autem
2260 2577 2458 2632 poenas
2505 2563 2675 2619 luunt
2727 2581 2740 2619 :
2784 2566 2966 2619 donec
3007 2567 3246 2621 istarum
3288 2569 3359 2623 ad
3399 2576 3671 2625 aeternam

2019 2640 2193 2695 vitam
2211 2641 2461 2708 ,illarum
2482 2660 2611 2699 vero
2624 2647 2689 2699 ad
2705 2650 2976 2702 aeternam
2995 2651 3260 2716 mortem,
3276 2665 3400 2720 qua:
3415 2651 3673 2706 secunda

2019 2717 2256 2792 dicitur,
2300 2738 2537 2794 corpora
2588 2724 2956 2782 reviviscent.

2017 2880 2252 2938 CAPUT
2284 2885 2375 2941 IX.
2408 2917 2476 2926 —-
2532 2892 2765 2957 Tempus
2805 2891 3015 2958 mortis,
3058 2907 3163 2962 quo
3194 2893 3316 2948 vitae
3344 2909 3539 2949 sensus
3569 2911 3676 2950 au-

2082 2965 2282 3032 lertur,
2315 2967 2373 3020 in
2391 2968 2773 3041 morientibus,
2797 2987 2869 3026 an
2900 2970 2958 3026 in
2982 2972 3214 3027 mortuis
3243 2989 3356 3030 esse
3383 2973 3673 3030 dicendum

2087 3042 2177 3099 sit.

2083 3178 2192 3262 sed
2223 3179 2287 3262 id
2340 3184 2591 3262 tempus,
2640 3202 2755 3256 quo
2789 3187 2998 3243 animos
3048 3207 3078 3243 a
3109 3205 3350 3260 corpore
3392 3201 3668 3262 separatas

2008 3265 2110 3312 aut
2138 3259 2196 3314 in
2223 3261 2393 3316 bonis
2415 3270 2574 3333 sunt,
2611 3279 2705 3320 aut
2732 3267 2790 3322 in
2823 3268 3010 3337 malis,
3041 3259 3237 3324 utrum
3263 3275 3395 3340 post
3420 3259 3665 3328 mortem

2007 3339 2215 3406 potius,
2249 3358 2324 3395 an
2365 3343 2640 3424 inmorte
2689 3347 3001 3402 dicendum
3033 3353 3124 3403 est
3161 3349 3188 3403 ‘i
3234 3339 3294 3404 Si
3345 3351 3499 3406 enim
3535 3358 3668 3424 post

2008 3425 2251 3472 mortem
2287 3426 2393 3486 est,
2419 3423 2544 3491 jam
2579 3440 2693 3478 non
2726 3425 2853 3493 ipsa
2887 3442 3062 3494 mors,
3095 3444 3220 3496 quae
3262 3423 3554 3485 transacta
3585 3437 3669 3486 at-

2005 3510 2120 3576 que
2141 3501 2429 3566 prmterita
2449 3507 2557 3569 est,
2588 3505 2685 3557 sed
2723 3510 2844 3571 post
2873 3521 2995 3558 eam
3017 3506 3131 3559 vita
3152 3523 3405 3576 praesens
3438 3510 3670 3574 anime,

2008 3573 2155 3630 bona
2184 3592 2288 3632 seu
2321 3580 2473 3634 male
2503 3587 2610 3635 est.
2647 3582 2799 3637 Mors
2821 3589 3019 3637 autem
3053 3573 3192 3638 tunc
3224 3585 3306 3639 eis
3332 3586 3486 3640 mala
3515 3573 3663 3648 erat.

2003 3655 2238 3724 quando
2287 3663 2430 3725 erat,
2481 3659 2591 3714 hoc
2638 3665 2744 3728 est,
2797 3662 3030 3731 quando
3086 3678 3213 3717 eam
3267 3663 3657 3733 patiebantur,

2001 3750 2132 3790 cum
2166 3743 2531 3793 morerentur
2577 3740 2890 3810 :quoniam
2923 3743 3114 3811 gravis
3162 3747 3220 3798 et
3251 3744 3536 3800 molestus
3566 3748 3658 3804 eis

2001 3813 2190 3870 inerat
2219 3832 2425 3872 sensus
2465 3836 2479 3885 ;
2528 3834 2642 3888 quo
2675 3819 2823 3875 malo
2873 3821 3020 3876 bene
3067 3827 3312 3877 utuntur
3353 3823 3508 3878 boni.
3544 3826 3660 3880 Pe-

2000 3903 2159 3954 racta
2205 3904 2400 3954 autem
2453 3916 2607 3955 mors
2655 3918 2910 3972 quonam
2974 3904 3144 3958 modo
3199 3903 3286 3959 vel
3337 3905 3505 3970 bona,
3557 3909 3644 3961 vel

1999 3979 2154 4035 mala
2173 3984 2282 4048 est,
2314 3995 2438 4050 quis
2463 3983 2587 4050 jam
2639 3997 2752 4036 non
2779 3991 2866 4038 est
2892 3984 2922 4038 ?
2964 3987 3162 4054 Porro,
3203 3985 3253 4040 si
3285 3984 3476 4041 adhuc
3507 3985 3645 4041 dili-

1997 4060 2230 4131 gentius
2262 4062 2650 4127 attendamus,
2695 4077 2798 4117 nec
2830 4062 2931 4118 illa
2966 4080 3123 4120 mors
3162 4081 3290 4120 esse
3321 4066 3644 4136 apparebit,

1999 4142 2170 4213 cujus
2198 4157 2431 4212 gravem
2455 4159 2522 4198 ac
2553 4142 2861 4200 molestum
2891 4145 2952 4200 in
2979 4145 3362 4201 morientibus
3394 4146 3646 4205 diximus

1997 4238 2251 4280 sensum.
2306 4224 2575 4289 Quandiu
2634 4224 2790 4280 enim
2859 4225 3140 4292 sentiunt,
3201 4227 3392 4282 adhuc
3449 4229 3649 4301 utique

1996 4305 2192 4360 vivunt
2226 4325 2240 4372 ;
2271 4311 2329 4360 et
2359 4305 2405 4361 si
2435 4307 2627 4362 adhuc
2665 4308 2893 4377 vivunt,
2924 4312 3060 4364 ante
3101 4313 3345 4365 mortem
3377 4327 3552 4381 quam
3587 4312 3647 4368 in

1996 4391 2184 4440 morte
2214 4385 2406 4456 potius
2437 4402 2566 4442 esse
2596 4387 2827 4442 dicendi
2861 4392 3001 4442 sunt
3035 4403 3049 4443 :
3084 4390 3216 4460 quia
3252 4389 3353 4444 illa
3383 4406 3516 4445 cum
3548 4409 3648 4448 ve-

1993 4469 2161 4533 nerit,
2192 4468 2377 4522 aufert
2405 4484 2637 4522 omnem
2670 4470 2932 4540 corporis
2977 4485 3236 4538 sensum,
3269 4471 3368 4543 qui
3410 4487 3477 4527 ea
3508 4490 3646 4544 pro-

1993 4547 2315 4619 pinquante
2345 4549 2626 4604 molestus
2654 4555 2761 4606 est.
2804 4552 2886 4606 Ac
2917 4566 3020 4622 per
3052 4553 3175 4616 hoc,
3210 4553 3502 4622 quomodo
3531 4571 3652 4610 mo-

1992 4628 2208 4683 rientes
2239 4628 2503 4686 dicamus
2535 4646 2636 4686 eos
2663 4632 2763 4703 qui
2794 4633 3056 4688 nondum
3094 4633 3307 4688 mortui
3349 4638 3506 4696 sunt,
3543 4637 3648 4691 sed

1992 4709 2336 4766 imminente
2381 4721 2564 4766 morte
2599 4713 2724 4781 jam
2757 4717 3014 4767 extrema
3057 4721 3110 4767 et
3141 4713 3434 4768 mortifera
3473 4715 3651 4770 afﬂic-

1991 4790 2148 4846 tione
2186 4791 2500 4861 jactantur,
2547 4791 2834 4861 explicare
2891 4792 3130 4845 difficile
3191 4796 3282 4845 est
3342 4809 3354 4846 :
3413 4791 3649 4848 etiamsi

1991 4879 2140 4925 recte
2168 4871 2264 4926 isti
2316 4870 2685 4938 appellantur
2728 4869 3085 4934 morientes;
3136 4869 3273 4938 quia
3316 4885 3449 4922 cum
3485 4886 3638 4926 mors

1991 4965 2116 5019 quas
2133 4952 2256 5019 jam
2290 4949 2609 5018 impendet,
2643 4947 2962 5010 advenerit,
3017 4964 3131 5001 non
3166 4948 3499 5012 morientes,
3535 4951 3635 5005 sed

1989 5028 2199 5083 mortui
2231 5031 2668 5097 nuncupantur.
2703 5025 2910 5081 Nullus
2933 5033 3022 5082 est
3048 5042 3187 5096 ergo
3220 5027 3495 5094 moriens,
3525 5029 3646 5084 nisi

1988 5107 2185 5163 vivens
2233 5125 2245 5174 ;
2294 5108 2570 5179 quoniam
2620 5121 2753 5162 cum
2805 5108 2864 5163 in
2922 5112 3084 5163 tanta
3141 5113 3230 5164 est
3277 5107 3635 5165 extremitate

1986 5186 2138 5254 vitis,
2171 5187 2227 5241 in
2260 5191 2480 5258 quanta
2511 5196 2646 5242 sunt.
2674 5204 2822 5260 quos
2856 5204 3021 5258 agere
3070 5187 3322 5243 animam
3357 5187 3629 5255 dicimus,

1987 5270 2243 5340 profecto
2269 5267 2369 5338 qui
2388 5269 2578 5322 nondu
2592 5286 2644 5323 m
2661 5271 2857 5324 anima
2880 5268 3082 5336 caruit,
3109 5268 3299 5323 adhuc
3314 5267 3637 5325 vivit.Idem

1986 5349 2111 5419 ipse
2131 5349 2318 5420 igitur
2331 5348 2506 5404 simul
2527 5353 2583 5404 et
2607 5350 2862 5405 moriens
2883 5359 2970 5406 est
2993 5354 3049 5405 et
3068 5351 3303 5405 vivens:
3335 5348 3434 5405 sed
3462 5349 3640 5405 morti

1985 5433 2285 5497 accedens,
2309 5430 2428 5487 vita
2448 5429 2729 5488 decedens
2754 5434 2769 5468 ¹
2793 5449 2808 5498 ;
2835 5433 3025 5488 adhuc
3047 5431 3319 5487 tamenin
3341 5429 3480 5499 vita,
3496 5431 3633 5503 quia

2044 5684 2058 5716 ¹
2089 5682 2150 5729 In
2177 5681 2322 5743 Mss,
2355 5680 2469 5730 vita
2498 5681 2705 5731 cedens.
