4138 6192
405 324 523 389 383

401 465 552 520 inest
573 463 772 519 anima
801 460 1030 530 corpori
1056 479 1068 527 ;
1094 462 1356 515 nondum
1385 471 1576 515 autem
1599 461 1654 514 in
1681 466 1888 524 morte,
1911 461 2049 530 quia

399 545 659 601 nondum
693 541 971 596 abscessit
1017 559 1048 594 a
1095 555 1356 611 corpore.
1408 540 1518 595 Sed
1559 539 1608 595 si
1639 557 1772 595 cum
1822 541 2048 596 absces-

398 627 559 690 serit,
593 638 697 677 nec
730 627 870 678 tunc
902 621 959 675 in
1012 625 1216 688 morte,
1267 620 1368 675 sed
1402 626 1532 692 post
1580 631 1822 675 mortem
1857 623 2049 692 potius

396 705 505 761 erit
539 722 553 771 ;
587 703 822 774 quando
855 701 928 758 sit
966 701 1025 755 in
1069 706 1251 755 morte
1301 701 1435 770 quis
1466 702 1730 758 dixerit?
1773 706 1919 757 Nam
1953 719 2051 758 ne-

400 799 512 856 que
545 783 698 836 ullus
733 781 989 835 moriens
1021 781 1149 845 erit,
1191 779 1239 834 si
1273 782 1530 836 moriens
1556 786 1611 837 et
1642 782 1838 836 vivens
1869 781 2048 837 simul

399 880 524 922 esse
573 861 767 917 nullus
831 866 1020 932 potest
1071 878 1084 916 :
1151 861 1432 931 quamdiu
1485 862 1697 932 quippe
1745 863 1943 917 anima
1990 861 2048 916 in

399 958 640 1013 corpore
668 946 776 1007 est,
811 957 924 994 non
978 957 1287 1010 possumus
1344 956 1554 1012 negare
1597 942 1904 998 viventem.
1938 945 2052 998 Aut

401 1023 448 1077 si
483 1021 736 1076 moriens
769 1021 962 1091 potius
994 1021 1274 1075 dicendus
1307 1026 1415 1085 est,
1469 1022 1525 1075 in
1558 1022 1723 1091 cuius
1753 1023 1879 1092 jam
1921 1039 2051 1077 cor-

403 1115 537 1172 pore
559 1099 752 1170 agitur
777 1104 838 1155 ut
859 1099 1161 1165 moriatur,
1189 1117 1291 1155 nec
1317 1100 1494 1156 simul
1527 1102 1839 1172 quisquam
1866 1106 2054 1173 potest

402 1198 532 1238 esse
563 1182 758 1236 vivens
799 1186 856 1236 et
885 1181 1141 1237 moriens
1175 1202 1188 1249 ;
1222 1182 1450 1252 quando
1495 1183 1566 1236 sit
1599 1183 1793 1237 vivens
1834 1184 2050 1238 nescio.

403 1351 631 1408 CAPUT
661 1351 720 1406 X.
770 1381 836 1392 —
876 1353 947 1406 De
981 1353 1094 1407 vita
1142 1353 1486 1418 mortalium,
1527 1367 1644 1422 qua
1691 1367 1839 1407 mors
1873 1354 2054 1422 potius

867 1450 1032 1502 quam
1056 1435 1165 1488 vita
1195 1432 1425 1488 dicenda
1453 1441 1551 1487 est.

481 1567 555 1620 Ex
587 1583 701 1636 quo
751 1565 904 1620 enim
950 1564 1200 1636 quisque
1233 1565 1289 1620 in
1342 1565 1452 1620 isto
1491 1581 1730 1636 corpore
1772 1566 2053 1621 morituro

406 1662 533 1701 esse
565 1645 823 1713 coeperit,
857 1661 1157 1716 nunquam
1209 1645 1266 1698 in
1299 1661 1363 1700 eo
1416 1662 1526 1700 non
1561 1647 1756 1717 agitur
1787 1650 1850 1700 ut
1897 1663 2055 1702 mors

405 1725 590 1781 veniat
621 1727 722 1795 (α).
757 1725 872 1780 Hoc
902 1725 1056 1779 enim
1089 1724 1208 1795 agit
1235 1726 1362 1795 ejus
1397 1725 1751 1780 mutibilitas
1782 1731 1897 1781 toto
1919 1731 2059 1782 tem-

410 1821 545 1877 pore
596 1808 722 1859 vitae
775 1804 950 1875 hujus
991 1806 1054 1874 (si
1111 1811 1303 1859 tamen
1353 1805 1475 1860 vita
1524 1805 1770 1862 dicenda
1817 1810 1948 1873 est),
1996 1815 2058 1861 ut

408 1885 673 1941 veniatur
706 1886 763 1940 in
817 1893 1080 1940 mortem.
1131 1886 1310 1940 Nemo
1351 1886 1557 1957 quippe
1605 1896 1688 1941 est
1723 1887 1818 1957 qui
1859 1904 1970 1942 non
2005 1888 2056 1941 ei

411 1971 543 2037 post
582 1982 801 2020 annum
849 1965 946 2030 sit,
987 1981 1163 2036 quam
1213 1970 1347 2020 ante
1392 1982 1611 2020 annum
1665 1967 1796 2031 fuit,
1843 1973 1900 2022 et
1931 1983 2057 2022 cras

413 2062 588 2117 quam
632 2045 824 2109 hodie,
865 2052 918 2100 et
964 2045 1136 2100 hodie
1183 2062 1361 2116 quam
1411 2046 1554 2115 heri,
1603 2050 1659 2102 et
1710 2048 1881 2118 paulo
1932 2052 2058 2118 post

411 2141 586 2197 quam
621 2142 796 2194 nunc,
829 2129 886 2179 et
917 2141 1070 2181 nunc
1092 2142 1266 2197 quam
1293 2125 1462 2196 paulo
1495 2130 1627 2181 ante
1659 2127 2056 2198 pr0pinquior.

412 2205 698 2269 Quoniam
758 2204 1040 2276 quidquid
1100 2205 1374 2275 temporis
1449 2206 1679 2276 vivitur,
1741 2208 1810 2262 de
1867 2207 2057 2278 spatio

410 2284 635 2341 vivendi
678 2286 965 2352 demitur;
1014 2288 1071 2340 et
1101 2285 1360 2356 quotidie
1410 2286 1473 2340 {it
1516 2287 1708 2342 minus
1751 2287 2057 2358 minusque

410 2367 564 2438 quod
613 2370 791 2423 restat
841 2384 854 2422 :
908 2374 967 2420 ut
1017 2367 1256 2422 omnino
1306 2367 1450 2422 nihil
1499 2369 1574 2423 sit
1623 2367 1782 2423 aliud
1827 2373 2056 2438 tempus

409 2448 534 2502 vitae
569 2446 762 2516 hujus,
795 2463 972 2519 quam
1015 2462 1218 2502 cursus
1245 2447 1319 2502 ad
1349 2453 1619 2517 mortem,
1653 2449 1711 2502 in
1745 2465 1859 2519 quo
1888 2465 2057 2504 nemo

409 2529 494 2584 vel
531 2527 828 2598 paululum
871 2533 1042 2596 stare,
1090 2528 1175 2584 vel
1205 2529 1504 2601 aliquanto
1555 2531 1781 2586 tardius
1813 2530 1896 2586 ire
1927 2547 2055 2602 per-

411 2608 701 2664 mittitur:
737 2609 833 2664 sed
865 2625 1067 2664 omnes
1119 2617 1400 2681 urgentur
1431 2611 1551 2680 pari
1604 2620 1786 2680 motu,
1831 2627 1934 2665 nec
1968 2611 2056 2664 di-

407 2704 570 2743 verso
624 2687 1011 2757 impelluntur
1056 2705 1316 2744 accessu.
1370 2692 1565 2762 Neque
1603 2694 1758 2746 enim
1810 2690 1902 2745 cui
1942 2691 2058 2745 vita

408 2768 634 2822 brevior
684 2768 813 2835 fuit,
865 2768 1110 2824 celerius
1168 2771 1319 2824 diem
1365 2771 1549 2838 duxit,
1601 2789 1774 2842 quam
1826 2771 1921 2826 ille
1961 2771 2054 2827 cui

408 2847 680 2916 longior:
713 2850 812 2902 sed
863 2863 991 2902 cum
1033 2851 1329 2919 aequaliter
1377 2856 1432 2905 et
1477 2852 1720 2922 aequalia
1760 2859 2056 2909 momenta

406 2930 745 2993 raperentur
791 2927 1096 2994 ambobus,
1145 2929 1290 2985 alter
1338 2929 1540 2986 habuit
1598 2933 1858 3003 propius,
1908 2933 2057 2987 alter

409 3005 686 3060 remotius
703 3022 816 3076 quo
841 3023 953 3061 non
979 3007 1182 3076 impari
1206 3010 1507 3066 velocitate
1529 3013 1695 3067 ambo
1722 3013 2052 3068 currebant.

405 3085 572 3140 Aliud
593 3093 677 3138 est
695 3090 890 3140 autem
909 3086 1150 3156 amplius
1175 3088 1272 3141 vias
1306 3091 1620 3160 peregisse,
1653 3091 1808 3146 aliud
1831 3093 2054 3146 tardius

407 3164 754 3220 ambulasse.
783 3166 888 3231 Qui
920 3183 1055 3238 ergo
1087 3183 1266 3237 usque
1299 3169 1370 3222 ad
1406 3176 1651 3226 mortem
1687 3172 2054 3242 productiora

407 3247 594 3318 spatia
624 3249 900 3320 temporis
930 3251 1068 3322 agit,
1116 3266 1227 3304 non
1269 3249 1484 3308 lentius
1542 3254 1744 3323 pergit,
1787 3255 1885 3309 sed
1924 3254 2055 3324 plus

409 3329 631 3384 itineris
677 3331 928 3386 conficit.
982 3333 1157 3386 Porro
1201 3333 1248 3386 si
1303 3350 1369 3388 ex
1417 3334 1516 3390 illo
1548 3336 1794 3407 quisque
1852 3337 2056 3408 incipit

411 3408 584 3474 mori,
615 3408 721 3464 hoc
767 3414 1010 3466 estesse
1063 3411 1120 3466 in
1169 3418 1370 3478 morte,
1423 3430 1490 3468 ex
1540 3431 1655 3486 quo
1707 3415 1766 3470 in
1820 3415 1917 3470 illo
1961 3417 2052 3486 agi

407 3489 646 3558 cmperit
676 3489 798 3558 ipsa
821 3505 996 3556 mors,
1033 3491 1086 3545 id
1111 3499 1194 3546 est
1226 3494 1353 3546 vitae
1385 3493 1698 3563 detractio;
1734 3496 1895 3567 quia,
1917 3513 2054 3552 cum

406 3578 758 3632 detrahendo
794 3579 957 3634 finita
988 3581 1182 3646 fuerit,
1216 3587 1344 3651 post
1367 3587 1608 3637 mortem
1629 3584 1746 3652 jam
1781 3585 1910 3650 erit,
1940 3601 2054 3639 non

409 3659 466 3714 in
502 3665 683 3714 morte
715 3677 728 3714 :
766 3663 1016 3731 profecto
1047 3679 1110 3716 ex
1143 3679 1256 3732 quo
1295 3679 1419 3717 esse
1450 3664 1655 3735 incipit
1685 3667 1740 3719 in
1778 3667 1884 3721 hoc
1923 3683 2053 3720 cor-

409 3757 568 3810 pore,
593 3740 651 3795 in
686 3747 868 3796 morte
898 3748 1005 3798 est.
1041 3744 1186 3808 Quid
1220 3745 1374 3799 enim
1411 3745 1570 3799 aliud
1609 3747 1836 3813 diebus,
1875 3746 2053 3814 horis,

410 3822 840 3894 momentisque
861 3824 1110 3893 singulis
1137 3829 1348 3896 agitur,
1370 3827 1550 3881 donec
1573 3843 1639 3882 ea
1660 3828 2050 3898 consumpta‘

415 3917 568 3955 mors
600 3920 726 3973 qua!
767 3903 1064 3973 agebatur,
1116 3906 1422 3976 impleatur
1488 3923 1502 3970 ;
1549 3912 1605 3961 et
1654 3907 1890 3980 incipiat
1930 3913 2052 3981 jam

411 3985 644 4053 tempus
675 3999 802 4038 esse
830 3990 958 4053 post
994 3991 1258 4050 mortem,
1302 3987 1451 4056 quod
1485 4003 1617 4043 cum
1647 3989 1762 4044 vita
1791 3993 2054 4048 detrahe-

412 4066 591 4128 retur,
640 4067 765 4116 erat
811 4064 868 4116 in
926 4069 1109 4117 morte
1154 4065 1182 4118 Ῥ
1243 4067 1549 4137 Nunquam
1599 4069 1777 4138 igitur
1833 4073 1889 4126 in
1939 4075 2054 4129 vita

413 4140 588 4197 homo
611 4147 714 4206 est,
748 4158 814 4196 ex
836 4159 951 4213 quo
972 4148 1053 4198 est
1082 4143 1140 4197 in
1163 4161 1402 4216 corpore
1428 4147 1540 4202 isto
1564 4153 1844 4205 moriente
1863 4153 2053 4222 potius

411 4238 586 4291 quam
613 4223 860 4285 vivente,
895 4223 943 4276 si
974 4228 1029 4276 et
1061 4224 1118 4278 in
1167 4224 1282 4278 vita
1318 4233 1370 4280 et
1411 4227 1466 4282 iu
1515 4237 1696 4285 morte
1729 4230 1902 4285 simul
1937 4249 2048 4288 non

409 4304 597 4368 potest
621 4316 770 4354 esse.
805 4303 881 4354 An
919 4301 1104 4368 potius
1153 4307 1209 4357 et
1241 4304 1294 4358 in
1328 4305 1440 4359 vita
1483 4314 1540 4363 et
1570 4311 1627 4365 in
1664 4319 1844 4365 morte
1877 4314 2047 4368 simul

407 4382 497 4433 est
541 4395 554 4433 :
591 4380 648 4434 in
689 4379 806 4433 vita
835 4380 1056 4436 scilicet
1085 4381 1142 4437 in
1177 4401 1291 4454 qua
1323 4387 1477 4456 vivit,
1509 4390 1688 4444 donec
1722 4395 1837 4444 tota
1869 4391 2053 4448 detra-

408 4457 578 4512 hatur
623 4476 639 4528 ;
674 4458 730 4512 in
772 4464 956 4515 morte
986 4469 1202 4532 autem,
1255 4483 1370 4537 qua
1393 4469 1516 4535 jam
1549 4471 1569 4502 ³
1613 4471 1878 4538 moritur,
1914 4489 2045 4530 cum

407 4539 523 4594 vita
543 4539 882 4623 detrahitur
911 4541 936 4597 ?
962 4543 1019 4598 Si
1050 4545 1202 4600 enim
1237 4564 1345 4602 non
1397 4553 1481 4603 est
1529 4550 1586 4604 in
1620 4549 1756 4617 vita,
1789 4554 1925 4623 quid
1962 4561 2052 4611 est

406 4621 558 4691 quod
593 4620 935 4689 detrahitur,
969 4625 1152 4681 donec
1185 4628 1310 4696 ejus
1344 4629 1445 4683 {lat
1473 4631 1719 4695 perfecta
1749 4620 2050 4690 co'msum-

407 4702 525 4782 ptio
555 4701 582 4756 ?
621 4702 674 4757 Si
707 4707 900 4758 autem
935 4721 1047 4759 non
1100 4713 1189 4762 est
1237 4710 1292 4762 in
1338 4714 1544 4773 morte,
1597 4711 1736 4782 quid
1787 4724 1871 4768 est
1919 4716 2046 4770 vita;

404 4781 528 4852 ipsa
555 4783 833 4838 detractio
859 4784 887 4838 ‘I
936 4785 1059 4840 Non
1099 4788 1254 4842 enim
1288 4788 1520 4854 frustra,
1551 4781 1684 4847 cum
1717 4793 1832 4848 vita
1881 4796 2047 4851 fuerit

403 4865 628 4935 corpori
668 4868 784 4919 tota
831 4865 1109 4932 detracta,
1164 4873 1293 4938 post
1342 4874 1586 4925 mortem
1627 4873 1745 4941 jam
1808 4875 2043 4940 dicitur,

402 4941 513 4998 nisi
546 4942 681 5014 quia
711 4960 864 4999 mors
913 4948 1055 5010 erat,
1091 4963 1219 5000 cum
1254 4949 1673 5006 detraheretur.
1723 4952 1866 5009 Nam
1907 4953 1951 5008 si
1983 4970 2048 5010 ea

403 5022 659 5079 detracta
683 5039 794 5077 non
827 5028 916 5078 est
947 5023 1122 5079 homo
1153 5027 1210 5079 in
1246 5033 1448 5098 morte,
1482 5033 1580 5086 sed
1608 5037 1733 5102 post
1759 5038 2002 5090 mortem
2029 5045 2043 5096 ;

403 5103 656 5175 quando,
690 5101 803 5157 nisi
835 5119 969 5158 cum
1016 5105 1357 5174 detrahitur,
1389 5111 1502 5164 erit
1543 5101 1820 5169 inﬁmorte
1850 5114 1877 5168 ?

465 5341 480 5404 ξ
511 5339 814 5404 Υἱηάηᾼῃι.
845 5340 926 5389 Er.
951 5344 1004 5391 et
1030 5343 1277 5392 nonnulli
1305 5344 1447 5404 Mss.,
1480 5355 1878 5397 consummata.

463 5400 486 5465 ἒ
513 5400 684 5465 Nostri
712 5402 855 5460 Mss,
887 5404 1021 5465 quia
1035 5405 1184 5463 jam.
1213 5406 1280 5453 M.

463 5463 759 5535 (a)nMagna
787 5463 910 5535 pars
937 5480 1138 5535 eorum,
1169 5481 1308 5535 quae
1351 5468 1405 5516 in
1438 5471 1535 5520 hoc
1582 5472 1752 5535 capite
1798 5473 2044 5535 Augusti-

401 5524 679 5633 qtlx's‘sdicit,
723 5524 936 5590 suinpta
982 5524 1132 5578 sunt
1171 5524 1237 5579 ex
1279 5531 1492 5586 Seneca.
1541 5524 1704 5581 variis
1749 5524 1910 5587 locis?
1928 5537 2040 5587 Lun.

1463 327 1563 384 DE
1607 326 1967 388 CIVITATE
2011 329 2168 394 DEI,
2215 328 2280 387 S.
2328 326 2745 388 AUGUSTINI

3689 331 3807 389 384

2158 459 2390 516 CAPUT
2421 460 2509 516 XI.
2559 490 2628 500 —-
2678 462 2769 514 Αη
2814 461 3106 530 quisquam
3165 460 3419 516 simulet
3467 462 3654 517 vivens
3694 478 3807 519 esse

2671 539 2858 610 possit,
2889 544 2941 594 et
2971 541 3241 594 mortuus.

2233 677 2277 732 l.
2303 676 2362 731 Si
2387 680 2581 732 autem
2609 676 2929 730 absurdum
2954 679 3044 730 est
3068 680 3127 730 ut
3151 675 3468 741 hominem,
3497 681 3810 747 antequam

2155 757 2224 811 ad
2261 762 2504 811 mortem
2538 757 2850 828 perveniat,
2876 756 3001 826 jam
3033 771 3156 812 esse
3188 758 3453 812 dicamus
3483 758 3541 812 in
3573 764 3760 813 morte
3793 777 3809 824 ;

2151 837 2275 905 (cui
2307 835 2461 890 enim
2496 837 2838 907 propinquat
2873 837 3197 906 peragenda
3222 838 3352 891 vita:
3375 853 3498 892 sua;
3519 842 3808 907 tempora,

2156 917 2206 971 si
2227 917 2344 985 iam
2370 917 2425 970 in
2452 916 2552 971 illa
2572 922 2659 972 est
2680 916 2707 969 ?
2738 916 2757 988 )
2787 916 3034 971 maxime
3057 915 3195 986 quia
3217 918 3391 972 nimis
3413 923 3502 973 est
3525 918 3811 987 insolens,

2157 1002 2220 1052 ut
2252 996 2425 1052 simul
2457 1003 2514 1054 et
2558 998 2754 1052 vivens
2801 1013 2930 1052 esse
2969 997 3187 1053 dicatur
3235 1003 3294 1053 et
3347 999 3624 1068 moriens,
3674 1015 3812 1055 cum

2155 1079 2403 1151 vigilans
2434 1084 2491 1135 et
2520 1079 2815 1134 dormiens
2847 1079 3023 1134 simul
3067 1095 3196 1134 esse
3231 1096 3343 1135 non
3382 1082 3562 1150 possit
3597 1098 3610 1136 :
3655 1097 3810 1152 quaa-

2157 1161 2402 1215 rendum
2421 1165 2510 1215 est
2529 1161 2764 1232 quando
2795 1160 2904 1215 erit
2929 1160 3205 1216 moriens.
3238 1160 3460 1216 Etenim
3486 1166 3808 1232 antequam

2159 1257 2317 1296 mors
2338 1242 2546 1310 veniat,
2572 1259 2687 1297 non
2710 1249 2792 1295 est
2819 1241 3098 1310 moriens,
3122 1242 3223 1296 sed
3252 1241 3448 1296 vivens
3481 1258 3650 1298 :cum
3675 1259 3810 1298 vero

2161 1338 2316 1376 mors
2366 1324 2602 1389 venerit,
2655 1327 2920 1377 mortuus
2970 1321 3094 1388 erit,
3151 1340 3265 1378 non
3327 1323 3603 1379 moriens.
3659 1323 3811 1378 lllud

2158 1418 2294 1473 ergo
2325 1408 2411 1458 est
2431 1404 2621 1458 adhuc
2652 1411 2782 1458 ante
2808 1411 3072 1467 mortem,
3108 1403 3213 1458 hoc
3233 1405 3358 1472 jam
3379 1408 3507 1474 post
3540 1409 3814 1459 mortem.

2160 1483 2401 1548 Quando
2431 1499 2566 1553 ergo
2602 1484 2658 1537 in
2694 1491 2871 1538 morte
2900 1481 2927 1534 ?
2957 1483 3114 1553 (tunc
3143 1483 3297 1538 enim
3330 1490 3418 1538 est
3459 1483 3712 1538 moriens
3746 1499 3761 1538 :
3799 1485 3818 1553 )

2162 1568 2226 1617 ut
2271 1565 2755 1632 quemadmodum
2808 1563 2910 1616 tria
2959 1568 3097 1616 sunt
3153 1579 3285 1618 cum
3343 1563 3617 1632 dicimus,
3666 1565 3816 1618 Ante

2163 1648 2430 1709 mortem,
2465 1643 2522 1697 in
2561 1647 2760 1706 morte,
2797 1647 2927 1712 post
2960 1652 3199 1698 mortem
3254 1660 3267 1709 ;
3309 1644 3390 1697 ita
3421 1645 3532 1698 tria
3563 1643 3816 1714 singulis

2161 1722 2414 1792 singula,
2458 1723 2687 1791 Vivens,
2722 1722 2997 1788 moriens,
3044 1729 3428 1794 mortuusque
3468 1722 3818 1780 reddantur.

2161 1804 2400 1867 Quando
2449 1805 2645 1874 itaque
2677 1804 2753 1859 sit
2783 1805 3059 1870 moriens,
3120 1805 3174 1858 id
3220 1810 3309 1859 est
3356 1806 3412 1860 in
3467 1811 3672 1872 morte,
3715 1805 3825 1860 ubi

2163 1901 2351 1956 neque
2397 1887 2472 1940 sit
2521 1888 2736 1951 vivens,
2781 1886 2935 1953 quod
2987 1891 3072 1940 est
3120 1890 3254 1940 ante
3312 1891 3580 1949 mortem,
3627 1901 3820 1957 neque

2165 1971 2442 2034 mortuus,
2476 1965 2633 2038 quod
2672 1972 2762 2020 est
2794 1972 2922 2034 post
2971 1971 3241 2034 mortem,
3296 1967 3395 2021 sed
3446 1966 3720 2033 moriens,
3756 1966 3814 2020 id

2161 2045 2323 2103 estin
2351 2051 2552 2111 morte,
2587 2045 2933 2101 difficillime
2964 2045 3259 2102 delinitur.
3291 2047 3580 2111 Quamdiu
3605 2048 3820 2116 quippe

2163 2131 2252 2182 est
2275 2127 2469 2181 anima
2492 2128 2550 2180 in
2583 2143 2840 2198 corpore,
2867 2127 3118 2182 maxime
3140 2127 3188 2182 si
3211 2127 3385 2182 etiam
3410 2143 3612 2182 sensus
3631 2126 3816 2188 adsit,

2165 2209 2362 2279 procul
2395 2207 2595 2262 dublio
2629 2208 2764 2262 vivit
2797 2210 2990 2274 homo,
3025 2209 3120 2280 qui
3154 2213 3378 2263 constat
3422 2224 3486 2263 ex
3526 2207 3720 2262 anima
3753 2211 3818 2261 et

2164 2305 2397 2358 corpore
2432 2307 2446 2357 ;
2494 2307 2558 2345 ac
2592 2306 2690 2360 per
2732 2289 2837 2344 hoc
2880 2289 3073 2345 adhuc
3120 2294 3252 2344 ante
3296 2295 3559 2356 mortem,
3600 2303 3717 2342 non
3749 2287 3814 2341 in

2166 2376 2350 2425 morte
2381 2386 2508 2425 esse
2540 2369 2818 2424 dicendus
2851 2377 2933 2424 est
2969 2386 2980 2424 :
3025 2385 3156 2424 cum
3191 2386 3322 2425 vero
3359 2369 3555 2424 anima
3582 2367 3813 2423 absces-

2163 2453 2324 2517 serit,
2371 2468 2723 2523 omnemque
2769 2451 3077 2506 abstulerit
3121 2451 3348 2522 caperis
3401 2451 3810 2519 sensum,jam

2165 2536 2294 2602 post
2327 2537 2570 2586 mortem
2623 2536 2998 2602 mortuusque
3047 2529 3400 2601 perhibetur.
3446 2529 3599 2584 Perit
3637 2528 3815 2600 igitur

2162 2613 2315 2667 inter
2357 2617 2684 2681 utrumque.
2719 2629 2833 2684 quo
2885 2613 2898 2645 ¹
2951 2611 3219 2676 moriens,
3252 2611 3335 2665 vel
3371 2610 3426 2664 in
3467 2615 3646 2665 morte
3687 2609 3761 2663 sit
3795 2627 3809 2664 :

2162 2695 2434 2764 quoniam
2467 2693 2515 2746 si
2547 2693 2739 2748 adhuc
2771 2694 2928 2761 vivit,
2957 2699 3089 2748 ante
3125 2697 3363 2747 mortem
3386 2697 3476 2747 est
3509 2691 3596 2757 ;si
3626 2691 3814 2747 vivere

2160 2773 2398 2842 destitit,
2430 2775 2552 2843 jam
2590 2779 2718 2843 post
2749 2780 2989 2830 mortem
3023 2778 3126 2828 est.
3159 2773 3472 2844 Nunquam
3515 2788 3653 2842 ergo
3695 2787 3820 2825 mo-

2163 2855 2338 2921 riens,
2391 2856 2445 2908 id
2490 2863 2576 2909 est
2626 2857 2680 2909 in
2736 2863 2919 2910 morte
2967 2871 3095 2910 esse
3154 2853 3678 2924 comprehenditur.
3729 2853 3824 2906 Ita

2159 2938 2337 2993 etiam
2373 2939 2429 2990 in
2462 2941 2803 2993 transcursu
2837 2944 3166 3010 temporum
3219 2935 3496 3007 quaeritur
3524 2948 3816 3004 praesens,

2160 3037 2262 3075 nec
2291 3019 2586 3074 invenitur
2617 3036 2629 3075 :
2665 3021 2802 3090 quia
2835 3019 2960 3075 sine
3002 3019 3123 3073 ullo
3154 3017 3339 3088 spatio
3377 3020 3485 3082 est,
3517 3032 3616 3086 per
3659 3015 3818 3086 quod

2159 3101 2443 3156 transitur
2473 3117 2542 3155 ex
2573 3102 2764 3156 futuro
2797 3103 2853 3156 in
2889 3100 3262 3172 praeteritum.
3316 3097 3518 3153 Nonne
3546 3112 3681 3167 ergo
3728 3096 3820 3150 vi-

2157 3181 2413 3237 dendum
2462 3187 2570 3245 est,
2622 3197 2692 3234 ne
2725 3183 2837 3236 ista
2885 3181 3104 3236 ratione
3146 3194 3299 3234 mors
3349 3177 3602 3248 corporis
3651 3175 3820 3230 nulla

2159 3279 2287 3318 esse
2317 3262 2544 3316 dicatur
2569 3263 2596 3316 ?
2626 3262 2684 3316 Si
2711 3263 2866 3317 enim
2889 3267 2998 3328 est,
3021 3260 3255 3332 quando
3277 3263 3362 3314 est
3393 3275 3519 3329 quae
3543 3257 3604 3311 in
3627 3257 3816 3325 nullo,

2160 3347 2217 3397 et
2246 3343 2304 3396 in
2337 3359 2456 3413 qua
2487 3342 2642 3397 ullus
2673 3359 2798 3398 esse
2831 3358 2941 3397 non
2972 3340 3213 3412 potest?
3253 3338 3718 3410 quandoquidem
3762 3338 3821 3392 si

2160 3423 2391 3490 vivitur,
2435 3423 2626 3478 adhuc
2675 3439 2790 3478 non
2835 3427 2923 3478 est
2961 3441 2976 3489 ;
3030 3422 3168 3492 quia
3214 3421 3321 3475 hoc
3369 3427 3499 3474 ante
3541 3423 3818 3483 mortem,

2163 3521 2278 3559 non
2310 3503 2368 3558 in
2402 3510 2585 3559 morte
2619 3519 2632 3558 :
2675 3503 2722 3557 si
2760 3508 2954 3558 autem
2985 3502 3171 3556 vivere
3213 3501 3338 3570 jam
3385 3504 3666 3555 cessatum
3700 3505 3829 3569 est,

2156 3585 2282 3654 jam
2312 3602 2425 3639 non
2458 3588 2540 3639 est
2577 3601 2590 3651 ;
2623 3585 2760 3656 quia
2799 3588 2856 3638 et
2887 3583 2993 3638 hoc
3024 3587 3153 3653 post
3184 3586 3426 3636 mortem
3459 3588 3566 3642 est,
3599 3596 3715 3634 non
3751 3580 3815 3636 in

2165 3674 2364 3719 morte.
2401 3664 2508 3720 Sed
2552 3681 2753 3719 rursus
2787 3664 2834 3718 si
2880 3662 3035 3717 nulla
3070 3678 3222 3717 mors
3252 3667 3342 3717 est
3373 3668 3504 3716 ante
3535 3662 3623 3714 vel
3659 3664 3822 3730 post,

2164 3746 2297 3813 quid
2333 3749 2422 3798 est
2453 3746 2603 3815 quod
2637 3743 2852 3798 dicitur
2881 3747 3014 3797 ante
3048 3750 3316 3810 mortem,
3351 3739 3468 3794 sive
3502 3744 3631 3809 Post
3663 3755 3823 3794 mor—

2165 3831 2279 3881 tem
2310 3827 2337 3879 ?
2370 3842 2500 3880 nam
2535 3831 2589 3879 et
2629 3826 2733 3880 hoc
2784 3824 3030 3879 inaniter
3070 3823 3305 3891 dicitur,
3363 3821 3411 3877 si
3465 3837 3618 3875 mors
3650 3819 3820 3876 nulla

2163 3912 2267 3961 est.
2302 3910 2487 3976 Atque
2530 3907 2751 3959 utinam
2786 3905 2841 3959 in
2897 3902 3160 3974 paradiso
3191 3902 3337 3956 bene
3386 3899 3628 3954 vivendo
3661 3900 3821 3969 egis-

2165 4005 2378 4055 semus,
2429 3994 2491 4042 ut
2542 4003 2737 4042 revera
2772 3986 2930 4040 nulla
2978 3989 3131 4040 esset
3181 3999 3357 4038 mors.
3407 3983 3572 4036 Nunc
3614 3984 3813 4035 autem

2166 4085 2280 4123 non
2313 4069 2501 4123 solum
2553 4075 2661 4134 est,
2713 4084 2905 4122 verum
2951 4068 3121 4121 etiam
3157 4069 3275 4118 tam
3328 4062 3569 4116 molesta
3599 4066 3712 4126 est,
3749 4066 3820 4116 ut

2164 4164 2268 4204 nec
2300 4148 2420 4202 ulla
2449 4145 2721 4218 explicari
2755 4145 3040 4201 locutione
3074 4144 3277 4215 possit,
3311 4155 3416 4197 nec
3447 4139 3569 4195 ulla
3590 4139 3816 4196 ratione

2163 4228 2354 4284 vitari.

2233 4314 2286 4368 2.
2335 4310 2665 4382 Loquamur
2694 4325 2826 4381 ergo
2857 4307 3174 4364 secundum
3201 4304 3683 4360 consuetudinem
3717 4303 3737 4335 ³
3797 4318 3812 4357 :

2163 4408 2275 4446 non
2309 4393 2464 4447 enim
2499 4390 2664 4444 aliter
2693 4391 2974 4444 debemus
3018 4405 3030 4442 :
3065 4397 3117 4441 et
3158 4387 3444 4453 dicamus,
3475 4386 3620 4438 Ante
3654 4399 3812 4438 mor-

2160 4476 2296 4537 tem,
2334 4469 2492 4539 prius
2524 4486 2700 4542 quam
2725 4486 2882 4524 mors
2905 4468 3163 4532 accidat;
3197 4466 3348 4520 sicut
3379 4465 3664 4535 scriptum
3698 4471 3810 4529 est,

2161 4555 2295 4608 Ante
2321 4557 2550 4606 mortem
2580 4567 2645 4605 ne
2687 4549 2870 4604 laudes
2921 4549 3196 4604 hominem
3253 4561 3578 4618 quamquam
3618 4543 3813 4612 (Eccli.

2160 4649 2237 4698 χι,
2272 4633 2382 4701 30).
2413 4633 2683 4686 Dicamus
2704 4630 2877 4684 etiam
2914 4645 3041 4683 cum
3076 4625 3372 4691 acciderit,
3399 4624 3528 4679 Post
3561 4629 3814 4677 mortem

2159 4721 2321 4776 illius
2352 4721 2435 4774 vel
2463 4720 2622 4773 illius
2647 4720 2860 4774 factum
2885 4721 2974 4772 est
3012 4716 3156 4771 illud
3198 4714 3284 4769 vel
3324 4713 3490 4768 illud.
3534 4711 3815 4767 Dicamus

2158 4807 2216 4857 et
2247 4803 2316 4856 de
2349 4801 2618 4872 praesenti
2667 4803 2928 4870 tempore
2979 4801 3041 4850 ut
3090 4809 3422 4867 possumus,
3481 4792 3640 4847 velut
3670 4808 3810 4872 cum

2161 4882 2240 4936 ita
2296 4871 2609 4953 loquimur.
2675 4879 2927 4935 Moriens
2967 4875 3062 4931 ille
3118 4880 3366 4930 testatus
3419 4878 3526 4940 est,
3574 4880 3627 4953 et
3686 4871 3812 4928 illis

2159 4968 2330 5034 atque
2375 4952 2492 5019 illis
2543 4961 2688 5018 illud
2738 4966 2908 5030 atque
2954 4958 3095 5012 illud
3149 4956 3404 5012 moriens
3435 4952 3747 5025 dereliquit
3794 4970 3810 5021 ;

2159 5043 2428 5114 quamvis
2477 5042 2585 5098 hoc
2631 5041 2744 5096 nisi
2792 5039 2986 5094 vivens
3035 5036 3272 5092 omnino
3307 5037 3494 5091 facere
3525 5049 3638 5090 non
3670 5050 3812 5104 pos-

2159 5129 2268 5192 set,
2324 5127 2379 5177 et
2427 5123 2620 5193 potius
2679 5121 2787 5177 hoc
2842 5124 2979 5176 aute
3025 5124 3270 5174 mortem
3318 5115 3532 5182 fecerit,
3595 5129 3713 5170 non
3744 5114 3810 5170 in

2224 5418 2237 5450 ι
2274 5413 2358 5463 Sic
2386 5413 2541 5462 Vind.
2572 5413 2689 5462 Am.
2717 5409 2802 5461 Er.
2834 5415 2887 5462 et
2923 5410 3160 5475 plerique
3191 5409 3314 5460 Mss.
3362 5408 3430 5459 At
3475 5407 3623 5468 Lam,
3672 5421 3812 5471 gue-

2155 5477 2416 5592 midfév"
2448 5538 2904 5587 consuetudinem
2934 5536 3383 5596 Scripturarum.
3427 5534 3602 5590 Abest,
3645 5532 3814 5581 Scri-

2151 5610 2478 5665 pturarum,
2509 5601 2578 5650 ab
2604 5600 2724 5649 aliis
2755 5601 2923 5648 libris.
