4138 6192
275 347 387 410 385

273 486 478 540 morte.
521 482 850 551 Loquamur
893 477 1068 533 etiam
1110 475 1263 531 sicut
1305 473 1564 546 loquitur
1613 473 1916 545 Scriptura

271 565 483 632 divina,
539 579 664 634 quae
724 565 983 617 mortuos
1031 574 1265 630 quoque
1313 572 1427 611 non
1473 559 1598 626 post
1647 561 1913 622 mortem,

269 648 362 701 sed
410 644 467 698 in
503 648 688 698 morte
719 658 840 697 esse
894 657 1009 696 non
1068 639 1297 692 dubitat
1330 637 1540 691 dicere.
1575 635 1718 689 Hinc
1760 637 1914 690 enim

268 731 354 781 est
407 724 548 779 illud
618 739 630 778 :
687 723 953 790 Quoniam
1003 736 1108 775 non
1169 727 1244 774 est
1292 720 1349 773 in
1410 726 1604 782 morte,
1656 718 1752 787 qui
1806 731 1916 770 me-

269 822 384 861 mor
437 807 514 860 sit
582 805 666 859 tui
721 803 892 872 (Psal.
954 818 1028 867 v1,
1089 801 1167 872 6).
1230 799 1421 854 Donec
1479 798 1630 852 enim
1688 796 1918 851 revivis-

267 891 416 951 cant,
480 889 630 940 recte
689 883 966 938 dicuntur
1022 896 1148 937 esse
1216 881 1272 934 in
1331 883 1512 933 morte
1571 895 1585 944 ;
1647 876 1798 930 sicut
1856 877 1912 931 in

264 983 472 1023 somno
496 981 623 1020 esse
653 964 923 1034 quisque,
948 963 1130 1018 donec
1151 960 1400 1030 evigilet,
1426 959 1638 1013 dicitur
1670 973 1911 1028 :quam«

264 1050 346 1103 vis
380 1049 435 1100 in
483 1063 689 1102 somno
740 1045 956 1115 positos
998 1045 1262 1098 dicamus
1330 1040 1703 1107 dormientes,
1753 1054 1854 1091 nec
1896 1036 1912 1070 ί

264 1138 449 1184 tamen
482 1144 547 1184 eo
580 1127 750 1182 modo
785 1140 1093 1197 possumus
1132 1124 1321 1179 dicere
1367 1139 1463 1177 eos
1497 1122 1595 1192 qui
1623 1122 1743 1189 jam
1777 1123 1913 1173 sunt

267 1211 504 1277 mortui,
552 1209 886 1263 morientes.
939 1205 1064 1261 Non
1122 1204 1276 1260 enim
1336 1203 1528 1258 adhuc
1585 1202 1914 1255 moriuntur

267 1290 386 1360 qui,
421 1294 704 1360 quantum
737 1289 944 1343 attinet
973 1287 1044 1340 ad
1095 1284 1353 1355 corporis
1393 1287 1662 1349 mortem,
1695 1281 1767 1334 de
1799 1295 1915 1360 qua

267 1358 816 1434 nunc-disserimus,
853 1369 974 1438 jam
1008 1371 1148 1421 sunt
1191 1382 1224 1419 a
1261 1363 1602 1435 corporibus
1641 1358 1914 1431 separati.

265 1451 370 1507 Sed
405 1450 514 1506 hoc
544 1455 634 1506 est
686 1450 836 1520 quod
887 1448 1002 1503 dixi
1054 1445 1325 1518 explicari
1377 1443 1575 1514 aliqua
1621 1440 1914 1497 locutione

267 1548 380 1586 non
415 1547 601 1602 posse,
650 1546 904 1601 quonam
950 1528 1119 1583 modo
1169 1525 1255 1581 vel
1289 1526 1600 1581 morientes
1646 1523 1916 1576 dicantur

266 1613 476 1675 vivere,
508 1615 597 1666 vel
639 1612 762 1682 jam
803 1609 1012 1665 mortui
1044 1607 1216 1663 etiam
1272 1612 1400 1676 post
1448 1609 1693 1660 mortem
1725 1602 1915 1655 adhuc

267 1708 393 1748 esse
425 1693 696 1747 dicantur
725 1691 784 1745 in
815 1694 1022 1746 morte.
1064 1691 1360 1753 Quomodo
1392 1686 1546 1741 enim
1590 1689 1718 1755 post
1749 1696 1913 1737 mor—

269 1781 379 1827 tem
421 1771 471 1826 si
512 1772 707 1826 adhuc
741 1772 796 1826 in
849 1776 1033 1826 morte
1063 1769 1090 1823 ‘2
1124 1767 1446 1824 Praesertim
1497 1783 1628 1822 cum
1674 1781 1771 1820 eos
1811 1776 1916 1817 nec

269 1853 582 1909 morientes
612 1854 900 1920 dicamus,
947 1852 1117 1907 sicuti
1168 1867 1265 1906 eos
1297 1851 1396 1921 qui
1439 1850 1496 1904 in
1538 1867 1742 1906 somno
1773 1863 1916 1903 sun-

270 1933 518 1990 dicimus
548 1935 898 1990 dormientes
942 1950 956 2001 ;
990 1938 1048 1986 et
1077 1931 1177 2004 qui
1211 1933 1267 1985 in
1303 1931 1604 2002 languore,
1638 1931 1920 2001 languent

267 2018 350 2070 tes
386 2035 400 2083 ;
437 2019 494 2070 et
534 2015 634 2086 qui
673 2015 730 2070 in
787 2014 1006 2081 dolore,
1054 2014 1252 2083 utique
1291 2013 1551 2067 dolentes
1598 2030 1611 2079 ;
1643 2021 1695 2066 et
1727 2012 1828 2082 qui
1859 2012 1916 2065 in

264 2096 400 2162 vita,
434 2096 688 2151 viventes
720 2113 734 2154 :
766 2100 823 2150 at
842 2111 976 2150 vero
1003 2094 1206 2150 mortui
1236 2094 1574 2164 priusquam
1594 2099 1919 2161 resurgant,

265 2191 394 2231 esse
426 2176 703 2231 dicuntur
733 2176 792 2231 in
826 2181 1034 2243 morte,
1074 2190 1179 2230 nec
1210 2179 1401 2228 tamen
1437 2181 1680 2245 possunt
1717 2172 1920 2246 appel-

261 2254 374 2310 lari
411 2255 742 2310 morientes.
778 2254 942 2309 Unde
985 2271 1100 2308 non
1131 2254 1461 2324 importune
1492 2271 1680 2325 neque
1720 2257 1922 2312 incon-

258 2350 418 2404 grue
447 2335 692 2389 arbitror
723 2333 1021 2397 accidisse,
1045 2335 1152 2387 etsi
1186 2349 1298 2386 non
1333 2333 1586 2387 humana
1609 2334 1919 2404 industria,

250 2414 494 2484 judicio
543 2414 783 2468 fortasse
827 2414 1041 2478 divino,
1099 2417 1160 2466 ut
1190 2411 1296 2466 hoc
1351 2413 1584 2468 verbum
1629 2419 1782 2485 quod
1816 2423 1922 2488 est,

262 2496 541 2564 moritur,
577 2495 635 2549 in
668 2495 846 2550 latina
872 2494 1074 2565 lingua
1105 2509 1208 2548 nec
1238 2494 1600 2564 grammatici
1635 2497 1925 2554 declinare

263 2575 585 2648 potuerint,
618 2592 687 2629 ea
717 2574 919 2646 regula
961 2591 1078 2644 qua
1117 2578 1321 2628 caetera
1365 2574 1507 2628 talia
1536 2575 1922 2635 declinantur.

262 2656 533 2723 Namque
564 2656 637 2709 ab
668 2671 733 2710 eo
766 2658 921 2725 quod
968 2659 1057 2708 est
1100 2655 1302 2722 oritur,
1356 2653 1416 2707 fit
1448 2655 1687 2711 verbum
1730 2664 1925 2727 praete-

264 2735 367 2790 riti
399 2734 701 2805 temporis,
723 2740 886 2788 ortus
918 2740 1006 2790 est
1038 2751 1052 2789 :
1085 2740 1142 2788 et
1173 2734 1221 2788 si
1244 2750 1359 2804 qua
1393 2734 1613 2788 similia
1643 2743 1803 2807 sunt,
1829 2756 1925 2809 per

265 2816 553 2887 temporis
619 2814 891 2883 praeteriti
937 2813 1236 2884 participia
1293 2812 1677 2871 declinantur.
1725 2820 1809 2872 Ab
1857 2836 1922 2874 eo

264 2911 400 2951 vero
432 2895 584 2965 quod
617 2900 703 2949 est
737 2896 1000 2958 moritur,
1027 2893 1074 2947 si
1109 2909 1436 2963 quaeramus
1466 2897 1737 2962 praeteriti
1771 2903 1918 2952 tem-

262 2978 428 3048 poris
459 2979 718 3043 verbum,
768 2973 1105 3042 responderi
1131 2973 1364 3036 assolet,
1417 2979 1683 3030 mortuus
1717 2982 1822 3043 est,
1860 2984 1923 3033 ut

265 3057 466 3110 littera
496 3055 808 3126 geminata.
864 3053 959 3109 Sic
1008 3052 1162 3108 enim
1196 3053 1410 3107 dicitur
1450 3061 1738 3124 mortuus,
1770 3074 1918 3128 quo-

264 3135 446 3192 modo
478 3138 691 3201 fatuus,
725 3136 970 3204 arduus,
1021 3133 1389 3205 conspicuus,
1435 3138 1493 3188 et
1521 3135 1570 3188 si
1611 3151 1722 3205 qua
1754 3139 1918 3194 simi-

262 3215 368 3282 lia,
400 3232 525 3286 quaa
558 3233 669 3270 non
703 3221 841 3270 sunt
872 3214 1141 3286 praeteriti
1173 3213 1471 3282 temporis,
1505 3215 1605 3268 sed
1639 3218 1917 3286 quoniam

262 3297 516 3353 nomina
545 3303 699 3364 sunt,
745 3296 870 3351 sine
903 3301 1158 3366 tempore
1207 3292 1592 3349 declinantur.
1635 3296 1783 3351 Illud
1825 3315 1919 3354 au-

262 3383 411 3447 tem,
446 3376 611 3447 quasi
635 3382 697 3431 ut
726 3376 1046 3432 declinetur
1075 3376 1224 3446 quod
1250 3373 1527 3429 declinari
1561 3391 1675 3430 non
1709 3383 1918 3448 potest,

261 3474 374 3528 pro
406 3456 710 3528 participio
765 3456 1032 3526 praeteriti
1082 3455 1362 3525 temporis
1409 3454 1643 3524 ponitur
1685 3473 1915 3512 nomen.

260 3537 692 3593 Convenienter
732 3537 930 3607 itaque
981 3536 1002 3569 ²
1039 3536 1250 3592 factum
1283 3537 1390 3598 est,
1425 3536 1507 3597 ut,
1542 3537 1917 3601 quemadmo-

255 3618 410 3672 dum
464 3618 518 3672 id
565 3617 716 3687 quod
751 3617 1058 3684 signiﬁcat,
1125 3632 1237 3670 non
1289 3615 1477 3683 potest
1549 3613 1792 3680 agendo,
1839 3614 1921 3670 ita

253 3699 464 3769 ipsum
495 3699 736 3752 verbum
778 3697 1057 3753 declinari
1105 3693 1396 3768 loquendo
1444 3706 1559 3745 non
1600 3695 1786 3762 possit
1821 3695 1918 3766 (a).

251 3782 368 3851 Agi
402 3785 597 3836 tamen
643 3782 829 3851 potest
858 3780 916 3833 in
949 3778 1234 3848 adjutorio
1275 3772 1472 3847 gratim
1516 3771 1919 3845 Redemptoris

253 3861 479 3928 nostri,
513 3870 578 3919 ut
608 3865 813 3921 saltem
844 3859 1160 3916 secundam
1193 3864 1441 3914 mortem
1475 3855 1763 3914 declinare
1795 3874 1921 3927 pos-

251 3941 481 3999 simus.
519 3945 618 4000 Illa
648 3947 802 4001 enim
832 3948 920 3997 est
950 3942 1195 4011 gravior,
1229 3943 1286 3993 et
1326 3940 1592 3995 omnium
1635 3939 1920 3997 malorum

256 4026 550 4093 pessima,
575 4043 700 4097 qua:
724 4042 836 4080 non
865 4024 926 4078 fit
946 4019 1306 4092 separatione
1327 4021 1535 4075 animas
1558 4029 1616 4080 et
1637 4023 1918 4094 corporis,

252 4109 360 4161 sed
401 4105 465 4160 in
497 4112 768 4161 aeternam
793 4120 1021 4176 pmnam
1047 4100 1238 4172 potius
1263 4099 1565 4172 utriusque
1595 4105 1917 4176 complexu.

251 4186 343 4241 lbi
380 4202 414 4242 e
465 4187 752 4242 contrario
795 4201 909 4241 non
954 4186 1126 4238 erunt
1174 4181 1430 4236 homines
1489 4189 1623 4239 ante
1672 4193 1920 4240 mortem

251 4272 446 4340 atque
480 4272 608 4337 post
653 4271 918 4327 mortem,
951 4263 1052 4321 sed
1081 4279 1310 4333 semper
1347 4267 1405 4321 in
1450 4275 1634 4324 morte
1667 4284 1680 4322 :
1725 4283 1790 4322 ac
1823 4283 1922 4338 per

248 4347 370 4406 hoc
405 4364 718 4420 nunquam
746 4348 1026 4417 viventes,
1059 4365 1360 4419 nunquam
1394 4349 1632 4417 mortui,
1667 4348 1768 4403 sed
1797 4350 1923 4405 sine

247 4430 373 4486 ﬁne
423 4430 758 4485 morientes.
817 4432 1131 4500 Nunquam
1174 4429 1327 4484 enim
1361 4431 1472 4487 erit
1501 4430 1720 4487 homini
1756 4430 1922 4502 pejus

246 4510 308 4566 in
346 4518 568 4578 morte,
599 4527 774 4581 quam
809 4509 905 4566 ubi
938 4510 1041 4566 erit
1070 4526 1227 4566 mors
1258 4510 1388 4582 ipsa
1416 4513 1538 4568 sine
1572 4515 1777 4567 morte.

241 4670 505 4727 CAPUT
535 4671 740 4728 XIl.—
762 4672 938 4740 Quam
962 4676 1183 4728 mortem
1204 4674 1400 4744 primis
1419 4671 1734 4727 hominibus
1756 4672 1918 4739 Deus,

315 4755 370 4807 si
404 4752 743 4809 mandatum
773 4755 891 4824 ejus
921 4754 1459 4826 transgrederentur,
1483 4755 1653 4822 fuerit
1682 4753 1918 4808 commi-

317 4842 530 4890 natus.

316 4972 486 5026 Cum
521 4986 656 5042 ergo
691 4970 1026 5042 requiritur,
1051 4987 1227 5040 quam
1262 4978 1500 5025 mortem
1533 4969 1684 5024 Deus
1719 4968 1920 5041 primis

237 5052 609 5108 hominibus
640 5051 814 5106 fuerit
842 5052 1238 5107 comminatus
1291 5051 1342 5106 si
1375 5050 1447 5105 ab
1478 5066 1542 5105 eo
1577 5049 1917 5105 mandatum

236 5130 809 5202 transgrederentur
832 5137 1160 5203 acceptum,
1187 5147 1289 5186 nec
1321 5129 1705 5186 obedientiam
1733 5135 1922 5186 custo-

234 5212 456 5269 dirent
486 5231 502 5280 ;
538 5217 732 5267 utrum
765 5213 1088 5279 animae,“
1123 5211 1402 5282 corporis,
1425 5229 1497 5267 an
1531 5210 1706 5268 totius
1736 5210 1920 5267 homi-

301 5381 317 5412 ι
359 5375 466 5424 Sic
507 5373 626 5422 Mss.
655 5373 794 5422 Editi
824 5387 968 5429 vero,
998 5387 1130 5421 non.

296 5438 321 5472 ³
355 5438 567 5486 Plures
595 5437 738 5492 Mss.
763 5437 1020 5496 ponitur.
1071 5433 1198 5484 Non
1237 5433 1687 5483 inoonvenienter
1716 5434 1920 5497 itaque,

226 5504 385 5627 die)
423 5563 587 5611 Lusit
610 5563 957 5627 ambiguitate
987 5562 1140 5627 verbi
1169 5561 1332 5627 illius,
1364 5559 1669 5627 declinari:
1701 5561 1921 5627 agendo,

222 5623 447 5690 inquit,
507 5637 618 5676 non
669 5623 842 5689 potest
893 5624 1162 5690 declinari,
1220 5624 1274 5690 id
1306 5625 1425 5690 _est,
1452 5623 1669 5690 _yitari;
1728 5637 1825 5674 nec
1849 5624 1924 5672 lo-

222 5685 470 5756 (piendo
507 5685 689 5751 potest
714 5701 808 5752 per
835 5687 1022 5738 modos
1051 5687 1271 5738 inﬂecti.
1304 5685 1418 5736 Luc.
1452 5685 1613 5737 Vins.

1451 339 1677 398 LIBER
1724 338 2067 402 DECIMUS
2113 341 2472 404 TERTIUS.

2025 474 2138 560 nis,
2165 492 2238 530 an
2270 475 2426 560 illam
2463 494 2587 549 quae
2612 478 2949 560 appellatur
2979 485 3237 540 secunda
3269 501 3283 541 :
3317 489 3673 560 responden-

2025 556 2163 611 dum
2197 562 2306 625 est,
2341 557 2575 614 Omnes.
2610 559 2804 616 Prima
2835 563 2988 616 enim
3033 579 3100 618 ex
3131 565 3361 624 duabus
3392 556 3617 626 constat
3653 587 3666 626 :

2025 637 2277 691 secunda
2303 655 2370 692 ex
2393 639 2667 695 omnibus
2698 646 2834 696 tota.
2863 642 3021 696 Sicut
3043 645 3197 699 enim
3225 648 3492 704 universa
3521 657 3671 706 terra

2023 731 2088 770 ex
2138 719 2338 773 multis
2386 721 2570 784 terris,
2614 729 2666 775 et
2727 723 2991 778 universa
3043 724 3298 782 Ecclesia
3352 745 3419 783 ex
3470 729 3670 786 multis

2023 805 2252 854 constat
2319 799 2594 856 Ecclesiis
2628 818 2642 867 ;
2677 802 2758 856 sic
2793 804 3062 859 universa
3093 823 3249 862 mors
3281 824 3345 862 ex
3379 811 3665 867 omnibus.

2023 879 2306 942 Quoniam
2343 881 2524 950 prima
2555 889 2784 938 constat
2815 901 2880 939 ex
2912 885 3162 952 duabus,
3194 905 3308 943 una
3339 890 3567 960 animae,
3592 892 3672 946 al-

2022 962 2143 1012 tera
2171 962 2426 1029 corporis
2462 981 2473 1016 :
2511 969 2569 1017 ut
2613 964 2690 1018 sit
2734 965 2921 1035 prima
2959 967 3141 1021 totius
3189 968 3441 1023 hominis
3489 987 3667 1038 mors,

2021 1054 2152 1092 cum
2203 1041 2400 1096 anima
2447 1044 2568 1097 sine
2615 1043 2728 1099 Deo
2771 1049 2824 1098 et
2875 1044 3000 1100 sine
3041 1063 3276 1118 corpore
3318 1049 3389 1102 ad
3439 1055 3670 1121 tempus

2018 1135 2214 1188 poenas
2248 1121 2392 1189 luit;
2423 1125 2679 1180 secunda
2711 1141 2860 1193 vero,
2891 1126 2990 1182 ubi
3018 1127 3213 1183 anima
3235 1129 3360 1184 sine
3393 1131 3504 1186 Deo
3535 1147 3669 1186 cum

2022 1215 2260 1280 corpore
2295 1219 2489 1271 pmnas
2512 1211 2754 1259 aeternas
2779 1206 2900 1260 luit.
2929 1208 3165 1270 Quando
3188 1225 3323 1280 ergo
3353 1209 3496 1264 dixit
3524 1213 3670 1266 Deus

2021 1279 2208 1348 primo
2241 1281 2323 1336 illi
2375 1283 2617 1350 homini,
2653 1301 2819 1354 quem
2852 1287 2908 1342 in
2957 1289 3222 1357 paradiso
3267 1290 3671 1357 constituerat,

2022 1359 2093 1414 de
2123 1362 2250 1417 cibo
2282 1363 2478 1430 vetito,
2515 1366 2860 1437 Quacumque
2900 1369 2990 1422 die
3013 1369 3240 1424 oderitis
3271 1387 3341 1425 ea:
3379 1387 3463 1436 eo,
3495 1382 3673 1426 morte

2021 1440 2346 1498 moriemini
2373 1443 2526 1512 (Gen.
2560 1463 2620 1511 ιι,
2659 1448 2746 1516 17)
2780 1463 2792 1500 :
2830 1465 2941 1503 non
2980 1454 3202 1504 tantum
3241 1451 3434 1518 prima:
3469 1451 3670 1506 mortis

2022 1529 2245 1592 partem
2283 1525 2554 1594 priorem,
2579 1527 2676 1580 ubi
2709 1528 2906 1582 anima
2937 1531 3201 1600 privatur
3221 1529 3336 1585 Deo
3374 1551 3388 1596 ;
3417 1546 3521 1584 nec
3553 1539 3674 1586 tan-

2025 1607 2146 1657 tum
2198 1605 2596 1673 posteriorem,
2621 1607 2718 1660 ubi
2763 1624 2975 1678 corpus
3018 1610 3271 1679 privatur
3309 1609 3672 1680 anima;nec

2023 1681 2214 1738 solum
2248 1685 2432 1755 ipsam
2469 1691 2646 1741 totam
2683 1689 2948 1759 primam,
2979 1691 3073 1744 ubi
3103 1692 3302 1745 anima
3333 1695 3389 1745 et
3410 1708 3443 1746 a
3474 1691 3588 1747 Deo
3619 1694 3676 1746 et

2022 1779 2053 1816 a
2095 1779 2329 1834 corpore
2373 1775 2635 1836 separata
2685 1769 3427 1841 puniturzsedquidquid
3473 1769 3675 1825 mortis

2025 1847 2114 1896 est
2162 1860 2345 1916 usque
2389 1846 2462 1900 ad
2508 1848 2900 1915 novissimam,
2954 1867 3080 1921 quae
3136 1850 3393 1906 secunda
3434 1850 3671 1920 dicitur,

2027 1939 2142 2057 quta
2174 1934 2262 1982 est
2294 1927 2456 1982 nulla
2488 1930 2790 1997 posterior,
2821 1932 3197 1987 comminatio
3240 1931 3340 1988 illa
3376 1931 3677 2005 complexa

2027 2019 2086 2057 es
2121 2045 2134 2057 .

2026 2019 2134 2057 BSI.

2029 2165 2260 2221 CAPUT
2299 2169 2453 2224 XIII.
2486 2200 2553 2208 —
2600 2172 2986 2227 Prwvariratio
3019 2173 3329 2243 primorum
3369 2176 3678 2242 hominum,

2348 2264 2510 2319 quam
2558 2250 2799 2320 primam
2843 2257 3075 2308 senserit
3120 2271 3358 2325 pernam.

2107 2389 2248 2437 Nam
2283 2388 2656 2454 posteaquam
2693 2388 2959 2457 praecepti
2989 2388 3134 2443 facta
3168 2391 3547 2460 transgressio
3575 2399 3678 2454 est,

2032 2463 2337 2518 confestim
2362 2470 2547 2535 gratia
2569 2465 2871 2521 deserente
2895 2467 3110 2537 divina,
3131 2468 3200 2522 de
3225 2485 3529 2540 corporum
3555 2487 3686 2526 suo-

2033 2559 2164 2596 rum
2201 2543 2462 2598 nuditate
2489 2546 2712 2601 confusi
2745 2553 2904 2602 sunt.
2938 2547 3100 2603 Unde
3132 2549 3300 2604 etiam
3335 2549 3486 2605 foliis
3517 2551 3683 2606 ﬁcul-

2033 2623 2178 2691 neis,
2203 2641 2328 2694 quae
2364 2625 2561 2681 fortea
2595 2628 2945 2697 perturbatis
2981 2629 3164 2698 prima
3199 2639 3494 2700 comperta
3519 2637 3682 2700 sunt,

2035 2706 2301 2776 pudenda
2343 2713 2607 2763 texerunt
2649 2709 2807 2779 (Gen.
2849 2727 2932 2776 ιιι,
2964 2712 3065 2779 7);
3112 2728 3238 2781 quas
3282 2711 3440 2781 prius
3480 2711 3680 2768 eadem

2035 2789 2296 2840 membra
2329 2794 2514 2852 erant,
2548 2789 2648 2843 sed
2682 2788 2955 2860 pudenda
2989 2807 3105 2845 non
3147 2799 3328 2845 erant.
3364 2791 3683 2846 Senserunt

2031 2882 2166 2936 ergo
2211 2882 2424 2922 novum
2465 2872 2686 2922 motum
2725 2868 3113 2924 inobedientis
3153 2873 3345 2925 carnis
3381 2887 3521 2937 suae,
3556 2879 3682 2926 tan-

2031 2963 2201 3016 quam
2247 2948 2594 3018 reciprocam
2642 2967 2867 3020 poenam
2922 2951 3328 3006 inobedientiae
3370 2968 3506 3007 suae.
3549 2952 3681 3007 Jam

2029 3025 2242 3097 quippe
2271 3027 2468 3081 anima
2501 3027 2760 3083 libertate
2789 3030 2845 3083 in
2881 3045 3214 3099 perversum
3241 3031 3470 3102 prepria
3500 3030 3686 3086 delec-

2030 3111 2166 3172 tata,
2219 3111 2275 3163 et
2322 3112 2432 3162 Deo
2484 3108 2789 3175 dedignata
2838 3110 3078 3177 servire,
3132 3113 3375 3180 pristino
3425 3111 3683 3181 corporis

2029 3190 2268 3244 servitio
2305 3191 2732 3246 destituebatur
2764 3208 2778 3246 :
2813 3196 2870 3246 et
2910 3193 3050 3263 quia
3089 3194 3446 3264 superiorem
3489 3193 3682 3247 Domi-

2031 3286 2170 3324 num
2206 3286 2313 3326 suo
2349 3272 2586 3326 arbitrio
2627 3273 2988 3337 deseruerat,
3020 3271 3354 3328 inferiorem
3403 3273 3684 3328 famulum

2030 3351 2097 3403 ad
2132 3367 2305 3406 suum
2351 3351 2654 3406 arbitrium
2698 3368 2813 3406 non
2860 3353 3123 3406 tenebat:
3159 3369 3263 3407 nec
3310 3354 3466 3406 omni
3513 3354 3684 3408 modo

2032 3427 2280 3483 habebat
2301 3431 2601 3485 subditam
2635 3446 2890 3498 carnem,
2917 3431 3069 3484 sicut
3098 3447 3331 3500 semper
3353 3431 3562 3486 habere
3594 3450 3687 3501 po-

2031 3507 2264 3574 tuisset,
2299 3509 2347 3562 si
2386 3510 2499 3564 Deo
2539 3509 2774 3564 subdita
2809 3509 2936 3579 ipsa
2976 3509 3309 3563 mansisset.
3345 3510 3510 3563 Tunc
3553 3528 3684 3580 ergo

2033 3587 2205 3658 erepit
2235 3604 2367 3642 caro
2401 3589 2811 3660 concupiscere
2855 3590 3132 3643 adversus
3174 3589 3445 3660 spiritum
3482 3589 3682 3654 (Galat.

2031 3684 2086 3737 v,
2122 3669 2208 3739 17)
2244 3684 2256 3722 :
2293 3684 2423 3724 cum
2457 3686 2572 3740 qua
2604 3670 2997 3726 controversia
3026 3670 3149 3724 nati
3181 3685 3409 3731 sumus,
3443 3670 3687 3725 trahen-

2033 3753 2118 3804 tes
2150 3749 2432 3820 originem
2467 3750 2691 3815 mortis,
2725 3755 2782 3805 et
2811 3750 2869 3804 in
2905 3750 3186 3805 membris
3221 3749 3434 3804 nostris
3457 3749 3683 3805 vitiata-

2034 3845 2144 3900 que
2193 3837 2395 3885 nalura
2442 3829 2872 3885 contentionem
2923 3831 3050 3900 ejus
3098 3829 3216 3886 sive
3266 3830 3560 3884 victoriam
3613 3830 3684 3885 de

2034 3911 2220 3980 prima
2251 3908 2721 3980 praevaricatione
2753 3915 3066 3982 gestantes.

2034 4061 2265 4119 CAPUT
2301 4061 2452 4118 XlV.
2487 4092 2553 4103 —
2586 4062 2774 4131 Qualis
2809 4062 2966 4118 homo
3004 4065 3073 4116 sit
3106 4063 3285 4132 [actus
3313 4078 3350 4116 a
3390 4063 3513 4128 Deo,
3549 4066 3598 4115 et
3626 4062 3686 4116 in

2124 4159 2287 4214 quam
2315 4146 2549 4200 sortem‘
2585 4143 2842 4199 deciderit
2872 4159 2982 4198 suae
3010 4143 3311 4198 voluntatis
3341 4142 3598 4198 arbitrio.

2107 4288 2256 4345 Deus
2296 4289 2451 4344 enim
2483 4288 2700 4343 creavit
2731 4287 3022 4343 hominem
3061 4291 3306 4357 rectum,
3341 4291 3684 4343 naturarum

2038 4375 2258 4435 auctor,
2293 4385 2408 4423 non
2442 4369 2645 4439 utique
2675 4368 2949 4423 vitiorum
2982 4384 2995 4422 :
3032 4369 3132 4423 sed
3165 4373 3374 4440 sponte
3404 4369 3684 4438 deprava-

2036 4451 2129 4503 tus
2165 4449 2437 4519 justeque
2487 4449 2820 4518 damnat-us,
2867 4448 3206 4519 depravatos
3260 4449 3685 4519 damnatosque

2035 4529 2347 4599 generavit.
2380 4532 2594 4584 Omnes
2627 4529 2782 4584 enim
2816 4529 3034 4586 fuimus
3066 4531 3122 4584 in
3157 4528 3256 4584 illo
3288 4545 3425 4597 uno,
3450 4529 3686 4600 quando

2035 4625 2242 4668 omnes
2273 4611 2487 4666 fuimus
2529 4611 2626 4667 ille
2665 4628 2840 4678 unus,
2873 4610 2970 4681 qui
3011 4627 3112 4681 per
3157 4609 3435 4664 feminam
3483 4610 3683 4679 lapsus

2033 4698 2121 4749 est
2151 4693 2208 4747 in
2246 4698 2569 4764 peccatum,
2605 4709 2734 4765 quae
2767 4693 2835 4745 de
2869 4691 2966 4746 illo
2998 4693 3149 4746 facta
3179 4694 3269 4744 est
3303 4695 3435 4743 ante
3477 4705 3684 4757 pecca—

2035 4783 2179 4831 tum.
2203 4773 2470 4830 Nondum
2487 4778 2611 4829 erat
2638 4773 2802 4827 nobis
2821 4769 3162 4840 singillatim
3186 4775 3376 4821 creata
3405 4771 3461 4820 et
3489 4766 3684 4820 distri-

2035 4856 2178 4911 buta
2207 4857 2413 4923 forma,
2444 4856 2501 4908 in
2533 4870 2647 4922 qua
2671 4850 2883 4918 singuli
2908 4848 3268 4910 viveremus;
3302 4845 3401 4898 sed
3433 4843 3548 4912 iam
3582 4860 3678 4897 na-

2036 4940 2166 4990 tura
2212 4941 2337 4990 erat
2383 4930 2706 4994 seminatis,
2751 4945 2818 4982 ex
2870 4942 2986 4996 qua
3025 4938 3520 4994 prepagaremur:
3563 4937 3680 4992 qua

2036 5015 2256 5069 scilicet
2296 5016 2525 5082 prOpter
2557 5012 2855 5080 peccatum
2887 5004 3104 5071 vitiata,
3127 5008 3184 5058 et
3213 5000 3442 5057 vinculo
3474 5001 3680 5082 mortis

2035 5095 2336 5160 obstricta,
2381 5081 2656 5162 justeque
2702 5089 2998 5151 damnata,
3034 5101 3145 5139 non
3191 5083 3430 5139 alterius
3470 5081 3680 5162 condi-

2036 5173 2210 5231 tionis
2233 5161 2402 5228 homo
2434 5188 2501 5226 ex
2533 5169 2768 5225 homine
2799 5172 3154 5223 nasceretur.
3179 5167 3254 5219 Ac
3288 5180 3385 5233 per
3417 5163 3522 5216 hoc
3543 5179 3575 5216 a
3605 5161 3681 5217 li-

2038 5257 2159 5312 beri
2181 5251 2409 5309 arbitrii
2439 5251 2592 5305 malo
2614 5265 2717 5304 usu
2744 5248 2923 5303 series
2945 5244 3120 5314 hujus
3151 5240 3496 5298 calamitatis
3517 5257 3679 5296 exor-

2043 5345 2100 5390 ta
2129 5340 2236 5400 est,
2265 5350 2389 5404 quae
2425 5333 2744 5386 humanum
2777 5341 2959 5399 genus
2982 5322 3565 5404 origineidepravata,
3589 5336 3679 5404 vc-

2040 5415 2128 5470 lut
2161 5401 2348 5470 radice
2381 5415 2673 5482 corrupta,
2707 5423 2886 5479 usque
2915 5406 2981 5461 ad
3015 5403 3278 5460 secundae
3313 5401 3518 5482 mortis
3548 5401 3676 5457 exi-

2041 5497 2211 5560 tium,
2244 5511 2367 5564 qua)
2403 5509 2515 5547 non
2554 5480 2730 5546 habet
2774 5490 2970 5555 finem,
3003 5484 3138 5540 solis
3176 5483 3257 5538 eis
3292 5480 3542 5554 exceptis
3579 5483 3678 5554 qui

2107 5683 2120 5716 ι
2148 5677 2404 5728 Nonnulli
2429 5676 2574 5735 Mss.
2590 5684 2839 5728 mortem.

3557 358 3674 417 386
3753 383 3760 398 ι
