4138 6192
437 331 553 392 387

437 485 536 541 per
556 465 795 539 gratiam
824 463 925 519 Dei
956 461 1294 530 liberantur,
1317 458 1686 514 miseriarum
1719 455 2076 510 connexione

438 548 723 622 perducit.

442 681 673 738 CAPUT
709 679 824 736 XV.
857 711 925 720 -—
957 679 1116 748 Quod
1149 679 1325 734 Adam
1354 693 1587 748 peccans
1613 676 1767 745 prius
1798 669 2085 743 reliquerit

516 767 701 832 Deum,
726 779 889 834 quam
919 759 1325 830 relinqueretur
1344 775 1375 812 a
1400 758 1502 812 Deo
1523 776 1542 823 ;
1565 762 1614 810 et
1646 756 1886 826 primam
1911 752 2085 824 fuisse

514 847 715 900 animae
746 850 970 897 mortem
1000 857 1036 894 a
1068 840 1170 895 Deo
1201 841 1503 894 recessisse.

514 980 894 1046 Quamobrem
931 976 1157 1034 etiamsi
1183 977 1241 1031 in
1264 993 1329 1031 eo
1362 974 1516 1047 quod
1538 975 1761 1028 dictum
1793 975 1904 1039 est,
1929 970 2089 1024 Morte

440 1063 774 1124 moriemini,
796 1061 1070 1131 quoniam
1109 1075 1222 1113 non
1247 1063 1337 1112 est
1367 1057 1607 1121 dictum,
1632 1053 1935 1117 Mortibus,
1960 1065 2086 1105 eam

442 1146 628 1202 solam
675 1144 1086 1217 intelligamus,
1119 1159 1248 1214 quas
1295 1142 1353 1194 iit
1384 1156 1516 1196 cum
1564 1138 1758 1194 anima
1799 1133 2090 1217 deseritur

443 1243 553 1282 sua
583 1226 720 1293 vita,
747 1209 899 1295 quod
936 1224 1015 1279 illi
1049 1209 1201 1279 Deus
1231 1227 1320 1278 est
1346 1237 1359 1276 :
1387 1221 1526 1292 (non
1558 1220 1713 1274 enim
1745 1217 1971 1272 deserta
2001 1209 2091 1268 est

447 1313 510 1364 ut
539 1309 845 1371 desereret,
879 1307 976 1360 sed
1011 1309 1075 1359 ut
1106 1305 1486 1363 desereretur,
1519 1299 1775 1356 deseruit
1808 1314 1821 1352 :
1855 1297 1926 1351 ad
1961 1311 2089 1350 ma-

445 1389 567 1444 lum
593 1388 809 1458 quippe
840 1385 967 1455 ejus
992 1385 1148 1455 prior
1176 1387 1264 1438 est
1286 1381 1550 1437 voluntas
1580 1381 1709 1448 ejus
1735 1396 1748 1446 ;
1773 1379 1843 1432 ad
1872 1377 2088 1458 bonum

444 1485 576 1526 vero
606 1456 920 1538 ejusiprior
949 1468 1038 1519 est
1066 1463 1336 1519 voluntas
1376 1459 1658 1516 Creatoris
1688 1461 1840 1528 ejus,
1873 1456 1994 1511 sive
2025 1457 2092 1508 ut

443 1568 569 1606 eam
620 1550 828 1603 faceret
859 1563 987 1617 quae
1036 1545 1192 1599 nulla
1243 1550 1382 1609 eral,
1417 1541 1536 1596 sive
1585 1547 1645 1594 ut
1696 1538 1916 1593 reficiat
1962 1549 2091 1606 quas

443 1631 608 1702 lapsa
639 1630 884 1700 perierat
916 1626 955 1697 ')
991 1642 1002 1680 :
1037 1623 1269 1680 etiamsi
1317 1638 1451 1692 ergo
1497 1621 1646 1676 hanc
1678 1617 2092 1702 intelligamus

446 1695 1030 1767 Deum-denuntiasse
1062 1711 1334 1769 mortem,
1360 1703 1416 1756 in
1451 1718 1515 1757 eo
1538 1700 1692 1772 quod
1726 1699 1828 1764 ait,
1850 1701 1973 1767 Qua
2004 1695 2092 1750 die

443 1791 661 1848 ederitis
694 1806 762 1845 ex
793 1789 913 1855 illo,
947 1796 1118 1842 morte
1146 1785 1465 1840 moriemini
1490 1799 1512 1844 ;
1544 1789 1822 1851 tanquam
1857 1778 2092 1844 diceret,

445 1876 568 1938 Qua
590 1871 682 1925 die
702 1885 789 1924 me
820 1866 1188 1922 deserueritis
1213 1882 1312 1936 per
1334 1862 1803 1926 inobedientiam,
1828 1860 2093 1914 deseram

448 1971 548 2009 vos
581 1968 682 2022 per
706 1949 995 2019 justitiam
1032 1965 1045 2002 ε
1081 1948 1335 2018 profecto
1366 1945 1421 1998 in
1456 1961 1522 1999 ea
1552 1946 1738 1998 morte
1777 1941 1949 1996 etiam
1981 1953 2096 1992 ca:-

449 2021 596 2090 terze
628 2031 978 2086 denunlialm
1026 2033 1186 2096 sunt,
1234 2043 1360 2097 que
1394 2024 1593 2097 procul
1643 2022 1821 2077 dubio
1870 2021 2099 2074 fuerant

449 2118 750 2170 secuturae.
800 2110 944 2165 Nam
995 2109 1052 2163 in
1085 2125 1148 2163 eo
1202 2107 1357 2178 quod
1409 2103 1745 2160 inobediens
1794 2105 1985 2156 motus
2033 2097 2098 2152 in

446 2209 616 2250 carne
640 2193 850 2248 animis
874 2188 1260 2244 inobedientis
1282 2194 1514 2242 exortus
1532 2189 1642 2255 est,
1667 2187 1900 2254 propter
1923 2193 2095 2250 quem

447 2275 719 2348 pudenda
754 2275 1033 2337 texerunt,
1055 2285 1227 2324 sensa
1256 2273 1345 2323 est
1378 2283 1536 2322 mors
1567 2281 1684 2320 una
1716 2264 1772 2317 in
1799 2279 1910 2332 qua
1940 2263 2101 2314 dese-

448 2340 562 2413 ruit
602 2354 860 2408 animam
902 2350 1079 2406 Deus.
1115 2349 1190 2404 Ea
1231 2349 1552 2420 signiﬁcata
1593 2349 1678 2401 est
1716 2343 1908 2398 verbis
1948 2340 2098 2420 ejus,

450 2436 681 2510 quando
712 2434 922 2488 timore
968 2429 1222 2486 dementi
1269 2416 1396 2484 s—ese
1446 2423 1829 2483 abscondenti
1875 2416 2101 2476 homini

454 2501 616 2583 dixit,
647 2515 846 2579 Adam,
881 2511 977 2567 ubi
1015 2529 1072 2566 es
1103 2510 1260 2580 (Gen.
1292 2527 1374 2578 ιιι,
1407 2508 1511 2577 9)?
1542 2524 1655 2562 non
1690 2505 1891 2574 utique
1931 2501 2105 2570 igno-

454 2599 636 2653 rando
679 2610 969 2668 quaerens,
1002 2592 1099 2648 sed
1135 2589 1484 2662 increpando
1525 2589 1869 2651 admonens,
1905 2585 1968 2636 ut
2007 2583 2102 2634 at-

454 2681 716 2736 tenderet
743 2678 839 2732 ubi
863 2680 1014 2730 esset
1043 2674 1101 2728 in
1136 2690 1249 2745 quo
1278 2689 1390 2726 non
1424 2679 1574 2726 esset
1607 2670 1778 2722 Deus.
1802 2669 1941 2719 Cum
1974 2676 2105 2716 vero

453 2777 664 2832 corpus
696 2759 892 2814 anima
919 2757 1047 2825 ipsa
1079 2753 1336 2809 deseruit
1368 2756 1535 2806 aetate
1567 2752 1902 2816 corruptum
1935 2747 1990 2797 et
2021 2757 2103 2832 se-

454 2818 684 2898 nectute
707 2818 1057 2899 confectum,
1080 2834 1237 2889 venit
1265 2832 1320 2885 in
1353 2829 1812 2898 experimentum
1840 2839 1998 2878 mors
2028 2818 2109 2899 al-_-

452 2926 602 2985 tera,
625 2919 694 2972 de
725 2932 839 2987 qua
872 2914 1022 2968 Deus
1045 2897 1354 2983 peccatum
1380 2897 1570 2965 adhuc
1604 2897 2106 2987 punienshomini

454 2984 698 3064 dixerat,
734 2984 904 3051 Terra
933 3009 1008 3061 es,
1037 2995 1085 3048 et
1115 2991 1176 3046 in
1208 3001 1409 3046 terram
1441 2988 1548 3044 ibis
1575 2986 1759 3055 (lbid.,
1795 2984 1882 3053 19)
1907 2999 1926 3064 :_
1957 2989 2015 3034 ut
2041 2994 2109 3064 ex

457 3082 551 3136 his
585 3058 813 3135 duabus
854 3058 1012 3127 mors
1044 3071 1145 3125 illa
1177 3071 1379 3141 prima,
1416 3085 1542 3138 qua:
1585 3065 1762 3122 totius
1788 3068 1876 3117 est
1914 3058 2109 3141 homi-

461 3163 570 3228 nis,
599 3156 1011 3227 compleretur,
1045 3135 1220 3221 quam
1254 3135 1506 3203 secunda
1553 3146 1608 3200 in
1646 3143 1852 3199 ultimo
1905 3135 2108 3227 sequi—

457 3217 575 3303 tur,
608 3237 716 3290 nisi
735 3217 926 3288 ‘homo
958 3217 1338 3302 pervgratiam
1379 3227 1678 3282 liberetur.
1714 3224 1912 3294 Neque
1951 3217 2107 3303 enim

457 3295 672 3389 corpus
704 3314 855 3386 quod
902 3295 973 3368 de
1017 3295 1170 3366 terra
1217 3313 1324 3375 est,
1360 3309 1572 3363 rediret
1618 3306 1678 3360 in
1723 3309 1961 3364 terram,
1995 3295 2109 3385 nisi

454 3376 799 3462 suamorte,
831 3409 959 3464 quas
992 3391 1076 3446 illi
1109 3388 1316 3444 accidit
1345 3404 1476 3443 eum
1516 3385 1798 3442 deseritur
1829 3397 1936 3438 sua
1967 3376 2109 3443 vita,

458 3480 514 3536 id
548 3483 636 3535 est
666 3477 882 3533 anima.
918 3473 1083 3530 Unde
1113 3475 1340 3528 constat
1370 3470 1523 3526 inter
1553 3467 1913 3525 Christianos
1943 3474 2111 3514 vera-

457 3561 601 3617 citer
630 3556 979 3615 catholicam
1005 3558 1266 3609 tenentes
1300 3551 1498 3620 ﬁdem,
1521 3550 1692 3604 etiam
1721 3548 1907 3618 ipsum
1942 3544 2111 3605 nobis

461 3641 723 3714 corporis
775 3641 1044 3703 mortem,
1097 3652 1208 3690 non
1260 3632 1385 3704 lege
1436 3639 1676 3697 naturae,
1730 3645 1840 3701 qua
1889 3629 2111 3685 nullam

463 3707 708 3777 mortem
753 3715 1008 3774 homini2
1040 3715 1194 3771 Deus
1241 3714 1397 3781 fecit,
1434 3713 1530 3768 sed
1585 3710 1786 3766 merito
1833 3707 2114 3764 inflictam

473 3817 608 3857 esse
640 3799 858 3872 peccati
893 3813 908 3853 :
943 3796 1218 3868 quoniam
1263 3799 1562 3865 peceatum
1607 3789 1903 3845 vindicans
1943 3788 2113 3852 Deus,

463 3883 608 3936 dixit
638 3869 881 3945 homini,
915 3879 973 3932 in
1006 3892 1114 3946 quo
1152 3881 1293 3930 tunc
1325 3889 1526 3929 omnes
1558 3886 1813 3935 eramus,
1849 3869 2011 3921 Terra
2036 3879 2113 3933 es,

459 3967 515 4017 et
544 3965 604 4016 in
637 3969 852 4016 terram
883 3959 1004 4013 ibis.

463 4097 692 4154 CAPUT
733 4095 874 4148 XVI.
928 4121 994 4130 —
1046 4090 1120 4142 De
1147 4085 1511 4158 philosophis,
1546 4083 1645 4154 qui
1685 4083 1887 4137 anima:
1949 4095 2115 4148 sepa-

530 4179 803 4231 rationem
866 4188 900 4225 a
948 4183 1169 4238 corpore
1241 4182 1350 4220 non
1426 4168 1624 4234 putant
1668 4178 1778 4218 esse
1822 4160 2113 4231 ptenalem,

534 4273 656 4310 cum
711 4255 867 4308 Plato
908 4249 1130 4303 inducat
1157 4261 1432 4301 summum
1469 4247 1634 4300 Deum
1667 4242 1775 4297 diis
1808 4241 2117 4297 minoribus

532 4335 980 4406 promittentem,
1055 4328 1197 4398 quod
1253 4341 1539 4396 nunquam
1617 4326 1728 4380 sint
1793 4322 2116 4394 corporibus

537 4411 798 4468 exuendi.

536 4549 586 4602 1.
619 4544 736 4600 Sed
764 4538 1121 4615 philosophi,
1154 4541 1354 4595 contra
1386 4553 1633 4609 quorum
1668 4535 1994 4592 calumnias
2027 4536 2120 4591 de-

465 4626 758 4683 fendimus
807 4623 1099 4677 civitatem
1147 4619 1268 4687 Dei,
1301 4619 1412 4674 hoc
1458 4623 1547 4673 est
1594 4618 1724 4688 ejus
1771 4615 2116 4680 Ecclesiam,

465 4707 758 4780 sapienter
788 4701 901 4759 sibi
933 4701 1205 4756 videntur
1235 4698 1471 4755 irridere
1502 4697 1659 4768 quod
1690 4696 1960 4762 dicimus,
1995 4695 2118 4749 ani-

466 4778 577 4846 ma;
609 4806 644 4844 a
675 4799 911 4857 corpore
952 4781 1376 4853 separationem
1406 4780 1557 4835 inter
1595 4795 1794 4849 poenas
1826 4778 1953 4846 ejus
1994 4791 2120 4829 esse

463 4856 855 4944 deputandum
888 4882 902 4923 :
939 4865 1077 4938 quia
1111 4863 1382 4920 videlicet
1413 4864 1542 4933 ejus
1585 4856 2119 4944 perfectambeati-

461 4937 727 5010 tudinem
761 4956 903 5006 tunc
935 4937 1019 5002 illi
1055 4946 1180 5001 ﬁeri
1213 4944 1570 5006 existimant,
1603 4955 1732 4995 cum
1765 4937 1921 4992 omni
1951 4953 2119 5007 pror-

461 5052 564 5091 sus
595 5047 835 5101 corpore
865 5034 1040 5084 exuta
1070 5028 1140 5080 ad
1168 5026 1348 5080 Deum
1375 5022 1620 5092 simplex
1650 5025 1706 5075 et
1736 5020 1858 5074 sola
1885 5023 1946 5101 et
1977 5032 2119 5088 quo-

461 5098 775 5172 dummodo
809 5110 966 5164 nuda
1007 5106 1261 5162 redierit.
1301 5103 1403 5159 Ubi
1445 5103 1494 5156 si
1526 5101 1692 5167 nihil,
1727 5115 1840 5171 quo
1882 5098 1991 5153 ista
2024 5112 2120 5152 re-

462 5196 759 5252 felleretur
783 5188 997 5259 opinio,
1034 5186 1092 5240 in
1125 5200 1328 5240 eorum
1359 5181 1567 5236 litteris
1601 5179 1941 5246 invenirem,
1981 5191 2119 5246 ope-

464 5276 654 5332 rosius
688 5270 830 5328 mihi
861 5265 1276 5337 disputandum
1307 5265 1480 5328 esset,
1514 5276 1628 5330 quo
1661 5260 2118 5313 demonstrarem

465 5373 581 5413 non
631 5367 842 5424 corpus
891 5363 1018 5404 esse
1069 5344 1300 5409 animae,
1333 5342 1432 5398 sed
1483 5337 1860 5410 corruptibile
1909 5352 2120 5408 corpus

460 5418 797 5492 onerosum.
832 5429 996 5486 Unde
1037 5425 1181 5481 illud
1213 5428 1300 5479 est
1346 5423 1498 5493 quod
1541 5422 1610 5477 de
1657 5418 1981 5491 Scripturis
2015 5434 2120 5473 no-

1141 5571 1363 5621 erierat.

531 5582 545 5614 ι
581 5581 722 5642 Mss,
755 5579 889 5642 quia
922 5577 1075 5638 lapsa

1129 5650 1218 5690 δε..
1280 5631 1537 5682 hominis.
1589 5658 1648 5666 —
1702 5630 1786 5681 Sic
1831 5631 1925 5680 Ms.
1979 5628 2120 5678 2051.

466 5643 553 5755 M2
611 5641 810 5691 Probae
865 5643 1022 5690 notae

1488 324 1588 384 DE
1633 320 1996 384 CIVITATE
2043 318 2194 391 DEI,
2244 319 2307 378 S.
2358 319 2791 380 AUGUSTINI

3723 313 3842 373 388

2184 453 2325 508 stris
2350 453 2410 508 in
2441 453 2727 524 superiori
2762 453 2906 509 libro
2940 454 3528 510 commemoravimus
3559 453 3702 524 (cap.
3732 453 3843 521 15),

2194 536 2398 605 Corpus
2429 534 2579 588 enim
2607 534 2966 605 corruptibile
2995 545 3264 603 aggravet
3290 538 3536 592 animum
3567 534 3727 606 (Sap.
3762 548 3842 601 ιχ,

2191 617 2303 685 15).
2337 617 2615 671 Addendo
2648 617 2850 686 utique
2866 617 3244 686 corruptibile,
3277 634 3390 672 non
3424 617 3846 688 qualicumque

2191 712 2447 768 corpore,
2481 696 2575 750 sed
2624 697 2792 765 quale
2842 697 3058 751 factum
3109 702 3194 752 est
3241 713 3309 752 ex
3349 705 3583 767 peccato
3635 709 3842 749 conse-

2192 783 2407 846 quente
2429 777 2702 842 vindicta,
2728 777 2982 830 animam
3009 777 3302 847 perhibuit
3327 775 3650 848 aggravari.
3675 774 3838 839 Quod

2192 857 2420 913 etiamsi
2449 873 2562 912 non
2594 858 2931 923 addidisset,
2958 857 3100 912 nihil
3136 857 3292 913 aliud
3326 857 3650 928 intelligere
3673 857 3844 911 debe-

2194 956 2410 995 remus.
2444 939 2552 994 Sed
2594 956 2729 994 cum
2769 938 3133 1011 apertissime
3173 939 3331 995 Plato
3371 939 3510 995 deos
3541 957 3575 994 a
3605 954 3844 994 summo

2199 1021 2308 1076 Deo
2332 1020 2513 1076 factos
2546 1021 2754 1075 habere
2775 1021 3125 1075 immortalia
3152 1037 3391 1092 corpora
3413 1021 3710 1092 praedicet,
3733 1019 3844 1074 eis-

2195 1119 2304 1173 que
2353 1101 2546 1172 ipsum
2597 1101 2802 1169 Deum,
2836 1119 2869 1157 a
2916 1119 3027 1172 quo
3067 1102 3199 1157 facti
3248 1108 3407 1172 sunt,
3447 1102 3688 1156 inducat
3738 1116 3843 1171 pro

2194 1199 2403 1254 magno
2427 1183 2706 1239 beneﬁcio
2729 1183 3280 1254 pollicentem,quod
3306 1185 3363 1238 in
3394 1187 3677 1239 aeternum
3705 1197 3840 1235 cum

2196 1265 2318 1320 suis
2349 1263 2688 1336 corporibus
2721 1263 3268 1335 permanebunl,nec
3301 1265 3371 1320 ab
3403 1264 3485 1319 eis
3517 1262 3636 1317 ulla
3655 1267 3846 1316 morte

2195 1345 2494 1402 solventur
2543 1360 2558 1400 :
2625 1345 2762 1414 quid
2824 1351 2913 1400 est
2959 1346 3108 1417 quod
3152 1346 3248 1401 isti
3313 1347 3383 1400 ad
3433 1343 3846 1416 exagitandam

2197 1426 2570 1482 christianum
2607 1427 2775 1480 ﬁdem
2801 1426 3030 1498 ﬁngunt
3060 1443 3123 1482 se
3148 1426 3371 1483 nescire
3402 1425 3554 1498 quod
3606 1425 3844 1492 sciunt;

2199 1511 2300 1563 aut
2326 1507 2500 1562 etiam
2525 1505 2635 1561 sibi
2669 1511 3059 1578 repugnantes
3091 1508 3400 1562 adversum
3435 1521 3495 1561 se
3518 1505 3676 1576 ipsos
3727 1521 3849 1559 ma-

2198 1595 2328 1650 lunt
2391 1595 2602 1659 dicere,
2661 1593 2798 1648 dum
2859 1594 3029 1650 nobis
3069 1611 3183 1649 non
3243 1595 3512 1651 desinant
3552 1592 3850 1648 contradi-

2198 1692 2328 1732 cere
2349 1676 2376 1732 ?
2407 1675 2624 1744 Nempe
2659 1675 2910 1731 Platonis
2941 1676 3062 1732 haec
3092 1677 3266 1732 verba
3292 1680 3450 1742 sunt,
3485 1673 3637 1730 sicut
3664 1689 3732 1728 ea
3764 1672 3852 1728 Ci-

2200 1774 2329 1814 cero
2361 1758 2419 1813 in
2452 1757 2697 1812 latinum
2729 1757 2895 1812 vertit
2926 1758 3020 1829 (a),
3045 1759 3261 1829 quibus
3291 1757 3516 1812 inducit
3544 1771 3846 1810 summum

2201 1839 2384 1894 Deum
2432 1839 2568 1892 deos
2609 1852 2754 1907 quos
2786 1837 2919 1892 fecit
2967 1837 3356 1909 alloquentem
3391 1855 3457 1892 ac
3505 1836 3793 1891 dicentem
3834 1849 3848 1886 :

2208 1921 2300 1975 Vos
2331 1920 2428 1989 qui
2457 1917 2681 1974 deorum
2709 1922 2833 1972 satu
2863 1918 2972 1973 orti
3002 1923 3153 1985 estis,
3175 1918 3442 1974 attendite
3471 1933 3708 1989 quorum
3732 1931 3856 1986 epe-

2204 2017 2326 2056 rum
2356 2015 2457 2072 ego
2485 2015 2688 2070 parens
2717 1999 3038 2070 e/fectorque
3069 2016 3209 2056 sum.
3240 2000 3360 2054 "me
3388 2008 3512 2053 sunt
3541 1998 3854 2053 indissolu-

2205 2081 2343 2137 bilia
2370 2097 2458 2135 me
2497 2081 2670 2134 invito
2702 2081 2718 2113 ¹
2743 2095 2762 2133 :
2793 2096 3114 2150 quanquam
3155 2096 3314 2135 omne
3348 2081 3678 2151 colligatum
3715 2079 3858 2135 solvi

2202 2166 2394 2236 potest.
2427 2162 2528 2216 Sed
2559 2161 2991 2232 haudquaquam
3023 2161 3150 2216 boni
3175 2170 3252 2217 est
3281 2160 3304 2195 ε
3326 2203 3340 2230 ,
3367 2163 3578 2216 ratione
3604 2162 3852 2215 vinctum

2206 2243 2342 2300 velle
2371 2241 2662 2297 dissolvere
2680 2241 2701 2274 ³
2729 2283 2741 2296 .
2766 2241 2870 2296 Sed
2901 2242 3160 2312 quoniam
3191 2245 3320 2298 estis
3352 2245 3482 2306 orti,
3515 2241 3856 2296 immortales

2204 2341 2296 2380 vos
2328 2323 2544 2394 quidem
2572 2338 2684 2378 esse
2721 2329 2769 2377 et
2800 2321 3204 2378 indissolubiles
3235 2339 3342 2377 non
3370 2324 3591 2392 potestis
3611 2337 3630 2375 :
3651 2335 3858 2391 nequa.

2207 2421 2370 2476 quam
2399 2405 2421 2438 ⁴
2451 2407 2630 2458 tamen
2658 2401 3050 2466 dissolvemini,
3085 2418 3252 2474 neque
3280 2419 3372 2459 vos
3404 2403 3518 2456 ulla
3547 2402 3738 2456 mortis
3764 2405 3858 2470 [a-

2207 2493 2267 2540 ta
2303 2486 2592 2556 periment,
2634 2498 2732 2538 nec
2779 2489 2941 2538 erant
2987 2486 3292 2538 valentiora
3343 2499 3508 2553 quam
3555 2479 3860 2536 consilium

2208 2581 2414 2631 meum,
2443 2563 2580 2635 quod
2611 2565 2788 2634 majus
2816 2573 2894 2618 est
2921 2564 3203 2618 vinculum
3232 2563 3301 2616 ad
3326 2561 3748 2634 perpetuitatem
3776 2575 3863 2616 ve-

2210 2651 2404 2705 stram.
2428 2661 2590 2715 quam
2622 2642 2724 2698 illa
2752 2643 2944 2712 quibus
2975 2644 3125 2710 estis,
3158 2649 3276 2698 tum
3303 2659 3428 2698 cum
3458 2641 3859 2712 gignebamini,

2211 2725 2477 2796 colligati.
2513 2725 2650 2779 Ecce
2689 2725 2824 2779 deos
2855 2723 3012 2779 Plato
3051 2724 3188 2778 dicit
3227 2732 3280 2778 et
3320 2723 3580 2794 corporis
3619 2722 3863 2777 animie-

2215 2823 2328 2877 que
2375 2804 2746 2876 colligatione
2795 2805 3086 2870 mortales,
3141 2809 3197 2861 et
3240 2808 3432 2858 tamen
3492 2801 3868 2857 immortales

2215 2886 2311 2942 Dei
2339 2903 2370 2940 a
2401 2901 2516 2955 quo
2548 2885 2682 2939 facti
2705 2890 2846 2939 sunt
2875 2885 3173 2940 voluntate
3201 2890 3368 2954 atque
3398 2881 3654 2938 consilio.
3679 2881 3741 2935 Si
3774 2897 3872 2935 er-

2214 2981 2286 3036 go
2317 2965 2524 3019 anima:
2566 2981 2734 3034 pcena
2765 2969 2853 3020 est
2881 2964 2940 3019 in
2982 2964 3390 3036 qualicumque
3418 2977 3658 3033 corpore
3699 2959 3872 3015 colli-

2213 3046 2354 3116 gari,
2387 3045 2528 3116 quid
2573 3051 2662 3100 est
2692 3046 2846 3117 quod
2893 3062 2992 3101 eos
3039 3046 3337 3116 alloquens
3380 3045 3533 3099 Deus
3575 3047 3871 3112 tauquam

2215 3126 2516 3193 sollicitos,
2543 3143 2612 3181 ne
2646 3128 2789 3182 forte
2823 3127 3170 3194 moriantur,
3199 3126 3253 3180 id
3285 3130 3372 3181 est
3400 3123 3803 3179 dissolvantur
3838 3138 3875 3178 a

2216 3225 2475 3281 corpore,
2511 3210 2581 3264 de
2625 3225 2730 3264 sua
2772 3209 2909 3264 facit
2947 3207 3388 3264 immortalitate
3432 3222 3670 3262 securos
3702 3221 3715 3272 ;
3750 3220 3874 3260 non

2216 3295 2450 3362 propter
2498 3306 2698 3344 eorum
2751 3294 3037 3356 naturam,
3090 3305 3218 3361 quis
3269 3289 3347 3344 sit
3394 3295 3716 3358 compacta,
3751 3301 3874 3340 non

2217 3371 2483 3443 simplex,
2518 3371 2618 3428 sed
2654 3376 2889 3442 propter
2914 3387 3081 3426 suam
3115 3370 3560 3426 invictissimum
3592 3366 3871 3421 volunta-

2216 3462 2353 3521 tem,
2388 3469 2501 3522 qua
2530 3456 2736 3523 potens
2785 3457 2873 3506 est
2915 3452 3122 3517 facere,
3155 3455 3218 3506 ut
3267 3465 3374 3506 nec
3403 3453 3529 3506 orta
3577 3446 3872 3512 occidant,

2219 3553 2322 3593 nec
2353 3549 2613 3591 connexa
2642 3533 2959 3601 solvantur,
2992 3534 3084 3588 sed
3117 3531 3633 3602 incorruptibiliter
3666 3543 3868 3600 perse-

2216 3622 2415 3675 verent
2433 3615 2461 3669 ‘t

2289 3727 2343 3781 2.
2373 3727 2441 3781 Et
2473 3724 2578 3780 hoc
2609 3723 2841 3794 quidem
2887 3727 3081 3776 utrum
3126 3719 3284 3776 Plato
3328 3734 3528 3776 verum
3567 3717 3638 3772 de
3669 3714 3873 3771 sideri-

2221 3809 2327 3861 bus
2359 3807 2532 3872 dicat,
2565 3805 2677 3860 alia
2700 3805 2940 3874 quaestio
2974 3808 3094 3858 est:
3126 3817 3313 3872 neque
3335 3801 3489 3856 enim
3514 3799 3562 3853 ei
3587 3797 3870 3854 continuo

2221 3887 2658 3943 concedendum
2690 3892 2799 3951 est,
2823 3884 3024 3955 globos
3058 3884 3202 3937 istos
3236 3882 3528 3936 luminum
3560 3878 3682 3933 sive
3712 3877 3875 3933 orbi-

2221 3969 2384 4024 culos
2415 3970 2542 4023 luee
2574 3982 2848 4037 corporea
2878 3980 3050 4035 super
3086 3969 3289 4028 terras,
3323 3977 3424 4017 seu
3451 3961 3566 4026 die,
3601 3975 3701 4015 seu
3738 3975 3877 4014 noc-

2220 4054 2275 4104 te
2301 4049 2605 4121 lulgentes,
2625 4047 2750 4101 suis
2772 4046 3124 4118 quibusdam
3151 4041 3398 4114 propriis
3421 4040 3631 4096 animis
3652 4041 3876 4106 vivere,

2221 4118 2421 4200 eisque
2453 4127 2944 4182 intellectualibus
2976 4134 3026 4180 et
3062 4123 3263 4192 beatis,
3295 4122 3446 4194 quod
3477 4122 3650 4175 etiam
3685 4118 3756 4174 de
3787 4121 3883 4190 ip-

2222 4230 2286 4268 so
2319 4211 2586 4266 universo
2614 4209 2855 4272 mundo,
2879 4212 3157 4277 tanquam
3179 4221 3294 4259 uno
3325 4201 3563 4258 animali
3591 4200 3875 4265 maximo,

2222 4309 2338 4364 quo
2369 4294 2581 4346 cuncta
2611 4292 2815 4342 caetera
2846 4288 3284 4342 continerentur
3311 4283 3607 4348 animalia,
3641 4280 3885 4335 instan-

2224 4361 2307 4430 ter
2337 4370 2586 4427 affirmat
2616 4369 2713 4438 (b).
2748 4369 2857 4423 Sed
2892 4367 3035 4434 haec,
3069 4371 3128 4420 ut
3168 4364 3305 4432 dixi,
3339 4362 3452 4418 alia
3483 4361 3728 4433 quaestio
3760 4365 3883 4424 est,

2223 4467 2399 4526 quam
2426 4464 2582 4505 nunc
2604 4447 3034 4503 discutiendam
3060 4462 3171 4500 non
3194 4441 3578 4514 suscepimus.
3603 4445 3722 4495 Hoc
3754 4443 3888 4494 tan-

2221 4521 2347 4592 tum
2382 4538 2581 4587 contra
2611 4531 2756 4586 istos
2795 4526 3376 4586 commemorandum
3421 4523 3636 4594 putavi,
3669 4521 3768 4593 qui
3814 4536 3884 4577 se

2227 4611 2551 4672 Platonicos
2582 4609 2771 4666 vocari
2809 4609 2896 4665 vel
2929 4624 3058 4665 esse
3083 4606 3429 4679 gloriantur,
3462 4605 3635 4675 cujus
3675 4617 3885 4673 super-

2293 4936 2306 4967 ι
2341 4931 2498 4989 Editi,
2534 4922 2953 4989 indissolubilia
2981 4929 3142 4989 nutu_
3159 4935 3290 4989 meo.
3326 4921 3392 4967 At
3418 4917 3897 4989 manuscripti,_ut

2226 4996 2364 5056 apud
2401 4979 2852 5056 Ciceronem,_me
2883 4986 3075 5056 invito.
3107 4985 3257 5032 Forte
3285 4995 3508 5056 pronn'i'e
3537 4994 3651 5027 non
3683 4979 3892 5028 invito.

2227 5044 2352 5105 Nam
2377 5057 2431 5103 in
2463 5054 2698 5103 Platonis
2717 5044 2936 5098 Timaeo
2964 5050 3062 5106 est,
3093 5051 3249 5095 emm‘i
3283 5059 3348 5107 ge
3381 5044 3663 5093 the'lootos.

2290 5103 2314 5152 ί
2344 5119 2500 5175 Editi,
2533 5117 2736 5163 bonum
2766 5120 2861 5160 est.
2894 5103 3080 5159 Melius
3109 5109 3253 5175 Mss”
3285 5103 3426 5155 'boni
3473 5115 3551 5154 est
3570 5120 3585 5152 .’
3615 5107 3777 5168 juxta
3809 5103 3900 5152 Ci-

2227 5193 2467 5232 ceronem
2491 5171 2548 5228 et
2577 5177 2812 5225 Platonis
2840 5186 3104 5235 graecum,
3142 5171 3318 5235 caluit.

2292 5245 2314 5279 3
2344 5245 2428 5293 Sic
2451 5242 2620 5290 nostri
2636 5230 3016 5297 codices—atque
3045 5237 3250 5284 veteres
3271 5233 3405 5297 libri
3423 5233 3546 5297 tum
3573 5230 3897 5292 Augustini,

2228 5313 2340 5358 tum
2369 5305 2650 5355 Ciceronis.
2683 5303 2742 5349 In
2771 5302 2847 5357 Β.,
2878 5295 3171 5347 dissolvere
3202 5295 3354 5344 velle.
3390 5295 3457 5342 Μ.

2290 5373 2310 5406 ὅ
2342 5371 2426 5420 Sic
2457 5364 2820 5426 manuscripti.
2851 5361 2992 5426 Editi
3021 5363 3346 5426 autemniiec
3375 5373 3416 5406 α

2288 5436 2363 5496 (α)
2399 5419 2597 5500 Libello
2656 5419 2856 5500 scilicet
2895 5425 2988 5500 qui
3014 5425 3094 5500 fde
3124 5422 3405 5500 ‘Universo
3455 5419 3790 5500 inscribitur,
3808 5420 3905 5500 agt

2227 5478 2360 5560 pars,
2378 5478 2688 5560 eetv'l‘imaei
2723 5478 2974 5560 Platonis.
3000 5485 3156 5560 poni.
3188 5487 3256 5560 ἀεὶ
3273 5485 3456 5533 eodem
3486 5483 3646 5539 intra,
3676 5481 3770 5529 lib.
3808 5478 3912 5539 22,.

2228 5546 2340 5622 Bap.
2372 5559 2461 5622 2εξΣ
2481 5559 2536 5606 et
2564 5551 2776 5622 to_m._5,
2813 5563 2971 5622 serra.
3000 5548 3110 5622 241,
3142 5546 3275 5622 n._“8.

2290 5604 2556 5680 {item
2601 5604 2775 5666 Plato'
2813 5613 3009 5676 passim
3062 5604 3120 5660 in
3191 5611 3402 5660 Timaeo
3454 5611 3510 5658 et
3573 5607 3632 5656 in
3693 5604 3914 5668 Epiuo-

2231 5685 2390 5734 mide.

3495 5369 3650 5404 uam.
