4136 6190
288 243 388 305 389
1410 244 1646 307 LIBER
1688 245 2036 312 DECIMUS
2079 254 2441 314 TERTIUS.

286 370 369 426 hia
407 367 653 424 nominis
696 368 1044 426 erubescunt
1085 383 1213 426 esse
1259 369 1596 435 Christiani,
1629 387 1701 428 no
1745 388 1906 430 com-

288 465 442 506 mune
470 449 582 504 illis
615 466 748 506 cum
779 450 948 522 vulgo
977 449 1344 519 vocabulum,
1375 450 1552 506 vilem
1587 451 1760 508 faciat
1790 453 1905 524 pal-

284 530 528 585 liatorum
557 531 660 600 (a),
692 536 851 586 tanto
897 533 1080 602 magis
1127 531 1414 601 inﬂatam,
1447 538 1668 602 quanto
1717 535 1905 606 magis

282 610 521 682 exiguam
553 611 894 680 paucitatem
928 627 941 667 :
975 617 1031 667 et
1061 623 1382 683 quaerentes
1414 613 1553 684 quid
1599 614 1655 668 in
1690 615 1902 670 doctri-

281 707 344 748 na
371 690 680 746 christiana
709 693 1157 761 reprehendant,
1189 693 1481 763 exagitant
1522 695 1902 750 aeternitatem

280 787 593 842 corporum,
616 777 896 844 tanquam
932 774 1048 828 haec
1084 774 1203 828 sint
1232 774 1385 828 inter
1413 789 1475 828 se
1505 777 1818 840 contraria,
1845 778 1906 829 ut

280 858 329 908 et
357 851 762 908 beatitudinem
798 869 1128 924 quaeramus
1169 854 1397 919 animae,
1431 859 1487 909 et
1516 871 1643 910 eam
1678 871 1909 925 semper

277 947 392 989 esse
421 932 667 988 velimus
696 932 755 987 in
803 950 1063 1006 corpore,
1096 934 1254 990 velut
1299 951 1629 990 aerumnoso
1678 934 1906 990 vinculo

277 1013 639 1102 colligatum“:
671 1030 802 1070 cum
846 1020 1374 1102 eprumuauetoret
1401 1016 1684 1102 magister
1729 1015 1904 1102 Plato,

275 1095 473 1149 donum
506 1110 541 1148 a
572 1094 686 1150 Deo
726 1094 956 1151 summo
1000 1095 1116 1150 diis
1147 1096 1218 1150 ab
1252 1095 1352 1150 illo
1395 1097 1560 1150 factis
1592 1095 1751 1150 dicat
1780 1112 1909 1152 esse

275 1189 628 1240 concessum,
663 1190 733 1230 ne
771 1175 1082 1247 aliquando
1125 1176 1472 1245 moriantur,
1505 1176 1560 1230 id
1605 1180 1692 1231 est
1723 1194 1756 1231 a
1785 1191 1910 1231 cor-

273 1255 516 1327 poribus,
545 1255 762 1326 quibus
794 1270 894 1312 eos
926 1257 1261 1327 connexuit,
1293 1262 1658 1327 separentur.

273 1417 486 1475 CAPUT
521 1416 694 1474 XVII.
727 1449 797 1459 ——
827 1418 1030 1473 Contra
1076 1433 1162 1473 eos
1211 1419 1303 1489 qui
1346 1424 1620 1482 asserunt,
1672 1420 1899 1470 terrena

299 1515 520 1573 corpora
573 1501 1024 1572 incorruptibitia
1075 1501 1202 1570 ﬁeri
1227 1504 1277 1556 et
1307 1506 1524 1557 aeterna
1553 1513 1665 1554 non
1695 1513 1869 1569 posse.

337 1640 384 1692 1.
451 1637 827 1693 Contendunt
892 1637 1069 1692 etiam
1129 1635 1246 1702 isti,
1307 1633 1608 1690 terrestria
1664 1649 1908 1704 corpora

268 1717 612 1786 sempiterna
642 1733 770 1772 esse
802 1733 915 1772 non
968 1733 1153 1785 posse,
1188 1731 1320 1770 cum
1354 1716 1538 1785 ipsam
1572 1714 1906 1768 universam

267 1803 470 1854 terram
528 1798 622 1853 dei
672 1799 779 1867 sui,
827 1814 942 1852 non
990 1796 1221 1867 quidem
1269 1795 1510 1861 summi,
1561 1793 1662 1849 sed
1708 1799 1904 1849 tamen

265 1878 477 1950 magni,
531 1879 588 1932 id
623 1883 712 1933 est
764 1878 942 1932 totius
995 1877 1172 1946 hujus
1209 1877 1428 1943 mundi,
1482 1877 1814 1930 membrum
1848 1873 1906 1928 in

267 1960 449 2014 medio
482 1959 744 2030 positum
767 1964 824 2014 et
852 1957 1275 2030 sempiternum
1307 1973 1435 2012 esse
1466 1973 1581 2011 non
1614 1955 1907 2011 dubitent.

264 2039 399 2096 Cum
447 2056 587 2112 ergo
635 2045 788 2095 Deus
832 2039 930 2095 ille
982 2056 1252 2094 summus
1307 2038 1502 2093 fecerit
1534 2037 1620 2092 eis
1659 2036 1908 2090 alterum

264 2137 431 2192 quem
466 2127 680 2192 putant
708 2123 877 2176 deum
924 2121 1103 2191 (Pluto
1134 2119 1194 2174 in
1229 2120 1476 2190 Timaeo),
1521 2119 1576 2172 id
1610 2122 1698 2172 est
1730 2117 1909 2171 istum

264 2200 574 2269 mundum,
605 2203 824 2257 caeteris
878 2202 989 2256 diis
1019 2201 1119 2271 qui
1165 2200 1318 2255 infra
1348 2216 1482 2254 eum
1525 2204 1662 2253 sunt
1706 2197 1908 2268 praele-

260 2281 532 2350 rendum,
567 2283 957 2352 eumdemque
1001 2296 1121 2336 esse
1164 2280 1499 2336 existiment
1529 2277 1909 2344 animantem,

258 2365 456 2418 anima
489 2364 728 2434 scilicet,
777 2363 927 2417 sicut
971 2367 1264 2425 asserunt,
1317 2358 1582 2414 rationali
1624 2358 1708 2412 vel
1739 2357 1910 2411 intel-

256 2439 501 2497 lectuali
532 2443 588 2497 in
625 2452 739 2496 tam
777 2457 992 2512 magna
1024 2439 1176 2495 mole
1206 2442 1462 2507 corporis
1492 2439 1617 2506 eius
1646 2436 1908 2502 inclusa;

254 2521 572 2594 ipsiusque
629 2523 892 2592 corporis
959 2526 1238 2592 tanquam
1291 2519 1554 2574 membra
1601 2517 1739 2572 locis
1789 2517 1913 2572 suis

250 2606 457 2675 posita
518 2609 690 2674 atque
746 2602 995 2673 digesta,
1060 2605 1313 2674 quatuor
1369 2599 1734 2655 constituerit
1790 2598 1914 2652 ele-

249 2692 486 2750 menta,
511 2685 1138 2753 quorumjuncturam,
1165 2699 1237 2736 ne
1261 2698 1517 2752 unquam
1544 2682 1688 2736 deus
1711 2696 1910 2736 eorum

251 2769 376 2818 tam
434 2779 686 2836 magnus
739 2765 1040 2831 moriatur,
1090 2762 1458 2818 insolubilem
1491 2779 1554 2816 ac
1601 2763 1912 2832 sempiter-

252 2859 388 2898 nam
424 2844 647 2899 velint:
682 2845 820 2914 quid
853 2861 1038 2899 causa;
1069 2852 1177 2908 est,
1214 2849 1276 2898 ut
1308 2845 1364 2897 in
1396 2859 1635 2913 corpore
1677 2841 1911 2910 majoris

253 2923 578 2978 animantis
623 2927 901 2993 tanquam
936 2923 1193 2978 medium
1237 2922 1561 2978 membrum
1593 2926 1807 2976 aeterna
1836 2919 1912 2974 sit

256 3009 433 3069 terra,
469 3011 524 3059 et
553 3003 801 3059 aliorum
836 3004 1229 3059 animantium
1254 3004 1619 3059 terrestrium
1649 3019 1910 3073 corpora,

255 3085 323 3152 si,
360 3090 521 3141 Deus
552 3084 702 3140 sicut
733 3083 876 3140 illud
910 3085 1065 3150 velit,
1098 3091 1315 3141 aeterna
1345 3102 1468 3141 esse
1501 3102 1613 3140 non
1648 3084 1912 3157 possint?

257 3165 363 3221 Sed
408 3172 599 3232 terrae,
635 3167 936 3237 inquiunt,
961 3172 1114 3222 terra
1146 3166 1441 3222 reddenda
1470 3172 1575 3227 est.
1611 3169 1763 3222 unde
1791 3167 1910 3221 ani-

259 3246 504 3301 malium
553 3247 858 3301 terrestria
903 3256 1135 3317 sumpta
1181 3255 1316 3302 sunt
1369 3263 1648 3318 corpora:
1697 3264 1763 3302 ex
1796 3263 1911 3317 quo

259 3327 340 3393 fit,
372 3327 678 3399 inquiunt,
737 3332 800 3382 ut
829 3343 898 3384 ea
944 3329 1022 3384 sit
1057 3343 1295 3384 necesse
1341 3329 1581 3384 dissolvi
1617 3332 1673 3383 et
1697 3328 1909 3394 emori;

257 3413 311 3462 et
357 3425 427 3464 eo
481 3408 655 3464 modo
718 3413 882 3462 terrai
944 3408 1142 3463 stabili
1202 3425 1267 3463 ac
1317 3410 1706 3479 sempiternae,
1759 3409 1913 3461 unde

257 3489 487 3546 fuerant
537 3495 800 3561 sumpta,
862 3490 1105 3546 restitui.
1159 3490 1216 3544 Si
1269 3491 1403 3559 quis
1467 3491 1573 3543 hoc
1621 3490 1797 3544 etiam
1843 3488 1913 3543 de

256 3570 390 3642 igne
419 3571 696 3626 similiter
721 3569 992 3637 affirmet,
1025 3577 1078 3624 et
1109 3569 1266 3624 dicat
1297 3568 1592 3624 reddenda
1623 3584 1750 3623 esse
1782 3566 1912 3621 uni-

253 3666 419 3706 verso
467 3651 596 3722 igni
647 3666 909 3721 corpora,
967 3665 1094 3720 quae
1145 3650 1278 3704 inde
1343 3652 1581 3718 sumpta
1640 3651 1798 3712 sunt,
1853 3651 1916 3701 ut

256 3731 516 3787 cmlestia
589 3731 795 3784 ﬁerent
851 3728 1164 3796 animalia;
1233 3744 1425 3783 nonne
1479 3726 1911 3795 immortalitas,

255 3826 432 3882 quam
503 3809 730 3866 talibus
779 3809 916 3875 diis,
976 3809 1130 3864 velut
1175 3808 1292 3863 Deo
1332 3824 1562 3863 summo
1623 3808 1912 3877 loquente,

256 3891 530 3962 promisit
587 3892 775 3957 Plato,
825 3894 1109 3960 tanquam
1169 3888 1442 3944 violentia
1499 3887 1912 3958 disputationis

255 3971 434 4043 hujus
482 3971 836 4027 intercidet?
890 3973 979 4025 An
1023 3971 1101 4024 ibi
1144 3979 1449 4042 propterea
1489 3986 1601 4025 non
1651 3970 1735 4037 ﬁt,
1778 3969 1913 4040 quia

257 4053 404 4109 Deus
457 4070 581 4109 non
631 4050 775 4119 vult,
837 4053 1008 4122 cujus
1057 4051 1435 4116 voluntatem,
1488 4057 1552 4106 ut
1601 4051 1682 4105 ait
1731 4050 1912 4120 Plato,

258 4134 417 4189 nulla
446 4134 538 4190 vis
577 4131 798 4188 vincit?
830 4131 975 4198 Quid
1010 4146 1142 4200 ergo
1182 4131 1472 4202 prohibet,
1507 4139 1564 4185 ut
1596 4129 1702 4185 hoc
1732 4130 1909 4186 etiam

257 4215 322 4271 de
369 4213 760 4272 terrestribus
820 4213 1164 4284 corporibus
1213 4212 1364 4268 Deus
1430 4214 1616 4284 possit
1663 4212 1910 4282 efficere,

259 4296 743 4368 quandoquidem
778 4303 836 4350 ut
869 4311 972 4350 nec
1003 4311 1068 4351 ea
1098 4311 1229 4366 quae
1269 4299 1395 4351 orta
1424 4301 1578 4363 sunt,
1621 4295 1910 4361 occidant,

259 4393 359 4435 nec
398 4395 470 4436 ea
513 4393 647 4450 quas
687 4382 824 4432 sunt
859 4377 1068 4448 juncta
1110 4379 1126 4412 ι
1161 4377 1480 4444 solvantur,
1523 4391 1628 4432 nec
1672 4392 1740 4432 ea
1782 4392 1913 4447 quae

258 4469 389 4516 sunt
439 4478 514 4518 ex
575 4459 878 4516 elementis
935 4463 1174 4530 sumpta
1233 4459 1570 4525 reddantur,
1625 4461 1796 4529 atque
1850 4462 1916 4514 ut

258 4543 462 4600 animae
504 4545 568 4599 in
614 4541 956 4614 corporibus
1004 4540 1329 4597 constitutas
1379 4557 1484 4598 nec
1535 4557 1794 4612 unquam
1844 4557 1916 4598 ea

255 4625 556 4693 deserant,
591 4628 648 4679 et
688 4640 821 4679 cum
860 4624 945 4679 eis
985 4622 1422 4678 immortalitate
1453 4638 1520 4678 ac
1555 4623 1910 4693 sempiterna

254 4702 622 4760 beatitudine
653 4703 1050 4774 perfruantur,
1101 4718 1267 4774 posse
1317 4703 1502 4758 Deum
1554 4701 1740 4758 facere
1771 4718 1908 4756 con-

255 4782 449 4840 ﬁtetur
481 4783 652 4839 Plato
673 4782 701 4836 ‘I
729 4783 843 4838 Cur
885 4798 1019 4853 ergo
1070 4799 1186 4837 non
1220 4782 1428 4854 possit,
1463 4785 1527 4836 ut
1557 4797 1660 4836 nec
1692 4786 1909 4836 terres-

255 4865 364 4920 tria
395 4863 772 4920 moriantur?
800 4865 886 4918 An
920 4863 1072 4918 Deus
1101 4880 1215 4918 non
1248 4867 1339 4917 est
1369 4867 1573 4931 potens
1606 4877 1911 4932 quousque

254 4943 581 5002 Christiani
610 4945 877 5012 credunt,
903 4944 1003 5000 sed
1038 4959 1340 5013 quousque
1365 4942 1639 4997 Platonici
1672 4942 1912 4997 volunt?

255 5024 554 5082 Nimirum
588 5027 805 5098 quippe
848 5024 1162 5082 consilium
1196 5023 1296 5079 Dei
1327 5030 1384 5079 et
1415 5027 1755 5094 potestatem
1797 5041 1907 5095 po-

313 5289 329 5322 1
360 5285 622 5336 Nonnulli
649 5285 793 5341 Mss,
825 5282 1026 5332 vincta.

312 5350 395 5460 (aa
419 5348 812 5398 Palliatorum
833 5347 1056 5422 nomine
1101 5343 1442 5453 philosodphos
1482 5342 1748 5417 intelligit:
1782 5343 1912 5394 Hinc

312 5425 356 5460 tu
425 5413 492 5460 Α.
528 5410 772 5460 Gellium.
810 5410 904 5458 lib.
951 5409 998 5460 9.
1029 5422 1142 5460 can.
1192 5407 1239 5460 2.
1325 5419 1352 5454 e
1379 5407 1606 5460 quodam
1657 5420 1750 5460 qui
1795 5419 1912 5455 cor-

251 5407 395 5471 apud
425 5413 492 5461 Α.
528 5410 772 5471 Gellium,
810 5410 904 5458 lib.
951 5409 998 5467 9,
1029 5422 1142 5470 cap.
1165 5407 1239 5471 W2,
1288 5407 1352 5471 de
1379 5407 1606 5468 quodam
1657 5407 1750 5471 qui
1785 5419 1914 5471 icor-

285 5468 397 5523 oris
472 5475 624 5524 cultu
685 5468 1008 5534 amictuque,
1085 5468 1466 5534 philosophum
1510 5468 1906 5534 mentiebatur:

489 5536 717 5596 barbam
772 5543 821 5586 et
867 5532 1136 5597 pallium,
1186 5532 1584 5595 philosophum
1661 5532 1908 5582 nondum

248 5599 420 5649 video.

3535 259 3653 320 390

2016 385 2250 434 tuerunt
2277 379 2630 451 philosophi,
2661 397 2764 436 nec
2787 385 3104 452 potuerunt
3125 397 3296 439 nosse
3317 383 3658 456 Prophetas?

2012 476 2144 516 cum
2199 461 2392 530 potius
2431 478 2462 514 e
2493 462 2785 517 contrario
2835 461 2934 517 Dei
2987 463 3304 534 Prophetas
3354 465 3425 520 ad
3473 481 3659 521 enun-

2014 541 2270 597 tiandam
2302 544 2450 612 ejus,
2493 549 2777 612 quantum
2819 545 3096 614 dignatus
3125 551 3235 615 est,
3277 547 3658 614 voluntatem,

2013 621 2266 693 Spiritus
2305 624 2434 694 ejus
2483 624 2769 691 docuerit;
2825 624 3202 696 philosophos
3250 634 3442 681 autem
3489 628 3545 682 in
3592 643 3659 683 ea

2013 706 2411 774 cognoscenda
2441 706 2776 776 conjectura
2819 706 3076 762 humana
3107 708 3414 778 deceperit.

2083 785 2137 841 2.
2197 788 2409 841 Verum
2470 803 2585 842 non
2633 804 2819 858 usque
2866 789 3008 844 adeo
3067 789 3255 860 decipi
3303 791 3654 856 debuerunt,

2016 881 2128 920 non
2161 866 2352 922 solum
2402 869 2753 938 ignorantia,
2805 869 2904 923 sed
2955 869 3138 939 magis
3186 871 3357 925 etiam
3410 873 3426 907 ί
3477 871 3660 942 pervi-

2014 945 2188 1013 cacia,
2225 955 2282 1001 ut
2315 953 2372 1002 et
2417 947 2527 1002 sibi
2581 948 2946 1017 apertissime
2993 952 3378 1021 refragantur,
3436 949 3662 1021 magnis

2016 1026 2474 1093 disputationum
2507 1029 2728 1084 viribus
2759 1035 3108 1099 asserentes,
3143 1032 3372 1098 animas,
3404 1035 3469 1085 ut
3501 1033 3664 1085 beata

2017 1123 2143 1163 esse
2174 1110 2378 1179 possit,
2428 1125 2540 1164 non
2595 1116 2893 1165 terrenum
2925 1116 3178 1179 tantum,
3212 1113 3309 1166 sed
3343 1128 3515 1167 omne
3542 1127 3661 1166 cor-

2017 1205 2125 1258 pus
2181 1205 2310 1244 esse
2367 1190 2744 1262 fugiendum;
2808 1196 2863 1246 et
2930 1193 3069 1246 deos
3132 1208 3336 1248 rursus
3403 1193 3662 1247 dicentes

2017 1267 2232 1324 habere
2265 1269 2626 1325 beatissimus
2666 1271 2916 1338 animus,
2949 1276 3003 1327 et
3042 1278 3241 1328 tamen
3271 1271 3500 1326 aeternis
3531 1286 3659 1325 cor-

2017 1349 2258 1420 poribus
2313 1350 2584 1421 illigatas,
2641 1353 2902 1407 cmlestes
2957 1352 3193 1423 quidem
3244 1353 3451 1424 igneis,
3499 1349 3663 1406 Jovis

2016 1436 2211 1484 autem
2244 1430 2427 1500 ipsius
2468 1431 2748 1495 animam,
2795 1447 2965 1502 quem
3011 1434 3295 1487 mundum
3343 1436 3520 1487 istum
3563 1448 3662 1486 vo-

2016 1508 2162 1576 lunt,
2197 1511 2474 1566 omnibus
2505 1511 2745 1566 omnino
2775 1513 3067 1584 corporeis
3091 1513 3416 1578 elementis,
3442 1511 3660 1583 quibus

2016 1589 2138 1644 haec
2172 1595 2289 1646 tota
2323 1591 2502 1647 moles
2537 1609 2568 1645 a
2600 1601 2745 1647 terra
2775 1593 2832 1646 in
2866 1592 3075 1647 coelum
3109 1595 3318 1665 surgit,
3352 1593 3661 1647 inclusam.

2018 1669 2176 1724 Hano
2208 1670 2360 1726 enim
2395 1671 2651 1726 animam
2697 1671 2855 1726 Plato
2896 1673 2967 1727 ab
3002 1673 3206 1728 intimo
3250 1678 3413 1726 terrae
3449 1672 3664 1736 medio,

2017 1751 2170 1820 quod
2205 1756 2514 1822 geometra:
2546 1765 2812 1807 centrum
2843 1757 3072 1819 vocant,
3110 1769 3205 1821 per
3235 1769 3440 1807 omnes
3473 1755 3667 1823 partes

2017 1833 2145 1901 ejus
2178 1847 2359 1903 usque
2392 1833 2463 1887 ad
2495 1833 2622 1888 coeli
2656 1849 2891 1888 summa
2933 1841 2984 1887 et
3028 1840 3287 1888 extrema
3327 1832 3579 1888 dill‘undi
3614 1837 3669 1885 et

2018 1914 2247 1968 extendi
2282 1931 2386 1985 per
2416 1931 2691 1969 numeros
2726 1915 2981 1970 musicos
3009 1916 3307 1985 Opinatur,
3334 1919 3397 1968 ut
3434 1914 3508 1968 sit
3551 1914 3660 1967 iste

2019 1993 2276 2048 mundus
2305 1993 2522 2047 animal
2574 1995 2915 2061 maximum,
2975 1996 3396 2060 beatissimum,
3448 1993 3665 2062 sempi-

2019 2079 2268 2139 ternum,
2304 2075 2471 2142 cujus
2512 2074 2705 2128 anima
2737 2077 2794 2128 et
2834 2074 3148 2143 perfectam
3192 2073 3490 2143 sapientiae
3540 2071 3666 2125 feli-

2019 2151 2253 2205 citatem
2306 2156 2548 2222 teneret,
2594 2160 2652 2208 et
2712 2169 2924 2222 corpus
2975 2154 3278 2223 proprium
3329 2167 3444 2206 non
3494 2149 3665 2205 relin-

2022 2236 2258 2301 queret;
2311 2233 2597 2301 cujusque
2645 2249 2856 2302 corpus
2908 2237 2962 2286 et
3007 2232 3068 2286 in
3118 2237 3398 2286 aeternum
3458 2247 3526 2286 ex
3573 2229 3672 2285 illa

2021 2311 2256 2377 viveret,
2291 2316 2347 2366 et
2377 2328 2505 2366 eam
2539 2311 2801 2382 quamvis
2833 2327 2943 2366 non
2976 2312 3242 2382 simplex,
3275 2311 3376 2365 sed
3422 2315 3506 2365 tot
3544 2327 3668 2365 cor-

2023 2390 2261 2462 poribus
2320 2391 2617 2462 tantisque
2682 2400 3071 2460 compactum,
3140 2391 3414 2446 hebetare
3494 2395 3671 2460 atque

2025 2470 2248 2525 tardare
2279 2487 2394 2525 non
2428 2475 2645 2540 posset.
2690 2470 2832 2525 Cum
2869 2469 3048 2541 igitur
3083 2470 3517 2541 suspicionibus
3547 2470 3671 2526 suis

2023 2550 2138 2604 ista
2170 2552 2532 2620 permittant,
2579 2567 2683 2606 cur
2713 2550 2918 2606 nolunt
2947 2551 3200 2614 credere,
3235 2550 3429 2605 divina
3459 2548 3669 2605 volun-

2024 2635 2142 2684 tate
2172 2635 2346 2700 atque
2378 2630 2634 2702 potentia
2665 2629 3022 2685 immortalia
3066 2647 3306 2702 corpora
3346 2630 3470 2685 fieri
3506 2645 3673 2701 posse

2025 2717 2268 2781 terrena,
2303 2713 2359 2766 in
2394 2712 2610 2783 quibus
2641 2711 2850 2766 animae
2886 2710 3047 2767 nulla
3077 2713 3148 2766 ab
3180 2713 3261 2766 eis
3291 2715 3472 2767 morte
3503 2728 3672 2783 sepa-

2022 2799 2184 2861 ratae,
2237 2790 2412 2847 nullis
2457 2808 2657 2847 eorum
2710 2793 2986 2848 oneribus
3041 2797 3387 2864 aggravata,
3448 2792 3670 2864 sempi~

2023 2878 2182 2929 terne
2214 2889 2280 2927 ac
2315 2872 2562 2928 feliciter
2591 2873 2789 2928 vivant
2820 2874 2930 2943 (a);
2966 2874 3116 2944 quod
3160 2874 3296 2929 deos
3331 2890 3470 2929 suos
3503 2889 3673 2944 posse

2021 2959 2292 3008 asserunt
2332 2953 2390 3007 in
2449 2952 2788 3024 corporibus
2838 2954 3048 3024 igneis,
3106 2952 3424 3026 Jovemque
3478 2955 3672 3024 ipsum

2023 3051 2212 3104 regem
2261 3049 2460 3089 eorum
2520 3033 2578 3088 in
2637 3033 2914 3088 omnibus
2971 3034 3268 3104 corporeis
3322 3032 3673 3090 elementis?

2023 3120 2162 3171 Nam
2196 3115 2244 3170 si
2276 3116 2506 3182 animis,
2541 3119 2605 3169 ut
2635 3115 2798 3170 beata
2829 3115 2924 3177 sit,
2974 3130 3184 3184 corpus
3225 3119 3314 3170 est
3360 3130 3532 3170 omne
3575 3113 3665 3168 fu-

2020 3197 2322 3266 giendum,
2383 3197 2611 3267 fugiant
2653 3194 2733 3248 dii
2783 3209 2981 3250 eorum
3030 3194 3102 3249 de
3149 3195 3336 3266 globis
3387 3195 3666 3259 siderum,

2022 3278 2204 3346 fugiat
2235 3276 2463 3347 Jupiter
2493 3277 2563 3331 de
2585 3275 2727 3329 caelo
2750 3279 2806 3330 et
2838 3279 3019 3328 terra:
3046 3280 3146 3328 aut
3175 3275 3219 3328 si
3247 3291 3357 3328 non
3397 3280 3673 3345 possunt,

2025 3355 2608 3424 miserijudicentur.
2657 3354 2766 3407 Sed
2823 3358 3095 3408 neutrum
3143 3354 3239 3408 isti
3289 3353 3514 3418 volunt,
3565 3354 3665 3424 qui

2023 3451 2213 3505 neque
2280 3452 2313 3490 a
2378 3435 2722 3505 corporibus
2781 3435 3209 3503 separationem
3271 3436 3484 3489 audent
3530 3435 3666 3490 dare

2023 3515 2136 3571 diis
2168 3515 2315 3581 suis,
2351 3532 2421 3570 ne
2464 3515 2596 3570 illos
2641 3513 2916 3568 mortales
2967 3513 3155 3567 colere
3195 3514 3530 3580 videantur;
3566 3529 3669 3568 nec

2023 3596 2404 3652 beatitudinis
2463 3595 2866 3666 privationem,
2929 3608 2998 3647 ne
3058 3592 3322 3648 infelices
3379 3608 3480 3648 eos
3544 3609 3669 3649 esse

2025 3679 2334 3731 fateantur.
2374 3675 2499 3729 Non
2551 3689 2684 3744 ergo
2731 3673 2800 3726 ad
2854 3670 3263 3728 beatitudinem
3304 3688 3670 3741 consequen-

2023 3758 2156 3813 dam
2186 3755 2387 3812 omnia
2419 3755 2693 3825 fugienda
2723 3758 2861 3808 sunt
2909 3768 3184 3823 corpora;
3236 3755 3336 3808 sed
3383 3753 3670 3821 corrupti-

2025 3838 2182 3906 bilia,
2216 3835 2476 3899 molesta,
2510 3833 2727 3906 gravia,
2760 3832 3140 3888 moribunda:
3172 3849 3284 3889 non
3314 3833 3509 3904 qualia
3541 3833 3677 3888 fecit

2025 3918 2230 3990 primis
2295 3915 2636 3972 hominibus
2694 3913 2924 3968 bonitas
2976 3913 3095 3981 Dei,
3145 3915 3242 3969 sed
3297 3912 3492 3985 qualia
3541 3928 3673 3969 esse

2023 3997 2309 4069 compulit
2339 4012 2509 4069 poena
2539 3995 2756 4067 peccati
2789 3994 2884 4061 (ὁ).

2021 4160 2255 4219 CAPUT
2286 4158 2488 4214 XVIII.
2521 4186 2591 4198 —
2619 4156 2696 4211 De
2735 4155 2972 4210 terreni:
3013 4156 3349 4226 corporibus,
3390 4171 3510 4226 quae
3536 4153 3668 4226 phi-

2098 4240 2309 4312 losophi
2354 4239 2641 4308 afﬁrmant
2687 4238 2748 4290 in
2799 4234 3103 4292 caelestibus
3158 4254 3274 4294 esse
3325 4253 3436 4293 non
3471 4251 3672 4307 posse;

2092 4323 2226 4394 quia
2258 4321 2398 4393 quod
2443 4325 2726 4376 terrenum
2765 4326 2864 4383 est,
2895 4318 3148 4374 naturali
3175 4317 3411 4390 pondere
3449 4322 3672 4374 vocetur

2092 4402 2162 4458 ad
2191 4409 2416 4458 terram.

2092 4538 2203 4593 Sed
2251 4553 2484 4594 necesse
2532 4541 2642 4607 est,
2693 4537 2990 4610 inquiunt,
3044 4541 3108 4592 ut
3157 4543 3381 4592 terrena
3430 4550 3672 4606 corpora

2022 4620 2290 4676 naturale
2321 4620 2549 4692 pondus
2593 4620 2677 4675 vel
2710 4619 2767 4675 in
2814 4625 2970 4675 terra
3018 4621 3225 4684 teneat,
3280 4616 3368 4671 vel
3401 4621 3570 4686 cogat
3599 4614 3670 4669 ad

2022 4705 2270 4757 terram:
2307 4705 2364 4756 et
2389 4701 2520 4756 ideo
2547 4699 2603 4754 in
2639 4700 2781 4756 cmlo
2805 4716 2935 4754 esse
2967 4715 3084 4752 non
3108 4696 3330 4765 possint
3360 4694 3454 4765 (ο).
3489 4693 3668 4748 Primi

2022 4783 2254 4854 quidem
2288 4783 2369 4838 illi
2401 4782 2672 4837 homines
2697 4783 2754 4834 in
2789 4786 2939 4834 terra
2970 4781 3136 4831 erant
3157 4790 3465 4854 nemorosa
3496 4781 3670 4854 atque

2022 4851 2340 4930 fructuosa,
2374 4879 2496 4931 quae
2538 4859 2791 4931 paradisi
2834 4871 3039 4912 nomen
3080 4853 3368 4909 obtinuit:
3403 4854 3503 4908 sed
3534 4851 3676 4931 quia.

2021 4950 2080 5001 et
2109 4945 2182 4999 ad
2227 4945 2327 4997 hoc
2381 4929 2847 5012 respondendum
2899 4941 3007 5005 est,
3055 4936 3142 4990 vel
3194 4939 3426 5007 propter
3459 4929 3674 4988 Christi

2022 5039 2228 5094 corpus
2260 5037 2390 5076 cum
2443 5037 2559 5091 quo
2610 5017 2875 5075 ascendit
2925 5014 2983 5071 in
3019 5015 3250 5083 cmlum,
3299 5013 3387 5069 vel
3441 5016 3673 5085 propter

2022 5112 2355 5160 sanctorum
2414 5101 2612 5173 qualia
2675 5100 2733 5156 in
2783 5098 3204 5155 resurrectione
3265 5095 3459 5150 futura
3506 5095 3675 5161 sunt,

2089 5405 2101 5438 ¹
2135 5401 2219 5451 Sic
2246 5401 2367 5450 Mss.
2399 5400 2538 5449 Editi
2566 5402 2764 5456 autem,
2796 5413 2987 5446 verum
3017 5397 3200 5446 etiam.

2084 5467 2160 5521 (α)
2192 5464 2338 5514 Conf.
2369 5464 2462 5511 lib.
2493 5461 2524 5510 6
2552 5464 2614 5512 de
2644 5462 2770 5511 Gen.
2802 5462 2874 5511 ad
2903 5461 3046 5517 Litt.,
3076 5472 3167 5507 nn.
3200 5456 3278 5511 36,
3310 5455 3387 5505 37.

2105 5528 2152 5587 ὁ)
2183 5526 2331 5576 Cont.
2363 5539 2520 5575 serm.
2551 5525 2661 5582 241,
2695 5540 2748 5575 n.
2779 5525 2857 5574 67.

2105 5532 2152 5587 ὁ)
2183 5532 2331 5576 Cont.
2363 5539 2520 5575 serm.
2551 5532 2661 5582 241,
2695 5540 2748 5575 n.
2779 5532 2857 5574 07.

2080 5532 2150 5652 Eo)
2179 5589 2329 5640 Cont.
2360 5589 2453 5638 lib.
2483 5589 2547 5638 de
2567 5589 2689 5638 Fide
2717 5590 2771 5638 et
2798 5585 3068 5650 Symbolo,
3098 5597 3154 5634 n.
3187 5581 3262 5632 13.
