4138 6192
527 351 644 414 395

521 491 580 542 et
611 485 772 550 mali,
805 481 1116 552 trangressi
1141 478 1399 536 mandati
1425 479 1901 549 experimentum.
1927 481 2163 532 Pmnam

519 567 675 621 enim
732 563 1127 634 peccatoribus
1178 563 1322 616 bene
1373 563 1595 632 utique,
1645 560 1920 630 quoniam
1980 558 2168 627 justo,

515 643 817 700 constituit
849 644 1016 702 Deus.
1051 642 1150 696 sed
1186 657 1296 696 non
1334 642 1483 696 bono
1507 657 1611 694 suo
1644 640 1939 710 experitur
1967 638 2164 692 homo.

515 727 768 781 Possunt
827 725 946 777 haec
1001 722 1173 777 etiam
1233 724 1291 778 in
1346 723 1604 777 Ecclesia
1661 721 1926 790 intelligi,
1977 725 2042 774 ut
2097 733 2165 772 ea

515 808 726 860 melius
783 803 1139 872 accipiamus
1195 807 1473 872 tanquam
1549 802 1887 873 prOphetica
1948 800 2164 855 indicia

513 886 894 957 praecedentia
945 886 1306 940 futurorum:
1340 885 1674 956 paradisum
1709 883 1931 938 scilicet
1970 882 2160 951 ipsam

510 967 844 1030 Ecclesium,
881 964 1030 1019 sicut
1061 965 1132 1020 de
1160 965 1262 1020 illa
1294 965 1502 1035 legitur
1533 966 1588 1018 in
1619 963 1857 1020 Cantico
1899 963 2157 1016 cantico-

511 1062 637 1099 rum
665 1043 844 1116 (Cant.
870 1060 944 1111 iv,
969 1045 1057 1109 13)
1083 1061 1096 1099 :
1121 1051 1372 1116 quatuor
1393 1049 1588 1099 autem
1612 1042 1859 1114 paradisi
1888 1041 2156 1107 ﬁumina,

506 1132 758 1196 quatuor
791 1126 1131 1193 Evangelia;
1164 1125 1319 1192 ligna
1348 1125 1665 1186 fructifera,
1697 1129 1970 1188 sanctos;
2005 1121 2158 1175 fruc-

505 1211 599 1260 tus
657 1213 853 1261 autem
911 1223 1136 1269 eorum.
1188 1222 1363 1276 opera
1422 1221 1655 1269 eorum;
1708 1204 1937 1275 lignum
1996 1202 2148 1269 vitae,

502 1285 784 1340 Sanctum
843 1291 1206 1350 sanctorum,
1268 1287 1468 1354 utique
1521 1284 1860 1348 Christum;
1922 1280 2148 1352 lignum

500 1368 754 1420 scientiae
807 1366 939 1420 boni
989 1375 1041 1420 et
1084 1366 1241 1430 mali,
1294 1367 1592 1434 proprium
1634 1361 1950 1417 voluntatis
2000 1362 2152 1415 arbi-

499 1447 694 1500 trium.
730 1445 843 1500 Nec
875 1461 936 1499 se
982 1446 1105 1515 ipso
1145 1447 1360 1515 quippe
1395 1446 1566 1498 homo
1617 1444 1812 1496 divina
1859 1441 2149 1496 voluntate

498 1531 825 1594 contempta
885 1526 994 1578 nisi
1049 1526 1367 1594 perniciose
1421 1525 1500 1577 uti
1553 1529 1744 1594 potest
1789 1539 1802 1576 :
1850 1528 2023 1592 atque
2066 1522 2146 1576 ita

497 1606 690 1674 discit,
716 1607 848 1676 quid
877 1607 1126 1673 intersit,
1161 1615 1354 1660 utrum
1390 1606 1664 1659 inhaereat
1696 1605 1993 1659 communi
2025 1619 2146 1659 om-

495 1687 670 1740 nibus
689 1689 861 1754 bono,
886 1703 959 1740 an
985 1690 1212 1756 proprio
1235 1687 1570 1740 delectetur.
1594 1691 1664 1738 Se
1685 1685 1898 1756 quippe
1935 1701 2141 1739 amans

491 1767 743 1822 donatur
764 1767 980 1837 sibihut
1007 1769 1141 1821 inde
1164 1767 1467 1822 timoribus
1492 1769 1949 1837 mmroribusque
1985 1781 2141 1820 com-

487 1847 672 1918 plelus
703 1854 892 1903 cantet
922 1849 978 1902 in
1015 1849 1264 1915 Psalmo,
1297 1849 1345 1903 si
1377 1854 1569 1903 tamen
1607 1848 1754 1902 mala
1799 1863 1906 1902 sua
1936 1847 2136 1914 sentit,

487 1927 564 1981 Ad
595 1945 680 1982 me
724 1929 905 1998 ipsum
939 1930 1158 1982 turbata
1205 1939 1284 1982 est
1316 1931 1508 1983 anima
1559 1944 1676 1982 mea
1708 1928 1999 1996 (Psai.xr.i,
2030 1926 2087 1996 7)
2119 1942 2133 1982 ε

486 2012 896 2078 correctusque
970 2009 1093 2076 jam
1172 2009 1324 2062 dicat
1389 2025 1401 2062 :
1482 2007 1880 2062 Fortitudinem
1951 2022 2134 2061 meam

482 2087 552 2141 ad
599 2091 648 2142 te
686 2088 995 2142 custodiam
1039 2088 1210 2159 (Psat.
1262 2105 1413 2156 LVIII,
1465 2090 1573 2158 10).
1628 2093 1780 2154 Haec,
1822 2092 1879 2141 et
1921 2087 1968 2140 si
2019 2103 2134 2158 qua

483 2167 597 2222 alia
625 2169 990 2223 commodius
1035 2169 1148 2222 dici
1183 2176 1430 2239 possunt
1460 2171 1529 2223 de
1554 2167 1934 2237 intelligendo
1959 2167 2131 2236 spiri-

480 2249 716 2303 tualiter
765 2249 1055 2318 paradiso,
1108 2251 1339 2303 nemine
1396 2250 1740 2320 prohibente
1793 2248 2066 2302 dicantur
2111 2263 2126 2303 :

479 2328 620 2382 dum
669 2334 864 2383 tamen
915 2335 972 2384 et
1020 2329 1178 2384 illius
1227 2330 1476 2384 historias
1521 2329 1734 2383 veritas
1785 2328 2127 2382 ﬁdelissima

478 2424 668 2463 rerum
709 2420 1002 2479 gestarum
1037 2414 1372 2464 narratione
1403 2409 1803 2464 commendata
1831 2410 2121 2464 credatur.

482 2541 720 2600 CAPUT
751 2543 913 2599 XXII.
948 2576 1016 2585 —
1045 2545 1120 2600 De
1167 2546 1488 2617 corporibus
1529 2549 1847 2600 sanctorum
1893 2548 2010 2615 post
2041 2558 2120 2598 re-

543 2628 962 2690 surrectionem,
989 2641 1118 2696 quae
1139 2628 1216 2681 sic
1246 2627 1569 2698 spiritantia
1595 2632 1780 2693 erunt,
1826 2631 1886 2679 ut
1919 2641 2024 2680 non
2060 2626 2115 2678 in

548 2712 810 2775 spiritum
840 2721 972 2761 caro
1003 2712 1268 2762 vertatur.

540 2844 789 2914 Corpora
819 2846 1270 2916 ergojustorum
1305 2861 1431 2917 quas
1478 2845 1533 2898 in
1569 2843 1984 2899 resurrectione
2017 2841 2113 2896 fu-

469 2927 600 2980 tura
629 2930 786 2992 sunt,
833 2943 1018 2996 neque
1052 2927 1168 2981 ullo
1199 2927 1352 2997 ligno
1391 2926 1754 2994 indigebunt,
1785 2941 1894 2993 quo
1921 2924 2018 2975 ﬁat
2050 2926 2113 2976 ut

468 3006 628 3060 nullo
669 3007 868 3060 morbo
901 3007 985 3060 vel
1029 3013 1326 3061 senectute
1375 3007 1704 3060 inveterata
1746 3002 2108 3069 moriantur;

466 3102 654 3157 neque
707 3087 843 3140 ullis
886 3087 1016 3140 aliis
1061 3085 1464 3156 corporalibus
1523 3085 1844 3150 alimentis,
1894 3083 2107 3150 quibus

463 3166 754 3221 esuriendi
789 3182 854 3222 ac
897 3166 1131 3220 sitiendi
1175 3165 1616 3236 qualiscumque
1659 3163 1922 3218 molestia
1952 3161 2106 3215 devi-

463 3252 651 3303 tetur:
688 3253 964 3319 quoniam
999 3255 1155 3302 certo
1188 3253 1242 3300 et
1266 3247 1602 3300 omnimodo
1628 3245 1943 3300 inviolabili
1976 3260 2108 3298 tnu-

460 3345 597 3384 nere
644 3327 1108 3383 immortalitatis
1153 3327 1482 3390 indueutur,
1526 3333 1587 3380 ut
1627 3327 1859 3381 nonnisi
1901 3325 2102 3389 velint,

461 3408 858 3479 possibilitate,
894 3425 1005 3462 non
1051 3409 1391 3463 necessitate
1425 3416 1747 3462 vescantur.
1783 3407 1942 3470 Quod
1985 3408 2102 3459 An-

454 3489 563 3558 geli
605 3507 834 3560 quoque
873 3489 1171 3543 visibiliter
1214 3495 1270 3542 et
1303 3488 1680 3543 tractabiliter
1727 3491 2098 3558 apparentes,

456 3584 571 3623 non
603 3570 740 3640 quia
767 3569 1126 3639 indigebant,
1152 3570 1251 3624 sed
1278 3569 1414 3639 quia
1437 3569 1703 3622 volebant
1724 3574 1779 3622 et
1810 3570 2098 3638 poterant,

453 3659 514 3704 ut
555 3651 887 3705 hominibus
928 3656 1313 3721 congruerent
1355 3651 1443 3704 sui
1489 3648 1791 3703 ministerii
1843 3650 2094 3719 quadam

451 3727 831 3796 humanitate,
867 3732 1124 3784 fecerunt
1152 3734 1249 3801 (Il).
1286 3729 1482 3800 Neque
1512 3731 1664 3784 enim
1712 3731 1768 3783 in
1812 3728 2093 3798 phantas-

451 3817 607 3864 mate
638 3811 886 3881 Angelos
926 3813 1117 3866 edisse
1165 3813 1516 3866 credentium
1567 3817 1672 3871 est,
1707 3809 1942 3878 quando
1994 3823 2092 3860 eos

450 3887 717 3945 homines
769 3892 1020 3959 hospitio
1069 3898 1452 3957 susceperunt
1482 3894 1638 3953 (Gen.
1672 3902 1828 3953 xvni,
1861 3890 1912 3939 et
1966 3886 2088 3940 Tob.

447 3971 527 4037 XI)
562 3984 574 4021 :
609 3972 882 4040 quamvis
921 3982 1115 4025 utrum
1156 3970 1358 4038 Angcli
1409 3977 1603 4023 essent
1657 3967 2086 4038 ignorantibus,

447 4052 734 4104 consimili
770 4051 934 4103 nobis
969 4051 1287 4119 indigentia
1334 4051 1481 4104 vesci
1538 4048 1892 4102 viderentur.
1929 4044 2090 4103 Unde

443 4136 533 4182 est
565 4130 720 4198 quod
773 4129 853 4182 ait
885 4131 1124 4192 angelus
1159 4132 1214 4181 in
1259 4129 1401 4182 libro
1449 4128 1664 4190 Tubiei,
1706 4127 1974 4179 Videbam
2004 4143 2090 4183 me

440 4209 794 4275 manducare,
835 4209 925 4262 sed
956 4211 1073 4261 visu
1111 4217 1303 4269 vestro,
1347 4207 1612 4261 videbatis
1643 4207 1784 4276 (Tob.
1819 4222 1917 4270 xu,
1955 4209 2038 4277 19)
2070 4224 2084 4263 :

443 4289 496 4341 id
532 4297 640 4354 est,
675 4293 1022 4341 necessitate
1053 4287 1347 4341 reﬁciendi
1380 4290 1655 4354 corporis,
1691 4285 1841 4340 sicut
1873 4304 1970 4342 vos
1997 4291 2087 4343 i'a-

439 4366 592 4433 citis,
629 4383 720 4419 me
759 4370 952 4418 cibum
985 4383 1209 4419 sumere
1252 4366 1565 4435 putabatis.
1599 4366 1706 4420 Sed
1760 4371 1805 4420 si
1842 4368 1983 4422 forte
2015 4373 2084 4426 de

433 4445 670 4514 Angelis
701 4444 852 4499 aliud
887 4445 1224 4500 credibilius
1257 4447 1541 4516 disputari
1583 4451 1792 4517 potest,
1828 4459 1979 4502 certe
2010 4450 2077 4503 ﬁo

437 4523 534 4578 des
565 4525 884 4580 christiana
915 4529 983 4580 de
1015 4526 1138 4594 ipso
1170 4525 1466 4581 Salvatore
1499 4543 1610 4581 non
1638 4529 1888 4594 dubitat,
1922 4531 2076 4600 quod

434 4608 607 4660 etiam
660 4610 789 4677 post
821 4607 1474 4676 resurrectionem,jain
1526 4609 1756 4677 quidem
1803 4609 1862 4664 in
1900 4611 2077 4679 apiri-

434 4687 573 4742 tuali
607 4704 798 4757 carne,
832 4689 933 4744 sed
967 4694 1160 4743 tamen
1196 4706 1345 4755 vera,
1375 4689 1572 4744 cibum
1609 4706 1672 4744 ac
1708 4696 1905 4759 potum
1939 4708 2071 4748 cum

431 4768 739 4840 discipulis
770 4771 1027 4841 sumpsit
1056 4770 1204 4840 (Luc.
1240 4769 1410 4840 xxw).
1446 4771 1568 4824 Non
1603 4773 1756 4824 enim
1795 4776 2072 4842 potestas,

427 4849 530 4904 sed
561 4860 786 4920 egestas
817 4849 1025 4905 edendi
1060 4866 1125 4905 ac
1179 4849 1411 4904 bibendi
1461 4851 1679 4904 talibus
1729 4852 2070 4922 corporibus

428 4932 739 4986 auferetur.
775 4931 936 4986 Unde
965 4937 1020 4986 et
1041 4931 1360 5002 spiritualia
1389 4937 1598 4999 erunt;
1627 4948 1738 4986 non
1773 4932 1910 5002 quia
1940 4949 2066 4988 cor-

425 5028 567 5081 pora
615 5028 740 5068 esse
787 5013 1084 5076 desistant,
1137 5014 1238 5067 sod
1295 5015 1430 5083 quia
1483 5014 1686 5082 spiritu
1740 5013 2068 5070 viviﬁcante

425 5097 766 5147 subst-teut.

423 5225 659 5282 CAPUT
691 5224 896 5281 XXIII.
933 5256 996 5266 —
1031 5225 1168 5292 Quid
1205 5227 1615 5296 intelligendum
1647 5231 1716 5283 sit
1755 5228 1818 5284 de
1845 5243 2068 5297 corpore

491 5307 738 5361 animati
767 5313 815 5360 ct
845 5307 909 5360 de
937 5321 1158 5374 corpore
1185 5306 1466 5376 spirituuti
1497 5326 1516 5358 :
1545 5320 1639 5362 aut
1671 5311 1770 5378 qui
1810 5311 2066 5364 moriun-

491 5397 583 5441 tur
613 5387 670 5442 in
699 5388 889 5457 Adam,
924 5389 1016 5457 qui
1052 5402 1172 5441 vero
1205 5386 1556 5455 viviﬁcantur
1584 5406 1638 5442 in
1683 5388 1913 5445 Christo.

491 5526 541 5580 i.
574 5525 717 5581 Nam
750 5525 901 5582 sicut
946 5541 1187 5596 corpora
1224 5525 1355 5590 ista,
1389 5543 1511 5597 qua;
1547 5527 1755 5584 habent
1799 5531 2056 5587 animam

475 5698 558 5761 (α)
587 5695 734 5749 Cant.
764 5697 925 5762 Epist.
959 5698 1065 5763 102,
1095 5712 1148 5749 n.
1176 5700 1225 5751 6.

1582 344 1682 404 DE
1725 340 2092 405 CIVITATE
2138 337 2289 412 DEI,
2335 338 2398 401 S.
2445 341 2877 405 AUGUSTINI

3818 351 3939 414 396

2276 474 2586 544 viventem,
2621 479 2884 535 nondum
2917 477 3185 548 spiritum
3213 479 3632 550 viviﬁcantem,
3661 484 3940 543 animalia

2278 555 2560 611 dicuntur
2591 576 2834 630 corpora
2861 583 2876 623 ς
2910 575 3013 614 nec
3041 566 3236 616 tamen
3261 562 3470 617 anima
3500 571 3659 633 sunt,
3684 571 3782 621 sed
3808 583 3936 622 cor-

2278 651 2462 706 pora:
2499 639 2577 691 ita
2625 639 2725 693 illa
2771 640 3096 711 spiritualia
3145 651 3426 698 vocantur
3465 660 3739 714 corpora;
3779 649 3939 704 absit

2273 719 2469 770 tamen
2506 725 2568 772 ut
2599 719 2845 789 spiritus
2867 735 2935 775 ea
2965 722 3274 777 credamus
3317 724 3532 789 l‘utura,
3566 728 3661 780 sed
3689 743 3935 798 corpora

2271 798 2464 852 carnis
2507 800 2778 854 habitura
2826 803 3245 873 substantiam,
3279 804 3380 858 sed
3429 805 3650 860 nullam
3698 809 3936 865 tardita-

2272 883 2383 932 tem
2421 880 2978 952 corruptionemque
3010 883 3304 938 carnalem
3350 887 3555 954 spiritu
3597 887 3930 946 viviﬁcante

2270 971 2538 1024 passura.
2598 960 2762 1015 Tunc
2809 961 2930 1030 jam
2992 979 3107 1018 non
3177 970 3460 1032 terrenus,
3510 967 3606 1020 sed
3668 969 3926 1027 coelestia

2266 1034 2438 1092 homo
2471 1041 2579 1093 erit
2611 1055 2625 1093 ε
2664 1057 2777 1096 non
2813 1041 2954 1111 quia
2986 1058 3201 1114 corpus
3223 1045 3378 1115 quod
3411 1047 3482 1100 de
3511 1050 3666 1102 terra
3699 1053 3920 1107 tactum

2261 1122 2370 1200 est,
2409 1133 2524 1173 non
2573 1121 2770 1190 ipsum
2819 1123 2970 1190 erit;
3011 1124 3114 1177 sed
3164 1126 3299 1193 quia
3339 1125 3490 1181 dono
3529 1127 3751 1183 caelesti
3791 1133 3918 1200 jam

2261 1197 2374 1251 tale
2407 1200 2538 1263 erit,
2574 1205 2638 1255 ut
2673 1203 2852 1256 etiam
2885 1201 3030 1258 caelo
3062 1203 3366 1260 incolendo
3399 1223 3513 1262 non
3546 1211 3769 1266 amissa
3794 1197 3922 1268 vna-

2260 1283 2415 1345 tura,
2447 1282 2547 1336 sed
2583 1289 2809 1337 mutata
2841 1284 3126 1354 qualitate
3171 1289 3497 1343 conveniat.
3539 1292 3776 1348 Primus
3807 1311 3920 1349 au-

2258 1366 2369 1414 tem
2407 1361 2581 1418 homo
2612 1365 2684 1419 de
2715 1369 2870 1419 terra
2902 1372 3165 1420 terrenus
3195 1367 3237 1437 (Ι
3272 1369 3392 1422 Cor.
3424 1385 3517 1438 xv,
3545 1371 3653 1440 47),
3689 1374 3747 1427 in
3785 1376 3920 1429 ani-

2257 1457 2411 1496 mam
2448 1446 2730 1500 viventem
2785 1447 2969 1501 factus
3020 1454 3128 1516 est,
3165 1464 3278 1502 non
3330 1450 3386 1504 in
3420 1451 3690 1520 spiritum
3726 1457 3917 1511 viviﬁ-

2252 1527 2504 1584 cantem.
2536 1527 2688 1596 quod
2725 1526 2774 1580 ei
2811 1543 2912 1598 per
2941 1529 3280 1582 obedientiai
3324 1530 3596 1586 meritum
3631 1537 3914 1590 servaba-

2251 1604 2534 1687 tur.ildeo
2586 1622 2799 1676 corpus
2831 1606 2980 1677 ejus,
3014 1607 3171 1678 quod
3218 1609 3346 1664 cibo
3377 1626 3444 1665 ac
3495 1625 3632 1682 potu
3681 1618 3912 1687 egebat,

2248 1698 2320 1738 ne
2353 1686 2502 1740 fame
2553 1689 2886 1744 afﬁceretur
2933 1706 2999 1744 ac
3031 1691 3150 1756 siti,
3193 1695 3251 1745 et
3299 1707 3413 1746 non
3463 1686 3914 1754 immortalitate

2247 1762 2346 1818 illa
2377 1767 2647 1823 absoluta
2687 1776 2861 1841 atque
2898 1771 3314 1840 indissolubili,
3347 1772 3448 1828 sed
3497 1774 3656 1846 ligno
3699 1779 3827 1834 vitae
3876 1797 3911 1837 ι

2249 1848 2449 1926 mortis
2482 1851 2819 1926 necessitate
2844 1851 3275 1926 prohibebatur,
3299 1860 3473 1925 atque
3500 1857 3552 1909 in
3572 1860 3908 1926 juventutis

2246 1916 2385 1972 ﬂore
2415 1922 2738 1990 tenebatur,
2774 1916 2886 1977 no'n
2921 1916 3670 1992 spirituale,sed'animale
3697 1916 3906 2002 fuisse,

2243 2013 2356 2085 non
2405 2001 2658 2085 dubium
2709 2008 2843 2085 est_:
2880 2019 3245 2074 nequaquam
3295 2014 3487 2061 tamen
3521 2001 3903 2085 moriturum,

2243 2078 2356 2132 nisi
2403 2080 2460 2134 in
2513 2083 2609 2136 Dei
2674 2082 3041 2153 praedicentis
3092 2086 3488 2156 minantisque
3539 2078 3898 2151 sententiam

2237 2161 2633 2234 delinquendo
2651 2167 2989 2221 corruisset.
3027 2167 3088 2220 Et
3120 2167 3412 2223 alimentis
3448 2172 3681 2241 quidem
3715 2177 3898 2232 etiam

2237 2248 2394 2297 extra
2429 2247 2765 2314 paradisum
2819 2265 2933 2302 non
2977 2250 3226 2320 negatis,
3262 2267 3292 2304 a
3325 2249 3486 2321 ligno
3519 2259 3709 2310 tamen
3761 2259 3899 2316 vitae

2235 2323 2589 2407 prohibitus,
2624 2329 2873 2382 traditus
2921 2337 3076 2383 esset
3124 2333 3372 2401 tempori
3408 2337 3793 2407 vetustatiqne
3825 2340 3898 2394 II-

2232 2403 2484 2488 niendus
2517 2409 2559 2469 ¹.
2596 2407 2654 2462 in
2707 2425 2775 2464 ea
2824 2409 3110 2464 duntaxat
3160 2414 3296 2477 vita,
3334 2429 3506 2482 quam
3555 2415 3612 2470 in
3654 2403 3895 2488 corpore

2228 2481 2364 2540 licet
2413 2487 2678 2554 animali,
2720 2491 2903 2545 donec
2953 2490 3257 2561 spirituale
3303 2481 3642 2550 obedientias
3688 2481 3892 2559 merito

2228 2565 2412 2637 ﬁeret,
2457 2578 2652 2639 posset
2701 2571 2757 2625 in
2809 2573 3098 2644 paradiso,
3149 2573 3262 2629 nisi
3314 2585 3635 2647 peccasset,
3680 2579 3894 2641 habere

2228 2655 2594 2716 perpetuam.
2655 2653 3036 2722 Quapropter,
3095 2655 3326 2709 etiamsi
3397 2665 3644 2713 mortem
3709 2661 3886 2718 istam

2230 2729 2634 2811 manitestam,
2667 2748 2784 2802 qua
2829 2732 2892 2786 ﬁt
2936 2735 3148 2788 animae
3197 2751 3231 2788 a
3280 2751 3522 2806 corpore
3570 2744 3888 2811 separatio,

2221 2806 2616 2889 intelligamus
2658 2813 2833 2867 simul
2885 2815 3274 2885 signiﬁcatam
3327 2817 3383 2870 in
3429 2833 3496 2872 eo
3540 2806 3692 2889 quod
3729 2806 3888 2880 Deus

2218 2888 2460 2956 dixerat,
2496 2892 2611 2958 Qua
2659 2893 2749 2948 die
2795 2893 3021 2949 ederitis
3067 2911 3138 2950 ea:
3185 2897 3304 2963 illo,
3337 2907 3508 2952 morte
3556 2888 3890 2963 moriemini

2218 2965 2370 3036 (Gen.
2404 2985 2466 3034 ii,
2499 2972 2581 3041 i7)
2608 2987 2620 3037 ;
2651 2989 2762 3026 non
2796 2977 2922 3029 ideo
2953 2976 3124 3030 debet
3155 2977 3475 3032 absurdum
3510 2979 3714 3051 videri,
3739 2985 3891 3053 quia

2216 3063 2330 3132 non
2363 3064 2430 3102 eo
2463 3066 2704 3119 prorsus
2735 3053 2828 3108 die
2875 3073 2904 3106 a
2937 3071 3177 3126 corpore
3225 3061 3364 3111 sunt
3415 3057 3610 3126 soluti,
3646 3077 3764 3132 quo
3796 3062 3886 3117 ci-

2215 3127 2350 3181 bum
2408 3130 2774 3185 interdictum
2822 3137 3306 3206 mortiferumque
3357 3127 3760 3205 sumpserunt.
3801 3145 3884 3199 Eo

2211 3209 2424 3279 quippe
2456 3212 2548 3293 die
2595 3220 2818 3268 mutata
2861 3216 2916 3268 in
2970 3217 3224 3272 deterius
3276 3217 3590 3289 vitiataque
3637 3231 3873 3293 natura,

2211 3295 2392 3379 atque
2419 3307 2452 3345 a
2485 3291 2643 3379 ligno
2693 3297 2821 3348 vitae
2872 3299 3240 3379 separatione
3282 3297 3637 3369 justissima,
3673 3291 3887 3360 mortis

2209 3371 2266 3422 iu
2317 3371 2400 3425 eis
2453 3372 2627 3426 etiam
2682 3376 3000 3444 corporalis
3042 3380 3358 3432 necessitas
3408 3381 3555 3435 facta
3597 3391 3702 3447 est,
3735 3399 3881 3441 cum

2209 3465 2326 3534 qua
2386 3467 2491 3506 nos
2551 3458 2890 3510 necessitate
2957 3458 3076 3511 nati
3135 3473 3364 3515 sumus.
3406 3460 3642 3532 Propter
3711 3467 3880 3534 quod

2205 3533 2521 3600 Apostolus
2553 3551 2665 3588 non
2699 3540 2796 3602 ait,
2823 3537 3040 3606 Corpus
3087 3541 3326 3608 quidem
3381 3533 3745 3599 moriturum
3778 3553 3876 3604 est

2205 3624 2438 3684 prepter
2489 3622 2830 3686 peccatum;
2874 3618 2978 3672 sed
3027 3618 3124 3686 ait,
3171 3620 3382 3688 Corpus
3429 3625 3650 3692 quidem
3703 3642 3870 3682 mor—

2203 3698 2357 3747 tuam
2401 3705 2478 3750 est
2527 3708 2742 3764 prapter
2784 3703 3095 3766 peccatum,
3130 3703 3358 3770 spiritus
3405 3715 3586 3759 autem
3635 3707 3740 3760 vita
3787 3718 3873 3765 est

2196 3781 2417 3858 propter
2442 3777 2746 3845 justitiam.
2778 3778 2998 3835 Deinde
3028 3782 3340 3854 subjungit
3375 3800 3388 3836 :
3424 3785 3484 3838 Si
3513 3790 3699 3842 autem
3730 3790 3864 3858 Spi-

2199 3855 2340 3936 ritus
2368 3857 2484 3923 eius
2515 3861 2611 3927 qui
2637 3860 2921 3913 suscitavit
2955 3859 3233 3916 Christum
3281 3881 3314 3918 a
3349 3868 3604 3936 mortuis,
3641 3855 3865 3927 habitat

2198 3930 2255 3985 in
2289 3937 2472 3997 vobis;
2501 3941 2598 4008 qui
2625 3939 2906 3993 suscitavit
2937 3939 3214 3996 Christum
3244 3960 3276 3997 a
3306 3948 3560 4009 mortuis,
3590 3930 3857 4016 viviﬁca-

2196 4013 2276 4067 bit
2304 4021 2355 4068 et
2385 4017 2647 4072 mortalia
2675 4035 2899 4088 carpara
2930 4025 3124 4090 vestra,
3149 4038 3246 4092 per
3267 4024 3688 4081 inhabitantem
3719 4013 3857 4094 Spi-

2196 4098 2364 4180 ritum
2392 4097 2509 4165 ejus
2540 4099 2598 4152 in
2645 4100 2791 4153 vobis
2831 4101 3004 4170 (Itoni.
3045 4118 3168 4169 VIII,
3207 4105 3292 4168 10,
3339 4106 3444 4176 ti).
3491 4106 3660 4162 Tunc
3710 4124 3855 4180 ergo

2194 4177 2301 4258 erit
2332 4193 2542 4248 corpus
2572 4181 2628 4232 in
2662 4181 2926 4249 spiritum
2961 4182 3374 4253 viviﬁcantem,
3404 4189 3556 4258 quod
3583 4205 3740 4244 nunc
3759 4177 3858 4247 e‘st

2193 4255 2248 4309 in
2308 4259 2556 4314 animam
2616 4262 3035 4329 viventem;et
3087 4273 3283 4320 tamen
3345 4255 3644 4325 mortuum
3700 4273 3858 4330 dicit

2189 4337 2520 4406 Apostolus,
2550 4342 2689 4408 quia
2713 4344 2835 4409 jam
2872 4344 3159 4398 moriendi
3185 4348 3525 4403 necessitate
3558 4353 3856 4408 constric-

2191 4423 2307 4469 tum
2341 4425 2447 4470 est.
2482 4418 2645 4473 Tunc
2675 4429 2864 4477 autem
2896 4423 2973 4477 ita
2996 4437 3115 4479 erat
3148 4426 3202 4478 in
3234 4428 3490 4482 animam
3522 4430 3850 4498 viventem,

2189 4499 2451 4564 quamvis
2485 4515 2595 4552 non
2648 4501 2704 4554 in
2756 4504 3025 4573 spiritum
3071 4505 3484 4569 viviﬁcantem.
3520 4514 3585 4564 ut
3638 4518 3846 4569 tamen

2187 4585 2483 4661 mortuum
2517 4579 2631 4634 dici
2664 4589 2816 4636 recte
2838 4599 2948 4636 non
2977 4594 3206 4654 posset;
3239 4587 3372 4656 quia
3399 4589 3509 4643 nisi
3540 4599 3852 4661 perpetra-

2180 4658 2333 4712 tione
2381 4662 2597 4730 peccati
2649 4664 3051 4721 necessitatem
3104 4668 3389 4723 moriendi
3441 4658 3667 4725 habere
3713 4689 3838 4730 non

2181 4745 2396 4810 posset.
2430 4742 2573 4797 Cum
2599 4759 2730 4798 vero
2753 4745 2906 4800 Deus
2956 4751 3011 4800 et
3053 4747 3321 4814 dicendo,
3364 4749 3563 4817 Adam,
3613 4752 3849 4809 abies!

2179 4826 2425 4877 mortem
2457 4823 2875 4894 significaverit
2931 4828 3164 4895 animas,
3211 4845 3337 4900 qua
3388 4831 3538 4886 facta
3585 4838 3680 4888 est
3736 4835 3844 4892 illo

2181 4904 2519 4974 deserente;
2553 4910 2608 4960 et
2636 4906 2901 4976 dicendo,
2957 4907 3118 4963 Terra
3155 4925 3230 4977 es,
3275 4920 3324 4966 et
3356 4913 3414 4965 in
3463 4916 3676 4968 terram
3727 4914 3845 4971 ibis

2177 4982 2325 5066 (ﬁeri.
2361 5000 2444 5052 iii,
2467 4986 2522 5050 9,
2559 4987 2668 5057 19),
2695 4993 2937 5042 mortem
2962 4989 3376 5059 signiﬁcaverit
3398 4993 3680 5064 corporis,
3705 5010 3843 5066 quas

2178 5063 2260 5116 illi
2296 5065 2358 5117 ﬁt
2388 5067 2587 5119 anima
2616 5067 2951 5122 discedente
2983 5069 3039 5124 ²ς
3072 5074 3376 5140 propterea
3406 5071 3476 5126 de
3520 5063 3844 5132 morte—se-

2174 5144 2361 5196 cunda
2393 5145 2535 5199 nihil
2569 5145 2784 5200 dixisse
2834 5148 3160 5203 credendus
3208 5155 3317 5214 est,
3350 5151 3485 5220 quia
3533 5154 3842 5213 occultam

2171 5235 2300 5280 esse
2324 5225 2508 5280 voluit
2528 5235 2761 5299 propter
2781 5226 3275 5301 dispensationem
3288 5230 3652 5288 Testamenti
3673 5237 3840 5308 novi,

2233 5517 2246 5548 ί
2280 5509 2362 5564 Sic
2390 5515 2618 5576 optimae
2645 5516 2800 5564 notae
2828 5514 2948 5579 Mss.
2981 5514 3120 5566 Editi
3170 5519 3370 5579 autem,
3419 5515 3643 5568 tardius
3691 5529 3842 5573 esset

2169 5582 2404 5640 tempore
2434 5586 2803 5640 vetustateque
2829 5578 3131 5640 ﬁniendus.

2230 5638 2250 5672 ²
2279 5639 2359 5689 Ite.
2387 5640 2507 5690 Mss.
2527 5642 2596 5690 At
2622 5638 2768 5701 editi,
2789 5638 3082 5692 decedente.
