4138 6192
284 354 396 419 397

283 489 377 546 ubi
410 490 666 544 secunda
689 504 847 543 mors
877 483 1240 557 apertissime
1270 481 1636 548 declaratur;
1670 486 1734 538 ut
1770 481 1932 552 prius

282 573 393 626 ista
418 587 568 624 mors
602 569 806 640 prima,
838 585 960 637 quis
989 564 1324 622 communis
1354 571 1442 618 est
1473 565 1769 632 omnibus,
1806 581 1934 634 pro-

281 655 514 709 deretur
535 669 604 707 ex
642 653 740 706 illo
772 652 1002 705 venisse
1035 654 1288 718 peccato,
1321 650 1472 718 quod
1523 646 1580 700 in
1621 663 1736 701 uno
1778 662 1932 701 com-

284 750 463 790 mune
495 735 710 788 factum
741 737 829 787 est
858 731 1171 794 omnibus;
1210 745 1366 782 mors
1390 744 1520 782 vero
1543 728 1798 781 secunda
1819 743 1931 781 non

284 816 484 884 utique
513 813 847 869 communis
879 815 967 865 est
992 810 1290 874 omnibus,
1327 815 1558 875 propter
1587 822 1684 860 eos
1717 807 1814 874 qui
1843 822 1930 858 se-

279 894 520 948 cundum
548 894 889 962 propositum
913 892 1083 945 vocati
1112 891 1237 942 sunt
1260 887 1299 952 ί,
1329 902 1460 956 quos
1481 891 1612 939 aute
1639 885 1935 955 przescivit,

276 971 332 1027 et
359 972 789 1043 przilestinavit,
823 971 977 1025 sicut
997 970 1077 1023 ait
1105 965 1438 1037 Apostolus,
1467 966 1766 1033 ron/ormes
1799 967 1938 1018 ima-

279 1054 428 1124 ginis
459 1053 588 1110 Filii
615 1053 727 1120 sui,
759 1062 818 1108 ut
838 1055 910 1106 sit
931 1053 1052 1116 ipse
1077 1050 1479 1119 primogenitus
1511 1048 1570 1099 in
1600 1045 1791 1100 multis
1815 1050 1941 1114 [ra-

280 1139 455 1198 zribus
487 1136 664 1204 (Rom.
695 1151 818 1199 Vin,
851 1133 919 1186 28
951 1142 1001 1187 et
1029 1131 1143 1200 29),
1177 1145 1325 1199 quos
1365 1144 1399 1181 a
1447 1127 1705 1181 secunda
1751 1131 1934 1182 morte

279 1233 380 1288 per
404 1215 779 1272 Mediatorem
812 1212 912 1267 Dei
944 1212 1129 1281 gratia
1159 1209 1431 1262 liberavit
1456 1206 1498 1260 ³.

352 1297 408 1350 2.
447 1295 506 1350 In
539 1309 774 1366 corpore
806 1309 942 1364 ergo
975 1289 1213 1346 animali
1251 1289 1505 1359 primum
1533 1287 1826 1342 hominem
1860 1288 1942 1342 fa-

281 1382 463 1440 ctum,
502 1376 583 1430 sic
611 1373 927 1444 Apostolus
962 1371 1244 1442 loquitur.
1281 1368 1494 1423 Voleus
1523 1369 1677 1423 enim
1711 1370 1783 1424 ab
1815 1369 1942 1438 spi-

281 1455 480 1512 rituali
503 1455 654 1527 quod
689 1456 746 1509 in
775 1452 1196 1509 resurrectione
1223 1452 1487 1504 futurum
1512 1453 1618 1509 est.
1648 1450 1754 1504 hoc
1785 1449 1936 1520 quod

281 1554 441 1592 nunc
472 1544 557 1591 est
587 1534 840 1591 animale
873 1533 1202 1588 discernere
1227 1548 1239 1585 :
1267 1529 1606 1594 Seminatur,
1641 1531 1852 1600 inquit,
1879 1531 1936 1583 in

279 1618 658 1687 corruptione,
699 1624 882 1686 surget
931 1616 989 1668 in
1033 1612 1483 1682 incorruptione;
1511 1611 1827 1665 seminatur
1875 1611 1940 1664 in

277 1698 639 1762 contumelia,
671 1700 855 1765 surget
887 1696 944 1749 in
985 1695 1206 1765 gloria;
1235 1694 1544 1748 seminatur
1583 1693 1640 1745 in
1684 1690 1940 1759 inﬁrmi-

276 1781 413 1846 tate,
447 1786 636 1846 surget
681 1779 740 1831 in
788 1775 1035 1838 virtute;
1064 1776 1374 1828 seminatur
1418 1787 1620 1842 corpus
1657 1769 1935 1832 animale,

278 1867 466 1929 surget
495 1873 690 1928 corpus
719 1854 1037 1927 spirituale.
1075 1853 1289 1909 Deinde
1320 1859 1383 1907 ut
1415 1852 1522 1906 hoc
1557 1853 1844 1921 probaret,
1875 1851 1938 1906 Si

276 1948 376 2001 est,
410 1939 625 2009 inquit,
673 1953 864 2006 corpus
913 1935 1178 2000 animale,
1211 1938 1287 1989 est
1327 1939 1377 1988 et
1415 1932 1726 2003 spirituale.
1765 1932 1830 1985 Et
1873 1935 1937 1986 ut

274 2018 423 2088 quid
471 2026 623 2074 esset
665 2033 874 2087 corpus
917 2015 1166 2071 animale
1191 2013 1539 2078 ostenderet,
1576 2011 1685 2080 Sic,
1723 2010 1933 2082 inquit,

272 2101 552 2168 scriptum
580 2107 658 2152 est
678 2115 697 2152 :
718 2098 916 2152 Factus
943 2106 1022 2151 est
1045 2094 1263 2165 primus
1294 2092 1450 2146 homo
1481 2091 1542 2145 iu
1570 2092 1818 2145 animam
1848 2089 1934 2144 vi-

270 2189 514 2236 ventem.
547 2181 666 2233 Isto
696 2178 868 2244 igitur
901 2178 1068 2231 modo
1100 2175 1282 2231 voluit
1321 2174 1626 2228 ostendere
1676 2171 1819 2241 quid
1861 2170 1939 2224 sit

268 2275 496 2328 corpus
526 2258 798 2324 animale,
846 2256 1115 2326 quamvis
1144 2254 1448 2323 Scriptura
1480 2267 1594 2305 non
1629 2250 1836 2303 dixerit
1867 2249 1938 2304 de

267 2339 469 2409 primo
488 2338 748 2404 homine,
766 2340 863 2407 qui
881 2343 968 2391 est
987 2334 1315 2407 appellatus
1337 2333 1540 2397 Adam,
1565 2329 1797 2401 quando
1819 2329 1939 2383 illi“

267 2419 480 2474 anima
531 2421 662 2472 natu
715 2417 814 2472 Dei
861 2423 1054 2472 creata
1084 2419 1192 2480 est,
1227 2415 1293 2468 Et
1337 2413 1522 2466 factus
1553 2420 1641 2466 est
1673 2411 1845 2465 homo
1877 2409 1934 2463 in

265 2514 521 2568 corpore
552 2497 832 2563 animali;
863 2498 986 2563 sed,
1021 2499 1214 2551 Factus
1260 2497 1336 2550 est
1384 2493 1540 2548 homo
1587 2490 1650 2546 in
1689 2493 1938 2544 animum

262 2581 554 2635 viventem
604 2581 758 2648 (Gen.
793 2595 854 2643 ll,
876 2578 949 2647 7).
976 2576 1039 2632 In
1071 2593 1138 2632 eo
1169 2591 1303 2646 ergo
1335 2575 1486 2645 quod
1521 2575 1798 2643 scriptum
1828 2574 1937 2635 est,

262 2659 471 2714 Factus
499 2661 578 2712 est
606 2657 822 2722 primus
854 2659 1010 2712 homo
1041 2659 1099 2711 in
1139 2655 1383 2710 animam
1424 2657 1712 2719 viventem,
1754 2652 1937 2706 voluit

262 2737 591 2808 Apostolus
625 2738 866 2808 intelligi
902 2753 1116 2807 corpus
1147 2735 1405 2790 hominis
1443 2734 1711 2788 animale.
1750 2732 1935 2803 Spiri-

263 2820 437 2874 tuale
483 2824 678 2872 autem
731 2818 1227 2889 quemadmodum
1273 2814 1721 2880 intelligendum
1761 2821 1934 2882 esset,

262 2897 536 2954 ostendit
566 2897 853 2964 addendo,
886 2897 1221 2951 Nouissimas
1250 2904 1431 2949 autem
1463 2893 1640 2947 Adam
1669 2892 1728 2947 in
1764 2891 1936 2956 spiri-

257 2991 392 3034 tum
439 2977 846 3048 viviﬁcantem:
880 2977 1082 3049 procul
1131 2976 1308 3030 dubio
1357 2974 1652 3030 Christum
1707 2971 1933 3041 signifi-

265 3077 447 3127 cans,
483 3060 583 3129 qui
625 3059 746 3127 jam
797 3075 866 3114 ex
914 3057 1160 3112 mortuis
1192 3058 1270 3110 ita
1302 3058 1637 3119 resurrexit,
1673 3059 1735 3108 ut
1786 3052 1930 3108 mori

257 3140 525 3196 omnino
557 3139 832 3210 deinceps
876 3157 987 3194 non
1031 3139 1234 3209 possit.
1270 3137 1531 3207 Denique
1580 3135 1848 3206 sequitur
1876 3138 1934 3190 et

254 3221 415 3275 dicit
442 3237 456 3275 :
491 3218 598 3275 Sed
627 3237 734 3274 non
758 3219 1008 3290 primum
1037 3217 1177 3290 quod
1205 3219 1496 3285 spirituale
1526 3221 1626 3279 est,
1657 3216 1747 3270 sed
1791 3215 1932 3285 quod

257 3300 572 3368 animale,-
601 3307 808 3371 postea,
839 3301 1153 3370 spirituale.
1193 3297 1294 3354 Ubi
1330 3296 1505 3351 multo
1538 3296 1796 3366 apertius
1827 3297 1930 3349 de-

259 3382 545 3446 claravit,
581 3398 643 3436 se
675 3381 925 3436 animale
973 3396 1183 3450 corpus
1232 3380 1562 3433 insinuasse
1595 3378 1652 3430 in
1685 3393 1750 3430 eo
1781 3376 1932 3445 quod

259 3465 567 3529 scriptum
597 3467 702 3529 est,
730 3461 940 3517 factum
965 3475 1092 3514 esse
1127 3459 1373 3530 primum
1409 3457 1704 3512 hominem
1729 3455 1786 3508 in
1810 3454 1933 3507 ani-

259 3558 438 3597 mam
490 3542 822 3596 viventem:
858 3539 1162 3612 spirituale
1209 3546 1400 3593 autem
1437 3539 1492 3590 in
1526 3553 1592 3590 eo
1625 3535 1776 3604 quod
1829 3534 1932 3599 ait,

256 3625 622 3680 Novissima:
653 3623 831 3677 Adam
856 3625 915 3676 in
935 3622 1201 3690 spiritum
1230 3618 1626 3687 viviﬁcantem.
1652 3615 1816 3669 Prius
1846 3617 1936 3667 est

256 3705 437 3760 enim
483 3703 736 3758 animale
767 3720 999 3772 corpus,
1033 3700 1204 3774 quale
1244 3700 1445 3754 habuit
1480 3698 1698 3768 primus
1729 3695 1932 3761 Adam,

255 3785 554 3856 quamvis
612 3800 722 3838 non
783 3785 1150 3848 moriturum,
1213 3780 1324 3834 nisi
1381 3784 1714 3849 peccasset;
1763 3774 1936 3846 quale

254 3883 439 3921 nunc
473 3865 761 3920 habemus
792 3869 848 3919 et.
879 3881 1004 3929 nos,
1037 3864 1320 3918 hactenus
1351 3860 1482 3930 eius
1514 3863 1736 3912 mutata
1769 3857 1938 3910 vitia-

252 3952 459 4020 taque
492 3951 725 4011 natura,
757 3955 1046 4017 quatenus
1075 3945 1132 3999 in
1166 3944 1286 4008 illo,
1323 3947 1696 4011 posteaquam
1734 3953 1935 4009 pecca-

251 4031 364 4095 vit,
398 4028 680 4084 etYectum
705 4033 810 4094 est,
838 4028 992 4082 unde
1018 4027 1387 4093 haberetjam
1423 4021 1709 4077 moriendi
1743 4035 1939 4074 neces-

250 4110 514 4165 sitatem
546 4124 560 4175 ;
595 4107 767 4178 quale
800 4125 902 4179 pro
935 4106 1102 4162 nobis
1133 4104 1306 4160 etiam
1348 4103 1617 4159 Christus
1668 4101 1936 4171 primitus

250 4189 491 4246 habere
544 4189 818 4259 dignatus
868 4198 974 4254 est,
1007 4204 1121 4243 non
1162 4185 1399 4256 quidem
1445 4183 1800 4246 necessitate,
1835 4179 1936 4234 sed

252 4275 614 4340 potestate:
654 4275 851 4323 nostea
895 4284 1026 4322 vero
1071 4264 1394 4336 spirituale,
1423 4266 1594 4335 quale
1631 4263 1755 4333 jam
1795 4277 1936 4331 prae-

251 4352 452 4405 cessit
481 4348 546 4403 in
580 4347 806 4403 Christo
837 4354 1112 4418 tanquam
1144 4346 1203 4400 in
1236 4346 1424 4416 capite
1450 4349 1668 4409 nostro,
1693 4346 1937 4396 secutu-

250 4447 393 4485 rum
455 4432 553 4485 est
606 4435 798 4483 autem
834 4430 890 4482 in
926 4428 1202 4482 membris
1234 4429 1358 4497 ejus
1391 4426 1599 4480 ultima
1646 4437 1935 4477 resurrec-

248 4511 426 4566 tione
465 4514 857 4564 mortuorum.

327 4595 388 4647 3.
433 4588 722 4662 Adjungit
769 4587 980 4644 deinde
1028 4585 1341 4658 Apostolus
1387 4587 1633 4642 duorum
1686 4584 1934 4639 istorum

248 4675 594 4730 hominum
655 4669 1152 4726 evidentissimam
1215 4667 1624 4732 differentiam,
1684 4666 1933 4718 dicens:

246 4757 503 4810 Primus
557 4751 715 4807 homo
743 4750 807 4806 de
837 4759 1004 4815 terra,
1037 4755 1328 4812 terrenus;
1357 4746 1622 4802 secundus
1669 4747 1828 4800 homo
1870 4742 1937 4796 de

246 4837 417 4903 coelo,
442 4833 710 4888 caelestis.
746 4830 942 4900 Qualis
964 4840 1232 4893 terrenus,
1257 4831 1394 4884 tales
1416 4833 1467 4882 et
1494 4828 1731 4882 terreni:
1755 4826 1936 4895 qualis

239 4918 529 4983 caelestis,
562 4915 702 4970 tales
733 4918 781 4968 et
805 4913 1061 4968 caelestes.
1097 4911 1160 4966 Et
1189 4909 1450 4981 quomodo
1481 4907 1762 4962 induimus
1796 4909 1934 4961 ima-

311 5237 328 5270 ι
380 5232 562 5285 Editt,
599 5229 793 5279 "vocati
841 5238 980 5280 sunt
1022 5231 1241 5284 sancti;
1300 5235 1350 5282 et
1415 5232 1574 5293 intra,
1627 5244 1879 5292 conrorm
1909 5249 1936 5281 s

238 5297 408 5359 ﬁeri.
444 5297 545 5359 At_
573 5293 842 5359 Msszuon
879 5294 1095 5348 habent,
1124 5296 1322 5354 sancti,
1365 5310 1552 5357 neque,
1587 5298 1748 5359 ﬁeri;
1802 5310 1937 5358 quae

243 5355 436 5409 verba.
471 5357 643 5406 etiam
670 5355 866 5419 absunt
895 5370 927 5405 a
945 5370 1128 5418 graeco
1159 5359 1306 5406 textu
1336 5355 1587 5419 Apostoli.

312 5423 337 5456 ³
376 5419 493 5469 Hic
523 5418 711 5480 incipit
755 5421 915 5482 caput
944 5421 1259 5481 vigesimum
1307 5418 1522 5470 tertium
1579 5421 1635 5468 in
1664 5422 1938 5472 nonnullis

240 5482 680 5544 manuscriptis.
1811 5514 1816 5517 λ

311 5552 335 5584 ³
372 5549 448 5596 In
491 5544 728 5607 quadam
757 5545 1003 5607 editione,
1034 5547 1256 5610 quando
1286 5545 1410 5595 illa.

1485 345 1717 411 LIBER
1760 346 2104 411 DECIMUS
2152 348 2510 414 TERTIUS.

3575 373 3693 439 398

2049 481 2490 576 ginemﬂterreni,
2515 487 2809 576 induamus
2830 498 2878 548 et
2901 496 3193 567 imaginem
3214 503 3328 571 ejus
3356 505 3455 576 qui
3483 506 3548 560 de
3566 510 3698 565 cwlo

2053 569 2128 617 est
2160 566 2200 632 (Ι
2235 566 2361 655 Cor.
2389 583 2479 655 av,
2515 570 2723 655 42-49).
2781 577 2892 630 Hoc
2941 566 3250 648 Apostolus
3280 566 3377 639 ita.
3395 590 3600 655 posuit,
3637 599 3698 646 ut.

2054 661 2208 700 nunc
2267 648 2502 715 quidem
2553 652 2610 705 in
2663 657 2829 708 nobis
2889 662 3210 716 secundum
3263 648 3700 726 Sacramentum

2051 729 2686 819 aegeo-arationisuﬁat,
2732 736 2883 819 sicut
2931 739 3070 795 alibi
3120 743 3276 812 dicit,
3327 747 3589 819 Quotquot
3636 754 3698 806 in

2053 805 2266 899 gh‘risto
2289 809 2558 899 baptizati
2585 816 2732 883 estis,
2771 817 3046 873 Christum
3080 805 3576 894 induistis‘(Ga'lat.
3612 805 3695 899 Ili,

2049 887 2142 956 27)
2165 904 2264 970 :_rc
2293 895 2486 944 autem
2523 893 2645 960 ipsa
2675 905 2810 950 tunc
2844 901 3190 970 perficietur,
3216 922 3346 961 cum
3371 887 3426 962 et
3449 911 3506 964 in
3530 887 3698 968 nobis

2053 967 2204 1035 quod
2231 973 2318 1021 et
2337 970 2587 1050 animale
2614 967 2928 1043 nascendo,
2954 967 3258 1050 spirituale
3282 986 3495 1042 factum
3530 967 3704 1048 fuerit

2054 1049 2435 1141 resurgendo.
2469 1048 2541 1104 Ut
2582 1053 2734 1141 enim
2787 1058 2909 1125 ejus
2952 1048 3153 1115 itidem
3195 1065 3386 1119 verbis
3419 1074 3568 1136 utar,
3601 1072 3706 1141 Spe

2052 1127 2195 1216 salvi
2221 1130 2379 1215 facti
2425 1147 2615 1216 sumus
2654 1136 2835 1216 (Rom.
2871 1155 2991 1206 VIII,
3023 1142 3135 1210 24).
3171 1143 3476 1204 Induimus
3507 1127 3704 1206 anteum

2054 1213 2371 1295 imaginem
2405 1213 2619 1295 terreni
2652 1213 2908 1272 hominis
2933 1223 3344 1292 propagatione
3376 1231 3710 1295 praevarica-

2053 1288 2230 1376 tionis
2264 1293 2321 1340 et
2354 1291 2576 1376 mortis,
2612 1311 2787 1364 quam
2825 1299 2990 1354 nobis
3024 1288 3221 1356 intulit
3246 1288 3543 1375 generatio
3569 1327 3582 1363 :
3607 1312 3705 1367 sed

2055 1365 2354 1458 induimus
2386 1369 2699 1441 imaginem
2733 1377 2984 1434 cmlestis
3017 1365 3278 1440 hominis
3302 1389 3484 1456 gratia
3516 1365 3708 1446 indu];

2054 1450 2261 1543 gentia:
2298 1450 2884 1543 vitaqueoperpetuaf,
2912 1461 3064 1530 quod
3094 1465 3259 1518 nobis
3284 1450 3520 1534 pyraestat
3552 1487 3709 1543 rege-

2055 1531 2299 1606 neratio,
2336 1532 2572 1586 nonnisi
2607 1550 2706 1600 per
2737 1536 3110 1595 Mediatorem
3163 1531 3358 1600 Dei—et
3397 1531 3706 1606 hominqu

2054 1605 2354 1701 hominem
2401 1609 2604 1701 desum
2655 1614 2953 1701 Christum
3000 1623 3045 1691 (Ι
3091 1625 3223 1680 Tim.
3271 1643 3334 1694 ll,
3381 1631 3479 1694 5):
3531 1648 3704 1701 quem

2048 1688 2341 1778 cmlestem
2401 1692 2697 1750 hominem
2756 1700 2878 1754 vult
2934 1688 3195 1774 intelligi,
3241 1688 3377 1778 quia
3421 1688 3500 1765 Ide
3548 1688 3703 1769 .cmlo

2048 1771 2228 1858 venit,
2263 1776 2607 1858 utterrenaa
2661 1779 3034 1836 mortalitatis
3083 1771 3324 1856 corpore
3371 1792 3705 1858 vestiretur,

2051 1851 2206 1939 quod
2241 1851 2458 1939 cmlesti
2492 1853 2930 1939 immortalitate
2970 1851 3226 1922 vestiret.
3261 1867 3537 1926 leestes
3572 1851 3705 1928 vero

2049 1931 2177 2018 ideo
2208 1931 2463 2018 appellat
2491 1940 2548 1987 et
2579 1935 2740 2018 alios,
2768 1940 2905 2009 quia
2939 1942 3083 1996 ﬁunt
3118 1962 3215 2014 per
3243 1951 3485 2018 gratiam
3521 1968 3705 2008 mem-

2051 2008 2156 2102 bra
2185 2010 2328 2078 ejus,
2358 2018 2419 2102 ult
2440 2029 2570 2102 cum
2606 2015 2722 2070 illis
2745 2008 2822 2071 sit
2846 2037 2998 2075 unus
3028 2008 3318 2093 Christus,
3345 2029 3497 2083 velut
3530 2036 3705 2102 caput

2050 2093 2107 2141 et
2137 2104 2349 2175 corpus
2383 2092 2477 2175 (ᾳ).
2514 2093 2628 2148 Hoc
2661 2096 2718 2149 in
2750 2100 2950 2152 eadem
2985 2101 3243 2169 Epistola
3273 2092 3708 2167 evidentiusita

2053 2171 2216 2236 ponit
2240 2184 2252 2221 :
2279 2174 2390 2223 Per
2413 2171 2690 2227 hominem
2723 2193 2890 2243 mors,
2914 2192 2964 2233 et
2993 2197 3092 2246 per
3121 2181 3397 2240 hominem
3428 2205 3707 2246 resurrec—

2050 2247 2125 2298 tio
2155 2252 2525 2304 mortuorum.
2560 2252 2707 2306 Sicut
2737 2255 2886 2309 enim
2919 2257 2976 2312 in
3010 2260 3190 2315 Adam
3221 2278 3405 2319 omnes
3452 2268 3706 2323 moriun-

2049 2331 2161 2416 tur,
2193 2328 2343 2416 sz’ﬁcﬁel
2374 2331 2433 2416 in
2465 2330 2679 2416 Christo
2710 2350 2893 2390 omnes
2925 2340 3347 2407 viviﬁcabuntur
3376 2348 3421 2416 (Ι
3455 2347 3574 2403 Cor.
3606 2365 3700 2416 xv,

2049 2405 2199 2498 2lhet.
2230 2408 2504 2498 22)..J.am
2555 2412 2756 2498 utique
2805 2416 2862 2469 in
2908 2405 3146 2488 corpore
3194 2405 3503 2495 spirituali,
3545 2405 3701 2498 quod

2047 2487 2243 2577 eritnin
2274 2487 2545 2577 spiritum
2597 2487 3025 2551 vivificantem:
3042 2498 3167 2554 Non
3199 2487 3338 2572 quia
3369 2487 3579 2560 omnes
3602 2509 3699 2577 qui

2046 2565 2339 2656 inHAdam
2392 2569 2745 2656 moriuntur,
2803 2577 3067 2633 membra
3123 2565 3296 2636 ero-nt
3343 2585 3556 2640 Christi
3609 2565 3702 2656 (ex

2047 2644 2166 2699 illis
2196 2648 2350 2700 enim
2386 2648 2568 2704 multo
2607 2651 2800 2722 plures
2835 2659 3094 2712 secunda
3118 2663 3171 2715 in
3197 2669 3476 2719 aeternum
3514 2644 3698 2723 morte

2047 2724 2434 2816 plectemur);
2495 2732 2593 2816 sed
2654 2732 2780 2788 ideo
2837 2736 3056 2792 dictum
3117 2747 3225 2807 est,
3277 2758 3461 2798 omnes
3527 2752 3698 2816 atque

2045 2819 2246 2886 omnes.
2297 2808 2431 2876 quia
2481 2811 2633 2864 sicut
2679 2830 2848 2870 nemo
2896 2833 3132 2886 corpore
3179 2823 3419 2877 animali
3466 2808 3697 2883 nisi-in

2044 2885 2226 2970 Adam
2265 2889 2530 2970 moritur,
2563 2891 2642 2945 ita
2673 2909 2843 2948 nemo
2874 2885 3111 2964 corpore
3159 2902 3447 2970 spirituali
3490 2906 3600 2961 nisi
3635 2908 3693 2963 in

2043 2963 2271 3053 Christo
2303 2969 2644 3053 viviticatur.
2683 2972 2926 3030 Proinde
2958 2963 3326 3050 nequaquam
3373 2988 3696 3053 putandum

2043 3049 2309 3132 est,_nos
2358 3046 2415 3102 in
2468 3055 2891 3110 resurrectione
2938 3046 3064 3112 tale
3102 3046 3315 3129 corpus
3371 3046 3694 3132 habituros,

2044 3125 2216 3220 quale
2248 3127 2461 3220 habuit
2485 3131 2656 3188 homo
2689 3137 3093 3220 primusiaute
3145 3125 3465 3211 peccatum.
3505 3125 3700 3220 Neque

2046 3206 2192 3261 illud
2223 3212 2371 3276 quod
2407 3211 2624 3267 dictum
2659 3222 2768 3279 est,
2803 3217 2996 3284 Qualis
3040 3206 3296 3278 terrenus
3346 3228 3482 3282 tales
3511 3234 3561 3282 et
3591 3206 3700 3284 ter-

2042 3286 2205 3377 reni;
2237 3293 2557 3377 secundum
2585 3295 2755 3377 illud
2811 3298 3247 3370 intelligendum
3291 3313 3394 3370 est,
3429 3311 3582 3377 quod
3620 3311 3699 3364 fa-

2044 3370 2202 3418 ctum
2237 3373 2326 3422 est
2355 3369 2712 3427 admissione
2750 3379 2990 3444 peccati.
3023 3380 3145 3435 Non
3179 3384 3333 3438 enim
3365 3369 3697 3443 existimau-

2046 3445 2185 3498 dum
2237 3453 2524 3535 esu-eum
2578 3455 2739 3521 prius
2790 3472 2967 3524 quam
3021 3471 3335 3526 peccasset,
3390 3467 3696 3535 spirituale

2046 3539 2254 3591 corpus
2287 3525 2581 3592 habuisse,
2615 3544 2664 3582 et
2701 3535 2914 3600 peccati
2953 3525 3158 3592 merito
3190 3540 3246 3592 in
3281 3525 3532 3596 animale
3565 3562 3694 3599 mu-

2047 3607 2250 3684 tatum.
2286 3603 2357 3658 Ut
2405 3609 2558 3661 enim
2614 3608 2724 3664 hoc
2774 3618 3022 3679 putetur.
3058 3635 3260 3684 parum
3307 3624 3694 3680 attenduntur

2046 3683 2191 3774 tanti
2225 3687 2397 3774 verba
2427 3689 2698 3774 doctoris,
2732 3693 2822 3760 qui
2858 3696 2959 3762 ait,
2993 3683 3158 3752 Siiest
3191 3715 3386 3770 corpus
3423 3705 3690 3774 animale,

2045 3769 2124 3851 est
2158 3774 2206 3818 et
2233 3764 2562 3851 spirituale;
2583 3769 2724 3824 sicut
2752 3776 3014 3840 scriptum
3043 3785 3141 3836 est.
3166 3764 3354 3834 Factus
3377 3792 3454 3836 est
3483 3764 3695 3851 primus

2045 3845 2205 3899 homo
2239 3847 2424 3931 Adam
2439 3849 2498 3901 in
2520 3853 2766 3905 animam
2799 3855 3084 3911 viventem.
3106 3858 3398 3928 Numquid
3425 3845 3533 3919 hoc
3568 3871 3697 3931 post

2048 3930 2348 4014 peccatum
2373 3927 2758 4014 factum-est,
2791 3950 2922 3989 cum
2956 3939 3034 3992 sit
3064 3939 3176 3993 ista
3219 3927 3467 3998 hominis
3513 3927 3698 4014 prima

2048 4007 2322 4092 conditio,
2355 4009 2426 4062 de
2456 4027 2572 4079 qua
2622 4011 2992 4072 beatissimus
3040 4021 3349 4086 Apostolus
3381 4025 3450 4078 ad
3486 4007 3696 4092 corpus

2047 4088 2300 4143 animale
2320 4093 2802 4223 gnoustrandum,
2836 4095 2940 4152 hoc
2975 4101 3370 4157 testimonium
3405 4104 3568 4177 Legis
3592 4088 3697 4162 Ias-

2047 4169 2302 4223 sumpsit

2047 4175 2302 4240 sumpsit

2047 4326 2274 4412 CAPUT
2306 4330 2498 4412 XXlV.
2529 4363 2598 4374 -—
2634 4334 2889 4402 Quali/er
2918 4341 3246 4412 accipienda
3275 4348 3348 4400 sit
3375 4347 3455 4401 vel
3478 4348 3576 4402 illa
3608 4351 3700 4404 in-

2116 4411 2384 4500 su/ﬂatio,
2419 4411 2475 4465 in
2508 4429 2614 4483 qua
2662 4418 2888 4500 primus
2940 4411 3112 4478 homo
3149 4426 3330 4481 factus
3359 4434 3449 4482 est
3481 4429 3535 4482 in
3569 4429 3699 4483 ani-

2123 4504 2276 4542 mum
2308 4498 2638 4581 viventem}
2671 4499 2756 4552 vel
2800 4498 2907 4554 illa
2938 4519 3104 4572 quam
3139 4507 3400 4564 Dominus
3428 4517 3582 4581 fecit,
3614 4512 3700 4568 di-

2114 4584 2260 4635 cens,
2292 4574 2548 4643 Accipite
2585 4576 2864 4648 Spiritum
2900 4591 3190 4642 sanctum.

2083 4704 2167 4795 '1.
2203 4706 2370 4795 Unde
2400 4712 2457 4795 et
2497 4709 2643 4765 illud
2693 4729 2895 4795 parum
2943 4719 3306 4774 considerate
3335 4724 3690 4791 quibusdam

2043 4787 2234 4868 visum
2281 4792 2387 4854 cst,
2435 4787 2496 4844 in
2547 4808 2612 4846 eo
2663 4795 2817 4862 quod
2867 4794 3092 4863 legitur,
3124 4787 3424 4868 Inspiraiu't
3457 4803 3594 4857 Deus
3632 4806 3694 4859 in

2041 4865 2245 4930 faciem
2277 4868 2398 4936 ejus
2428 4871 2687 4937 spiritum
2721 4872 2867 4935 vitae,
2900 4878 2950 4927 et
2980 4876 3160 4942 factus
3189 4865 3267 4932 est
3297 4878 3452 4936 homo
3479 4881 3538 4936 in
3568 4883 3694 4938 ani-

2043 4961 2190 5001 mam
2224 4947 2493 5002 viventem
2529 4949 2683 5018 (Gen.
2713 4966 2771 5018 It,
2803 4951 2877 5020 7),
2904 4970 3016 5009 non
3048 4959 3188 5012 tunc
3219 4958 3474 5016 animam
3508 4963 3694 5033 primo

2105 5229 2295 5310 (alita
2309 5231 2492 5310 visum
2520 5236 2600 5310 est
2629 5233 2858 5310 Origeni2
2888 5241 3024 5310 libro
3060 5243 3082 5291 1
3148 5245 3537 5310 periArchdn,
3575 5261 3691 5310 cap.

2041 5290 2488 5372 Ejgot‘tulliano‘,
2533 5297 2668 5371 libro
2711 5290 2775 5349 de
2826 5290 3352 5372 [iaptjsmo_.q_cap.v5u;
3385 5290 3687 5372 'cipiiaﬁs;

2043 5355 2277 5416 Epistola
2304 5358 2721 5428 adlubaiauum
2753 5380 2778 5428 ςί
2823 5355 3040 5428 Cyrillo,
3084 5355 3226 5418 libro
3266 5355 3404 5419 nono
3445 5355 3694 5422 mssa:

2044 5430 2325 5494 nem,‘cap‘.
2361 5419 2470 5494 475.
2508 5423 2718 5494 Basilio2
2758 5419 3133 5494 'inl’salm'um
3162 5434 3222 5479 48
3254 5447 3266 5491 ;
3303 5419 3694 5494 Ambrosio,ﬁli-

2043 5479 2138 5550 hro
2183 5481 2247 5550 de
2278 5479 2534 5550 Paradiso
2565 5487 2908 5550 ;7philastrio.
2952 5495 3004 5541 et
3053 5494 3188 5542 aliis.
3222 5479 3601 5547 (inutili—bi?"
3629 5479 3704 5550 de

2046 5541 2234 5594 Genesi
2261 5548 2447 5596 contra
2472 5541 2718 5610 Manilia,
2749 5567 2840 5603 nn.
2877 5541 2950 5611 1⁷0,
2985 5552 3060 5604 11.
