4138 6192
427 303 545 363 399

427 431 655 493 homini
697 432 915 494 datam,
949 426 1046 481 sed
1097 440 1223 480 eam
1274 439 1400 494 quae
1444 424 1566 492 jam
1613 422 1825 487 inerat,
1859 419 2078 490 Spiritu

427 520 629 574 sancto
658 511 1021 566 viviticalam.
1055 505 1246 560 Movet
1271 503 1426 558 enim
1459 519 1579 564 eos.
1608 503 1760 573 quod
1797 501 2077 556 Dominus

424 598 597 654 Jesus
629 597 1006 664 posteaquam
1039 583 1408 639 resurrexita
1430 583 1696 647 mortuis,
1728 579 2073 643 insutﬂavit,

426 662 973 740 dicensﬁdiscipulis
1021 666 1166 730 suis,
1211 664 1452 734 Accipite
1501 662 1776 728 Spiritum
1821 669 2073 715 sanctum

426 759 602 828 (Joan.
636 768 732 818 xx,
753 751 864 815 22).
890 745 1053 802 Unde
1082 744 1196 800 tale
1225 743 1437 828 aliquid
1469 743 1802 828 esislimant
1831 742 2070 828 factum,

429 820 601 910 quale
627 839 766 888 tunc
796 831 1013 910 factum
1034 833 1163 910 est;
1195 823 1449 910 quasiet
1479 823 1572 910 hic
1617 827 1851 910 secutus
1892 820 2073 874 Evan-

428 902 637 990 gelista
665 910 895 976 dixerit,
931 904 1165 990 _Et_iacti
1196 909 1337 960 sunt
1378 905 1458 990 in_
1478 902 2075 990 animata-viventem.

427 980 586 1064 Quod
621 990 861 1063 quidem
895 987 945 1043 si
978 986 1200 1040 dictum
1246 992 1412 1064 esset,
1445 982 1554 1038 hoc
1593 980 2074 1064 intelligeremus,

423 1058 576 1144 quod
609 1058 934 1126 animarum
967 1064 1224 1144 quaedam
1258 1061 1376 1117 vita
1407 1061 1484 1116 sit
1511 1061 1762 1144 Spiritus
1795 1058 1916 1144 Dei,
1951 1058 2078 1112 sine

423 1139 533 1226 quo
587 1151 801 1208 anima:
859 1143 1172 1201 rationales
1230 1147 1470 1198 mortuas
1520 1139 1869 1211 deputandis
1917 1141 2076 1203 sunt,

422 1219 686 1304 quamvis
717 1244 919 1285 earum
944 1223 1253 1297 prasentia
1283 1223 1472 1278 vivere
1493 1237 1733 1292 corpora
1752 1219 2075 1274 videantur.

422 1299 533 1373 Sed
586 1330 702 1370 non
746 1310 830 1365 ita
874 1310 1112 1375 factum,
1143 1305 1375 1376 quando
1423 1308 1512 1359 est
1560 1301 1831 1358 conditus
1883 1299 2074 1367 homo,

423 1396 569 1452 satis
604 1395 726 1464 ipsa
758 1388 889 1444 libri
921 1388 1093 1442 verba
1118 1390 1431 1448 testantur,
1457 1400 1584 1454 quae
1604 1382 1696 1464 ita
1727 1396 1788 1436 se
1819 1379 2074 1464 habent;

421 1478 497 1533 Et
525 1457 783 1544 formavit
817 1476 959 1526 Deus
990 1466 1264 1521 hominem
1281 1464 1562 1535 pulverem
1582 1461 1646 1518 de
1667 1462 1889 1544 terraf.
1916 1457 2077 1544 Quod

423 1539 659 1627 quidam
695 1549 924 1622 planius
957 1545 1457 1627 interpretandum
1481 1547 1756 1627 putantes
1789 1539 2078 1627 dixerunt,

427 1620 489 1692 Et
522 1620 862 1704 ﬁnxit'Deus
893 1627 1169 1682 hominem
1198 1625 1264 1679 de
1298 1625 1430 1678 limo
1459 1628 1645 1677 terrae.
1681 1620 1962 1685 Quoniam
1990 1633 2084 1672 su-

426 1700 622 1788 perius
645 1713 865 1767 dictum
891 1710 1094 1771 fuerat,
1119 1707 1254 1760 Fons
1275 1707 1458 1758 autem
1482 1703 1801 1757 ascendebat
1821 1700 1885 1754 de
1907 1706 2079 1760 terra,

423 1781 473 1852 et
503 1794 775 1862 irrigabat
805 1804 1020 1844 omnem
1038 1785 1246 1860 faciem
1273 1791 1436 1838 terra
1460 1784 1610 1852 (Gen.
1635 1799 1695 1845 η,
1717 1782 1773 1846 7,
1795 1781 1849 1851 6)
1874 1795 1886 1834 :
2014 1795 2082 1832 ex

422 1878 533 1934 hoc
566 1859 745 1930 limus
783 1859 1196 1937 intelligendus
1229 1867 1544 1932 videretur,
1578 1863 1823 1917 humore
1865 1859 2085 1914 scilicet

421 1964 686 2023 terraque
716 1957 1041 2007 concretus.
1075 1947 1181 2002 Ubi
1213 1950 1370 2001 enim
1403 1945 1511 1998 hoc
1541 1944 1766 1998 dictum
1802 1951 1908 2004 est,
1943 1956 2081 1994 con-

423 2040 589 2095 tinuo
621 2033 904 2105 sequitur,
934 2031 996 2084 Et
1029 2029 1286 2099 formavit
1321 2032 1462 2080 Deus
1492 2026 1770 2080 hominem
1805 2023 2085 2105 pulverem

426 2120 491 2174 de
519 2101 886 2172 terrasicut
917 2109 1083 2175 graeci
1115 2107 1346 2164 codices
1390 2107 1632 2169 habent,
1667 2105 1822 2158 unde
1862 2103 1919 2156 in
1955 2101 2085 2154 lati-

429 2214 566 2254 nam
611 2195 870 2264 linguam
920 2189 1223 2258 Scriptura
1250 2188 1367 2242 ista
1398 2201 1673 2241 conversa
1705 2189 1794 2238 est
1825 2185 1928 2253 (α).
1960 2181 2086 2264 Sive

429 2283 620 2334 autem
640 2261 925 2344 formavit,
950 2270 1070 2324 sive
1085 2269 1271 2339 ﬁnxit,
1288 2267 1420 2338 quis
1443 2267 1632 2320 dicere
1649 2264 1912 2331 voluerit,
1931 2261 2085 2333 quod

431 2374 614 2432 graece
640 2341 858 2408 dicitur
886 2346 1135 2432 ἔπλαςξεν,
1157 2349 1382 2432 ad_rem
1418 2345 1563 2401 nihil
1591 2347 1864 2400 interest:
1900 2341 2088 2412 magis

435 2424 628 2494 tamen
679 2432 911 2506 proprie
952 2429 1187 2495 dicitur,
1219 2427 1404 2498 ﬁnxit.
1438 2427 1549 2482 Sed
1582 2425 1934 2506 ambiguitas
1967 2424 2090 2477 visa

440 2524 528 2576 est
558 2505 861 2572 devitanda
893 2512 997 2572 eis.
1033 2509 1134 2581 qui
1175 2509 1443 2579 fumavit
1496 2508 1686 2562 dicere
1736 2505 2087 2568 maluerunt,

441 2616 506 2656 eo
539 2595 696 2669 quod
727 2595 786 2649 in
815 2593 996 2648 latina
1026 2591 1228 2662 lingua
1258 2588 1399 2643 illud
1435 2589 1623 2669 magis
1653 2583 1908 2669 obtinuit
1950 2599 2090 2638 con-

440 2665 709 2741 suetudo,
743 2680 809 2729 ut
841 2673 898 2727 hi
930 2673 1202 2728 dicantur
1246 2669 1479 2738 tingere,
1510 2667 1609 2738 qui
1651 2665 1871 2737 aliquid
1921 2679 2090 2718 men-

439 2757 604 2812 dacio
645 2753 962 2810 simulante
1010 2757 1368 2820 componunt
1397 2749 1438 2805 ².
1471 2747 1636 2801 Hunc
1666 2745 1848 2816 igitur
1878 2744 2091 2798 forma-

436 2841 562 2892 tum
613 2834 904 2890 hominem
948 2833 1018 2886 de
1064 2837 1227 2886 terra;
1275 2827 1530 2900 pulvere,
1576 2827 1696 2881 sive
1753 2825 1893 2880 limo
1943 2826 2090 2894 (erat

435 2916 590 2972 enim
626 2913 818 2985 pulvis
849 2911 1220 2981 humectus);
1250 2909 1429 2974 hunc,
1465 2909 1731 2978 inquam,
1765 2909 1830 2960 ut
1858 2920 2085 2985 expres-

437 2998 562 3052 sius
590 2982 804 3060 dicam,
837 2993 991 3048 sicut
1024 2992 1320 3060 Scriptura
1351 2989 1535 3044 locuta
1575 2992 1682 3054 est,
1712 2985 1990 3055 pulverem
2022 2982 2089 3038 de

436 3088 602 3146 terra,
627 3075 880 3132 animale
909 3091 1123 3145 corpus
1156 3076 1369 3127 factum
1403 3087 1533 3126 esse
1563 3071 1726 3124 docet
1755 3066 2085 3137 Apostolus,

438 3176 572 3216 cum
604 3159 861 3213 animam
898 3157 1134 3224 accepit.
1157 3155 1216 3207 Et
1236 3154 1415 3222 factus
1435 3155 1514 3206 est
1547 3152 1654 3204 iste
1685 3151 1842 3203 homo
1875 3147 1936 3201 in
1965 3147 2091 3201 ani-

436 3258 584 3296 mam
617 3241 924 3295 viventem:
955 3235 1013 3290 id
1061 3239 1166 3300 est,
1197 3233 1480 3288 formatus
1524 3229 1632 3285 iste
1679 3228 1862 3299 pulvis
1903 3229 2089 3283 factus

440 3328 525 3379 est
556 3323 614 3377 in
647 3321 906 3376 animam
940 3316 1247 3371 viventem.

507 3409 560 3460 2.
592 3405 749 3470 Jam,
771 3401 1069 3472 inquiunt,
1095 3397 1344 3452 habebat
1374 3395 1652 3462 animam,
1680 3393 1937 3464 alioquin
1976 3409 2091 3448 non

441 3486 832 3559 appellaretur
864 3483 1036 3536 homo
1059 3495 1070 3534 :
1097 3479 1373 3550 quoniam
1409 3478 1579 3532 homo
1614 3493 1725 3559 non
1760 3481 1850 3530 est
1879 3489 2094 3559 corpus

440 3558 656 3635 selum,
689 3564 776 3620 vel
822 3562 1019 3618 anima
1067 3562 1211 3628 sola,
1245 3559 1341 3614 sed
1387 3559 1487 3630 qui
1520 3573 1587 3613 ex
1619 3558 1816 3613 anima
1867 3558 2097 3611 constat

443 3653 499 3704 et
528 3662 786 3719 corpore.
815 3644 931 3699 Hoc
963 3643 1198 3714 quidem
1234 3657 1430 3696 verum
1463 3639 1751 3710 esl,,quod
1787 3654 1898 3693 non
1933 3641 2093 3691 totus

440 3729 634 3795 homo,
683 3727 783 3781 sed
832 3741 965 3794 pars
1022 3723 1230 3778 melior
1277 3720 1532 3775 hominis
1575 3720 1774 3773 anima
1821 3723 1945 3782 est;
1991 3731 2096 3771 nec

440 3814 596 3865 totus
631 3808 802 3862 homo
835 3821 1068 3875 corpus,
1104 3804 1203 3859 sed
1237 3802 1476 3856 inferior
1508 3800 1765 3854 hominis
1802 3815 1933 3867 pars
1964 3801 2092 3850 est:

439 3891 540 3945 sed
587 3904 716 3943 cum
760 3893 850 3941 est
900 3891 1211 3953 utrumque
1260 3883 1640 3950 conjunctum
1695 3879 1890 3941 simul,
1925 3877 2098 3928 habet

439 3970 700 4025 hominis
734 3982 986 4030 nomen;
1017 3965 1170 4033 quod
1208 3967 1402 4015 tamen
1436 3973 1484 4014 et
1519 3958 1748 4029 singula
1782 3971 1894 4010 non
1928 3955 2098 4033 amil-

441 4055 591 4113 tunt,
624 4046 799 4101 etiam
849 4058 982 4097 cum
1017 4032 1087 4094 de
1120 4039 1370 4110 singulis
1420 4039 1735 4107 loquimur.
1771 4033 1909 4097 Quis
1939 4032 2094 4086 enim

445 4130 636 4182 dicere
662 4123 999 4196 prohibetur
1018 4119 1342 4190 quotidiani
1365 4118 1616 4196 quadam
1640 4116 1761 4182 lege
1783 4113 2093 4196 sermonis,

444 4210 630 4260 Homo
662 4189 757 4256 ille
791 4189 1102 4255 defunctus
1151 4202 1262 4262 est,
1294 4200 1350 4249 et
1381 4210 1535 4248 nunc
1565 4193 1624 4246 in
1663 4192 1860 4261 requie
1890 4195 1980 4244 est
2007 4189 2096 4245 vel

441 4282 500 4335 in
549 4281 773 4350 poenis;
817 4293 952 4335 eum
984 4278 1055 4332 de
1086 4275 1285 4330 anima
1327 4273 1450 4329 sola
1483 4272 1662 4344 possit
1693 4271 1801 4324 hoc
1832 4269 1945 4324 dici
1973 4287 1986 4324 :
2019 4275 2096 4326 et.

451 4349 561 4415 Illo
591 4363 693 4414 aut
721 4358 822 4412 illo
863 4357 989 4411 loco
1039 4355 1214 4409 homo
1245 4353 1343 4408 ille
1375 4353 1636 4423 sepultus
1666 4354 1791 4417 est;
1825 4365 1957 4404 cum
1990 4349 2098 4406 hoc

440 4440 554 4495 nisi
587 4438 658 4492 de
686 4435 808 4492 solo
835 4450 1076 4504 corpore
1110 4449 1224 4489 non
1258 4431 1446 4504 possit
1477 4429 1867 4501 intelligi?An
1892 4429 2099 4487 dicturi

508 4738 522 4771 ι
557 4729 858 4783 Ludovicus
888 4727 1049 4779 Vives
1084 4740 1094 4776 :
1145 4723 1520 4789 Septuaginta,
1540 4722 1616 4770 sic
1666 4722 1960 4789 verterunt.
1992 4719 2106 4789 Kai

437 4799 738 4862 ep!asen_o
792 4795 960 4862 Theo:
992 4801 1084 4862 89η
1117 4783 1447 4862 αηςλνῡρὸη.
1469 4785 1650 4862 σΙιοτωξ
1678 4783 1982 4862 labdnjapo
2029 4786 2106 4831 tes

448 4846 605 4925 ééss
648 4859 720 4908 Et
741 4859 939 4925 _ﬁnx_'it
991 4857 1136 4925 Deus
1189 4846 1488 4925 hominem,
1520 4846 1780 4925 ‘pulvejre
1836 4846 1898 4893 dc
1956 4854 2108 4894 terra

447 4910 688 4984 Empta.
737 4910 984 4984 Suspicor
1019 4920 1143 4984 _hoc
1175 4913 1482 4984 Augustini
1520 4912 1636 4984 loco
1698 4910 1878 4958 deesse
1906 4922 2106 4984 iunum

768 4970 857 5034 ut‘
885 4985 969 5037 sit.
1008 4979 1206 5029 Finxit
1235 4970 1430 5043 ADcus
1454 4976 1769 5043 hominem...
1812 4970 2105 5043 pulverem

448 5035 674 5110 capiens
704 5035 798 5093 'de
847 5035 1042 5110 terra;
1090 5045 1186 5090 aut
1230 5041 1288 5110 in
1347 5039 1638 5110 abblativo.
1697 5035 1910 5110 ‘Finafit.
1961 5035 2108 5110 Deus

447 5097 745 5168 hominem,
772 5097 1205 5170 pulveife'capto
1235 5104 1294 5170 de
1331 5111 1483 5170 te_rra
1539 5098 1915 5170 Namkaurin‘i
1945 5097 2110 5170 codex

444 5176 621 5232 habet,
666 5161 920 5232 put-vere.
969 5161 1199 5232 Tametsi
1250 5165 1306 5232 in
1358 5165 1536 5232 Targo
1571 5163 1834 5210 Chaldaeo
1894 5161 2105 5222 legitur,

449 5227 687 5285 Creavit-
703 5234 854 5280 Deus
885 5229 1156 5278 hominem
1184 5227 1472 5290 pulverem
1503 5227 1566 5272 de
1600 5234 1770 5273 terra.

507 5299 529 5332 ²
561 5299 776 5359 Aliquot
802 5292 1270 5359 Mssqusimulant
1287 5298 1345 5359 et_
1365 5295 1719 5359 componunt.

506 5362 578 5423 (α)
631 5347 873 5408 Ostendit
903 5356 1032 5423 olim
1060 5367 1201 5423 usas,
1234 5351 1490 5423 Ecclesiae
1537 5349 1975 5423 interpretatione
2007 5347 2105 5423 .la-

445 5412 652 5472 tina'ex
683 5434 869 5482 graeco
899 5417 1262 5482 Septuaginta,
1311 5415 1398 5462 cui
1447 5416 1629 5477 postea
1662 5412 1917 5464 successit
1943 5412 2107 5462 inter-

445 5486 674 5550 pretatio
685 5478 1016 5549 'Hieronymi
1045 5493 1112 5530 ex
1145 5478 1389 5528 hebraeo.

1483 290 1583 352 DE
1626 287 1994 352 CIVITATE
2038 283 2192 359 DEI,
2240 287 2305 348 S.
2353 287 2774 351 AUGUSTINI

3724 288 3840 365 too

2191 427 2347 486 sunt,
2400 422 2485 476 sic
2527 421 2685 492 loqui
2734 421 3096 492 Scripturam
3141 436 3258 475 non
3307 418 3493 475 solere
3538 420 3846 478 divinam?

2193 499 2314 555 Imo
2345 516 2478 555 vero
2510 501 2611 555 illa
2649 501 2726 556 ita
2759 502 2926 557 nobis
2957 501 3016 555 in
3049 501 3158 555 hoc
3202 505 3531 572 attestatur,
3565 507 3629 557 ut
3669 505 3842 559 etiam

2190 595 2322 636 cum
2356 579 2473 636 duo
2505 581 2620 638 ista
2649 584 2960 650 conjunc:a
2990 585 3130 637 sunt
3159 585 3217 636 et
3247 580 3388 636 vivit
3415 580 3612 643 homo.
3645 587 3844 638 tamen

2186 661 2364 714 etiam
2398 661 2625 731 singula
2656 662 2910 718 hominis
2942 659 3224 716 vocabulo
3265 661 3552 732 appellet;
3587 663 3845 719 animam

2187 740 2412 796 scilicet
2457 742 2788 798 interiorem
2837 741 3158 806 hominem,
3191 757 3401 812 corpus
3432 758 3563 798 vero
3597 745 3845 799 exterio-

2188 837 2310 876 rem
2344 820 2642 877 hominem
2675 839 2886 878 vocans
2918 823 2992 894 (II
3019 822 3140 878 Cor.
3167 837 3241 890 ιν,
3275 822 3384 891 16),
3411 830 3689 894 tanquam
3725 825 3843 879 duo

2189 902 2310 956 sint
2342 901 2631 969 homines,
2655 919 2790 959 cum
2823 903 3000 958 simul
3031 907 3346 974 utrumque
3369 905 3444 958 sit
3468 905 3638 960 homo
3664 921 3843 960 unus.

2191 981 2302 1036 Sed
2359 981 2804 1054 intelligendum
2865 989 2974 1050 est,
3035 983 3359 1039 secundum
3417 985 3556 1055 quid
3617 985 3848 1040 dicatur

2190 1061 2365 1117 homo
2397 1064 2468 1118 ad
2500 1063 2818 1136 imaginem
2851 1064 2972 1132 Dei,
2996 1071 3048 1119 et
3073 1064 3244 1120 homo
3267 1069 3418 1120 terra
3449 1070 3620 1135 atque
3652 1066 3846 1122 iturus

2190 1141 2250 1198 in
2295 1147 2528 1199 terram.
2569 1145 2714 1201 Illud
2764 1145 2920 1201 enim
2953 1145 3270 1201 secundum
3318 1147 3564 1200 animam
3594 1145 3849 1201 rationa-

2191 1223 2303 1278 lem
2328 1224 2560 1294 dicitur,
2593 1224 2822 1296 qualem
2867 1230 3014 1281 Deus
3055 1224 3431 1294 insuiﬂando,
3465 1225 3572 1292 vel,
3605 1227 3655 1282 si
3687 1242 3848 1283 com-

2193 1303 2427 1360 modius
2476 1305 2708 1373 dicitur,
2745 1306 3086 1377 inspirando
3117 1304 3332 1360 indidit
3373 1305 3614 1376 homini,
3649 1307 3704 1362 id
3757 1309 3844 1362 est

2191 1384 2448 1441 hominis
2502 1387 2767 1458 corpori:
2815 1391 2923 1442 hoc
2982 1391 3176 1442 autem
3222 1388 3549 1442 secundum
3609 1403 3846 1458 corpus,

2192 1464 2422 1535 qualem
2471 1466 2765 1522 hominem
2806 1467 2962 1523 Deus
3003 1466 3166 1522 ﬁnxit
3194 1483 3262 1522 ex
3291 1467 3548 1538 pulvere,
3582 1467 3673 1523 cui
3705 1469 3846 1524 data

2190 1551 2279 1639 est
2323 1546 2538 1639 anima,
2581 1552 2647 1639 ut
2695 1549 2858 1604 ﬂeret
2900 1565 3112 1620 corpus
3153 1540 3428 1615 animale,
3458 1549 3515 1604 id
3547 1554 3635 1605 est
3675 1548 3844 1605 homo

2188 1629 2248 1681 in
2282 1629 2538 1684 animam
2569 1630 2874 1686 viventem.

2265 1709 2320 1762 3.
2364 1707 2723 1781 Quapropter
2752 1711 2807 1764 in
2843 1726 2908 1764 eo
2941 1709 3089 1779 quod
3121 1709 3402 1765 Dominus
3435 1709 3588 1777 fecit,
3610 1711 3846 1782 quando

2193 1789 2516 1844 insufﬂavit
2547 1791 2764 1856 dicens,
2798 1791 3037 1862 Accipite
3065 1790 3334 1860 Spiritum
3375 1794 3647 1859 sanctum,
3677 1791 3851 1847 nimi-

2196 1886 2321 1924 rum
2358 1869 2466 1925 hoc
2496 1871 2737 1943 intelligi
2773 1872 2970 1937 voluit,
3001 1873 3150 1942 quod
3177 1871 3426 1942 Spiritus
3459 1877 3696 1927 sanctus
3730 1888 3847 1926 non

2194 1955 2423 2004 tantum
2476 1951 2552 2006 sit
2600 1953 2815 2020 Patris,
2847 1969 3045 2007 verum
3095 1952 3271 2008 etiam
3322 1950 3618 2024 Unigeniti
3657 1952 3848 2023 ipsius

2198 2032 2473 2103 Spiritus.
2511 2033 2661 2088 idem
2710 2033 2832 2106 ipse
2880 2034 3094 2104 quippe
3144 2033 3394 2103 Spiritus
3439 2039 3528 2087 est
3570 2043 3626 2088 et
3658 2033 3850 2089 Patris

2199 2117 2253 2166 et
2287 2111 2433 2178 Filii,
2455 2128 2582 2168 cum
2616 2130 2728 2184 quo
2762 2120 2849 2168 est
2876 2113 3132 2168 Trinitas
3150 2113 3312 2167 Pater
3343 2123 3392 2167 et
3420 2113 3598 2168 Filius
3629 2119 3685 2168 et
3718 2113 3855 2185 Spi-

2201 2194 2347 2249 ritus
2403 2199 2665 2262 sanctus,
2711 2211 2824 2249 non
2883 2200 3168 2257 creatura,
3210 2193 3311 2248 sed
3353 2196 3598 2248 Creator.
3642 2193 3846 2265 Neque

2201 2275 2352 2332 enim
2391 2277 2560 2332 ﬂatus
2594 2275 2690 2330 ille
2720 2291 3028 2346 corporeus
3064 2275 3134 2330 de
3164 2273 3359 2330 carnis
3389 2290 3486 2330 ore
3528 2275 3852 2346 procedens

2201 2359 2534 2415 substantia
2573 2361 2696 2412 erat
2736 2355 2984 2427 Spiritus
3027 2354 3212 2410 sancti
3263 2363 3436 2426 atque
3485 2361 3714 2420 natura,
3747 2355 3850 2411 sed

2202 2445 2391 2514 potius
2422 2441 2792 2513 signiﬁcatio,
2827 2453 2938 2510 qua
2969 2437 3444 2509 intelligeremus,
3480 2447 3539 2492 ut
3569 2439 3851 2510 dixi,Spi-

2203 2525 2379 2580 ritum
2427 2532 2693 2580 sanctum
2745 2520 2895 2576 Patri
2954 2536 3082 2576 esse
3130 2519 3392 2592 Filioque
3435 2536 3850 2576 communem:

2202 2609 2340 2678 quia
2372 2622 2485 2660 non
2518 2608 2658 2659 sunt
2682 2603 2764 2657 eis
2790 2600 3038 2673 singulis
3069 2599 3306 2670 singuli,
3338 2601 3436 2656 sed
3467 2617 3619 2658 unus
3651 2603 3856 2657 ambo-

2202 2701 2329 2740 rum
2363 2690 2466 2740 est.
2498 2689 2737 2754 Semper
2775 2691 2966 2737 autem
3013 2683 3121 2736 iste
3167 2679 3419 2751 Spiritus
3449 2681 3508 2735 in
3541 2681 3854 2752 Scripturis

2203 2765 2423 2821 sanctis
2473 2780 2659 2836 graeco
2707 2761 2987 2818 vocabulo
3027 2762 3241 2832 πνεῦμα
3271 2760 3502 2829 dicitur,
3537 2764 3690 2816 sient
3721 2777 3854 2817 eum

2202 2851 2259 2902 et
2289 2846 2395 2900 hoc
2427 2845 2547 2899 loco
2578 2842 2864 2898 Dominus
2913 2839 3245 2912 appellavit,
3280 2840 3512 2911 quando
3553 2855 3689 2895 eum
3738 2857 3862 2897 cor-

2203 2925 2416 2999 poralis
2471 2925 2558 2979 sui
2605 2924 2720 2978 oris
2764 2923 2902 2977 ﬂatu
2963 2921 3320 2992 signiﬁcans,
3368 2919 3674 2991 discipulis
3734 2921 3860 2976 suis

2201 3007 2393 3062 dedit:
2419 3010 2474 3060 et
2501 3004 2640 3059 locis
2673 3003 2950 3059 omnibus
2980 3002 3312 3056 divinorum
3341 2999 3706 3071 eloquiorum
3745 3018 3861 3057 non

2203 3088 2346 3142 mihi
2380 3087 2544 3140 aliter
2575 3100 2833 3154 unquam
2870 3087 3234 3150 nuncupatus
3265 3080 3532 3135 occurrit.
3568 3079 3672 3136 Hic
3701 3097 3857 3147 vero,

2203 3169 2301 3223 ubi
2359 3167 2591 3239 legitur,
2626 3168 2687 3220 Et
2739 3165 2908 3236 ﬁnxit
2951 3165 3090 3219 Deus
3139 3161 3415 3217 hominem
3462 3162 3744 3232 pulverem
3792 3161 3860 3218 de

2201 3257 2368 3314 terra,
2401 3250 2452 3300 et
2499 3246 2829 3314 insufﬂauit,
2866 3243 2985 3297 sive
3029 3241 3326 3312 inspiravit
3384 3241 3444 3294 in
3485 3240 3694 3312 faciem
3741 3241 3863 3311 ejus

2201 3329 2462 3399 spiritum
2502 3328 2665 3387 vitm;
2701 3341 2813 3378 non
2857 3323 2938 3378 ait
2976 3338 3202 3394 graecus
3242 3322 3478 3392 πνεῦμα,
3516 3321 3667 3391 quod
3713 3323 3864 3377 solet

2204 3411 2314 3464 dici
2359 3407 2611 3478 Spiritus
2653 3409 2919 3470 sanctus,
2958 3404 3059 3458 sed
3108 3401 3324 3470 πνοήνε
3361 3401 3509 3472 quod
3551 3416 3758 3458 nomen
3795 3401 3859 3457 in

2205 3495 2474 3546 creatura
2531 3502 2708 3558 quam
2758 3485 2818 3539 in
2871 3485 3137 3539 Creatore
3195 3482 3558 3552 frequentius
3607 3481 3862 3552 legitur;

2205 3574 2356 3627 unde
2391 3567 2653 3625 nonnulli
2685 3566 2862 3622 etiam
2910 3563 3123 3631 Latini,
3170 3567 3407 3634 propter
3447 3561 3859 3630 differentiam,

2206 3654 2316 3710 hoc
2348 3649 2696 3708 vocabulum
2730 3664 2844 3703 non
2877 3645 3169 3717 spiritum,
3192 3646 3293 3699 sed
3328 3643 3532 3699 ﬂatum
3565 3644 3862 3715 appellare

2207 3732 2558 3788 maluerunt.
2592 3733 2710 3783 Hoc
2757 3725 2911 3782 enim
2945 3729 3032 3780 est
3061 3724 3118 3779 in
3153 3740 3338 3796 graeco
3389 3726 3564 3779 etiam
3603 3724 3702 3779 illo
3736 3724 3862 3781 loco

2207 3813 2358 3881 apud
2414 3812 2645 3873 lsaiam,
2694 3807 2789 3862 ubi
2842 3807 2993 3862 Deus
3043 3805 3208 3872 dicit,
3246 3804 3477 3859 Omnem
3525 3806 3724 3874 ﬂatum
3766 3821 3865 3876 ego

2206 3895 2312 3960 feci
2343 3891 2490 3962 (Isai.
2525 3906 2655 3955 Lvu,
2692 3889 2775 3953 l6,
2809 3903 2910 3942 sec.
2947 3884 3137 3952 LXX),
3176 3901 3408 3940 omnem
3443 3885 3701 3940 animam
3738 3885 3867 3940 sine

2208 3972 2568 4026 dubitatione
2609 3967 2970 4039 significans.
3017 3965 3174 4030 Quod
3235 3964 3428 4034 itaque
3481 3980 3665 4034 graece
3722 3964 3861 4034 πνοή

2207 4054 2436 4120 dicitur,
2471 4051 2651 4106 nostri
2696 4047 3008 4118 aliquando
3044 4045 3268 4110 ﬂatum,
3316 4045 3634 4114 aliquando
3684 4045 3864 4115 spiri-

2207 4137 2349 4201 tum,
2401 4131 2713 4201 aliquando
2754 4125 3220 4198 inspirationem,
3251 4125 3337 4180 vel
3382 4124 3868 4195 adspirationem,

2207 4214 2437 4285 quando
2462 4213 2626 4266 etiam
2645 4209 2742 4264 Dei
2765 4205 3378 4279 dicitur,interpretati
3398 4209 3566 4260 sunt‘
3590 4221 3603 4260 :
3625 4207 3866 4276 πνεῦμα,

2206 4284 2340 4348 vero
2373 4305 2676 4358 nunquam
2711 4288 2822 4343 nisi
2856 4288 3127 4360 spiritum
3155 4306 3168 4355 ;
3203 4284 3322 4340 sive
3354 4285 3724 4354 hominis,de
3746 4302 3866 4357 quo

2210 4374 2290 4429 ait
2333 4369 2660 4440 Apostolus,
2713 4368 2846 4437 Quis
2887 4367 3040 4424 enim
3089 4366 3190 4422 scit
3234 4365 3521 4421 hominum
3564 4383 3681 4438 qua:
3731 4371 3868 4423 sunt

2211 4453 2472 4519 hominis,
2502 4451 2619 4506 nisi
2657 4452 2888 4522 spiritus
2919 4449 3157 4506 hominis
3188 4448 3286 4519 qui
3314 4449 3372 4501 in
3403 4446 3520 4518 ipso
3549 4452 3628 4503 est
3658 4448 3702 4517 (Ι
3733 4447 3865 4506 Cor.

2214 4551 2277 4604 ιι,
2339 4534 2485 4602 il)?
2539 4532 2658 4589 sive
2705 4533 2950 4604 pecoris,
2997 4531 3153 4586 sicut
3212 4529 3270 4584 in
3329 4527 3656 4585 Salomonis
3716 4527 3869 4585 libro

2213 4616 2497 4688 scriptum
2529 4618 2636 4685 est,
2679 4613 2810 4682 Quis
2838 4614 2939 4668 scit
2967 4611 3018 4668 si
3059 4613 3290 4682 spiritus
3320 4609 3562 4665 hominis
3601 4609 3874 4666 ascendat

2211 4715 2425 4754 sursum
2490 4695 2551 4751 in
2617 4696 2833 4759 coelum,
2883 4701 2932 4748 et
2989 4691 3227 4763 spiritus
3284 4691 3497 4762 pecoris
3570 4690 3872 4747 descendat

2213 4786 2465 4837 deorsum
2507 4778 2565 4832 in
2617 4785 2820 4832 terram
2849 4774 3048 4843 (Eccle.
3083 4789 3168 4834 ut.
3207 4772 3298 4842 21)
3323 4772 3352 4826 ?
3382 4772 3501 4827 sive
3532 4771 3713 4826 istum
3751 4788 3876 4827 cor-

2215 4877 2482 4933 porcum,
2515 4859 2613 4930 qui
2662 4859 2832 4914 etiam
2883 4861 3087 4910 ventus
3131 4854 3376 4909 dicitur:
3412 4869 3548 4907 nam
3595 4854 3728 4923 ejus
3764 4853 3872 4908 hoc

2213 4961 2427 4999 nomen
2472 4948 2582 5007 est,
2618 4942 2712 4996 ubi
2758 4940 2817 4994 in
2867 4939 3102 4993 Psalmo
3143 4935 3393 5004 canitur,
3434 4935 3598 5005 Ignis,
3630 4934 3871 5004 grando,

2213 5026 2336 5090 nix,
2376 5023 2604 5091 glacies,
2647 5019 2872 5090 spiritus
2910 5019 3247 5085 tempestatis
3289 5015 3461 5084 (Psal.
3509 5031 3740 5082 cxnvm,
3781 5015 3868 5085 8):

2216 5104 2335 5158 sive
2363 5104 2483 5172 jam
2517 5119 2630 5155 non
2662 5108 2942 5163 creatum,
2968 5103 3060 5153 sed
3095 5097 3448 5163 Creatorem,
3490 5098 3644 5151 sicut
3676 5104 3766 5152 est
3799 5097 3870 5151 de

2216 5200 2329 5256 quo
2362 5182 2499 5238 dicit
2531 5181 2803 5236 Dominus
2836 5181 2891 5234 in
2934 5177 3264 5252 Evangelia,
3307 5177 3550 5250 Accipite
3588 5176 3871 5247 Spiritum

2282 5409 2420 5521 itSie
2445 5409 2583 5519 Mss}
2599 5408 2666 5457 At
2692 5405 2837 5465 editi,
2869 5401 3176 5467 aliquando
3209 5400 3378 5452 etiam
3407 5399 3668 5450 animum
3689 5397 3870 5448 inter-

2282 5490 2312 5521 ‘e
2339 5482 2418 5522 at:
2451 5487 2552 5519 sun
2591 5507 2601 5519 .

2209 5487 2418 5536 prerat:
2451 5489 2512 5519 su
2524 5487 2552 5518 η
2565 5487 2601 5519 τ.
