4138 6192
272 363 383 424 401

271 501 522 554 sanetum
546 513 568 560 ,ο
600 513 736 554 eum
769 498 1074 571 corporei‘
1111 499 1202 556 sui
1255 500 1373 557 oris
1423 501 1768 572 signiﬁcans
1823 502 1923 558 ﬂa-

275 583 358 634 tu.
388 582 458 632 Et
492 579 586 633 ubi
638 579 737 647 ait,
788 581 882 649 Ite,
939 581 1222 646 baptizate
1277 599 1463 637 omnes
1493 587 1683 650 gentes
1727 586 1784 638 in
1826 598 1918 639 no-

276 676 421 716 mine
441 661 628 715 Patris
648 665 699 716 et
730 662 864 716 Filii
893 667 944 716 et
974 661 1212 734 Spiritus
1242 667 1423 718 sancti
1467 665 1685 734 (illatth.
1722 681 1922 732 xxvm,

279 741 532 813 19):ubi
581 737 712 813 ipsa
759 742 1016 798 Trinitas
1067 744 1548 800 excellentissime
1602 749 1659 800 et
1703 747 1934 800 eviden-

273 824 502 878 tissime
562 823 977 879 commendata
1040 829 1149 880 est.
1201 825 1267 881 Et
1336 826 1434 880 ubi
1491 826 1722 895 legitur,
1788 828 1926 883 Deus

271 907 502 975 spiritus
533 914 609 960 est
662 904 840 976 (Joan.
903 922 976 971 ιν,
1035 906 1148 976 24).
1209 907 1279 962 Et
1331 907 1460 963 aliis
1517 907 1785 976 plurimis
1843 925 1933 964 sa-

275 1002 511 1042 crarum
548 987 899 1042 Litterarum
934 988 1097 1044 locis.
1132 990 1193 1044 In
1244 989 1338 1045 his
1390 989 1604 1061 quippe
1651 991 1928 1046 omnibus

271 1069 630 1124 testimoniis
659 1069 1116 1140 Scripturarum,
1151 1077 1440 1142 quantum
1472 1073 1544 1127 ad
1577 1071 1805 1128 Graecos
1838 1079 1925 1126 at-

267 1152 434 1214 tinet,
460 1166 572 1204 non
597 1150 773 1218 πνοήν
797 1151 1062 1206 videmus
1087 1153 1371 1224 scriptum
1396 1169 1542 1218 esse,
1568 1155 1666 1208 sed
1690 1155 1922 1224 πνεῦμαε

271 1241 558 1303 quantum
592 1236 788 1286 autem
825 1231 898 1286 ad
948 1233 1208 1298 Latinos,
1258 1249 1370 1288 non
1407 1235 1636 1300 ﬂatum,
1677 1237 1774 1288 sed
1809 1235 1926 1305 spi-

267 1312 478 1368 ritum.
511 1313 876 1382 Quapropter
920 1313 980 1367 in
1029 1327 1096 1369 eo
1131 1315 1283 1383 quod
1336 1313 1621 1383 scriptum
1666 1316 1774 1380 est,
1807 1317 1927 1368 ius-

263 1389 504 1463 piravit,
536 1391 644 1458 vel,
679 1390 729 1446 si
764 1391 952 1462 magis
986 1391 1216 1463 proprie
1259 1392 1570 1448 dicendum
1605 1398 1715 1462 est,
1750 1393 1927 1462 Insuf-

267 1475 428 1544 ﬂavit
459 1473 518 1527 in
537 1473 740 1542 faciem
768 1473 888 1541 eius
917 1475 1189 1544 spiritum
1229 1476 1393 1542 vita;
1447 1476 1496 1531 si
1546 1492 1774 1547 graecus
1805 1492 1924 1531 non

269 1552 469 1621 πνοήν,
501 1555 654 1608 sicut
676 1552 756 1608 ibi
792 1553 1024 1625 legitur,
1077 1556 1179 1610 sed
1212 1558 1425 1627 πνεῦμα
1472 1558 1787 1627 posuisset,
1819 1573 1924 1612 nec

270 1635 356 1690 sic
386 1639 540 1690 esset
570 1649 958 1705 consequens,
1006 1639 1070 1690 ut
1119 1637 1445 1692 Creatorem
1477 1637 1782 1709 Spiritum,
1816 1637 1919 1710 qui

271 1714 504 1786 proprie
533 1713 748 1770 dicitur
775 1716 834 1770 in
867 1715 1153 1772 Trinitate
1179 1717 1422 1788 Spiritus
1453 1724 1712 1788 sanctus,
1738 1718 1916 1774 intel-

266 1794 447 1866 ligere
465 1809 837 1866 cogeremur:
861 1797 1340 1869 quandoquidem
1361 1801 1594 1870 πνεῦμα,
1620 1800 1920 1855 utdictum

271 1885 380 1942 est,
414 1892 530 1931 non
562 1876 753 1931 solum
785 1877 855 1931 de
887 1878 1177 1945 Creatore,
1209 1879 1310 1934 sed
1344 1880 1521 1935 etiam
1555 1882 1626 1935 de
1659 1887 1922 1937 creatura

265 1956 380 2011 dici
417 1955 603 2011 solere
636 1958 1007 2012 manifestum
1039 1967 1146 2015 est.

343 2036 396 2090 4.
434 2036 545 2090 Sed
579 2053 709 2090 cum
744 2037 1008 2104 dixisset,
1040 2038 1337 2109 inquiunt,
1361 2039 1652 2105 spiritum,
1676 2058 1794 2096 non
1817 2042 1920 2096 ad-

264 2115 428 2170 deret
451 2115 594 2183 vitae,
630 2115 740 2171 nisi
777 2117 895 2171 illic
919 2116 940 2150 ²
963 2118 1239 2187 Spiritum
1265 2125 1532 2174 sanctum
1555 2121 1722 2174 vellet
1747 2121 1919 2175 intel-

262 2195 372 2268 ligi
399 2215 413 2252 :
447 2202 506 2252 et
535 2213 668 2250 cum
694 2197 957 2263 dixisset,
989 2199 1178 2253 Factus
1208 2207 1284 2253 est
1331 2200 1488 2254 homo
1538 2201 1594 2253 in
1649 2203 1918 2268 animam,

261 2292 387 2331 non
419 2277 676 2343 adderet,
713 2275 1000 2346 viventem,
1032 2278 1146 2332 nisi
1177 2278 1385 2332 animae
1415 2278 1593 2334 vitam
1623 2280 1924 2349 significa-

263 2360 382 2422 ret,
409 2370 536 2426 quas
561 2355 646 2409 illi
667 2355 946 2410 divinitus
971 2358 1304 2428 impertitur
1333 2360 1486 2414 dono
1518 2359 1770 2430 Spiritus
1797 2360 1918 2416 Dei.

261 2435 417 2490 Cum
451 2435 607 2490 enim
641 2436 795 2491 vivat
823 2436 1038 2506 anima,
1063 2438 1361 2509 inquiunt,
1395 2441 1629 2510 proprio
1652 2458 1771 2495 suae
1795 2442 1920 2496 vitae

260 2515 467 2582 modo,
503 2516 640 2586 quid
675 2531 823 2588 opus
855 2522 980 2572 erat
1019 2519 1226 2574 addere
1275 2521 1570 2587 viventem,
1615 2520 1730 2575 nisi
1761 2526 1825 2576 ut
1856 2537 1920 2576 ea

259 2594 389 2650 vita
420 2594 868 2667 intelligeretur,
902 2613 1031 2669 quin
1063 2598 1146 2653 illi
1197 2616 1300 2670 per
1330 2599 1610 2670 Spiritum
1644 2606 1916 2658 sanctum

259 2675 490 2732 datur?
517 2675 634 2732 Hoc
666 2677 805 2748 quid
839 2683 927 2733 est
966 2678 1147 2748 aliud,
1181 2680 1292 2734 nisi
1335 2680 1644 2752 diligenter
1675 2699 1776 2753 pro
1812 2683 1916 2738 hu-

257 2771 438 2811 mana
471 2756 808 2827 suspicione
839 2759 1210 2824 contendere,
1243 2763 1298 2814 et
1330 2761 1656 2832 Scripturas
1680 2767 1915 2819 sanctas

259 2835 626 2907 negligenter
665 2837 1009 2892 attendere?
1059 2837 1203 2904 Quid
1254 2839 1408 2895 enim
1464 2855 1743 2912 magnum
1793 2846 1916 2898 erat

263 2934 383 2973 non
422 2917 506 2972 ire
535 2917 784 2987 longius,
817 2918 917 2974 sed
952 2919 1009 2974 in
1042 2921 1242 2975 eodem
1268 2919 1415 2976 libro
1452 2921 1575 2991 ipso
1609 2921 1781 2992 paulo
1812 2939 1914 2976 su-

259 2997 465 3069 perius
489 2996 698 3070 legere,
721 3003 1002 3054 Producat
1023 3003 1170 3054 terra
1191 3002 1437 3055 animam
1464 3001 1732 3056 viventem
1755 3000 1909 3072 (Gen.

248 3093 289 3146 ι,
319 3079 457 3146 24);
504 3079 741 3148 quando
791 3079 1072 3135 animalia
1115 3082 1414 3136 terrestria
1460 3085 1667 3136 cuncta
1715 3086 1913 3138 creata

251 3165 398 3214 sunt
424 3159 453 3215 ?
486 3161 696 3215 Deinde
729 3159 1049 3230 aliquantis
1081 3159 1462 3232 interpositis,
1494 3160 1552 3216 in
1581 3162 1783 3217 eodem
1816 3167 1912 3218 ta-

252 3255 392 3295 men
427 3240 553 3311 ipso
587 3240 759 3306 libro,
794 3240 933 3312 quid
967 3257 1246 3313 magnum
1274 3248 1398 3297 erat
1430 3242 1729 3297 advertere
1752 3243 1908 3314 quod

251 3321 547 3392 scriptum
580 3327 689 3388 est,
729 3323 787 3376 Et
818 3321 1005 3376 omnia
1037 3337 1157 3392 quae
1205 3321 1405 3378 habent
1451 3322 1712 3394 spiritum
1758 3326 1907 3390 vitae,

254 3404 304 3456 et
335 3401 526 3456 omnis
566 3401 663 3472 qui
691 3405 806 3457 erat
837 3417 1005 3473 super
1022 3401 1262 3470 aridam,
1291 3413 1537 3458 mortuus
1569 3407 1643 3458 est
1671 3403 1772 3474 (Id.
1809 3420 1906 3470 v11,

253 3481 389 3552 2‘2);
428 3498 564 3538 cum
600 3481 925 3537 insinuaret
956 3483 1154 3538 omnia
1185 3500 1314 3554 quis
1354 3485 1623 3540 vivebant
1666 3484 1724 3536 in
1758 3487 1910 3538 terra

246 3565 504 3636 periisse
536 3563 753 3619 diluvio
775 3564 803 3619 ‘t
833 3564 894 3619 Si
926 3578 1062 3636 ergo
1107 3571 1161 3618 et
1211 3564 1466 3618 animam
1514 3564 1820 3629 viventem,
1854 3567 1911 3618 et

246 3645 534 3717 spiritum
563 3645 689 3698 vitae
720 3645 897 3700 etiam
932 3644 986 3698 in
1014 3644 1314 3715 pecoribus
1345 3643 1705 3710 invenimus,
1755 3642 1908 3698 sicut

241 3723 421 3798 loqui
455 3723 654 3779 divina
686 3724 985 3794 Scriptura
1016 3723 1353 3790 consuevit;
1385 3731 1438 3778 et
1470 3738 1599 3776 cum
1634 3724 1739 3775 hoc
1770 3738 1910 3789 quo-

238 3823 354 3879 que
390 3804 550 3873 loco,
589 3805 684 3861 ubi
720 3805 950 3878 legitur,
985 3805 1181 3861 Omnia
1232 3820 1351 3876 quae
1400 3802 1598 3858 habent
1645 3801 1908 3875 spiritum

236 3890 385 3957 vitis,
430 3903 546 3941 non
598 3901 816 3958 graecus
865 3887 1096 3958 πνεῦμα,
1150 3885 1248 3941 sed
1301 3883 1473 3952 πνοήν
1516 3884 1763 3939 dixerit:
1806 3900 1909 3938 cur

243 3983 359 4023 non
399 3967 681 4022 dicimus.
714 3966 856 4034 Quid
892 3983 1039 4036 opus
1069 3974 1192 4021 erat
1223 3969 1285 4020 ut
1326 3966 1585 4031 adderet,
1615 3963 1904 4031 viventem,

247 4063 378 4103 cum
418 4045 624 4102 anima
668 4048 778 4102 nisi
816 4047 963 4103 vivat
1009 4063 1130 4102 esse
1175 4062 1288 4100 non
1331 4044 1560 4116 possit?
1605 4050 1724 4109 aut,
1759 4043 1904 4109 Quid

240 4143 392 4200 opus
428 4131 562 4184 erat
589 4135 647 4182 ut
679 4127 937 4195 adderet,
969 4128 1115 4193 vim,
1147 4141 1281 4182 cum
1316 4125 1554 4180 dixisset
1591 4125 1850 4196 spiritum
1879 4124 1907 4179 ‘t

243 4207 352 4264 Sed
381 4206 780 4279 intelligimus
809 4209 1068 4278 spiritum
1095 4209 1242 4271 vitae,
1277 4211 1333 4262 et
1362 4209 1610 4261 animam
1645 4207 1906 4260 viventem

250 4288 620 4362 Scripturam
655 4304 761 4344 suo
795 4304 955 4343 more
986 4287 1227 4356 dixisse,
1261 4303 1393 4342 cum
1417 4285 1712 4354 animalia,
1736 4285 1793 4340 id
1817 4290 1907 4342 est

247 4383 504 4440 corpora
535 4367 816 4434 animata,
841 4367 1010 4422 vellet
1039 4368 1304 4438 intelligi,
1329 4366 1540 4434 quibus
1563 4365 1782 4421 inesset
1805 4381 1907 4437 per

249 4449 519 4503 animam
555 4448 905 4518 perspicuus
937 4447 1049 4502 iste
1081 4448 1251 4501 etiam
1283 4446 1544 4517 corporis
1575 4461 1805 4500 sensus.
1839 4446 1903 4499 In

248 4526 518 4583 hominis
549 4532 741 4583 autem
777 4527 1109 4583 conditione
1159 4525 1578 4593 obliviscimur,
1622 4525 1903 4596 quemad-

247 4609 498 4664 modum
529 4606 694 4680 loqui
725 4606 1024 4679 Scriptura
1054 4605 1440 4675 consueverit,
1465 4622 1596 4660 cum
1621 4621 1725 4661 suo
1751 4620 1904 4676 pror-

244 4703 346 4745 sus
408 4703 580 4744 more
637 4687 830 4743 locuta
883 4689 961 4742 sit
1009 4704 1022 4742 :
1076 4703 1192 4759 quo
1239 4687 1564 4741 insinuaret
1602 4685 1901 4739 hominem

243 4769 427 4824 etiam
485 4766 756 4823 rationali
803 4768 999 4824 anima
1044 4772 1299 4838 accepta,
1358 4781 1533 4838 quam
1583 4780 1696 4820 non
1754 4763 1906 4819 sicut

244 4847 504 4904 aliarum
538 4848 797 4904 carnium
831 4848 1003 4920 aquis
1036 4853 1094 4904 et
1121 4853 1276 4902 terra
1300 4844 1774 4918 producentibus,
1807 4844 1903 4898 sed

243 4926 362 4984 Deo
397 4929 581 4984 ﬂante
614 4931 865 4984 creatam
897 4926 1081 4984 voluit
1109 4925 1388 4995 intelligi;
1440 4924 1521 4980 sic
1572 4927 1765 4978 tamen
1815 4924 1904 4977 fa-

244 5011 436 5079 ctum,
471 5012 540 5064 ut
569 5007 629 5063 in
661 5023 899 5079 corpore
930 5006 1196 5074 animali,
1227 5005 1380 5078 quod
1415 5003 1478 5058 ﬁt
1520 5003 1715 5059 anima
1746 5003 1804 5058 in
1836 5018 1902 5058 eo

243 5087 500 5156 vivente,
547 5087 701 5144 sicut
745 5087 845 5144 illa
893 5086 1170 5143 animalia
1198 5086 1436 5154 viveret,
1469 5084 1539 5141 de
1571 5082 1784 5156 quibus
1815 5081 1904 5138 di-

244 5167 349 5238 xit,
385 5168 668 5224 Producat
698 5173 852 5224 terra
880 5169 1131 5224 animam
1160 5167 1433 5222 viventem
1467 5181 1480 5220 :
1525 5169 1582 5221 et
1628 5180 1755 5235 quae
1805 5163 1902 5218 iti-

247 5247 382 5304 dem
415 5247 562 5305 dicit
591 5248 869 5306 habuisse
900 5249 958 5305 in
990 5264 1052 5304 se
1082 5246 1354 5320 spiritum
1387 5245 1551 5316 vitae;
1593 5245 1692 5300 ubi
1725 5244 1902 5300 etiam

307 5522 324 5555 ¹
381 5518 475 5570 Sic
529 5519 652 5571 Mss.
708 5521 776 5571 At
829 5519 960 5571 editi

233 5597 430 5648 NT‘B:
488 5646 501 5648 _
569 5645 576 5648 _
700 5598 752 5648 Δ
809 5604 946 5648 ',-_'

1025 5519 1137 5575 alii.
1196 5529 1492 5581 corporeo;
1554 5515 1903 5581 aliiﬂjncor-

305 5608 525 5695 :‘v'ind.
553 5608 668 5695 mi
700 5609 783 5696 si.
816 5647 869 5696 et
895 5608 1046 5707 nisi,"
1075 5609 1332 5696 etiam.“

1305 5616 1375 5645 λέ.)

1471 368 1706 429 LIBER
1749 368 2082 433 DECIMUS
2126 372 2485 436 TERTIUS.

3561 390 3677 449 402

2030 507 2088 591 in
2121 525 2303 579 graeco
2337 526 2451 565 non
2483 510 2630 567 dixit
2657 511 2894 583 πνεῦμα,
2926 515 3027 570 sed
3059 515 3228 584 πνοήν
3261 534 3274 573 :
3331 534 3444 574 non
3476 520 3681 591 utique

2030 587 2312 656 Spiritum
2345 597 2640 672 sanctum,
2672 593 2775 648 sed
2805 610 3002 650 eorum
3035 597 3294 652 animam
3345 598 3446 654 tali
3486 587 3678 672 exp-ri-

2033 682 2201 723 mens
2240 685 2496 725 nomine.

2103 749 2157 804 5.
2192 749 2302 804 Sed
2333 751 2487 805 enim
2521 751 2621 806 Dei
2655 752 2846 822 ﬂatus,
2880 754 3178 825 inquiunt,
3221 757 3316 813 Dei
3351 774 3448 814 ore
3497 760 3678 818 exisse

2033 826 2401 900 intelligitur,
2430 849 2603 902 quem
2629 836 2677 888 si
2709 835 2965 889 animam
3001 837 3445 901 crediderimus.
3478 855 3673 896 conse-

2033 924 2218 979 quens
2250 912 2361 964 erit
2393 919 2452 965 ut
2483 914 2750 981 ejusdem
2799 914 3088 970 fateamur
3133 934 3260 972 esse
3306 921 3671 990 substantiae,

2032 1005 2350 1060 paremque
2380 991 2542 1046 illius
2572 994 2901 1064 Sapientiae,
2933 1013 3058 1067 quae
3097 997 3260 1063 dicit,
3321 1001 3426 1067 Ego
3461 1016 3532 1054 ex
3583 1017 3674 1056 ore

2030 1070 2297 1125 Altissimi
2323 1073 2541 1141 providi
2571 1075 2754 1144 (Eccti.
2787 1092 2935 1140 xxw,
2967 1077 3045 1147 5).
3081 1077 3204 1133 Non
3244 1080 3474 1146 quidem
3530 1078 3678 1134 dixit

2030 1149 2320 1221 Sapientia
2347 1169 2442 1208 ore
2475 1156 2570 1208 Dei
2601 1154 2857 1211 elﬂatam
2891 1173 2949 1211 se
2983 1158 3184 1225 fuisse,
3214 1161 3312 1213 sed
3342 1176 3410 1213 ex
3430 1159 3554 1228 ejus
3577 1176 3674 1216 ore

2030 1235 2312 1300 prodisse.
2349 1236 2507 1289 Sicut
2537 1241 2729 1291 autem
2764 1253 2868 1292 nos
2901 1254 3237 1309 possumus,
3291 1256 3404 1294 non
3457 1243 3528 1296 de
3569 1258 3676 1297 no-

2030 1315 2147 1366 stra
2181 1321 2388 1368 natura
2409 1331 2523 1386 qua
2554 1315 2820 1372 homines
2855 1333 3081 1386 sumus,
3129 1321 3224 1374 sed
3275 1321 3345 1376 de
3386 1320 3495 1376 isto
3545 1337 3676 1377 aere

2029 1391 2409 1463 circumfuso,
2441 1412 2600 1466 quem
2625 1397 2900 1468 spirando
2931 1415 2997 1453 ac
3031 1400 3371 1471 respirando
3403 1401 3676 1457 ducimus

2027 1486 2095 1527 ac
2127 1473 2464 1529 reducimus
2493 1474 2533 1541 ί,
2568 1480 2765 1531 ﬂatum
2802 1477 2989 1532 facere
3044 1495 3176 1532 cum
3209 1479 3518 1534 sumamus
3552 1497 3564 1534 :
3599 1481 3678 1535 ita

2029 1553 2402 1624 omnipotens
2452 1554 2630 1623 Deus,
2683 1573 2798 1612 non
2850 1558 2918 1611 de
2967 1573 3076 1612 sua
3125 1567 3353 1627 natura,
3388 1575 3576 1630 neque
3605 1560 3677 1614 de

2027 1634 2355 1704 subjacenti
2388 1643 2668 1698 creatura.
2704 1637 2804 1691 sed
2847 1637 3020 1692 etiam
3055 1637 3126 1692 de
3159 1636 3338 1692 nihilo
3374 1640 3562 1708 potuit
3592 1640 3677 1694 fa-

2028 1730 2153 1771 cere
2185 1716 2412 1781 ﬂatum,
2446 1732 2617 1788 quem
2646 1717 2867 1788 corpori
2905 1716 3158 1772 hominis
3197 1719 3503 1774 inserendo
3551 1718 3676 1774 ins-

2028 1797 2252 1870 pirasse
2283 1797 2369 1852 vel
2401 1797 2737 1853 insufﬂasse
2771 1798 3317 1854 convenientissima
3347 1799 3541 1856 dictus
3562 1807 3671 1868 est,

2027 1879 2406 1949 incorporeus
2437 1879 2867 1950 incorporeum,
2911 1880 3007 1934 sed
3045 1880 3436 1936 immutabilis
3487 1886 3676 1937 muta-

2027 1958 2241 2026 bilem;
2275 1959 2414 2029 quia
2446 1975 2562 2012 non
2594 1965 2823 2013 creatus
2849 1964 3130 2014 creatum.
3161 1959 3577 2015 Verumtamen
3612 1967 3676 2016 ut

2026 2038 2216 2092 sciant
2246 2037 2361 2105 isti,
2393 2039 2494 2108 qui
2526 2039 2594 2091 de
2636 2038 2953 2109 Scripturis
2987 2038 3142 2108 loqui
3173 2039 3396 2106 volunt,
3430 2046 3486 2093 et
3517 2041 3671 2096 Scri-

2026 2120 2334 2186 pturarum
2371 2116 2686 2171 locutiones
2717 2134 2830 2170 non
2879 2117 3207 2183 advertunt,
3262 2133 3376 2172 non
3427 2117 3536 2172 hoc
3579 2137 3672 2173 so-

2028 2194 2150 2250 lum
2185 2196 2295 2250 dici
2327 2196 2480 2251 exire
2510 2212 2579 2251 ex
2608 2213 2705 2251 ore
2736 2196 2859 2265 Dei,
2892 2199 3039 2266 quod
3089 2203 3174 2252 est
3220 2198 3464 2268 aequalis
3517 2200 3674 2268 ejus-

2028 2277 2279 2347 demque
2310 2280 2549 2344 naturaa,
2584 2277 2848 2342 audiant,
2881 2276 2967 2331 vel
2999 2276 3194 2348 legant
3228 2280 3379 2347 quod
3438 2279 3548 2333 Deo
3595 2278 3677 2333 di-

2027 2364 2191 2412 cente
2223 2356 2506 2428 scriptum
2541 2361 2630 2411 est
2663 2374 2676 2412 :
2713 2357 2988 2424 Quoniam
3027 2357 3239 2423 tepidus
3287 2374 3368 2424 es,
3407 2366 3456 2412 et
3500 2374 3677 2430 neque

2030 2437 2246 2492 calidus
2275 2454 2450 2510 neque
2480 2436 2748 2510 (rigidus,
2783 2439 3052 2506 incipiam
3081 2443 3132 2493 te
3175 2453 3423 2495 evomere
3468 2453 3538 2494 ea:
3584 2455 3678 2496 ore

2024 2533 2142 2572 meo
2172 2518 2354 2588 (Apoc.
2386 2535 2470 2586 ili,
2505 2519 2613 2590 16).

2095 2600 2147 2653 6.
2183 2599 2352 2655 Nulla
2399 2599 2598 2670 itaque
2647 2615 2825 2656 causa
2869 2603 2974 2666 est,
3026 2615 3132 2656 cur
3178 2600 3545 2671 apertissime
3592 2601 3673 2657 lo-

2025 2679 2226 2750 quenti
2259 2678 2913 2749 resistamusApostolo,
2959 2678 3056 2734 ubi
3089 2679 3161 2734 ab
3200 2679 3494 2750 spirituali
3543 2698 3668 2736 cor-

2023 2775 2160 2829 pore
2185 2777 2396 2832 corpus
2427 2759 2679 2815 animale
2719 2759 3078 2826 discernens,
3113 2759 3164 2814 id
3201 2767 3308 2827 est,
3361 2760 3431 2814 ab
3475 2760 3574 2816 illo
3603 2760 3664 2816 in

2021 2857 2136 2913 quo
2189 2841 2364 2895 futuri
2423 2856 2656 2904 sumus,
2704 2838 2815 2895 hoc
2862 2840 2922 2894 in
2956 2855 3070 2910 quo
3104 2855 3261 2894 nunc
3291 2855 3512 2908 sumus,
3545 2841 3663 2898 ait:

2020 2921 2339 2976 Seminatur
2365 2935 2560 2991 corpus
2591 2920 2863 2984 animale,
2893 2922 3080 2989 surget
3115 2935 3309 2990 corpus
3337 2921 3660 2990 spirituale:

2017 3003 2067 3056 si
2095 3009 2172 3057 est
2197 3017 2396 3068 corpus
2428 3001 2694 3070 animale,
2728 3004 2806 3056 est
2850 3004 2904 3055 et
2932 2999 3247 3070 spirituale,
3296 3003 3441 3055 sicut
3485 3000 3666 3073 scrip-

2016 3087 2133 3138 tum
2170 3092 2273 3151 est,
2305 3084 2498 3138 Factus
2545 3085 2624 3137 est
2671 3085 2884 3152 primus
2932 3081 3088 3137 homo
3127 3082 3299 3137 Adam
3337 3084 3394 3136 in
3427 3085 3670 3138 animam

2018 3164 2310 3228 viventem,
2342 3163 2671 3218 novissimus
2701 3162 2878 3217 Adam
2910 3163 2968 3215 in
2985 3161 3245 3232 spiritum
3277 3163 3664 3231 viviﬁcantem.

2014 3243 2122 3298 Sed
2153 3260 2263 3299 non
2304 3243 2552 3314 primum
2592 3243 2733 3313 quod
2771 3243 3074 3313 spirituale
3102 3249 3205 3306 est,
3247 3242 3338 3297 sed
3370 3243 3514 3314 quod
3544 3245 3669 3298 ani-

2020 3325 2197 3391 mate;
2227 3328 2434 3394 postea,
2471 3323 2609 3395 quod
2643 3322 2959 3392 spirituate.
2995 3323 3229 3377 Primus
3263 3322 3419 3380 homo
3465 3324 3529 3380 de
3558 3334 3667 3379 ter-

2019 3420 2104 3470 ra,
2167 3410 2459 3468 terrenus;
2509 3401 2775 3457 secundus
2840 3402 2998 3456 homo
3051 3403 3120 3456 de
3189 3402 3342 3467 caelo,
3407 3405 3660 3458 caelestis.

2019 3482 2209 3551 Qualis
2236 3486 2507 3549 terrenus,
2537 3479 2680 3535 tates
2708 3487 2759 3534 et
2791 3480 3004 3534 terreni
3029 3495 3041 3532 :
3076 3479 3262 3548 quatis
3290 3481 3542 3546 cretestis,
3583 3490 3666 3535 ta-

2017 3562 2096 3617 les
2126 3564 2178 3615 et
2206 3561 2460 3616 cazlestes.
2493 3562 2556 3614 Et
2594 3558 2856 3629 quomodo
2890 3557 3174 3611 induimus
3219 3558 3516 3626 imaginem
3547 3563 3660 3612 ter-

2015 3639 2163 3706 reni,
2195 3639 2491 3694 induamus
2528 3647 2580 3693 et
2609 3639 2908 3706 imaginem
2965 3638 3086 3705 ejus
3115 3637 3213 3708 qui
3241 3636 3306 3690 de
3342 3637 3474 3691 creto
3505 3641 3582 3691 est
3613 3638 3655 3708 (Ι

2017 3725 2138 3780 Cor.
2172 3738 2263 3787 xv,
2287 3721 2494 3779 44-49).
2529 3721 2607 3774 De
2637 3717 2850 3788 quibus
2881 3717 3156 3772 omnibus
3177 3716 3512 3786 apostolicis
3534 3732 3661 3772 ver-

2017 3803 2106 3858 bis
2139 3801 2405 3873 superius
2435 3799 2612 3855 locuti
2653 3814 2880 3852 sumus.
2913 3797 3138 3867 Corpus
3171 3796 3352 3867 igitur
3384 3796 3658 3864 animale,

2015 3885 2073 3942 in
2109 3901 2223 3958 quo
2259 3882 2512 3953 primum
2544 3879 2842 3935 hominem
2881 3877 3062 3933 Adam
3110 3877 3326 3932 factum
3356 3892 3488 3958 esse
3519 3877 3661 3958 dicit

2013 3963 2351 4037 Apostolus,
2386 3962 2470 4017 sic
2499 3967 2620 4016 erat
2672 3959 2911 4026 factum,
2958 3972 3072 4012 non
3125 3961 3187 4012 ut
3222 3957 3368 4037 mori
3417 3957 3656 4012 omnino

2015 4035 2130 4101 non
2162 4048 2398 4115 posset;
2432 4041 2532 4097 sed
2567 4043 2629 4096 ut
2659 4055 2773 4093 non
2802 4043 3146 4105 moreretur,
3174 4036 3283 4091 nisi
3317 4035 3491 4091 homo
3525 4052 3661 4108 pec-

2014 4129 2221 4180 casset.
2258 4123 2400 4179 Nam
2441 4121 2588 4176 illud
2645 4119 2800 4192 quod
2851 4117 3061 4190 spiritu
3111 4115 3439 4172 vivificante
3488 4116 3658 4186 spiri-

2014 4206 2166 4262 tuale
2196 4205 2381 4260 eritet
2413 4201 2762 4269 immortale,
2811 4199 2958 4254 mori
2999 4198 3238 4254 omnino
3279 4214 3390 4253 non
3430 4198 3656 4267 poterit.

2013 4289 2176 4345 Sicut
2205 4286 2399 4341 anima
2428 4289 2622 4340 creata
2653 4288 2740 4338 est
2788 4280 3160 4348 immortalis,
3193 4297 3320 4352 quin
3354 4278 3489 4335 licet
3522 4295 3654 4351 pec-

2013 4375 2142 4424 cato
2175 4372 2406 4422 mortua
2437 4364 2810 4437 perhibeatur
2839 4378 3047 4417 carens
3095 4361 3347 4431 quadam
3381 4359 3495 4414 vita
3525 4377 3652 4430 sua,

2013 4450 2120 4506 hoc
2150 4453 2236 4504 est
2265 4448 2359 4503 Dei
2391 4447 2627 4516 Spiritu,
2671 4460 2787 4516 quo
2836 4446 3011 4498 etiam
3063 4441 3354 4513 sapienter
3403 4447 3457 4495 et
3490 4441 3656 4497 beate

2012 4531 2201 4586 vivere
2233 4534 2494 4600 poterat:
2529 4533 2722 4580 tamen
2774 4524 3011 4596 pr0pria
3053 4524 3326 4594 quadam,
3375 4521 3513 4577 licet
3543 4523 3658 4576 mi-

2014 4627 2164 4677 sera,
2195 4611 2314 4664 vita
2343 4624 2447 4663 sua
2480 4624 2588 4661 non
2623 4605 2836 4662 desinit
2861 4605 3052 4660 vivere
3087 4620 3100 4670 ;
3136 4603 3276 4675 quia
3306 4601 3657 4658 immortalis

2015 4696 2104 4747 est
2132 4693 2344 4745 creata.
2379 4688 2544 4743 Sicut
2568 4688 2740 4742 etiam
2784 4686 3107 4740 desertores
3155 4681 3368 4752 angeli,
3399 4681 3536 4736 licet
3566 4699 3658 4738 se-

2015 4770 2274 4826 cundum
2305 4767 2622 4839 quemdam
2656 4765 2889 4820 modum
2925 4762 3138 4816 mortui
3174 4761 3293 4814 sint
3323 4761 3656 4829 peccando;

2013 4853 2149 4921 quia
2181 4851 2395 4904 fontem
2429 4849 2555 4903 vita:
2587 4847 2995 4907 deseruerunt,
3025 4839 3125 4909 qui
3158 4839 3313 4893 Deus
3338 4844 3456 4921 est,
3486 4854 3658 4921 quem

2016 4919 2290 5003 potando,
2340 4927 2635 4998 sapienter
2664 4924 2947 4991 beateque
2980 4919 3488 5003 poterant-vivere
3511 4933 3534 5003 ε.
3559 4920 3656 5003 ta-

2014 4996 2146 5065 men
2181 5025 2296 5064 non
2328 4996 2588 5062 sicvmori
2620 5005 2956 5074 potuerunt,
3007 5001 3073 5052 ut
3121 4996 3363 5054 omnino
3413 4996 3656 5053 desiste-

2015 5094 2144 5146 rent
2173 5088 2360 5144 vivere
2382 5091 2558 5158 atque
2579 5083 2830 5153 sentire;
2853 5080 3129 5154 quoniam
3155 5078 3516 5136 immortales
3538 5094 3658 5134 cre-

2014 5170 2093 5228 ati
2125 5172 2301 5225 sunt:
2337 5157 2512 5239 atque
2542 5167 2622 5221 ita
2651 5164 2709 5220 in
2743 5162 3056 5219 secundam
3093 5165 3335 5217 mortem
3370 5163 3500 5239 post
3521 5157 3655 5213 ulti-

2017 5269 2178 5308 mum
2223 5238 2715 5324 praecipiabuntur
2756 5245 3071 5316 judicium,
3126 5247 3185 5297 ut
3240 5258 3343 5296 nec
3395 5238 3510 5324 illic
3543 5239 3655 5324 vita

2014 5319 2281 5399 careant:
2318 5319 2802 5408 ειυὲηάοειιιὲιεερ
2831 5327 3245 5408 etiamnam
3281 5319 3657 5404 .9ue...ie_d_2:

3309 5481 3350 5485 μ.
3383 5478 3403 5486 ν
3479 5477 3648 5489 ἠς-..σο

2641 5495 2792 5503 ..υ-..νγ-
2863 5496 2866 5500 .
3013 5493 3050 5498 «ν
3081 5492 3231 5500 --ι---ι
3321 5499 3336 5502 ,ν
3407 5489 3450 5503 η,
3642 5492 3648 5503 Α

2130 5635 2302 5688 Nostri
2334 5631 2690 5699 αοᾱίοθεζῖοδο
2717 5634 2770 5684 et
2800 5629 2943 5690 2051,
2972 5641 3036 5679 ac
3065 5624 3368 5675 reddimus.
3404 5599 3567 5686 Μρῖέτςξ
3603 5597 3659 5688 ’ἶ
