4136 6190
450 287 568 347 403

442 421 668 477 loribus
701 422 871 477 futuri
906 425 1066 490 sunt,
1101 438 1214 476 non
1247 422 1544 478 carebunt.
1580 423 1688 478 Sed
1724 424 1992 478 homines
2013 424 2087 479 ad

445 501 539 554 Dei
572 503 819 571 gratiam
857 502 1210 568 pertinentes
1241 502 1396 556 cives
1441 511 1778 558 sanctorum
1823 505 2080 574 Angelo-

437 595 567 633 rum
604 582 658 634 in
696 581 862 635 beata
893 584 1002 633 vita
1031 583 1414 645 manentium,
1439 582 1512 636 ita
1536 584 1931 652 spiritualibus
1953 601 2079 638 cor-

440 661 681 730 poribus
714 661 1052 724 induentur,
1091 668 1151 716 ut
1178 679 1362 733 neque
1415 671 1650 732 peccent
1687 667 1966 735 amplius,
2020 679 2088 717 ne

440 755 552 809 que
597 743 956 796 moriantur:
1009 758 1075 795 ea
1135 748 1323 796 tamen
1375 743 1814 799 immortalitate
1870 745 2086 813 vestiti,

438 836 589 890 quae,
621 822 770 875 sicut
801 822 1182 893 Angelorum,
1218 840 1320 878 nee
1350 832 1586 893 peccato
1621 833 1803 894 possit
1833 829 2042 880 aul‘erri
2070 841 2085 893 ;

438 908 645 954 natura
677 903 915 972 quidem
975 910 1242 959 manente
1268 906 1485 971 carnis,
1512 908 1610 959 sed
1650 910 1806 960 nulla
1846 907 2087 960 omnino

437 980 656 1034 carnali
689 983 1180 1052 corruptibilitate
1233 985 1319 1039 vel
1354 988 1625 1039 tarditate
1660 991 2017 1040 remanente.

510 1061 565 1114 7.
597 1061 867 1131 Sequitur
914 1070 1103 1118 autem
1157 1066 1401 1135 quaestio
1455 1068 1785 1122 necessario
1835 1074 2086 1138 pertrac-

436 1141 634 1203 tanda,
669 1148 727 1196 et
759 1143 1002 1198 Domino
1029 1148 1137 1199 Deo
1163 1146 1420 1201 veritatis
1443 1148 1755 1214 adjuvante
1792 1150 2085 1205 solvenda.

436 1219 495 1276 Si
526 1219 704 1276 libido
747 1223 1140 1280 membrorum
1193 1227 1658 1282 inobedientium
1719 1244 1788 1283 ex
1851 1232 2086 1299 peccato

437 1299 848 1359 inobedientiaa
877 1304 934 1359 in
968 1303 1086 1361 illis
1125 1307 1330 1377 primis
1374 1307 1736 1374 hominibus,
1789 1325 1922 1363 cum
1957 1308 2088 1363 illos

1519 290 1618 349 DE
1660 289 2021 350 CIVITATE
2064 291 2216 360 DEI,
2267 294 2329 353 Β.
2379 294 2798 359 AUGUSTINI

3735 304 3847 367 404

2197 427 2394 482 divina
2417 433 2606 499 gratia
2628 433 3003 500 deseruisset,
3027 438 3220 490 exorta
3243 438 3371 504 est;
3398 437 3550 493 unde
3582 439 3645 494 in
3684 456 3846 495 suam

2196 510 2519 564 nuditatem
2569 512 2770 567 oculos
2818 526 3190 582 aperuerunt,
3231 516 3288 570 id
3331 523 3441 584 est,
3482 535 3608 573 eam
3653 519 3846 575 curio-

2197 591 2320 644 sius
2354 591 2752 658 adverterunt,
2783 599 2836 648 et
2859 595 3002 664 quia
3033 597 3349 666 impudens
3371 604 3562 653 motus
3590 600 3849 654 volunta-

2196 674 2272 726 tis
2301 675 2544 727 arbitrio
2580 675 2906 742 resistebat,
2933 677 3201 743 pudenda
3221 684 3486 733 texerunt
3515 697 3528 734 :
3558 681 3847 750 quomodo

2196 760 2394 808 essent
2426 755 2578 809 filios
2610 757 3004 828 propagaturi,
3031 757 3101 822 si,
3136 765 3198 811 ut
3230 761 3398 813 creati
3434 760 3692 826 fuerant,
3727 761 3847 816 sine

2199 837 2668 906 praevaricatione
2700 838 3080 894 mansissent.
3125 838 3237 893 Sed
3288 840 3422 911 quia
3473 851 3525 894 et
3560 841 3713 895 liber
3743 842 3847 897 iste

2199 916 2562 972 claudendus
2592 926 2698 984 est,
2735 935 2838 971 nec
2871 924 3031 973 tanta
3061 921 3304 989 quaestio
3335 921 3393 974 in
3427 923 3722 976 sermonis
3751 939 3845 976 an-

2199 998 2424 1068 gustias
2457 999 2828 1064 coarctanda,
2862 997 2920 1052 in
2952 1014 3084 1053 eum
3127 1001 3227 1070 qui
3269 1001 3552 1071 sequitur,
3589 1017 3846 1056 commo-

2197 1077 2357 1132 diore
2389 1077 2771 1149 dispositione
2802 1078 3146 1132 diﬂeratur.‘

2267 1322 2282 1354 ι
2315 1316 2401 1365 Sic
2425 1315 2508 1364 Er.
2547 1317 2601 1364 et
2628 1315 2835 1378 aliquot
2863 1314 2984 1364 Mss.
3015 1314 3140 1373 Alii,
3172 1314 3530 1376 dispositione
3557 1316 3850 1379 diﬂertur.

832 1533 1397 1673 LIBER
1505 1534 2366 1718 QUARTUS
2469 1529 3444 1673 DECIMU.S““’.

432 1739 664 1826 Rursum
693 1745 758 1794 de
786 1747 945 1826 primi
973 1749 1206 1824 hominis
1234 1755 1470 1826 peccato,
1497 1766 1564 1801 ex
1591 1767 1696 1826 quo
1726 1753 1870 1826 vitae
1898 1753 2128 1826 carnalis
2155 1755 2209 1802 et
2253 1752 2569 1826 vitiosorum
2615 1752 2904 1826 affectuum
2950 1766 3165 1826 causam
3210 1753 3727 1826 proﬂuxisse
3755 1756 3854 1804 Au-

496 1808 741 1873 gustinus
773 1821 784 1855 :
816 1811 908 1857 sed
935 1808 1252 1873 praesertim
1263 1815 1503 1864 libidinis
1532 1808 1920 1865 erubescentiae
1951 1818 2153 1864 malum

2200 1829 2410 1878 poenam
2441 1815 2832 1864 inobedientiae
2865 1816 3183 1878 reciprocam
3210 1829 3324 1866 esse
3353 1817 3607 1877 ostendit,
3641 1821 3698 1866 et
3725 1831 3859 1878 quo-

492 1871 666 1926 modo,
698 1871 742 1918 si
771 1885 878 1920 non
905 1871 1171 1935 peccasset
1202 1876 1378 1934 homo,
1409 1878 1550 1926 filios
1577 1878 1766 1928 fuisset
1791 1879 1990 1941 absque
2019 1871 2240 1928 libidine
2267 1880 2670 1941 propagaturus,
2699 1878 2941 1939 inquirit.

433 2065 670 2124 CAPUT
695 2068 999 2127 PRIMUM.
1034 2103 1100 2112 —
1129 2074 1240 2127 Per
1263 2075 1690 2132 innbedientiam
1711 2075 1884 2147 primi
1905 2075 2085 2132 homi-

513 2149 606 2200 nis
647 2151 706 2201 in
737 2150 991 2206 secundae
1020 2157 1211 2206 mortis
1243 2158 1661 2224 perpetuitatem
1684 2157 1936 2212 ruituros
1965 2173 2085 2212 um-

508 2245 604 2284 nes
642 2231 841 2300 fuisse,
877 2233 989 2287 nisi
1019 2236 1219 2290 multo:
1250 2237 1322 2291 De
1359 2240 1552 2305 gratia
1586 2236 1870 2294 liberaret.

506 2379 772 2436 Diximus
797 2381 918 2452 jam
954 2382 1009 2436 in
1044 2385 1445 2455 superioribus
1470 2387 1635 2444 libris
1660 2391 1728 2444 ad
1757 2389 2081 2446 humanum

436 2476 644 2532 genus,
678 2477 792 2516 non
829 2463 1018 2518 solum
1052 2473 1270 2520 natura:
1303 2467 1690 2526 similitudine
1721 2470 2083 2538 sociandum,

436 2557 632 2596 verum
669 2543 844 2596 etiam
877 2546 1128 2614 quadam
1163 2549 1527 2617 cognationis
1569 2553 1995 2608 necessitudine
2026 2553 2081 2606 in

442 2623 732 2677 unitatem
766 2624 1104 2678 concordem
1145 2629 1302 2696 pacis
1324 2629 1554 2684 vinculo
1577 2631 1995 2702 colligandum,
2018 2649 2086 2687 ex

441 2702 680 2757 homine
705 2720 819 2758 uno
843 2703 1023 2759 Deum
1049 2707 1303 2762 voluisse
1334 2710 1596 2766 homines
1621 2713 1921 2768 instituere
1946 2733 1959 2771 :
1984 2731 2087 2768 ne-

441 2798 555 2852 que
587 2781 693 2834 hoc
725 2798 908 2862 genus
943 2787 1119 2840 fuisse
1151 2788 1210 2840 in
1259 2789 1511 2858 singulis
1545 2793 1876 2862 quibusque
1909 2793 2087 2847 mori-

440 2867 660 2922 turum,
695 2860 808 2913 nisi
841 2863 956 2915 duo
999 2865 1192 2932 primi,
1225 2882 1472 2936 quorum
1527 2860 1752 2924 creatus
1784 2860 1889 2924 est
1934 2888 2086 2926 unus

439 2953 508 2993 ex
538 2936 718 3003 nullo,
752 2940 934 2994 altera
964 2958 1028 2995 ex
1057 2943 1176 3008 illo,
1200 2945 1251 2996 id
1276 2945 1669 3003 inobedientia
1693 2951 2084 3005 meruissent:

443 3034 477 3100 a
512 3017 727 3100 quibus
759 3019 1076 3075 admissum
1111 3029 1199 3076 est
1240 3029 1358 3077 tam
1407 3030 1624 3096 grande
1669 3033 1990 3100 peccatum,
2025 3034 2089 3084 ut

442 3096 502 3151 in
535 3097 792 3152 deterius
824 3114 888 3153 eo
922 3107 1131 3155 natura
1163 3111 1489 3159 mutaretur
1519 3096 1800 3177 humana,
1826 3111 2002 3164 etiam
2028 3111 2084 3165 in

444 3180 712 3247 posteros
747 3178 1106 3248 obligatione
1139 3184 1355 3250 peccati
1397 3192 1454 3239 et
1500 3189 1702 3242 mortis
1747 3189 2087 3246 necessitate

444 3256 813 3312 transmissa.
851 3258 1054 3315 Mortis
1087 3269 1279 3318 autem
1315 3281 1554 3334 regnum
1592 3269 1647 3322 in
1690 3269 1954 3324 homines
1988 3288 2086 3325 us-

447 3352 559 3408 que
591 3336 733 3392 adco
767 3339 1138 3396 dominatum
1173 3349 1282 3408 est,
1318 3352 1381 3399 ut
1429 3363 1634 3402 omnes
1678 3351 1734 3403 in
1769 3351 2088 3406 secundam

449 3433 681 3488 quoque
715 3425 986 3501 mortem,
1016 3425 1186 3492 cujus
1219 3425 1417 3481 nullus
1463 3433 1550 3482 est
1594 3428 1750 3498 ﬁnis,
1803 3447 1969 3501 pmna
1999 3436 2093 3486 de-

449 3497 569 3579 bita
604 3500 924 3570 praecipites
957 3508 1170 3573 ageret,
1207 3506 1320 3561 nisi
1352 3507 1486 3563 inde
1517 3497 2093 3579 quosdam—indebita

446 3577 545 3634 Dei
579 3583 761 3645 gratia
789 3583 1072 3639 liberaret.
1109 3589 1190 3640 Ac
1223 3604 1322 3656 per
1350 3587 1454 3642 hoc
1488 3577 1693 3645 factum
1728 3597 1836 3660 est,
1873 3599 1935 3646 ut
1957 3609 2090 3647 cum

451 3664 539 3714 tot
571 3668 856 3730 tantaeque
888 3676 1089 3732 gentes
1125 3684 1224 3737 per
1253 3674 1543 3725 terrarum
1595 3673 1792 3728 orbem
1847 3673 2094 3728 diversis

450 3739 661 3793 ritibus
697 3744 1072 3813 moribusque
1101 3750 1379 3816 viventes,
1407 3752 1713 3822 multiplici
1740 3753 2093 3821 linguarum,

449 3837 772 3889 armorum,
803 3826 1049 3881 vestium
1082 3829 1192 3882 sint
1229 3831 1502 3887 varietate
1525 3835 1851 3898 distinctas;
1879 3852 1992 3888 non
2017 3839 2098 3888 ta-

456 3917 585 3955 men
619 3905 872 3973 amplius
903 3923 1079 3976 quam
1113 3909 1228 3963 duo
1261 3915 1526 3981 quendam
1575 3930 1787 3981 genera
1833 3915 2100 3970 humanae

453 3982 744 4037 societatis
775 3985 1109 4049 existerent,
1143 4005 1288 4058 quas
1319 3994 1582 4047 civitates
1609 3996 1754 4048 duas
1776 3998 2098 4048 secundum

459 4059 788 4142 Scripturas
822 4070 1046 4118 nostras
1081 4069 1284 4122 merito
1318 4071 1607 4140 appellare
1640 4075 1948 4142 possimus.
1975 4079 2102 4128 Una

457 4139 673 4208 quippe
705 4146 794 4196 est
829 4141 1131 4197 hominum
1168 4139 1491 4203 secundum
1525 4139 1782 4219 carnem,
1810 4152 1990 4208 altera
2022 4171 2101 4210 se-

461 4219 722 4273 cundum
755 4221 1030 4289 spiritum
1075 4226 1260 4280 vivere
1293 4229 1351 4281 in
1401 4230 1492 4283 sui
1538 4233 1826 4302 cujusque
1872 4236 2101 4302 generis

458 4310 597 4364 pace
615 4299 938 4384 volentium
966 4307 1055 4368 ;et
1075 4319 1205 4358 eum
1231 4306 1282 4358 id
1314 4308 1469 4376 quod
1492 4299 1763 4378 expetunt
1784 4299 2104 4384 ass—iiquun-

461 4380 577 4440 tur,
613 4375 667 4427 in
700 4377 791 4430 sui
825 4379 1106 4448 cujusque
1134 4375 1366 4452 generis
1398 4404 1537 4458 pace
1567 4375 1900 4446 viventium.

467 4549 700 4646 CAPUT
732 4553 803 4610 Il.
834 4585 910 4646 —.
935 4555 1013 4646 De.
1037 4557 1148 4612 vita
1176 4565 1413 4632 carnali,
1447 4583 1568 4636 quae
1613 4585 1720 4624 non
1756 4589 1826 4628 ea:
1863 4580 2108 4646 corporis

471 4707 473 4710 q
548 4639 786 4704 tantum,
817 4636 910 4692 sed
939 4641 1106 4693 etiam
1137 4657 1207 4696 ex
1245 4651 1420 4700 anim:
1443 4647 1514 4702 sit
1545 4651 1902 4724 intelligenda
1936 4636 2109 4715 uitiis.

538 4787 592 4842 1.
625 4787 788 4844 Prius
820 4808 952 4875 ergo
979 4793 1294 4854 videndum
1329 4806 1438 4866 est,
1487 4804 1625 4875 quid
1679 4806 1750 4861 sit
1781 4812 2106 4868 secundum

466 4883 724 4962 carnem,
758 4872 898 4943 quid
934 4879 1253 4962 secundum
1287 4872 1559 4951 spiritum
1586 4886 1800 4944 vivere.
1835 4890 2110 4962 Quisquis

467 4949 624 5034 enim
657 4949 765 5042 hoc
796 4956 948 5023 quod
979 4955 1236 5042 diximus
1269 4949 1455 5033 prima
1505 4966 1689 5024 fronte
1728 4949 2105 5042 inspicitivel

466 5032 585 5120 non
618 5032 896 5120 recolens,
930 5035 1016 5090 vel
1053 5040 1246 5120 minus
1271 5032 1574 5103 advertens
1605 5032 2105 5120 quemadmodum

465 5107 782 5204 S‘cripturaa‘
809 5122 1025 5204 sanctas
1057 5116 1388 5193 loquantur,
1425 5107 1834 5201 potestputare
1857 5107 2106 5204 philos;

465 5188 612 5278 phos
645 5193 879 5260 quidem
916 5188 1224 5283 Epicureos
1269 5207 1589 5264 secundum
1629 5188 1871 5268 carnem.
1897 5217 2101 5283 vivere,

462 5277 600 5338 quia
633 5287 933 5330 summum
970 5277 1186 5334 bonum
1232 5283 1486 5343 hominis
1533 5289 1590 5344 in
1640 5295 1901 5364 corporis
1944 5277 2103 5353 volu;

528 5550 1214 5644 tglng‘taturnhicolibepgin
1234 5564 1390 5644 libro.
1417 5568 1439 5616 1
1490 5575 1673 5623 contra
1704 5578 1920 5644 Advers.
1959 5583 2106 5644 Legis

464 5609 516 5655 et
545 5608 806 5674 Prophet,
838 5635 892 5669 n.
923 5608 1004 5680 i8,
1023 5608 1221 5690 scripto

2201 2081 2360 2149 ptate
2392 2080 2751 2145 posuerunt;
2786 2079 2840 2130 et
2871 2075 2918 2131 si
2951 2074 3052 2147 qui
3094 2074 3193 2132 alii
3245 2083 3405 2141 sunt,
3460 2077 3558 2148 qui
3613 2094 3855 2149 quoquo

2196 2161 2368 2214 modo
2401 2159 2660 2226 corporis
2694 2157 2934 2222 bonum,
2985 2173 3284 2212 summum
3337 2159 3549 2212 bonum
3583 2175 3719 2214 esse
3752 2159 3854 2216 ho-

2201 2237 2381 2295 minis
2428 2236 2646 2304 opinati
2681 2242 2854 2304 sunt;
2898 2245 2949 2292 et
2995 2252 3169 2291 omne
3219 2253 3420 2291 eorum
3459 2236 3693 2308 vulgus,
3748 2245 3852 2310 qui

2205 2335 2321 2375 non
2373 2315 2570 2386 aliquo
2621 2316 2910 2384 dogmate,
2959 2314 3046 2369 vel
3095 2331 3161 2370 eo
3205 2315 3378 2370 modo
3431 2315 3854 2388 phiiosOphan-

2193 2404 2312 2462 tur,
2350 2396 2454 2452 sed
2491 2395 2770 2466 proclives
2819 2396 2887 2449 ad
2933 2395 3260 2466 libidinem,
3314 2396 3422 2450 nisi
3475 2413 3544 2451 ex
3590 2397 3856 2469 volupta-

2193 2480 2373 2538 tibus,
2422 2493 2566 2547 quas
2625 2477 2914 2547 corporeis
2961 2477 3232 2531 sensibus
3281 2477 3542 2548 capiunt,
3593 2482 3847 2549 gaudere

2201 2560 2512 2616 nesciunt:
2566 2557 2791 2612 Stoicos
2841 2562 3055 2626 autem,
3106 2557 3206 2628 qui
3264 2573 3561 2614 summum
3623 2560 3847 2616 bonum

2195 2639 2454 2696 hominis
2513 2640 2571 2693 in
2622 2639 2818 2693 animo
2870 2642 3115 2709 ponunt,
3180 2639 3506 2694 secundum
3566 2641 3843 2710 spiritum

2195 2723 2427 2787 vivere;
2484 2719 2622 2790 quia
2681 2723 2736 2773 et
2788 2717 3042 2772 hominis
3083 2718 3315 2772 animus
3365 2719 3506 2790 quid
3565 2726 3682 2784 est,
3745 2719 3854 2776 nisi

2199 2801 2491 2872 spiritus?
2524 2799 2632 2852 Sed
2665 2799 2821 2853 sicut
2863 2800 3119 2869 loquitur
3165 2798 3463 2869 Scriptura
3511 2800 3737 2868 divina,
3774 2818 3854 2856 se-

2197 2883 2452 2938 cundum
2484 2895 2716 2934 carnem
2753 2879 2940 2933 vivere
2987 2881 3218 2949 utrique
3268 2885 3696 2935 monstrantur.
3728 2885 3858 2936 Car-

2197 2978 2327 3018 nem
2379 2961 2594 3031 quippe
2646 2958 2923 3030 appellat,
2973 2976 3088 3014 non
3139 2958 3325 3014 solum
3374 2976 3588 3031 corpus
3639 2961 3858 3018 terreni

2197 3047 2374 3113 atque
2408 3040 2670 3096 mortalis
2711 3041 3069 3095 animantis:
3126 3040 3300 3094 veluti
3350 3057 3484 3094 cum
3537 3041 3701 3110 dicit,
3731 3048 3858 3100 Non

2196 3124 2376 3178 omnis
2430 3138 2556 3178 caro
2612 3121 2798 3176 eadem
2845 3137 3012 3188 caro;
3054 3121 3150 3176 sed
3205 3121 3324 3176 alia
3390 3125 3612 3193 quidem
3669 3122 3854 3179 homi-

2197 3206 2308 3271 nis,
2340 3205 2456 3258 alia
2484 3213 2674 3257 autem
2704 3218 2834 3259 caro
2865 3202 3096 3273 pecoris,
3129 3201 3252 3257 alia
3283 3203 3586 3270 volucrum,
3615 3204 3735 3259 alia
3768 3204 3860 3276 pi-

2198 3285 2376 3339 scium
2410 3283 2452 3353 (Ι
2485 3285 2606 3339 Cor.
2638 3300 2729 3351 xv,
2763 3284 2852 3354 39)
2881 3300 2893 3337 :
2927 3284 3025 3337 sed
3050 3283 3180 3338 aliis
3221 3283 3421 3338 multis
3441 3284 3628 3339 modis
3668 3284 3857 3352 signi-

2200 3363 2470 3421 ﬁcatione
2503 3366 2679 3435 hujus
2714 3364 2965 3419 nominis
3009 3365 3210 3433 utitur,
3263 3365 3415 3420 inter
3460 3381 3599 3434 quos
3647 3367 3853 3422 varios

2201 3446 2512 3503 locutionis
2545 3445 2744 3499 modos
2773 3461 2917 3514 saepe
2944 3443 3119 3498 etiam
3170 3443 3362 3514 ipsum
3415 3443 3730 3510 hominem,
3787 3446 3849 3500 id

2201 3531 2289 3583 est
2319 3535 2586 3580 naturam
2621 3525 2895 3591 hominis,
2929 3539 3158 3578 carnem
3195 3529 3514 3595 nuncupat,
3547 3525 3722 3579 modo
3754 3524 3848 3581 lo-

2205 3607 2457 3662 cutionis
2491 3623 2523 3659 a
2556 3613 2710 3676 parte
2743 3607 2981 3673 totum‘,
3005 3604 3176 3674 quale
3199 3611 3310 3669 est,
3336 3607 3417 3660 Ex
3435 3606 3689 3674 operibus
3711 3607 3857 3678 legis

2203 3705 2313 3742 non
2336 3686 2744 3756 justi/imbitur
2787 3687 2966 3739 omnis
3009 3699 3136 3739 caro
3184 3684 3356 3751 (Rom.
3410 3701 3495 3750 in,
3544 3687 3657 3752 20).
3709 3685 3860 3751 Quid

2207 3769 2362 3823 enim
2398 3766 2582 3820 voluit
2611 3764 2880 3836 intelligi,
2905 3764 3013 3818 nisi
3040 3765 3233 3819 omnis
3257 3764 3430 3819 homo
3449 3763 3476 3817 ?
3501 3765 3662 3829 Quod
3690 3783 3860 3834 aper-

2208 3849 2327 3902 tius
2359 3848 2532 3917 paulo
2567 3853 2692 3916 post
2724 3846 2841 3900 ait:
2873 3848 2934 3899 In
2968 3845 3081 3915 lege
3120 3845 3649 3917 nemojustiﬁcaiur
3679 3846 3700 3880 ²
3730 3849 3863 3918 (Ga-

2210 3930 2306 3983 lat.
2343 3945 2429 3989 iu,
2461 3927 2586 3999 ll):
2621 3933 2678 3982 et
2705 3929 2772 3981 ad
2808 3925 3063 3986 Galatas.
3114 3927 3355 3982 Scientes
3394 3931 3524 3998 quia
3553 3945 3662 3985 non
3685 3933 3864 4001 justi-

2209 4011 2467 4080 ﬁcabiiur
2495 4007 2517 4042 ³
2547 4010 2704 4064 homo
2724 4025 2800 4064 ex
2827 4007 3082 4075 operibus
3113 4009 3249 4078 legis
3279 4009 3378 4080 (Id.
3406 4027 3471 4074 ιι,
3499 4011 3606 4081 16),
3631 4011 3858 4067 Secun-

2209 4093 2344 4145 dum
2397 4092 2502 4144 hoc
2549 4089 2916 4158 intelligitur,
2969 4089 3031 4143 Et
3076 4090 3300 4144 verbum
3348 4106 3474 4146 caro
3518 4093 3732 4161 factum
3779 4101 3860 4149 est

2210 4172 2389 4242 (Joan.
2423 4186 2460 4230 ι,
2498 4169 2619 4238 li):
2665 4168 2723 4224 id
2750 4173 2856 4236 est,
2891 4168 3084 4223 homo.
3133 4170 3295 4234 Quod
3350 4186 3463 4225 non
3515 4177 3666 4226 recte
3698 4175 3861 4228 acci-

2214 4252 2435 4320 pientes
2465 4248 2701 4319 quidam
2736 4249 2833 4320 (a).
2869 4255 3215 4319 putaverunt
3258 4249 3487 4305 Christo
3537 4251 3860 4308 humanam

2213 4329 2468 4384 animam
2506 4328 2779 4383 defuisse.
2816 4330 2978 4384 Sicut
3009 4329 3166 4384 enim
3198 4347 3229 4383 a
3255 4335 3375 4384 toto
3398 4348 3532 4402 pars
3551 4333 3860 4403 accipitur,

2217 4408 2316 4464 ubi
2351 4407 2546 4462 Mariae
2577 4408 2930 4480 Magdalenen
2962 4412 3140 4466 verba
3173 4411 3232 4465 in
3253 4410 3564 4482 Evangelia
3584 4412 3863 4482 leguntur

2215 4489 2486 4554 dicentis,
2517 4489 2866 4545 Absiulerunl
2898 4490 3193 4545 Dominum
3222 4506 3427 4559 meum,
3477 4501 3528 4547 ei
3556 4493 3734 4549 nescio
3768 4496 3870 4550 ubi

2211 4579 2517 4639 posuerunt
2548 4585 2673 4624 eum
2703 4569 2807 4639 (Id.
2859 4587 2952 4637 xx,
3001 4571 3133 4642 13);
3183 4586 3316 4625 cum
3363 4574 3430 4626 de
3475 4573 3600 4627 sola
3642 4573 3862 4636 Christi

2217 4665 2390 4703 carne
2421 4648 2775 4719 loqueretur,
2812 4666 2986 4721 quam
3021 4649 3306 4718 sepultam
3356 4651 3426 4706 de
3478 4659 3860 4709 monumento

2218 4729 2460 4802 putabat
2489 4728 2736 4785 ablatam
2766 4745 2778 4786 :
2815 4733 2893 4784 ita
2923 4739 2976 4786 et
3003 4747 3036 4784 a
3061 4735 3220 4800 parte
3242 4736 3448 4798 totum,
3472 4748 3645 4788 carne
3669 4733 3861 4788 nomi-

2219 4815 2354 4864 nata
2389 4809 2735 4883 intelligitur
2765 4810 2980 4876 homo;
3014 4810 3185 4866 sicuti
3231 4827 3298 4867 ea
3341 4821 3478 4867 sunt
3517 4830 3644 4884 qua:
3687 4831 3868 4886 supra

2217 4891 2820 4946 commemoravimus.

2285 4973 2338 5027 2.
2371 4973 2513 5028 Cum
2546 4972 2725 5044 igitur
2756 4970 2959 5028 multis
2992 4971 3198 5042 modis,
3241 4989 3389 5045 quos
3422 4974 3776 5044 perscrutari
3807 4979 3864 5030 et

2218 5053 2489 5124 colligere
2528 5055 2762 5124 longum
2809 5059 2918 5120 est,
2963 5051 3163 5108 divina
3207 5053 3511 5126 Scriptura
3560 5060 3859 5127 nuncupat

2253 5214 2298 5285 .1
2347 5211 2430 5287 Er.
2494 5213 2547 5260 et
2587 5207 2732 5287 L0y.,
2780 5217 3032 5287 glpart‘e.
3061 5212 3629 5287 totumjignijieans.
3681 5211 3862 5287 Abest,

2213 5274 2565 5338 signiﬁcans,
2623 5275 2689 5323 ab
2738 5273 2892 5322 editis
2942 5273 3065 5323 aliis
3123 5277 3175 5324 et
3247 5273 3368 5324 Mss.
3428 5273 3490 5324 ut
3544 5287 3734 5323 sensus
3775 5275 3863 5335 sit,

2213 5338 2369 5385 modo
2402 5337 2696 5386 locutionis
2725 5353 2864 5399 quae
2891 5337 3228 5399 appellatur,
3259 5353 3295 5384 α
3325 5347 3484 5398 parte
3519 5345 3712 5385 totum.

2277 5401 2298 5433 ²
2338 5401 2491 5464 γιον..
2547 5401 2621 5464 In,
2678 5399 2793 5462 lege
2839 5414 2949 5464 non
2986 5399 3409 5464 justiﬁeabitur
3457 5401 3642 5448 omni:
3691 5399 3864 5464 homo.

2210 5461 2351 5511 Editi
2374 5463 2469 5511 alii
2497 5466 2550 5512 et
2576 5461 2814 5522 Mss.,In
2848 5463 2963 5523 lege
3011 5461 3171 5511 nemo
3189 5463 3558 5525 justiﬁeaiur
3581 5479 3599 5523 ;
3645 5464 3751 5520 vel,
3785 5463 3874 5521 iu-

2209 5525 2566 5582 stiﬁcabitur.

2275 5588 2296 5649 ξ
2325 5588 2501 5636 Codex
2527 5587 2669 5644 2051,
2689 5586 3060 5649 justiﬁeatur.
3091 5588 3160 5638 M.

2277 5648 2351 5710 (a)
2379 5651 2804 5713 Apollinaristae.
