4136 6190
277 327 395 392 405

277 478 513 522 carnem
543 477 556 515 :
589 459 726 532 quid
762 457 834 512 sit
865 453 1185 511 secundum
1241 463 1475 504 carnem
1525 446 1714 499 vivere
1745 441 1915 513 (quod

278 549 535 616 profecto
567 521 783 595 malum
817 542 923 603 est,
956 552 1085 590 cum
1114 536 1241 603 ipsa
1261 530 1456 585 carnis
1479 531 1681 580 natura
1707 541 1818 577 non
1843 521 1921 576 sit

276 605 520 691 malum)
553 629 616 675 ut
636 620 907 688 indagare
933 615 1248 687 possimus,
1275 607 1659 680 inspiciamus
1680 605 1920 668 diligen-

274 711 358 761 ter
389 685 554 758 illum
591 685 788 755 locum
817 685 1077 768 Epistolas
1105 691 1258 748 Pauli
1279 688 1551 761 apostoli,
1577 702 1750 756 quam
1776 685 1917 738 scri-

275 787 391 860 psit
409 786 479 838 ad
513 783 770 843 Galatas,
798 779 894 834 ubi
925 779 1002 831 ait
1028 794 1040 830 :
1076 773 1366 839 Manifesta
1396 774 1581 824 autem
1610 775 1735 856 sunt
1757 780 1921 860 opera

274 845 480 930 carnis,
515 878 640 935 quae
667 871 795 916 sunt
825 856 1122 919 adulteria,
1165 854 1579 924 fornicationes,
1611 845 1918 902 immundi-

273 950 384 1010 τίω,
407 925 668 1007 luxuriae,
690 941 965 997 idolorum
985 935 1244 994 servitus,
1272 933 1552 1003 veneﬁcia,
1578 925 1918 992 inimicitias,

273 1009 658 1089 contentiones,
689 1019 1086 1082 zmalationes,
1111 1012 1509 1071 animositates.
1531 1009 1920 1069 dissensiones,

275 1109 532 1171 haereses,
565 1087 810 1168 invidiae,
842 1100 1150 1164 ebrietates,
1180 1092 1621 1154 comessationes,
1653 1093 1706 1142 et
1734 1087 1818 1141 his
1848 1088 1919 1140 si-

273 1187 476 1249 milia;
508 1168 634 1256 quae
659 1180 901 1254 praedico
929 1180 1099 1246 vobis,
1129 1178 1276 1231 sicut
1305 1181 1358 1228 et
1379 1171 1636 1242 pradixi,
1655 1168 1918 1239 quoniam

274 1271 369 1340 qui
399 1247 544 1322 talin
574 1247 767 1335 agunt,
797 1276 1029 1328 regnum
1064 1260 1157 1312 Dei
1185 1271 1297 1340 non
1336 1252 1689 1340 possidebunt
1716 1247 1920 1340 (ραιιιι.

274 1330 328 1416 i,
392 1330 628 1413 19-21).⁷
659 1347 772 1399 lste
820 1348 977 1396 totus
1031 1335 1303 1406 Epistolas
1353 1331 1692 1416 apostolicus
1735 1330 1918 1416 locus,

276 1409 573 1501 quantum
600 1425 668 1478 ad
705 1439 824 1477 rem
863 1424 1204 1491 praesentem
1237 1417 1379 1470 satis
1427 1428 1556 1467 esse
1606 1409 1919 1469 videbitur,

276 1492 701 1568 consideratus,
736 1505 944 1574 poterit
976 1503 1124 1554 hanc
1172 1497 1493 1552 dissolvere
1524 1492 1922 1561 quaestionem,

277 1592 411 1664 quid
457 1590 533 1644 sit
581 1570 907 1642 secundum
959 1595 1193 1636 carnem
1253 1578 1463 1629 vivere.
1525 1575 1591 1629 In
1652 1570 1925 1642 operibus

277 1653 527 1742 namque
558 1669 771 1730 carnis,
815 1681 941 1736 qua
993 1661 1304 1716 manifesta
1355 1671 1482 1712 esse
1525 1653 1690 1716 dixit,
1744 1664 1924 1720 eaque

281 1731 732 1810 commemorata
762 1731 1084 1806 damnavit,
1120 1757 1229 1795 non
1275 1739 1374 1792 illa
1419 1740 1647 1790 tantum
1699 1731 1924 1785 inveni-

279 1851 434 1902 mus,
470 1848 598 1903 quae
627 1830 693 1883 ad
743 1828 1094 1895 voluptatem
1145 1821 1439 1893 pertinent.
1489 1815 1704 1903 carnis,
1755 1811 1926 1900 sicuti

280 1891 894 1970 sunt'fdrnicationes,
929 1891 1338 1963 immunditiis,
1392 1895 1656 1961 luxuriae,
1689 1891 1928 1946 ebrieta-

278 1997 390 2057 tes,
425 1969 918 2052 comessationes;
945 1999 1145 2038 verum
1178 1983 1349 2036 etiam
1382 1977 1483 2032 illa
1505 1975 1719 2042 quibus
1744 1969 1925 2025 animi

278 2074 419 2130 vitia
449 2073 928 2126 demonstrantur
959 2082 990 2119 a
1015 2064 1307 2132 voluptate
1329 2057 1523 2113 carnis
1549 2055 1758 2109 aliena.
1787 2052 1928 2116 Quis

279 2155 438 2212 enim
472 2152 806 2208 servitutem
855 2164 983 2218 quas
1035 2143 1207 2198 idolis
1258 2141 1587 2200 exhibetur,
1630 2133 1926 2197 veneﬁcia,

279 2242 646 2306 inimicitias,
679 2235 1098 2300 contentiones,
1137 2228 1562 2292 mmulationes,
1593 2222 1932 2278 animosita-

282 2333 390 2388 tes,
440 2321 856 2386 dissensiones,
917 2318 1189 2376 haereses,
1239 2309 1512 2368 invidias,
1563 2321 1679 2359 non
1733 2302 1926 2372 potius

282 2404 575 2476 intelligat
603 2401 785 2457 animi
825 2381 961 2451 vitia
991 2409 1121 2449 esse
1169 2407 1344 2462 quam
1389 2385 1628 2442 carnis?
1659 2381 1934 2446 Quando-

284 2463 520 2558 quidem
546 2483 666 2538 ﬁeri
687 2481 977 2552 potest,ut
1001 2478 1235 2558 propter
1258 2467 1640 2558 idololatriam
1661 2463 1936 2518 velhaare-

287 2547 372 2622 sis
403 2563 653 2631 alicujus
685 2547 936 2614 errorem
971 2571 1004 2608 a
1048 2550 1440 2620 voluptatibus
1487 2547 1678 2602 carnis
1712 2550 1936 2611 tempe-

291 2655 494 2701 retur:
523 2621 579 2695 et
599 2648 793 2694 tamen
826 2635 997 2691 etiam
1032 2639 1172 2687 tunc
1210 2633 1401 2696 homo,
1435 2625 1706 2699 quamvis
1740 2621 1936 2676 carnis

293 2723 576 2779 libidines
606 2720 903 2775 continere
933 2721 1107 2786 atque
1130 2710 1393 2766 cohibere
1423 2709 1705 2772 videatur,
1729 2718 1934 2758 secun-

287 2803 437 2858 dum
471 2815 702 2855 carnem
737 2797 928 2851 vivere
961 2785 1066 2848 hac
1100 2789 1420 2861 apostolica
1443 2785 1785 2842 auctoritate
1807 2798 1938 2836 con-

288 2883 581 2946 vincitur;
632 2884 691 2933 et
735 2879 794 2931 in
848 2892 914 2931 eo
961 2873 1116 2946 quod
1156 2871 1411 2926 abstinet
1455 2887 1489 2922 a
1543 2865 1937 2934 voluptatibus

291 2963 503 3028 carnis,
536 2956 895 3014 damnabilia
924 2970 1096 3026 opera
1126 2953 1319 3006 carnis
1360 2964 1530 3020 agere
1569 2947 1936 3000 demonstra-

289 3047 404 3098 tur.
438 3043 578 3107 Quis
610 3020 1113 3092 inimicitias'non
1162 3033 1222 3086 in
1273 3032 1468 3086 animo
1514 3028 1723 3082 habeat
1751 3025 1779 3078 ‘I
1838 3020 1938 3077 aut

289 3124 415 3196 quis
445 3106 525 3176 ita
556 3120 845 3191 loquatur,
885 3121 949 3171 ut
978 3113 1215 3169 inimico
1246 3127 1374 3179 suo,
1424 3109 1507 3164 vel
1564 3123 1738 3179 quem
1773 3106 1938 3173 putat

289 3188 822 3269 inimicum,_dicat,
877 3198 1086 3253 Malam
1139 3209 1402 3258 carnem,
1454 3208 1520 3245 ac
1561 3207 1676 3244 non
1722 3188 1936 3258 potius,

290 3285 502 3340 Malum
535 3283 796 3338 animum
851 3280 1031 3334 habes
1081 3279 1387 3331 adversum
1441 3289 1533 3326 me
1563 3270 1591 3324 σε
1641 3270 1938 3324 Postremo

289 3368 440 3422 sicut
471 3363 866 3424 carnalitates,
903 3365 966 3413 ut
997 3359 1076 3411 ita
1108 3356 1322 3420 dicam,
1373 3353 1424 3408 si
1477 3352 1609 3422 quis
1650 3349 1934 3410 audisset,

289 3463 401 3501 non
429 3447 754 3499 dubitasset
805 3439 961 3495 carni
1010 3438 1301 3501 tribuere;
1353 3434 1435 3487 ita
1486 3446 1654 3484 nemo
1703 3426 1939 3481 dubitat

285 3527 683 3582 animositates
715 3523 785 3576 ad
821 3521 1085 3575 animum
1123 3515 1446 3586 pertinere:
1503 3527 1606 3563 cur
1640 3523 1778 3578 ergo
1815 3506 1939 3559 haec

285 3606 482 3663 omnia
503 3609 560 3660 et
593 3605 680 3658 his
711 3600 928 3657 similia
961 3603 1171 3653 Doctor
1199 3595 1471 3648 Gentium
1501 3591 1558 3643 in
1613 3589 1725 3642 ﬁde
1756 3594 1810 3641 et
1844 3601 1941 3640 ve-

286 3689 452 3744 ritate
482 3703 651 3757 opera
683 3683 873 3738 carnis
905 3678 1177 3751 appellat,
1207 3676 1312 3730 nisi
1346 3673 1482 3745 quia
1511 3687 1578 3726 eo
1607 3669 1940 3723 locutionis

285 3772 478 3836 modo,
513 3749 626 3840 quo
658 3770 843 3820 totum
879 3749 1244 3832 signiﬁcatur
1289 3774 1321 3840 a
1355 3757 1554 3840 parte,
1602 3751 1800 3822 ipsum
1833 3749 1938 3805 ho-

289 3834 505 3907 minem
529 3834 658 3903 'vult
695 3845 930 3900 nomine
961 3841 1154 3897 carnis
1183 3834 1476 3907 intelligi?

285 4006 518 4064 CAPUT
545 4005 639 4062 Ill.
660 4034 728 4045 —
753 4002 973 4059 Peccati
988 4015 1213 4055 causam
1230 4013 1302 4051 ex
1321 3994 1532 4059 anima,
1555 4007 1670 4045 non
1690 4007 1759 4046 ex
1773 4006 1938 4044 carne

294 4097 306 4106 δ
355 4085 647 4158 prodiisse,
691 4088 744 4140 et
780 4080 1192 4152 corruptionem
1232 4093 1302 4131 ea:
1327 4078 1551 4146 peccato
1580 4075 1934 4137 contractam,

355 4184 464 4223 non
495 4175 776 4238 peccatum
804 4178 936 4227 esse,
967 4159 1057 4214 sed
1093 4173 1330 4227 poenam.

359 4309 410 4362 t.
442 4305 602 4369 Quod
647 4304 695 4358 si
736 4300 1048 4372 quisquam
1079 4297 1240 4365 dicit,
1276 4308 1507 4350 carnem
1541 4305 1774 4346 causam
1807 4304 1935 4344 esse

286 4386 345 4442 in
369 4385 540 4441 malis
563 4369 826 4438 moribus
849 4391 1355 4450 quorumcumque
1372 4377 1665 4437 vitiorum,
1686 4386 1751 4426 eo
1782 4369 1933 4438 quod

286 4468 482 4524 anima
508 4480 678 4520 carne
711 4463 912 4517 allecto.
938 4460 1022 4514 sic
1053 4458 1224 4525 vivit;
1261 4457 1512 4527 profecto
1550 4469 1663 4508 non
1707 4451 1934 4506 univer-

286 4564 410 4604 sam
438 4544 676 4602 boninis
706 4548 975 4598 naturam
1013 4538 1325 4609 diligenter
1353 4533 1617 4590 advertit.
1649 4532 1788 4587 Nam
1811 4547 1936 4586 cor-

282 4644 385 4701 pus
413 4627 648 4698 quidem
671 4621 1030 4692 corruptibite
1075 4622 1333 4701 aggravet
1371 4618 1623 4701 animam
1665 4613 1818 4701 lSap.
1855 4629 1931 4678 ix,

288 4693 394 4780 15).
431 4693 593 4764 Unde
622 4708 793 4760 etiam
826 4703 982 4758 idem
1014 4698 1314 4780 apostolus
1345 4695 1624 4780 agens‘de
1665 4693 1774 4748 hoc
1804 4709 1934 4780 cor-2

287 4773 545 4860 ru'ptibili
581 4801 838 4857 corpore,
883 4785 953 4837 de
997 4797 1112 4851 quo
1146 4777 1318 4850 paulo
1351 4782 1482 4860 ante
1518 4777 1766 4860 dixerat,
1813 4773 1935 4827 Etsi

285 4853 531 4927 exterior
559 4853 714 4923 homo
752 4869 936 4920 noster
973 4861 1351 4930 corrumpitur
1390 4858 1462 4928 (II
1505 4855 1624 4909 Cor.
1680 4869 1754 4916 1v,
1808 4853 1927 4924 l6):

284 4955 519 5018 Scimus,
543 4950 641 5019 inq
653 4948 758 5010 uit,
781 4946 915 5016 quia
934 4942 986 4998 si
1007 4953 1229 4998 terrena
1264 4947 1452 4993 nostra
1472 4935 1661 4990 domus
1703 4933 1928 4988 habita-

287 5031 452 5088 tionis
483 5014 516 5064 "
561 5014 914 5092 dissolvatur,
956 5021 1375 5091 ediﬁcationem
1414 5016 1672 5071 habemus
1703 5029 1774 5069 ea:
1805 5014 1928 5079 Deo,

287 5114 502 5168 domum
530 5125 639 5166 non
679 5108 1064 5175 manufactam
1103 5107 1368 5159 aeternam
1415 5102 1472 5152 in
1514 5097 1685 5152 catis.
1718 5097 1930 5150 Etenim

285 5194 343 5249 in
365 5195 462 5248 hoc
491 5189 928 5262 ingemiscimus,
968 5185 1348 5262 habitaculum
1383 5183 1630 5234 nostrum
1672 5178 1818 5262 quod
1860 5178 1929 5230 de

285 5275 408 5330 caelo
439 5281 517 5328 est
552 5255 878 5341 superindai
918 5263 1230 5336 cupientes:
1266 5260 1319 5316 si
1359 5264 1545 5315 tamen
1581 5261 1632 5311 et
1665 5255 1850 5311 induti
1880 5255 1923 5322 2,

344 5485 362 5518 ί
388 5482 541 5538 Editi,
569 5479 744 5538 hujus
796 5473 1167 5525 habitatiOnis.
1217 5472 1394 5538 Abest,
1443 5469 1639 5530 hujus,
1678 5482 1710 5519 α
1737 5481 1922 5518 manu-

285 5548 490 5658 ’(⁵ῗὲιὲ
509 5546 636 5654 fit:
1053 5536 1336 5654 Affsetglilti,
1380 5595 1430 5645 si
1474 5603 1658 5645 tamen
1686 5592 1878 5644 induti
1908 5607 1922 5650 ;

289 5671 496 5732 omisso,
515 5677 593 5738 et.
813 5696 822 5700 -

1454 311 1684 372 LIBER
1729 304 2099 380 QUARTUS
2143 303 2373 366 DEClM
2387 306 2503 365 US.

3557 300 3675 361 406

2032 455 2142 496 non
2191 439 2350 507 nudi,
2388 438 2766 496 inveniamur.
2811 439 3027 494 Etenim
3067 440 3166 509 Qui
3202 454 3389 492 sumus
3424 440 3436 473 ¹
3491 440 3547 492 in
3577 440 3678 493 hac

2035 521 2395 581 habitatione,
2428 519 2838 589 ingemiscimus
2869 524 3126 588 gravati:
3162 535 3220 574 eo
3252 519 3390 590 quod
3419 523 3678 573 nolumus

2032 600 2358 668 exspoliari,
2398 601 2490 654 sed
2516 599 2891 662 supervestiri,
2926 609 2982 653 ut
3014 600 3364 654 absorbeatur
3392 600 3620 652 mortale
3645 616 3680 652 τι

2035 686 2147 738 vita
2179 683 2246 741 ;Il
2283 683 2404 737 Cor.
2438 699 2492 742 v,
2532 682 2667 751 1-4).
2703 681 2766 734 Et
2797 681 3680 751 aggravamurergocoruptibili

2034 779 2293 831 corpore,
2326 769 2381 815 et
2406 761 2587 830 ipsius
2623 761 3049 831 aggravationis
3082 777 3339 820 causam.
3376 777 3488 814 non
3523 765 3683 814 natu-

2034 860 2157 897 ram
2193 842 2708 911 substantiamque
2748 843 3029 908 corporis,
3070 841 3169 894 sed
3206 841 3332 909 ejus
3369 839 3685 911 corruptio-

2034 939 2167 978 nem
2190 923 2461 987 scientes,
2482 920 2758 975 nolumus
2781 936 3020 989 corpore
3050 920 3384 989 exspoliari,
3417 921 3515 974 sed
3557 920 3686 990 ejus

2035 1001 2465 1057 immortalitate
2505 999 2724 1055 vestiri.
2771 1000 2839 1053 Et
2895 1006 3033 1054 tunc
3074 1001 3230 1055 enim
3274 1001 3386 1052 erit
3430 999 3532 1069 (a),
3584 999 3684 1053 sed

2037 1083 2176 1156 quia
2204 1082 2580 1153 corruptibile
2617 1097 2729 1136 non
2763 1079 2892 1143 erit,
2927 1097 3041 1135 non
3082 1079 3365 1152 gravabit.
3411 1081 3684 1146 Aggravat

2035 1180 2172 1234 ergo
2204 1179 2356 1218 nunc
2386 1162 2628 1215 animam
2675 1177 2870 1231 corpus
2917 1159 3304 1231 corruptibile,
3336 1164 3390 1213 et
3431 1159 3689 1227 deprimit

2037 1250 2256 1301 terrena
2309 1243 2639 1298 inhabitatio
2685 1259 2906 1296 sensum
2949 1243 3129 1296 multa
3163 1241 3497 1308 cogitantem
3535 1239 3685 1309 (Sap.

2035 1344 2114 1388 ιχ.
2150 1327 2256 1396 15).
2282 1325 2693 1379 Verumtamen
2725 1325 2818 1392 qui
2845 1325 3038 1379 omnia
3061 1324 3269 1377 animae
3295 1322 3445 1376 mala
3467 1337 3534 1375 ex
3559 1336 3687 1376 cor-

2039 1424 2175 1480 pore
2199 1412 2405 1474 putant
2427 1407 2732 1468 accidisse,
2758 1408 2812 1458 in
2842 1421 3033 1458 errore
3065 1410 3206 1458 sunt
3235 1403 3274 1458 ².

2106 1491 2160 1544 2.
2203 1490 2479 1552 Quamvis
2529 1488 2683 1540 enim
2729 1487 3006 1557 Virgilius
3040 1485 3396 1540 Platonicam
3427 1484 3691 1537 videatur

2036 1569 2352 1625 luculentis
2397 1567 2660 1622 versibus
2701 1567 2990 1638 explicare
3031 1567 3402 1629 sententiam,
3446 1565 3686 1619 dicens:

2097 1697 2285 1758 lgneus
2313 1697 2395 1744 est
2423 1695 2544 1744 ollis
2576 1696 2596 1729 ³
2627 1695 2780 1756 vigor
2807 1695 2861 1741 et
2889 1693 3118 1758 omlestis
3145 1693 3294 1754 origo

2099 1755 2416 1814 Seminibus,
2450 1755 2710 1820 quantum
2740 1770 2848 1805 non
2880 1757 3049 1820 noxia,
3070 1768 3290 1817 corpora
3321 1755 3550 1808 tardant,

2099 1823 2415 1883 Terrenique
2448 1819 2700 1870 hebetant
2728 1823 2876 1869 artus
2902 1819 3324 1880 moribundaque
3352 1819 3626 1875 membra;

2039 1956 2361 2012 omnesque
2391 1939 2520 1993 illas
2554 1939 2889 1993 notissimas
2920 1943 3169 2008 quatuor
3188 1936 3367 1990 animi
3389 1936 3690 2006 perturba-

2038 2021 2249 2089 tiones,
2282 2019 2682 2086 cupiditatem,
2715 2019 3008 2084 timorem,
3048 2017 3331 2078 laatitiam,
3369 2016 3690 2082 tristitiam,

2041 2101 2205 2171 quasi
2233 2099 2486 2170 origines
2505 2098 2768 2153 omnium
2803 2103 3167 2167 peccatorum
3209 2099 3385 2164 atque
3417 2095 3685 2150 vitiorum

2043 2178 2238 2312 solertis
2271 2178 2514 2248 intelligi
2569 2193 2636 2231 ex
2662 2191 2902 2246 corpore
2950 2173 3236 2238 accidere,
3282 2173 3602 2242 subjungat
3631 2175 3690 2226 et

2087 2272 2172 2312 ica
2204 2299 2219 2312 .

2087 2258 2219 2326 icat,

2107 2384 2238 2433 Hinc
2258 2384 2504 2432 metuunt
2517 2380 3042 2443 cupiuntqueaiolent
3061 2379 3516 2439 gaudentquemec
3535 2388 3694 2426 auras

2109 2446 2434 2509 Suspiciunt,
2465 2446 2678 2509 clausae
2710 2443 2957 2509 tenebris
2973 2445 3028 2491 et
3046 2453 3452 2509 carcerghcga‘co:

2529 2506 2775 2569 (JEneid.
2809 2506 2902 2554 tib.
2931 2505 2979 2566 6,
3021 2519 3160 2552 vers.
3191 2501 3442 2563 730-734).

2045 2638 2240 2692 tamen
2277 2635 2440 2689 aliter
2471 2649 2534 2688 se
2571 2632 2747 2687 habet
2792 2631 2934 2686 fides
2973 2639 3189 2685 nostra.
3237 2630 3380 2684 Nam
3407 2626 3695 2696 corruptio

2046 2716 2328 2785 corporis,
2361 2729 2486 2785 quas
2515 2715 2793 2783 aggravet
2820 2711 3099 2774 animam,
3132 2725 3240 2762 non
3267 2707 3485 2778 peccati
3519 2705 3691 2775 primi

2047 2802 2352 2862 estcausa,
2371 2793 2472 2848 sed
2495 2809 2662 2862 pmna
2689 2807 2702 2856 ;
2730 2807 2832 2846 nec
2855 2807 2988 2845 caro
3011 2787 3410 2858 corruptibilis
3433 2787 3690 2841 animam

2048 2876 2449 2946 peccatricem,
2472 2873 2566 2925 sed
2589 2873 2787 2926 anima
2807 2869 3092 2942 peccatrix
3117 2869 3250 2922 fecit
3269 2883 3396 2922 esse
3414 2864 3697 2935 corrupti-

2045 2945 2222 3013 bilem
2259 2969 2514 3008 carnem.
2548 2953 2626 3006 Ex
2656 2969 2765 3019 qua
2796 2948 3165 3020 corruptione
3194 2947 3387 3003 carnis
3421 2947 3553 3002 licet
3582 2945 3696 3000 exi-

2046 3045 2200 3093 stant
2232 3035 2495 3105 quaedam
2547 3033 2920 3086 incitamenta
2948 3029 3247 3097 vitiorum,
3299 3032 3353 3082 et
3387 3027 3506 3097 ipsa
3538 3026 3694 3080 desi-

2046 3116 2204 3172 deria
2224 3116 2434 3168 Vitiosa
2457 3129 2598 3167 :non
2619 3117 2806 3166 tamen
2835 3111 3028 3165 omnia
3051 3111 3177 3162 vitae
3202 3109 3413 3178 iniquae
3436 3106 3694 3162 vitialri-

2045 3196 2278 3252 buenda
2311 3203 2446 3248 sunt
2476 3194 2658 3255 carni,
2713 3208 2785 3246 ne
2816 3195 2886 3245 ab
2920 3192 3010 3244 his
3056 3189 3333 3244 omnibus
3374 3202 3691 3259 purgemus

2048 3277 2366 3338 diabolum,
2401 3276 2498 3346 qui
2533 3292 2646 3329 non
2683 3273 2854 3326 habet
2884 3288 3140 3326 carnem.
3173 3271 3460 3324 Etsienim
3493 3269 3692 3322 diabo-

2046 3357 2140 3412 lus
2188 3345 2502 3410 fornicator
2549 3354 2635 3406 vel
2667 3353 2950 3418 ebriosus,
2985 3351 3067 3404 vel
3102 3353 3150 3405 si
3183 3350 3319 3419 quid
3357 3345 3691 3417 hujusmodi

2051 3436 2184 3494 mali
2219 3444 2307 3490 est
2337 3435 2490 3505 quod
2521 3435 2591 3487 ad
2645 3431 2833 3486 carnis
2890 3430 3139 3500 pertinet
3183 3429 3528 3497 voluptates,
3580 3443 3693 3481 non

2050 3522 2241 3590 potest
2263 3515 2399 3578 dici,
2425 3529 2556 3567 cum
2581 3512 2655 3564 sit
2677 3511 2851 3564 etiam
2879 3509 3076 3562 talium
3102 3515 3464 3578 peccatorum
3489 3520 3697 3558 suasor

2047 3584 2102 3652 et
2130 3594 2441 3662 instigator
2467 3591 2732 3644 occultus
2761 3605 2773 3643 :
2804 3592 2893 3641 est
2913 3593 3108 3639 tamen
3135 3585 3380 3640 maxime
3408 3584 3695 3650 superbus

2048 3683 2227 3746 atque
2261 3672 2516 3726 invidus.
2552 3669 2688 3730 Quae
2711 3668 2876 3721 illum
2903 3665 3186 3720 vitiositas
3219 3665 3301 3717 sic
3324 3662 3602 3724 obtinuit,
3636 3668 3698 3714 ut

2046 3742 2278 3829 propter
2298 3752 2449 3806 hanc
2472 3756 2626 3804 esset
2645 3749 2703 3803 in
2725 3746 3053 3803 carceribus
3081 3744 3380 3814 caliginosi
3406 3742 3580 3810 hujus
3600 3757 3697 3795 ae-

2046 3820 2125 3893 ris
2154 3820 2364 3889 interno
2397 3829 2688 3900 supplicio
2719 3827 3044 3882 destinatus
3065 3825 3313 3895 (b).Haec
3331 3830 3522 3876 autem
3557 3820 3697 3876 vitia

2045 3935 2173 3990 quae
2205 3919 2405 3970 tenent
2434 3912 2493 3965 in
2526 3909 2754 3964 diabolo
2802 3907 3214 3990 principatum,
3256 3905 3450 3959 carnis
3496 3903 3698 3957 tribuit

2044 3983 2382 4070 Apostolus,
2416 4007 2588 4063 quam
2618 3995 2836 4044 certum
2871 3987 3277 4042 estdiabolum
3312 4000 3425 4039 non
3458 3983 3691 4038 habere.

2049 4064 2194 4134 Dicit
2225 4081 2400 4144 enim,
2425 4071 2785 4129 inimicitias.
2819 4074 3244 4131 contentiones,
3269 4064 3695 4127 emulationes,

2044 4159 2469 4219 animositates,
2499 4150 2772 4214 invidias,
2807 4165 2979 4220 Opera
3021 4163 3146 4202 esse
3187 4145 3375 4201 carnis
3405 4144 3603 4214 (lia/at.
3637 4159 3692 4208 v,

2039 4241 2229 4311 20-21)
2261 4253 2541 4310 :quorum
2568 4231 2832 4287 omnium
2860 4228 3141 4284 malorum
3174 4233 3351 4295 caput
3381 4231 3554 4295 atque
3575 4222 3691 4276 ori-

2042 4339 2114 4392 go
2147 4303 2415 4392 super-hia
2459 4325 2570 4387 est,
2595 4332 2721 4388 quin
2754 4312 2880 4367 sine
2919 4324 3089 4363 carne
3105 4311 3304 4373 regnat
3333 4305 3392 4360 in
3435 4303 3629 4358 diabol
3675 4345 3690 4361 .

2043 4386 2180 4468 Quis
2202 4386 2395 4455 autem
2423 4400 2519 4455 illo
2542 4386 2631 4454 est
2653 4392 2946 4450 inimicior
2967 4389 3185 4445 sanctis
3207 4386 3234 4442 ?
3257 4387 3388 4457 quis
3420 4386 3692 4440 adversus

2041 4467 2140 4538 eos
2165 4480 2596 4544 contentiosior,
2616 4474 2932 4533 animosior
2951 4475 3008 4525 et
3028 4468 3213 4539 magis
3244 4467 3490 4521 aemulus
3521 4469 3692 4532 atque

2042 4563 2276 4618 invidus
2320 4559 2660 4616 invenitur?
2693 4557 2758 4611 Et
2790 4555 2908 4609 haec
2937 4550 3135 4606 omnia
3157 4565 3289 4603 cum
3320 4546 3528 4601 habeat
3562 4545 3690 4598 sine

2040 4658 2234 4711 carne,
2289 4639 2574 4712 quomodo
2615 4645 2750 4695 sunt
2781 4636 2895 4689 ista
2938 4647 3110 4700 opera
3145 4628 3357 4691 carnis,
3399 4625 3511 4679 nisi
3553 4624 3689 4694 quia

2038 4704 2381 4794 opera'suht
2413 4721 2689 4785 hominis,
2726 4730 2916 4784 quem,
2949 4713 3101 4764 sicut
3134 4709 3272 4772 dixi,
3308 4704 3539 4758 nomine
3569 4719 3690 4755 car-

2038 4789 2128 4858 nis
2168 4801 2468 4873 appellat?
2515 4799 2637 4854 Non
2693 4795 2849 4850 enim
2878 4789 3165 4873 habendo
3215 4798 3471 4873 carnem:
3509 4796 3683 4848 quam

2037 4900 2150 4939 non
2202 4858 2378 4936 habet
2432 4875 2739 4938 diabolus;
2800 4870 2895 4923 sed
2947 4864 3190 4918 vivendo
3244 4858 3569 4939 secundum
3621 4874 3683 4912 se

2035 4965 2253 5036 ipsum,
2286 4963 2390 5014 hoc
2411 4963 2498 5013 est
2515 4953 2829 5010 secundum
2864 4945 3179 5006 hominem,
3210 4938 3682 5029 t'aclusestbomo

2035 5016 2252 5101 similis
2303 5035 2572 5094 diabolo:
2623 5031 2759 5102 quia
2788 5033 2844 5084 et
2873 5025 2970 5083 ille
3008 5023 3336 5080 secundum
3376 5034 3440 5074 se
3483 5016 3682 5088 ipsum

2098 5344 2112 5378 ί
2147 5339 2303 5395 Editi,
2334 5333 2593 5399 quamdiu
2623 5344 2842 5399 sumus.
2875 5325 3062 5399 Varius
3097 5325 3241 5382 Mss,
3273 5321 3371 5388 qui
3398 5331 3614 5368 sumus.

2093 5403 2115 5437 ²
2145 5403 2238 5452 Hic
2266 5389 2453 5461 inéipit
2479 5398 2639 5461 caput
2666 5393 2882 5461 tertium
2910 5391 2967 5440 in
2993 5389 3116 5439 Mss.

2094 5466 2115 5500 ³
2146 5465 2317 5513 Nostri
2347 5457 2660 5519 Mssq‘illis.
2691 5457 2763 5507 M.

2067 5550 2072 5556 -
2094 5528 2162 5590 (α)
2196 5525 2427 5590 Supple._
2443 5537 2658 5590 corpus.

2093 5570 2163 5651 ibi
2195 5570 2490 5638 (Ionivlibf
2515 5570 2582 5651 de
2624 5586 2803 5651 agone
2847 5579 3059 5651 Christ,
3095 5591 3186 5626 nn.
3235 5575 3333 5635 35,
3373 5574 3428 5624 et
3486 5570 3578 5622 lib.
3611 5571 3677 5622 de

2025 5639 2157 5702 Nat.’
2177 5651 2304 5701 Boni
2324 5653 2510 5702 contra
2537 5639 2784 5705 Manich"
2805 5657 2917 5706 cap.
2948 5639 3027 5690 33.
