4138 6192
380 296 496 358 4οἹ

381 429 570 484 vivere
589 425 797 496 voluit,
825 427 1058 498 quando
1090 427 1147 481 in
1169 426 1410 482 veritate
1434 443 1545 481 non
1579 427 1733 482 stetit
1758 443 1771 494 ;
1806 430 1871 480 ut
1912 441 2024 480 non

379 512 448 567 de
471 511 592 579 Dei,
617 509 721 564 sed
749 511 818 562 de
849 525 976 574 suo,
1007 507 1365 562 mendacium
1389 507 1742 580 loqueretur,
1777 507 1873 577 qui
1907 523 2024 562 non

387 592 579 647 solum
632 589 900 654 mendax,
954 603 1154 644 verum
1200 588 1370 642 etiam
1408 589 1694 644 mendacii
1745 595 1906 659 pater
1952 591 2037 642 est

387 677 569 746 (Joan.
601 688 724 736 vm,
758 671 870 740 44).
923 669 1156 724 Primus
1187 675 1276 724 est
1309 671 1525 743 quippe
1565 673 1862 740 mentitus,
1911 675 1968 726 et
2006 686 2040 724 a

388 769 504 825 quo
538 756 866 822 peccatum,
901 750 972 805 ab
1007 750 1103 806 illo
1126 754 1297 821 ccepit
1325 768 1449 807 esse
1481 752 1864 807 mendacium.

390 877 619 936 CAPUT
647 876 736 932 IV.
773 905 840 917 ——
871 875 1008 944 Quid
1055 877 1128 931 sit
1157 877 1454 932 secundum
1500 879 1796 944 hominem,
1847 875 2040 948 quidve

848 959 1148 1011 secundum
1179 958 1351 1011 Deum
1373 961 1568 1015 vivere.

465 1060 513 1112 1.
540 1059 684 1112 Cum
712 1074 848 1128 ergo
871 1059 1008 1112 vivit
1031 1058 1200 1113 homo
1225 1058 1541 1114 secundum
1575 1059 1896 1126 hominem,
1923 1073 2038 1112 non

392 1141 717 1198 secundum
750 1139 956 1207 Deum,
992 1140 1200 1196 similis
1231 1152 1312 1195 est
1347 1141 1594 1199 diabolo.
1628 1141 1768 1208 Quia
1800 1155 1905 1196 nec
1935 1157 2040 1194 an-

395 1223 523 1295 gelo
555 1221 880 1276 secundum
906 1220 1201 1292 angelum,
1233 1223 1332 1278 sed
1366 1226 1689 1279 secundum
1732 1223 1916 1277 Deum
1959 1220 2041 1276 vi-

395 1302 650 1357 vendum
682 1302 811 1370 fuit,
846 1308 909 1356 ut
927 1309 1100 1357 staret
1149 1302 1207 1358 in
1244 1304 1505 1366 veritate,
1557 1309 1614 1360 et
1642 1303 1936 1358 veritatem
1973 1301 2042 1354 de

397 1382 576 1450 illius,
603 1400 718 1438 non
742 1384 810 1438 de
833 1400 940 1438 suo
962 1383 1328 1439 mendacium
1356 1383 1704 1455 loqueretur.
1729 1383 1874 1438 Nam
1897 1385 1952 1436 et
1974 1381 2043 1436 de

397 1463 635 1520 homine
657 1463 768 1520 alio
800 1465 922 1519 loco
953 1463 1104 1518 idem
1139 1464 1434 1535 apostolus
1449 1465 1549 1533 ait,
1570 1465 1626 1520 Si
1644 1467 1827 1520 autem
1841 1461 2042 1517 veritas

397 1544 494 1599 Dei
513 1544 573 1599 in
595 1559 712 1599 meo
758 1545 1040 1599 mendacio
1080 1545 1376 1600 abundavit
1403 1545 1771 1617 (Rom.1n,7).
1809 1541 2040 1598 Meum‘

397 1623 544 1678 dixit
590 1624 978 1692 mendacium,
1004 1625 1299 1680 veritatem
1331 1624 1454 1680 Dei.
1487 1626 1628 1681 Cum
1669 1625 1866 1694 itaque
1905 1622 2045 1678 vivit

397 1703 572 1758 homo
607 1704 928 1758 secundum
951 1702 1278 1774 veritatem,
1313 1722 1427 1760 non
1469 1706 1604 1760 vivit
1634 1702 1949 1760 secundum
1984 1718 2045 1757 se

391 1783 608 1854 ipsum,
625 1783 722 1838 sed
741 1784 1060 1838 secundum
1085 1783 1290 1840 Deum.
1312 1785 1465 1842 Deus
1481 1790 1570 1842 est
1587 1785 1744 1840 enim
1761 1785 1859 1855 qui
1880 1783 2044 1852 dixit,

394 1864 506 1934 Ego
533 1879 654 1917 sum
704 1863 910 1917 veritas
955 1864 1134 1931 (Joan.
1162 1880 1282 1932 x1v,
1318 1867 1395 1936 6).
1430 1867 1573 1920 Cum
1617 1881 1748 1920 vero
1790 1865 1928 1918 vivit
1956 1881 2046 1919 se-

393 1944 653 2000 cundum
691 1959 752 1998 se
783 1944 1002 2014 ipsum,
1038 1943 1143 1998 hoc
1208 1951 1297 2000 est
1346 1949 1665 2001 secundum
1723 1945 2044 2013 hominem,

395 2041 512 2080 non
562 2026 884 2078 secundum
913 2025 1116 2091 Deum,
1166 2028 1416 2096 profecto
1440 2027 1762 2082 secundum
1802 2027 2044 2081 menda-

397 2105 552 2160 cium
576 2107 744 2159 vivit:
773 2121 882 2158 non
906 2106 1042 2175 quia
1066 2106 1236 2162 homo
1257 2107 1378 2176 ipse
1403 2108 1772 2162 mendacium
1790 2113 2045 2173 est,cum

401 2188 478 2241 sit
505 2185 630 2254 ejus
659 2189 866 2240 auctor
895 2191 952 2240 et
983 2190 1206 2240 creator
1245 2186 1420 2255 Deus,
1453 2188 1550 2258 qui
1581 2204 1694 2243 non
1726 2192 1815 2242 est
1847 2189 2050 2257 utique

406 2269 608 2320 auctor
633 2269 972 2335 creatorque
1004 2265 1321 2336 mendacii;
1357 2269 1456 2323 sed
1483 2269 1617 2338 quia
1632 2268 1801 2323 homo
1829 2268 1906 2322 ita
1927 2268 2053 2322 fac—

407 2351 502 2400 tus
519 2351 603 2400 est
626 2349 906 2413 rectus,ut
929 2361 1040 2399 non
1063 2352 1384 2401 secundum
1411 2349 1702 2417 seipsum,
1727 2350 1824 2404 sed
1847 2364 2052 2404 secun-

407 2424 546 2479 dum
597 2439 728 2478 eum
759 2439 792 2478 a
837 2440 950 2494 quo
990 2424 1174 2480 factus
1205 2431 1314 2496 est,
1369 2427 1618 2494 viveret;
1653 2429 1709 2483 id
1739 2433 1846 2495 est,
1897 2427 2054 2484 illius

406 2503 625 2574 potius,
672 2519 850 2574 quam
883 2520 1051 2559 suam
1097 2507 1310 2563 faceret
1354 2508 1750 2564 voluntatem:
1791 2524 1908 2564 non
1948 2525 2052 2564 au-

406 2587 520 2640 tem
581 2587 660 2639 ita
706 2586 915 2650 vivere,
968 2588 1463 2656 quemadmodum
1504 2595 1593 2645 est
1647 2590 1834 2645 factus
1871 2595 1934 2644 ut
1963 2591 2051 2644 vi-

407 2672 580 2732 veret,
614 2664 720 2720 hoc
752 2670 808 2720 et
839 2666 1227 2722 mendacium.
1255 2669 1466 2726 Beatus
1498 2671 1710 2742 quippe
1749 2669 1871 2725 vult
1899 2685 2047 2736 esse,

405 2743 580 2798 etiam
614 2760 729 2798 non
763 2745 845 2798 sic
875 2745 1118 2802 vivendo
1151 2753 1214 2802 ut
1246 2750 1430 2819 possit
1460 2766 1606 2806 esse.
1641 2751 1787 2816 Quid
1821 2756 1909 2806 est
1936 2751 2051 2805 ista

405 2821 701 2877 voluntate
720 2825 1060 2881 mendacius
1091 2827 1117 2880 ?
1143 2827 1303 2884 Unde
1328 2847 1442 2885 non
1466 2832 1675 2885 frustra
1695 2831 1806 2885 dici
1841 2835 2048 2899 potest,

402 2917 575 2958 omne
604 2907 902 2974 peccatum
935 2921 1062 2961 esse
1095 2910 1485 2965 mendacium.
1516 2910 1806 2966 Nonenim
1841 2911 1904 2964 ﬁt
1927 2927 2050 2980 pec-

402 2988 621 3051 catum,
651 2983 764 3038 nisi
808 3001 873 3039 ea
902 2987 1213 3056 voluntate,
1247 3008 1358 3059 qua
1393 2991 1661 3047 volumus
1691 2996 1755 3046 ut
1800 2991 1942 3046 bene
1972 2993 2049 3046 sit

402 3063 592 3132 nobis,
625 3063 711 3119 vel
742 3065 1013 3123 nolumus
1049 3074 1109 3123 ut
1141 3070 1288 3124 male
1320 3072 1397 3124 sit
1427 3073 1614 3129 nobis.
1641 3073 1786 3143 Ergo
1811 3071 2048 3127 menda-

399 3144 557 3200 cium
603 3151 713 3209 est,
762 3148 912 3216 quod
957 3165 1091 3203 cum
1133 3149 1234 3204 ﬁat
1277 3157 1339 3204 ut
1371 3151 1516 3206 bene
1563 3154 1638 3207 sit
1678 3153 1869 3221 nobis,
1909 3152 2046 3208 hinc

398 3225 589 3296 potius
624 3226 762 3280 mali
795 3233 880 3282 cst
914 3228 1118 3296 nobis;
1171 3231 1256 3284 vel
1297 3247 1426 3285 cum
1476 3233 1576 3286 fiat
1624 3239 1683 3287 ut
1724 3233 1934 3287 melius
1965 3233 2045 3288 sit

401 3306 584 3373 nobis,
628 3305 764 3360 hinc
796 3307 989 3377 potius
1031 3309 1192 3379 pejus
1223 3315 1311 3364 est
1342 3311 1530 3366 nobis.
1570 3311 1729 3368 Unde
1769 3313 1900 3374 hoc,
1933 3313 2045 3368 nisi

400 3387 534 3458 quia
558 3388 628 3442 de
663 3389 773 3442 Deo
805 3393 994 3459 potest
1025 3389 1168 3445 bene
1215 3407 1342 3446 esse
1384 3392 1616 3460 homini,
1661 3411 1832 3464 quem
1863 3394 2046 3450 delin-

400 3469 626 3538 quendo
658 3468 900 3536 deserit;
927 3486 1037 3525 non
1063 3471 1132 3526 de
1162 3488 1223 3528 se
1253 3472 1401 3544 ipso,
1426 3476 1745 3531 secundum
1765 3492 1936 3548 quem
1965 3475 2048 3530 vi-

400 3549 585 3602 vendo
617 3550 953 3620 delinquit?

467 3631 519 3682 2.
555 3629 710 3693 Quod
739 3629 934 3700 itaque
970 3631 1249 3701 diximus,
1282 3635 1416 3690 hinc
1447 3637 1737 3693 exstitisse
1783 3637 2045 3694 civitates

398 3709 545 3764 duas
579 3711 832 3766 diversas
863 3710 1013 3768 inter
1056 3731 1118 3770 se
1157 3724 1331 3786 atque
1372 3719 1718 3786 contrarias,
1761 3720 1912 3788 quod
1947 3718 2044 3772 alii

396 3789 720 3845 secundum
767 3807 1023 3862 carnem,
1061 3793 1157 3848 alii
1210 3797 1536 3852 secundum
1586 3799 1857 3868 spiritum
1902 3798 2046 3850 vive-

401 3875 566 3937 rent;
593 3874 780 3940 potest
807 3874 983 3927 etiam
1018 3873 1129 3930 isto
1167 3877 1338 3930 modo
1378 3878 1490 3930 dici
1513 3877 1669 3948 quod
1700 3876 1797 3931 alii
1836 3892 2043 3932 secun-

395 3951 529 4006 dum
561 3951 886 4021 hominem,
918 3953 1015 4006 alii
1047 3957 1363 4009 secundum
1404 3958 1576 4010 Deum
1609 3959 1821 4011 vivant.
1863 3961 2042 4024 Aper-

397 4029 629 4086 tissime
676 4032 892 4102 quippe
941 4030 1156 4086 Paulus
1205 4035 1276 4087 ad
1317 4033 1650 4090 Corinthios
1699 4035 1872 4090 dicit:
1908 4034 2043 4090 Cum

396 4112 547 4166 enim
576 4115 728 4167 inter
749 4127 841 4165 vos
871 4115 982 4167 sint
1006 4114 1284 4169 inmutatio
1315 4120 1363 4168 et
1394 4117 1685 4184 contentio,
1727 4131 1905 4171 nonne
1925 4132 2043 4170 car-

400 4191 553 4243 nales
582 4193 733 4254 estis,
763 4195 813 4245 et
838 4193 1137 4247 secundum
1178 4193 1459 4249 hominem
1505 4195 1803 4251 ambulatis
1841 4197 1882 4267 (Ι
1918 4199 2037 4254 Cor.

400 4285 484 4333 ιιι,
501 4268 598 4339 3)?
616 4271 774 4334 Quod
794 4287 930 4340 ergo
953 4277 1039 4326 est
1056 4274 1356 4329 ambulare
1379 4277 1694 4330 secundum
1721 4276 2039 4348 hominem,

401 4349 507 4432 hoc
537 4356 623 4432 est
656 4365 780 4432 esse
809 4351 1100 4432 carnalem
1127 4378 1140 4416 ;
1174 4357 1327 4425 quod
1353 4373 1385 4409 a
1423 4358 1679 4422 carne,id
1711 4365 1797 4414 est
1819 4378 1851 4415 a
1882 4369 2041 4432 parte

398 4425 672 4515 hominis,
726 4428 1312 4515 intelligi‘tur‘homo.
1355 4437 1595 4493 Eosdem
1627 4437 1787 4512 ipsos
1826 4425 2042 4515 quippe

399 4506 544 4591 dixit
575 4507 844 4591 superius
887 4511 1190 4584 animales,
1235 4533 1377 4587 quos
1417 4523 1617 4590 postea
1646 4506 2042 4591 carnalem-ita

395 4586 644 4674 loquens
669 4603 681 4642 :
719 4588 852 4674 Quis
884 4593 1034 4674 enim
1053 4596 1174 4662 scit,
1210 4586 1433 4667 inquit,
1453 4599 1738 4656 hominum
1761 4619 1884 4674 quae
1909 4586 2042 4660 sunt

396 4667 652 4737 hominis,
678 4673 811 4754 nisi
840 4673 1074 4744 spiritus
1115 4676 1367 4746 hominis,
1409 4679 1508 4752 qui
1536 4683 1596 4735 in
1636 4667 1858 4754 ipso'est
1897 4685 2042 4741 ?Sic

398 4757 449 4804 et
495 4765 617 4820 qua
661 4752 759 4834 Dei
804 4759 954 4822 sunt,
1004 4773 1164 4813 nemo
1195 4762 1299 4816 scit
1345 4761 1459 4816 nisi
1505 4752 1742 4834 Spiritus
1787 4767 1896 4822 Dei.
1933 4768 2042 4822 Nos

395 4835 605 4898 autem,
657 4831 872 4918 inquit,
913 4853 1024 4892 non
1073 4841 1335 4911 spiritum
1373 4831 1553 4914 hujus
1585 4846 1781 4901 mundi
1831 4849 2042 4918 accepi-

400 4928 548 5000 mus,
580 4913 671 5000 sed
700 4913 968 4986 Spiritum
997 4922 1092 4992 qui
1118 4937 1189 4980 ea:
1235 4925 1338 4980 Deo
1369 4913 1470 4994 est,
1510 4931 1573 4980 ut
1601 4927 1838 4982 sciamus
1859 4913 1980 5000 quae
2008 4945 2043 4984 a

398 4993 518 5077 Deo,
555 4993 760 5077 donata
802 5008 929 5053 sunt
977 5002 1133 5057 nobis
1161 5021 1182 5066 ,-
1231 5020 1353 5074 quae
1399 4993 1463 5060 et
1495 5007 1796 5077 loquimur,
1835 4993 1942 5064 non
1983 5009 2043 5063 in

397 5076 690 5160 sapientia:
705 5076 986 5160 humanae
1013 5084 1130 5136 doct
1142 5085 1187 5140 is
1227 5086 1423 5152 verbis,
1464 5076 1566 5142 sed
1589 5089 1756 5144 doctis
1773 5090 1978 5160 spiritu
1999 5092 2040 5155 ²,

396 5156 794 5234 spiritualibus
817 5161 1138 5228 spiritualia
1158 5175 1552 5234 comparantes.
1574 5156 1842 5224 Animalis
1859 5175 2044 5225 autem

401 5232 555 5289 homo
584 5251 692 5290 non
726 5240 952 5308 percipit
981 5255 1108 5309 qua
1136 5232 1530 5314 suanSpirilus
1547 5247 1638 5301 Dei
1663 5265 1675 5302 :
1709 5247 1945 5304 stultitia
1967 5259 2044 5305 est

463 5379 478 5412 ί
506 5376 628 5427 Mss.
663 5392 674 5426 :
713 5380 993 5434 Nostrum.

691 5444 744 5517 et
788 5445 1072 5517 Ιξιεεηῃεεά
1136 5449 1278 5517 docti
1304 5451 1606 5517 _8piritus;
1659 5458 1876 5517 excepto
1927 5456 2047 5506 Col-

402 5497 822 5579 liertinoﬂ‘veteri
860 5497 1053 5579 codice,
1091 5513 1196 5579 qui
1229 5497 1420 5579 habet,
1451 5497 1552 5565 sed
1589 5497 2043 5579 boéiii'fe'jﬁriizl‘;

409 5562 850 5679 Exﬁoggigzum,
874 5571 973 5619 all’
1003 5562 1068 5620 en
1103 5562 1405 5625 diductoisii
1439 5562 2045 5643 pro-quo'iiulg‘atmseci

1445 293 1545 353 DE
1591 290 1952 353 CIVITATE
1997 289 2154 359 DEI,
2201 293 2264 350 S.
2307 234 2740 356 ,AUGUSTINI

3674 294 3787 356 408

2136 425 2288 480 enim
2309 427 2398 482 illi
2417 431 2461 497 (Ι
2487 429 2604 484 Cor.
2641 445 2700 498 ιι,
2736 429 2941 500 11ο14).
2974 428 3216 485 Talibus
3239 427 3444 499 igitur,
3467 428 3524 484 id
3548 433 3637 485 est
3667 430 3792 486 ani-

2137 506 2410 574 malibus,
2444 507 2617 579 paulo
2660 514 2788 577 post
2818 509 2979 574 dicit,
3005 511 3068 563 Et
3095 523 3213 579 ego,
3250 513 3471 580 fratres,
3501 526 3611 566 non
3639 511 3796 581 potui

2142 587 2292 658 loqui
2333 591 2482 644 vobis
2511 591 2672 660 quasi
2699 589 3107 659 spiritualibus,
3137 593 3238 644 sed
3272 591 3433 662 quasi
3469 593 3795 650 carnalibus

2141 668 2250 735 (ld.
2283 684 2382 735 ιιι,
2420 670 2492 740 1).
2521 671 2582 724 Et
2604 669 2749 724 illud
2772 687 2839 725 ex
2860 671 2970 725 hoc
2991 671 3192 725 eodem
3216 669 3491 736 loquendi
3514 673 3686 729 modo
3704 674 3795 729 in-

2140 747 2438 819 telligitur,
2458 751 2513 804 id
2538 755 2627 805 est
2649 755 2660 786 ¹
2681 769 2711 804 a
2731 755 2889 821 parte
2907 751 3192 806 totum.Et
3210 752 3282 807 ab
3299 752 3495 807 anima
3517 769 3792 824 namque,

2142 833 2198 884 et
2219 847 2252 882 a
2283 846 2477 895 carne,
2504 847 2631 902 qua:
2663 837 2805 886 sunt
2836 838 3028 901 partes
3064 830 3339 897 hominis,
3391 838 3576 903 potest
3607 840 3794 889 totum

2144 909 2490 979 signiﬁcari,
2521 912 2670 977 quod
2703 917 2792 965 est
2825 913 2995 966 homo
3024 930 3039 980 ;
3073 921 3246 982 atque
3277 912 3355 966 ita
3387 929 3501 967 non
3523 919 3610 968 est
3633 913 3797 970 aliud

2144 989 2420 1044 animalis
2451 990 2646 1059 homo,
2679 989 2834 1046 aliud
2861 991 3141 1059 carnalis;
3174 991 3273 1046 sed
3298 991 3451 1047 idem
3485 994 3680 1063 ipsum
3707 997 3797 1048 est

2147 1073 2550 1142 utrumque,id
2567 1078 2676 1140 est,
2709 1075 3028 1127 secundum
3054 1072 3347 1127 hominem
3372 1073 3566 1129 vivens
3599 1075 3796 1131 homo.

2145 1152 2308 1206 Sicut
2340 1170 2452 1207 non
2486 1153 2642 1208 aliud
2684 1169 2856 1224 quam
2893 1153 3154 1208 homines
3185 1153 3617 1224 significantur,
3671 1157 3797 1210 sive

2145 1233 2244 1286 ubi
2295 1233 2528 1305 legitur,
2561 1239 2644 1291 Bx
2673 1233 2935 1300 operibus
2966 1235 3097 1305 tegis
3125 1249 3232 1289 non
3257 1234 3800 1304 justiﬁcabilurom-

2145 1315 2231 1368 nis
2258 1329 2382 1370 caro
2403 1315 2576 1383 (Rom.
2615 1331 2698 1381 ιιι,
2729 1315 2820 1386 20)
2849 1330 2861 1369 ;
2887 1314 3006 1369 sive
3035 1314 3187 1384 quod
3213 1313 3498 1385 scriptum
3521 1323 3627 1382 est,
3661 1315 3798 1386 Sep-

2145 1397 2405 1464 tuaginta
2444 1393 2685 1466 quinque
2707 1394 2910 1450 animm
2941 1394 3019 1465 (a)
3048 1393 3444 1450 descenderunt
3471 1412 3596 1450 cum
3626 1395 3799 1452 Iacob

2145 1474 2206 1528 in
2233 1476 2502 1546 Egyptum
2533 1475 2683 1546 (Gen.
2717 1491 2863 1542 XLVI,
2893 1476 3005 1545 27).
3036 1474 3104 1529 Et
3125 1474 3203 1529 ibi
3235 1475 3392 1530 enim
3426 1491 3526 1546 per
3565 1492 3800 1532 omnem

2148 1569 2382 1609 carnem
2415 1556 2608 1610 omnis
2630 1555 2824 1623 homo,
2849 1559 2906 1610 et
2925 1555 3005 1609 ibi
3029 1569 3131 1626 per
3152 1557 3522 1626 septuaginta
3537 1556 3802 1628 quinque

2147 1637 2372 1690 animas
2403 1635 2772 1706 septuaginta
2813 1636 3070 1706 quinque
3117 1633 3383 1690 homines
3429 1634 3801 1707 intelligitur.

2150 1720 2217 1771 Et
2239 1716 2395 1786 quod
2425 1718 2643 1772 dictum
2668 1721 2775 1786 est,
2794 1719 2913 1772 Non
2945 1719 3003 1770 in
3021 1717 3308 1786 sapientia
3338 1716 3602 1774 humanae
3631 1717 3804 1774 doctis

2151 1797 2348 1862 verbis,
2382 1798 2571 1868 potuit
2600 1797 2733 1863 diei,
2768 1795 2896 1851 Non
2917 1797 2975 1850 in
2998 1795 3295 1864 sapientiai
3326 1796 3607 1853 carnalis:
3651 1799 3804 1853 sicut

2152 1877 2306 1946 quod
2366 1879 2584 1932 dictum
2626 1884 2732 1942 est,
2774 1876 3085 1932 Secundum
3127 1877 3404 1932 hominem
3464 1880 3798 1947 ambulatis;

2153 1956 2337 2026 potuit
2369 1955 2503 2021 dici,
2537 1956 2868 2012 Secundum
2902 1971 3162 2010 carnem.
3213 1955 3398 2027 Magis
3447 1961 3641 2012 autem
3689 1958 3801 2015 hoc

2154 2039 2423 2108 apparuit
2445 2053 2500 2091 In
2527 2037 2617 2092 his
2640 2036 3124 2108 quassubjunxit:
3153 2037 3288 2092 Cum
3315 2041 3462 2092 enim
3480 2041 3596 2111 quis
3625 2040 3798 2107 dicat,

2155 2117 2261 2188 Ego
2289 2134 2412 2172 sum
2446 2118 2640 2178 Pauli;
2670 2118 2818 2172 alius
2846 2124 3054 2183 autem,
3089 2118 3197 2186 Ego
3231 2117 3460 2188 Apollo:
3490 2135 3667 2174 nonne
3687 2120 3798 2173 ho-

2155 2203 2333 2255 mines
2355 2199 2488 2255 estis
2517 2200 2562 2270 (Ι
2599 2201 2720 2257 Cor.
2762 2215 2848 2265 ιιι,
2877 2200 2931 2268 4)
2964 2197 2990 2253 7
3037 2199 3196 2263 Quod
3231 2199 3478 2267 dicebat,
3505 2201 3798 2255 Animales

2156 2281 2306 2347 estis,
2339 2286 2416 2348 et,
2460 2281 2724 2336 Carnutes
2755 2283 2882 2336 estis
2909 2297 2930 2342 ;
2981 2279 3312 2351 expressius
3346 2279 3510 2346 dixit,
3547 2282 3801 2336 Homines

2157 2365 2321 2419 estis:
2363 2363 2517 2435 quod
2556 2371 2662 2430 est,
2705 2363 3039 2417 Secundum
3083 2360 3380 2416 hominem
3432 2360 3640 2428 vivitis,
3681 2377 3801 2418 non

2158 2445 2480 2498 secundum
2510 2445 2722 2510 Deum;
2747 2441 3068 2498 secundum
3103 2457 3270 2512 quem
3311 2441 3363 2496 si
3394 2440 3683 2511 viveretis,
3717 2441 3799 2496 dii

2158 2525 2388 2581 essetis.

2157 2701 2392 2758 CAPUT
2432 2700 2479 2755 V
2513 2741 2524 2753 .
2559 2733 2627 2741 —
2672 2698 2824 2768 Quod
2865 2698 2930 2753 de
2967 2699 3209 2769 corporis
3258 2699 3570 2770 animasque
3604 2703 3811 2753 natura

2226 2781 2576 2839 tolerabilior
2603 2782 2829 2852 quidem
2855 2778 3273 2835 Platonicorum
3293 2795 3459 2848 quam
3479 2778 3810 2836 Manichaeo-

2226 2881 2350 2918 rum
2378 2867 2451 2918 sit
2481 2864 2704 2933 opinio;
2735 2861 2826 2917 sed
2869 2869 2917 2915 et
2957 2860 3068 2930 ipsi
3101 2861 3480 2931 reprobantur,
3531 2862 3807 2931 quoniam

2227 2947 2484 3000 vitiorum
2512 2958 2702 2999 causas
2723 2950 2942 2997 natura:
2969 2943 3155 2996 carnis
3177 2940 3526 2996 adscribunt.

2151 3083 2273 3137 Non
2304 3080 2476 3149 igitur
2503 3093 2647 3149 opus
2678 3082 2766 3132 est
2797 3077 2853 3131 in
2889 3075 3137 3146 peccatis
3167 3066 3440 3145 vitiisque
3483 3076 3700 3131 nostris
3735 3076 3806 3132 ad

2152 3162 2435 3217 Creatoris
2481 3160 2756 3230 injuriam
2807 3158 2995 3212 carnis
3029 3173 3307 3212 accusare
3339 3162 3631 3225 naturam,
3673 3173 3808 3228 qua

2151 3243 2211 3298 in
2239 3256 2448 3314 genere
2493 3247 2668 3310 atque
2707 3239 2911 3293 ordine
2942 3255 3046 3293 suo
3081 3238 3230 3292 bona
3261 3242 3386 3292 est:
3420 3238 3516 3292 sed
3569 3238 3804 3292 deserto

2151 3326 2418 3382 Creatore
2440 3321 2804 3384 bono,vivere
2824 3320 3145 3374 secundum
3164 3323 3419 3374 creatum
3438 3319 3806 3386 bonum,non

2153 3405 2508 3469 estbonum;
2537 3401 2654 3456 sive
2675 3401 2923 3470 quisque
2937 3399 3259 3454 secundum
3293 3414 3549 3465 carnem,
3571 3397 3691 3452 sive
3713 3413 3810 3453 se-

2153 3487 2409 3540 cundum
2433 3481 2714 3545 animam,
2755 3480 2873 3533 sive
2902 3478 3224 3532 secundum
3263 3483 3450 3533 totum
3494 3477 3810 3548 hominem,

2154 3566 2253 3637 qui
2283 3568 2509 3618 constat
2539 3578 2605 3616 ex
2637 3560 2830 3615 anima
2863 3563 2920 3613 et
2951 3575 3121 3612 carne
3153 3558 3332 3629 (unde
3363 3563 3421 3637 et
3453 3557 3687 3612 nomine
3717 3574 3813 3613 so-

2155 3636 2268 3701 lius
2297 3645 2527 3707 animae,
2559 3652 2611 3695 et
2645 3641 2878 3696 nomine
2911 3638 3094 3693 solius
3125 3637 3317 3693 carnis
3351 3636 3669 3707 signiﬁcari
3709 3647 3811 3709 po-

2153 3729 2310 3796 test),
2334 3725 2510 3797 eligat
2531 3723 2734 3777 vivere.
2770 3719 2912 3777 Nam
2937 3719 3038 3791 qui
3063 3719 3217 3774 velut
3245 3734 3547 3774 summum
3580 3719 3810 3775 bonum

2152 3807 2352 3861 laudat
2375 3809 2579 3861 anima;
2606 3807 2964 3867 naturam,et
2989 3810 3269 3870 tanquam
3295 3797 3512 3854 malum
3535 3803 3808 3853 naturam

2149 3887 2341 3941 carnis
2371 3887 2626 3948 accusat,
2661 3883 2911 3954 profecto
2959 3885 3018 3934 et
3047 3881 3304 3934 animam
3347 3877 3660 3934 carnaliter
3701 3896 3807 3950 ap-

2150 3969 2312 4038 petit,
2345 3971 2402 4021 et
2432 3979 2665 4020 carnem
2715 3959 3022 4016 carnaliter
3060 3959 3250 4031 fugit:
3297 3958 3577 4030 quoniam
3621 3958 3683 4014 id
3712 3975 3810 4014 va-

2149 4049 2328 4104 nitate
2347 4047 2526 4102 sentit
2555 4046 2833 4109 bumana,
2854 4059 2968 4097 non
2995 4041 3240 4095 veritate
3263 4040 3482 4095 divina.
3527 4040 3652 4095 Non
3680 4041 3810 4112 qui-

2149 4130 2282 4185 dem
2333 4125 2635 4193 Platonici,
2684 4122 2838 4178 sicut
2878 4120 3180 4177 Manichaei
3221 4119 3538 4189 desipiunt,
3574 4125 3639 4176 ut
3676 4127 3808 4176 tan-

2149 4225 2320 4279 quam
2348 4206 2485 4262 mali
2505 4210 2769 4260 naturam
2792 4207 3024 4258 terrena
3048 4217 3290 4271 corpora
3323 4201 3686 4256 detestentur
3706 4201 3806 4272 (b);

2150 4305 2283 4344 cum
2316 4289 2512 4343 omnia
2542 4283 2847 4351 elementa,
2871 4281 3086 4354 quibus
3111 4282 3218 4337 iste
3251 4282 3510 4336 mundus
3553 4281 3806 4337 visibilis

2151 4365 2697 4432 contrectabilisque
2741 4367 3083 4434 compactos
3107 4369 3210 4428 est,
3249 4360 3684 4432 qualitatesque
3706 4376 3810 4416 eo-

2151 4465 2276 4506 rum
2311 4454 2425 4502 Deo
2457 4444 2662 4500 artiﬁci
2687 4444 2975 4498 tribuant.
3006 4441 3400 4497 Verumtatem
3445 4456 3515 4495 ex
3555 4441 3811 4497 terrenis

2148 4529 2389 4585 artubus
2420 4524 2908 4594 moribundisque
2939 4521 3220 4577 membris
3252 4521 3338 4577 sic
3371 4519 3521 4576 afﬁci
3575 4522 3807 4577 animas

2150 4611 2486 4683 opinantur,
2522 4611 2588 4662 ut
2641 4605 2778 4660 hinc
2824 4604 2908 4660 eis
2950 4604 3068 4658 sint
3097 4601 3283 4657 morbi
3317 4600 3713 4683 cupiditatum
3754 4605 3813 4658 et

2153 4681 2428 4749 timorum
2463 4687 2755 4746 etletitiie
2804 4686 2924 4741 sive
2977 4683 3261 4739 tristitiae:
3297 4681 3507 4753 quibus
3554 4687 3812 4754 quatuor

2150 4773 2238 4829 vel
2254 4768 2878 4845 perturbationibus,ut
2894 4765 3091 4821 Cicero
3107 4763 3806 4845 appellat(Tuscul.quaest.

2153 4843 2504 4923 lib.iti,cap.)
2542 4850 2628 4904 vel
2660 4845 3051 4919 passionibus,
3085 4849 3150 4898 ut
3185 4843 3465 4923 plerique,
3501 4843 3752 4899 verbum
3778 4859 3810 4900 e

2151 4936 2327 4991 verbo
2349 4922 2536 5005 graneo
2559 4928 2893 5000 exprimunt
2912 4925 3007 4996 (c),
3030 4923 3222 4980 omnis
3245 4922 3644 4978 humanorum
3677 4939 3810 4980 mo-

2221 5146 2235 5178 1
2268 5141 2411 5194 Mss,
2443 5138 2532 5186 Ex
2577 5136 2675 5184 hoc
2726 5133 2907 5182 eodem
2935 5129 3196 5194 loquendi
3241 5128 3416 5186 modo,
3469 5127 3529 5177 id
3555 5137 3639 5178 est
3663 5145 3683 5189 ;
3715 5143 3813 5181 nec

2153 5205 2372 5259 habent,
2405 5197 2770 5258 intelligitur.
2799 5238 2802 5240 η

2217 5270 2297 5332 (a)
2337 5254 2900 5332 Sequitur-editionem
2928 5257 3054 5304 LXX
3087 5256 3467 5332 Interpretunl.
3496 5254 3648 5332 liam
3679 5255 3812 5332 Vul-

2153 5319 2488 5394 gata'nostra
2528 5336 2636 5394 non
2674 5322 2852 5394 plures
2874 5333 3059 5394 ⁸(ιιιαιιι
3108 5319 3447 5394 septuaginta
3472 5319 3704 5394 animus
3734 5333 3813 5394 re-

2155 5382 2348 5444 censet.
2397 5387 2630 5438 Tametsi
2675 5382 2815 5433 liber
2859 5384 3084 5431 Aetnam
3132 5382 3522 5444 Apostolorum,
3583 5395 3677 5444 vn,
3731 5382 3810 5439 14,

2154 5443 2316 5505 habet
2347 5453 2553 5502 animas
2582 5447 2917 5511 septuaginta
2943 5443 3196 5508 quinque:
3239 5445 3367 5494 Vide
3403 5443 3565 5501 intra,
3595 5443 3692 5493 lib.
3732 5444 3809 5501 16,

2156 5534 2269 5569 can.
2292 5516 2371 5566 40.

2219 5535 2467 5641 ῗὸῗὲὸιιί.
2503 5575 2596 5626 lib.
2632 5573 2954 5641 de__I_iaeres..
2985 5571 3130 5641 haeg.
3162 5569 3240 5618 46.

2218 5631 2288 5706 (ο)
2314 5641 2464 5691 Cont.
2495 5651 2670 5702 supra,
2701 5636 2794 5686 lib.
2829 5634 2876 5693 8,
2907 5648 3020 5697 cap.
3055 5632 3130 5694 17,
3161 5646 3215 5682 ιι.
3251 5631 3294 5681 1.
