4138 6192
278 319 392 380 409

273 535 427 624 quod
454 536 660 624 {Eneas
693 542 848 624 apud
880 543 1202 615 Virgilium,
1236 564 1372 604 cum
1404 535 1667 607 audisset
1688 535 1728 607 ιι
1761 559 1922 624 patre

276 616 428 702 apud
462 617 701 702 inijeros,
733 621 960 680 animas
999 642 1204 682 rursus
1234 629 1304 683 ad
1348 616 1917 702 oorporaredituras,

274 694 426 752 hanc
456 697 793 770 opinionem
826 704 1093 773 miratur,
1128 694 1496 766 exclamans:

273 857 510 937 ape-ter,
542 874 684 937 anno
709 865 918 937 aliquas
946 869 1014 917 ad
1033 871 1225 937 ccelum
1255 873 1381 922 hinc
1406 873 1484 923 ire
1512 877 1812 937 putandum
1839 881 1920 929 est

275 921 539 994 §nblimes
567 921 1114 994 animae-iterumque
1144 936 1212 983 ad
1238 921 1391 985 tarda
1416 921 1612 988 ίένέτῖἰ

274 984 505 1049 Corpora
533 997 552 1036 ?
585 988 726 1048 Quae
752 992 889 1042 lucis
917 984 1124 1046 miseris
1153 999 1264 1047 tam
1292 984 1408 1050 dira
1435 984 1628 1064 cupido
1648 1011 1668 1050 ?

803 1082 1043 1146 (zEneid.
1082 1086 1174 1136 tib.
1203 1088 1252 1146 6,
1283 1104 1424 1139 vers.
1450 1090 1701 1155 719-721.)

267 1219 705 1310 Numquidnam
763 1228 890 1285 hmo
947 1235 1066 1288 tam
1121 1235 1248 1291 dira
1295 1238 1504 1310 cupido
1553 1257 1620 1294 ex
1668 1241 1914 1298 terrenis

265 1306 516 1362 artubus
551 1309 1038 1384 moribundisque
1066 1317 1347 1374 membris
1371 1306 1572 1376 adhuc
1605 1321 1754 1376 inest
1782 1323 1916 1376 ani-

265 1404 496 1469 marum
544 1388 630 1444 illi
692 1392 1182 1460 praedicatissima:
1245 1399 1528 1469 puritati?
1584 1401 1788 1456 Nonne
1841 1404 1913 1458 ab

263 1468 599 1551 hujusmodi
647 1475 962 1542 corporeis,
1014 1484 1074 1530 ut
1125 1468 1284 1544 dicit,
1327 1481 1591 1551 pestibus
1640 1482 1911 1541 omnibus

267 1566 364 1607 eas
414 1550 624 1606 asserit
670 1569 797 1636 esse
841 1560 1132 1626 purgatas,
1185 1550 1340 1615 cum"
1369 1577 1573 1618 rursus
1621 1563 1912 1636 incipiunt

265 1629 325 1713 in
356 1646 602 1713 corpora
632 1631 774 1688 velle
807 1636 1064 1691 reverti?
1110 1636 1270 1694 Unde
1321 1641 1631 1713 colligitur,
1678 1629 1909 1700 etiamsi

263 1710 339 1765 ita
374 1727 438 1767 se
470 1711 734 1782 haberet,
783 1715 933 1784 quod
980 1721 1069 1772 est
1113 1719 1351 1776 omnino
1389 1710 1796 1794 vanissimum,
1828 1726 1908 1780 vi-

263 1789 462 1846 cissim
495 1791 794 1849 alternans
840 1795 1267 1854 incessabiliter
1310 1803 1576 1858 euntium
1607 1789 1792 1876 atque
1813 1823 1904 1862 re-

258 1872 564 1930 deuntium
596 1874 928 1932 animarum
980 1878 1285 1936 mundatio
1315 1885 1373 1936 et
1409 1872 1754 1956 inquinatio,
1785 1903 1903 1943 non

259 1952 520 2022 potuisse
565 1957 846 2010 veraciter
902 1956 1059 2031 dici,
1097 1974 1301 2015 omnes
1357 1952 1680 2032 culpabiles
1728 1952 1904 2038 atque

255 2031 497 2088 vitiosos
522 2041 714 2090 motus
735 2037 1065 2093 animarum
1089 2040 1170 2094 eis
1199 2056 1265 2095 ex
1293 2031 1538 2100 terrenis
1567 2031 1903 2118 corporibus

255 2111 607 2196 inolescere:
660 2115 969 2196 siquidem
1035 2121 1361 2175 secundum
1425 2123 1585 2192 ipsos
1653 2111 1770 2196 illa,
1837 2133 1904 2184 ut

252 2189 488 2247 locutor
519 2193 731 2248 nobilis
781 2197 881 2266 ait,
915 2198 1041 2253 dira
1091 2200 1305 2270 cupido
1357 2189 1539 2273 usque
1591 2189 1901 2262 adeo'non

246 2277 343 2326 est
373 2290 443 2327 ex
473 2290 734 2344 corpore,
776 2280 841 2330 ut
883 2277 953 2331 ab
995 2279 1156 2334 omni
1199 2297 1475 2352 corporea
1513 2289 1673 2354 peste
1706 2288 1722 2321 ¹
1767 2303 1903 2356 pur-

247 2358 479 2423 gatam,
513 2360 568 2408 et
597 2361 758 2436 extra
789 2373 959 2413 omne
980 2375 1192 2430 corpus
1216 2366 1471 2418 animam
1501 2368 1898 2436 constitutam,

242 2430 450 2513 ipsam
469 2435 785 2513 compellat
815 2453 942 2492 esse
973 2439 1032 2494 in
1065 2455 1321 2511 corpore.
1356 2441 1521 2498 Unde
1551 2445 1748 2513 etiam,
1782 2430 1899 2504 illis

241 2511 594 2596 fatentibus,
642 2531 756 2571 non
789 2533 856 2574 ex
896 2535 1071 2574 carne
1101 2527 1326 2577 tantum
1375 2524 1630 2580 afﬁcitur
1677 2511 1896 2596 anima,

239 2593 317 2674 ut
371 2592 588 2662 cupiat,
648 2600 891 2667 metuat,
942 2598 1192 2670 laetetur,
1243 2609 1516 2673 aegrescat
1575 2604 1634 2674 2;
1692 2592 1894 2665 verum

241 2672 423 2730 etiam
453 2690 524 2730 ex
553 2691 614 2732 se
645 2677 776 2750 ipsa
805 2679 898 2736 bis
923 2687 1112 2753 potest
1141 2672 1394 2742 motibus
1424 2672 1652 2758 agitari.

240 2853 478 2910 CAPUT
513 2855 606 2911 VI.
639 2885 703 2898 —
737 2858 811 2913 De
840 2860 1106 2930 qualitate
1153 2863 1454 2919 voluntatis
1484 2865 1762 2935 humanm,
1791 2871 1891 2924 sub

313 2935 404 3003 cui
411 2950 470 2989 us
488 2935 699 3007 judicio
718 2937 1034 3010 aﬂectiones
1057 2942 1237 2998 animi
1260 2948 1358 2998 aut
1384 2961 1568 3016 prava:
1589 2946 1890 3018 habentur,

309 3023 410 3070 aut
440 3022 620 3072 rectm.

311 3176 565 3237 Interest
595 3186 792 3240 autem
814 3183 1008 3257 qualis
1039 3185 1115 3242 sit
1137 3188 1402 3245 volunlas
1435 3190 1718 3250 hominis:
1750 3192 1886 3261 quia

241 3262 288 3321 si
319 3279 589 3336 perversa
631 3271 745 3335 est,
796 3283 1094 3338 perversos
1140 3269 1371 3325 habebit
1416 3273 1522 3327 hos
1570 3283 1796 3341 motus;
1832 3275 1883 3330 si

241 3353 436 3403 autem
472 3352 627 3401 recta
673 3351 784 3416 est,
835 3365 950 3404 non
997 3349 1186 3405 solum
1231 3351 1635 3425 inculpabiles,
1678 3372 1880 3411 verum

237 3428 413 3482 etiam
469 3425 786 3483 laudabiles
841 3433 1032 3484 erunt.
1085 3429 1363 3487 Voluntas
1413 3439 1503 3488 est
1551 3434 1766 3506 quippe
1821 3437 1882 3490 in

239 3508 545 3564 omnibus:
583 3507 702 3562 imo
731 3524 934 3564 omnes
981 3509 1125 3565 nihil
1154 3511 1312 3566 aliud
1345 3529 1520 3582 quam
1554 3514 1882 3570 voluntates

235 3594 394 3644 sunt.
447 3587 590 3643 Nam
626 3589 762 3657 quid
795 3597 880 3644 est
915 3590 1207 3659 cupiditas
1255 3596 1311 3646 et
1352 3591 1573 3656 laetitia,
1621 3593 1734 3648 nisi
1783 3609 1882 3648 vo-

233 3667 433 3724 luntas
465 3669 525 3723 in
557 3685 756 3724 eorum
797 3671 1240 3726 consensionem
1270 3670 1293 3704 ³
1323 3688 1447 3742 quae
1486 3673 1802 3728 volumus?
1829 3680 1884 3730 et

233 3750 368 3818 quid
421 3753 513 3803 est
563 3753 755 3804 metus
803 3758 976 3820 atque
1025 3751 1282 3818 tristitia,
1348 3751 1460 3806 nisi
1508 3753 1776 3809 voluntas
1820 3753 1880 3810 in

233 3827 666 3884 dissensionem
701 3827 771 3884 ab
801 3828 894 3884 his
925 3845 1051 3900 quas
1097 3831 1410 3885 nolumus?
1441 3830 1551 3886 Sed
1583 3845 1716 3886 cum
1749 3848 1884 3888 con-

233 3908 523 3964 sentimus
573 3910 898 3980 appetendo
945 3925 1011 3964 ea
1050 3925 1178 3980 quae
1222 3909 1512 3976 volumus,
1553 3913 1874 3984 cupiditas;

233 4004 364 4044 cum
397 3994 596 4044 autem
629 3989 1030 4044 consentimus
1054 3989 1295 4045 fruendo
1319 3990 1411 4046 his
1431 4008 1557 4062 quas
1591 3991 1875 4065 volumus,

232 4069 430 4125 latitia
477 4073 739 4125 vocatur.
791 4069 1054 4142 itemque
1109 4086 1244 4125 cum
1293 4071 1675 4128 dissentimus
1705 4077 1777 4130 ab
1810 4090 1876 4130 eo

232 4151 384 4222 quod
418 4151 684 4207 accidere
723 4149 1021 4216 nolumus,
1065 4149 1200 4206 talis
1229 4151 1500 4208 voluntas
1532 4157 1721 4209 metus
1749 4163 1873 4225 est;

231 4244 362 4287 cum
416 4236 616 4286 autem
680 4232 1059 4287 dissentimus
1107 4232 1178 4287 ab
1226 4248 1292 4288 eo
1342 4235 1494 4305 quod
1546 4233 1878 4293 nolentibus

233 4312 468 4380 accidit,
504 4311 636 4367 talis
665 4311 938 4367 voluntas
977 4311 1215 4367 tristitia
1260 4320 1366 4369 est.
1400 4313 1470 4368 Et
1499 4316 1740 4372 omnino
1773 4334 1874 4389 pro

231 4395 511 4449 varietate
542 4409 735 4448 rerum
781 4409 909 4464 quas
951 4399 1307 4465 appetuntur
1345 4403 1518 4469 atque
1551 4399 1874 4468 fugiuntur,

227 4473 376 4529 sicut
407 4473 669 4530 allicitur
707 4473 790 4529 vel
837 4474 1145 4530 oil‘enditur
1174 4476 1442 4532 voluntas
1475 4477 1754 4546 hominis,
1795 4480 1876 4536 ita

226 4550 279 4606 in
314 4554 420 4610 hos
454 4553 541 4609 vel
587 4553 719 4610 illos
751 4553 991 4609 affectus
1035 4560 1288 4610 mutatur
1316 4564 1370 4611 et
1415 4560 1679 4614 vertitur.
1726 4559 1876 4623 Qua-

228 4641 463 4704 propter
492 4633 668 4690 homo
700 4635 795 4705 qui
827 4635 1148 4690 secundum
1175 4637 1377 4705 Deum,
1407 4653 1520 4692 non
1552 4639 1875 4695 secundum

227 4713 529 4772 hominem
576 4715 735 4785 vivit,
767 4721 994 4788 oportet
1039 4721 1100 4772 ut
1132 4717 1210 4772 sit
1249 4722 1475 4773 amator
1514 4719 1690 4773 boni:
1725 4722 1876 4775 unde

227 4793 288 4850 iit
315 4813 693 4870 consequens
724 4801 789 4852 ut
818 4797 1034 4853 malum
1066 4795 1270 4852 oderit.
1296 4801 1364 4852 Et
1393 4800 1671 4868 quoniam
1703 4814 1875 4856 nemo

227 4879 454 4945 natura,
504 4879 601 4934 sed
653 4877 923 4949 quisquis
963 4876 1153 4932 malus
1201 4881 1311 4944 est,
1363 4877 1499 4932 vitio
1533 4877 1722 4934 malus
1750 4883 1873 4936 est:

227 4958 553 5026 perfectum
586 4959 786 5013 odium
833 4957 1002 5026 (Psal.
1049 4972 1314 5022 cxxxvut,
1354 4958 1446 5027 22)
1480 4958 1652 5014 debet
1685 4959 1873 5030 malis,

228 5037 322 5106 qui
355 5039 687 5095 secundum
720 5037 903 5094 Deum
936 5038 1110 5094 vivit:
1157 5041 1216 5092 ut
1260 5053 1364 5094 nec
1407 5042 1639 5110 propter
1669 5038 1874 5097 vitium

224 5117 411 5175 oderit
446 5119 765 5186 hominem,
814 5135 919 5174 nec
974 5121 1126 5175 amet
1163 5119 1372 5174 vitium
1417 5125 1652 5191 propter
1684 5119 1872 5176 homi-

227 5213 402 5268 nem;
454 5202 554 5255 sed
605 5199 790 5256 oderit
835 5199 1060 5267 vitium,
1112 5208 1265 5255 amet
1307 5198 1624 5257 hominem.
1660 5201 1870 5258 Sanato

223 5277 376 5334 enim
411 5278 574 5347 vitio,
609 5285 788 5335 totum
820 5281 972 5350 quod
1026 5296 1246 5350 amare,
1297 5279 1442 5335 nihil
1482 5285 1675 5336 autem
1718 5282 1870 5352 quod

220 5359 422 5416 debeat
453 5361 667 5431 odisse,
700 5361 1033 5417 remanebit.

281 5593 299 5654 ξ
330 5589 587 5654 ljonnulli
613 5591 836 5650 codices.
864 5603 1044 5654 parte.

280 5651 300 5718 ξ
331 5651 422 5718 Sic
447 5653 569 5704 Mss.
602 5656 669 5703 At
696 5655 842 5718 editi,
865 5651 926 5706 Et
957 5656 1225 5707 tristetur.

281 5716 300 5750 ³
331 5716 480 5775 Μαι,
509 5716 864 5770 consensione
889 5733 902 5771 :
931 5723 986 5771 et
1010 5721 1170 5782 intra,
1201 5721 1262 5770 in
1293 5720 1650 5773 dissensione.

1450 333 1685 399 LIBER
1728 337 2102 409 QUARTUS
2150 345 2506 415 DECIMUS.

277 453 722 544 rum_vi_t_iositss
752 460 1095 544 continetur.
1137 467 1301 530 Quod
1337 467 1386 524 si
1418 469 1498 524 ita
1521 476 1627 540 est,
1672 472 1808 544 quid
1835 477 1925 529 est

3557 373 3677 436 410

2037 477 2266 576 CAPUT
2298 484 2415 576 VII.
2449 518 2518 530 —-
2547 489 2796 576 amorem
2834 497 2889 549 et
2918 495 3267 555 dilectionem
3296 501 3674 576 indilerenter

2103 566 2156 616 et
2207 564 2430 657 intona
2476 578 2524 624 et
2555 571 2617 625 in
2657 573 2815 630 malo
2864 579 3018 646 apud
3064 595 3248 635 sacras
3297 564 3533 642 Litteras
3577 588 3669 645 in-

2100 660 2304 702 veniri.

2101 725 2151 780 1.
2179 727 2322 812 Nam
2347 733 2510 802 cujus
2543 738 2898 807 propositum
2923 744 3011 794 est
3033 758 3228 800 amare
3251 751 3452 812 Deum,
3478 754 3530 806 et
3555 768 3669 810 nou

2027 809 2350 866 secundum
2416 813 2736 885 hominem,
2771 821 2866 874 sed
2904 824 3222 879 secundum
3258 809 3448 882 Deum
3472 846 3668 888 amare

2028 890 2380 977 proximum,
2423 897 2575 951 sicut
2622 900 2798 954 etiam
2845 917 2906 956 se
2957 903 3185 974 ipsum;
3240 908 3438 977 procul
3488 913 3664 968 dubio

2030 976 2263 1062 propter
2286 973 2440 1030 hunc
2462 993 2718 1034 amorem
2742 982 2954 1037 dicitur
2980 973 3296 1043 voluntatis
3325 990 3506 1059 bonae,
3539 1011 3664 1063 qua

2029 1049 2301 1140 usitatius
2335 1055 2393 1109 in
2427 1058 2744 1129 Scripturis
2777 1064 2960 1119 sacris
3005 1065 3263 1122 charitas
3309 1049 3663 1140 appellatur:

2025 1131 2122 1184 sed
2148 1149 2310 1189 amor
2331 1153 2555 1209 quoque
2578 1145 2902 1200 secundum
2933 1147 3166 1203 easdem
3199 1131 3665 1210 sacrasLitteras

2026 1210 2279 1302 dicitur.
2309 1216 2452 1273 Nam
2503 1225 2560 1275 et
2609 1232 2925 1281 amatorem
2977 1228 3112 1283 boni
3159 1229 3303 1285 dicit
3351 1232 3663 1302 Apostolus

2025 1295 2437 1382 esse_debe_re_,_
2472 1317 2642 1371 quem
2689 1307 2939 1374 regendo
2988 1309 3202 1380 populo
3253 1295 3518 1382 praecepit
3566 1313 3663 1368 eli-

2021 1374 2278 1442 gendum
2312 1378 2354 1448 (Ι
2381 1378 2512 1434 Tim.
2547 1397 2631 1448 ιιι,
2668 1385 2830 1454 HO).
2866 1387 2933 1441 Et
2963 1374 3085 1457 ipse
3120 1374 3398 1446 Dominus
3431 1374 3660 1450 Petrum

2022 1456 2780 1542 apostolumqinlerrogans,
2830 1483 2963 1522 cum
2993 1456 3282 1539 dixisset,
3332 1471 3532 1542 Diligis
3575 1491 3662 1532 me

2016 1533 2292 1623 pl‘usliis?
2317 1537 2414 1623 ille
2444 1533 2758 1623 respondit,
2780 1547 3023 1616 Domine,
3052 1553 3113 1604 lu
3141 1554 3245 1605 scis
3267 1533 3405 1623 quia
3434 1533 3555 1610 amo
3584 1558 3656 1613 te.

2022 1613 2332 1700 Etiterum
2369 1620 2647 1677 Dominus
2689 1613 2979 1696 quaesivit,
3010 1613 3140 1686 non
3174 1613 3370 1686 utrum
3411 1638 3654 1700 amaret,

2017 1697 2114 1785 sed
2148 1704 2340 1785 utrum
2373 1701 2640 1773 diligeret
2679 1721 2812 1762 eum
2852 1713 3089 1765 Petrus:
3133 1715 3193 1766 at
3222 1711 3317 1768 ille
3358 1697 3658 1785 respondit

2016 1773 2249 1859 iterum,
2293 1782 2536 1852 Domine,
2586 1789 2646 1839 tu
2675 1789 2781 1842 scis
2824 1791 2954 1859 quia
3001 1807 3124 1846 amo
3155 1801 3227 1846 te.
3278 1773 3472 1849 Tertia
3521 1810 3654 1850 vero

2015 1855 2468 1948 interrogatione
2517 1871 2572 1919 et
2618 1867 2742 1938 ipse
2798 1855 3076 1948 Dominus
3135 1890 3248 1928 non
3299 1874 3399 1944 ait,
3449 1875 3654 1948 Diligis

2015 1950 2124 2023 me,
2159 1941 2281 2006 sed,
2321 1944 2491 1996 Amas
2541 1949 2666 2000 me?
2713 1947 2809 2002 ubi
2861 1956 3098 2006 secutus
3147 1953 3226 2006 ait
3269 1941 3650 2023 Evangelisia,

2015 2017 2376 2076 Contristalus
2421 2033 2498 2078 est
2528 2025 2741 2095 Petrus,
2791 2031 2924 2100 quia
2966 2031 3114 2086 dixit
3162 2031 3216 2087 ei
3261 2017 3454 2102 tertio:
3490 2017 3652 2091 Amas

2013 2102 2140 2185 me?
2169 2116 2302 2154 cum
2336 2103 2618 2158 Dominus
2651 2124 2763 2162 non
2816 2112 3005 2180 tertio,
3051 2113 3152 2166 sed
3197 2114 3377 2168 semel
3419 2115 3648 2185 dixerit,

2010 2176 2192 2261 fimus
2217 2183 2340 2234 me?
2386 2182 2476 2237 bis
2525 2189 2718 2240 autem
2772 2176 3004 2256 dixerit,
3057 2191 3255 2261 Diligis
3312 2196 3443 2248 me?
3491 2176 3653 2249 Unde

2011 2257 2418 2338 intelligimus,
2467 2264 2623 2334 quod
2671 2266 2847 2322 etiam
2898 2285 3030 2324 cum
3066 2257 3293 2326 dicebat
3343 2273 3650 2338 Dominus,

2011 2337 2210 2424 Diligis
2238 2343 2366 2395 me?
2396 2342 2537 2397 nihil
2585 2345 2742 2400 aliud
2793 2348 3037 2418 dicebat,
3085 2367 3281 2421 quam,
3317 2352 3484 2424 Amas
3529 2337 3653 2409 me?

2009 2418 2217 2501 Petrus
2249 2425 2441 2478 autem
2488 2443 2601 2481 non
2653 2429 2901 2483 mutavit
2950 2418 3127 2501 hujus
3174 2421 3353 2489 unius)
3396 2435 3476 2490 rei
3522 2452 3650 2491 ver-

2008 2497 2172 2583 bum,
2205 2502 2302 2556 sed
2359 2505 2530 2559 etiam
2582 2509 2772 2576 tertio,
2824 2497 3067 2580 Domine,
3115 2512 3324 2583 inquit,
3359 2518 3418 2569 tu
3465 2515 3653 2571 omnia

2005 2579 2134 2666 scis,
2165 2590 2225 2666 tu
2252 2585 2354 2640 sris
2383 2587 2513 2657 quia
2542 2604 2664 2643 amo
2693 2592 2745 2643 te
2775 2590 2952 2663 (Joan.
2988 2608 3102 2660 xxx,
3140 2579 3352 2666 15-17).

2073 2663 2130 2714 2.
2165 2661 2281 2719 IIoc
2311 2682 2618 2738 propterea
2648 2661 3223 2728 commemorandum
3265 2661 3483 2746 putavi,
3515 2677 3652 2746 quia

2004 2743 2270 2799 nonnulli
2317 2747 2674 2804 arbitrantur
2720 2750 2877 2806 aliud
2923 2768 3051 2808 esse
3102 2743 3477 2812 dilectionem?
3526 2743 3649 2812 sive

2003 2822 2362 2895 charitatem,
2429 2827 2586 2882 aliud
2651 2845 2930 2886 amorem.
2990 2832 3204 2888 Dicunt
3261 2836 3419 2891 enim
3475 2836 3651 2892 dilec-

2001 2901 2214 2957 tionem
2245 2905 2639 2976 accipiendam
2673 2924 2801 2964 esse
2829 2910 2888 2965 in
2920 2911 3094 2980 bono,
3123 2930 3378 2970 amorem
3402 2915 3458 2970 in
3492 2917 3646 2973 malo

1996 2981 2097 3053 (a).
2164 2984 2255 3038 Sic
2320 2993 2513 3042 autem
2577 3004 2681 3044 nec
2727 2989 2888 3060 ipsos
2955 2997 3221 3050 auctores
3277 2995 3645 3052 saecularium

1999 3062 2322 3120 litterarum
2374 3065 2598 3123 locutos
2648 3085 2792 3139 esse,
2845 3072 3239 3130 certissimum
3281 3081 3385 3130 est.
3421 3076 3528 3132 Sed
3563 3076 3644 3132 vi-

1995 3144 2188 3201 derint
2220 3147 2548 3219 philosoPhi
2597 3155 2794 3207 utrum
2844 3152 2930 3208 vel
2979 3171 3096 3226 qua
3128 3158 3348 3213 ratione
3386 3158 3498 3212 ista
3527 3159 3644 3214 dis-

1995 3231 2259 3281 cernunt.
2308 3229 2578 3285 Amorem
2638 3237 2830 3287 tamen
2888 3249 2988 3289 eos
3039 3235 3098 3288 in
3151 3236 3320 3290 bonis
3371 3237 3540 3292 rebus
3586 3241 3642 3293 et

1994 3320 2130 3373 erga
2186 3308 2381 3376 ipsum
2442 3309 2617 3365 Deum
2686 3313 2877 3383 magni
2930 3316 3200 3384 pendere,
3262 3315 3395 3370 libri
3447 3333 3642 3374 eorum

1994 3386 2140 3441 satis
2173 3387 2509 3458 loquuntur.
2548 3391 2653 3446 Sed
2695 3391 3023 3462 Scripturas
3067 3395 3364 3466 religionis
3408 3403 3641 3467 nostras,

1995 3482 2246 3537 quarum
2308 3470 2709 3524 auctoritatem
2771 3473 2992 3526 caeteris
3046 3474 3376 3544 quibusque
3431 3475 3639 3532 litteris

1995 3546 2428 3615 anteponimus,
2495 3565 2610 3602 non
2673 3548 2833 3603 aliud
2895 3551 3085 3604 dicere
3151 3568 3424 3618 amorem,
3479 3555 3637 3610 aliud

1993 3624 2360 3679 dilectionem
2384 3626 2468 3681 vel
2500 3627 2854 3698 charitatem,
2884 3629 3296 3684 insinuandum
3331 3631 3457 3685 fuit.
3491 3631 3638 3688 Nam

1993 3713 2045 3761 et
2077 3720 2331 3760 amorem
2362 3705 2418 3760 in
2451 3706 2600 3761 bono
2641 3707 2776 3775 dici,
2812 3711 2934 3778 jam
2981 3711 3364 3766 ostendimus.
3410 3711 3516 3766 Sed
3566 3727 3639 3767 ne

1993 3784 2122 3858 quis
2153 3783 2448 3840 existimet
2495 3802 2754 3841 amorem
2809 3788 3045 3859 quidem
3077 3794 3134 3844 et
3179 3789 3238 3845 in
3291 3791 3440 3846 bono
3489 3795 3544 3845 et
3576 3791 3637 3847 in

1993 3866 2167 3926 malo,
2217 3865 2585 3921 dilectionem
2644 3875 2838 3924 autem
2899 3868 3133 3924 nonnisi
3193 3871 3250 3923 in
3305 3869 3451 3925 bono
3509 3887 3638 3928 esse

1990 3947 2320 4018 dicendam,
2354 3947 2498 4003 illud
2530 3950 2786 4004 attendat
2817 3953 2964 4019 quod
2999 3951 3056 4006 in
3090 3949 3320 4007 Psalmo
3352 3952 3634 4022 scriptum

1988 4033 2108 4086 est:
2160 4031 2267 4098 Qui
2312 4038 2498 4085 autem
2543 4027 2729 4101 diligit
2784 4032 3156 4104 iniquitatem,
3219 4031 3329 4088 odit
3379 4035 3636 4090 animam

1987 4128 2150 4167 suam
2183 4112 2360 4185 (Psat.
2395 4129 2449 4178 x,
2478 4111 2557 4184 6).
2583 4111 2652 4168 Et
2685 4113 2825 4170 illud
2853 4113 3096 4185 apostoli
3127 4114 3395 4172 Joannis:
3422 4115 3483 4171 Si
3513 4120 3636 4188 quis

1985 4191 2251 4249 dilexerit
2301 4192 2587 4260 mundum,
2647 4209 2756 4249 non
2812 4199 2887 4251 est
2942 4195 3160 4250 dilectio
3221 4199 3401 4251 Patris
3459 4197 3518 4251 in
3574 4213 3636 4254 eo

1985 4275 2033 4344 (Ι
2062 4276 2220 4331 Joan.
2255 4291 2319 4343 II,
2355 4275 2463 4344 15).
2515 4274 2660 4331 Ecce
2691 4292 2808 4331 uno
2855 4275 2979 4331 loco
3032 4276 3264 4332 dilectio
3305 4285 3358 4332 et
3389 4276 3447 4331 in
3482 4277 3632 4333 bono

1985 4359 2042 4410 et
2074 4355 2128 4410 in
2163 4354 2336 4411 malo.
2368 4357 2638 4411 Amorem
2686 4367 2872 4413 autem
2905 4357 2964 4411 in
3000 4356 3153 4412 malo
3186 4356 3344 4430 (quia
3390 4358 3445 4412 in
3480 4359 3631 4416 bono

1978 4436 2100 4506 jam
2131 4438 2523 4510 ostendimus)
2557 4454 2628 4493 ne
2673 4439 2975 4511 quisquam
3018 4437 3252 4509 ﬂagitet,
3294 4437 3445 4510 legat
3475 4441 3632 4511 quod

1985 4515 2265 4583 scriptum
2299 4521 2419 4573 est:
2454 4520 2626 4574 Erunt
2654 4519 2808 4574 enim
2829 4518 3077 4575 homines
3107 4536 3162 4575 se
3186 4519 3331 4590 ipsos
3361 4529 3630 4591 amantes,

1984 4599 2252 4651 amatores
2305 4600 2553 4668 pecuniae
2599 4599 2668 4670 (ΙΙ
2725 4599 2859 4654 Tim.
2920 4616 3010 4668 ιιι,
3067 4601 3145 4672 2).
3207 4603 3376 4655 Recta
3433 4600 3631 4671 itaque

1985 4675 2258 4732 voluntas
2319 4683 2408 4732 est
2457 4679 2642 4735 bonus
2694 4697 2876 4749 amor,
2934 4685 2990 4736 et
3038 4680 3304 4735 volunlas
3363 4698 3631 4750 perversa

1986 4759 2172 4812 malus
2221 4773 2406 4812 amor.
2463 4761 2639 4814 Amor
2699 4775 2831 4831 ergo
2891 4759 3126 4816 inhians
3195 4760 3407 4814 habere
3470 4762 3627 4830 quod

1985 4841 2234 4904 amatur,
2286 4837 2575 4907 cupiditas
2632 4844 2755 4909 est;
2805 4840 2858 4894 id
2917 4844 3115 4894 autem
3173 4838 3393 4893 habens
3443 4854 3628 4908 eoque

1985 4918 2200 4989 fruens,
2250 4917 2446 4974 laetitia
2502 4923 2623 4974 est:
2678 4919 2909 4988 fugiens
2957 4919 3106 4988 quod
3156 4918 3206 4972 ei
3267 4919 3623 4985 adversatur,

1987 4998 2156 5054 timor
2185 5003 2302 5054 est:
2338 4997 2515 5070 idque
2545 4998 2595 5053 si
2635 4996 2910 5053 acciderit
2939 4996 3220 5065 sentiens,
3252 4995 3484 5051 tristitia
3514 5001 3621 5052 est.

1983 5079 2229 5134 Proinde
2261 5077 2416 5133 mala
2445 5086 2581 5134 sunt
2608 5077 2744 5145 ista,
2777 5076 2827 5132 si
2872 5076 3060 5132 malus
3092 5083 3178 5132 est
3222 5092 3417 5143 amor;
3451 5076 3622 5142 bona,

1981 5159 2033 5216 si
2063 5162 2271 5216 bonus.
2304 5159 2465 5224 Quod
2499 5159 2770 5226 dicimus,
2819 5158 2887 5214 de
2926 5157 3242 5230 Scripturis
3285 5156 3619 5228 probemus.

1979 5240 2352 5312 Concupiscit
2371 5239 2680 5311 Apostolus
2711 5238 2973 5303 dissolvi,
3006 5243 3063 5294 et
3083 5254 3206 5293 esse
3229 5253 3363 5294 cum
3395 5236 3621 5293 Christo

1977 5319 2243 5392 (Philipp.
2277 5321 2326 5391 l,
2347 5320 2472 5390 23):
2505 5328 2582 5387 et,
2607 5318 2928 5388 Concupivit
2949 5321 3139 5375 anima
3159 5334 3278 5374 mea
3304 5316 3622 5374 desiderare

1975 5401 2181 5472 iudicia
2203 5410 2299 5457 tua
2311 5417 2334 5465 ,°
2352 5400 2440 5458 vel
2463 5401 2512 5458 si
2530 5399 3016 5458 accommodatius
3033 5401 3260 5468 dicitur,
3283 5399 3620 5455 Desideravit

2037 5657 2106 5720 (α)
2132 5655 2229 5720 Sic
2256 5656 2492 5719 Origines
2520 5669 2676 5707 nsum
2705 5655 3008 5720 Scripturae
3052 5654 3271 5718 exponit
3304 5653 3362 5705 in
3390 5652 3621 5707 Homilia

1977 5720 2000 5771 1
2030 5718 2095 5771 in
2115 5719 2333 5774 Cantica
2357 5718 2706 5774 canticorum.
2736 5718 2851 5770 Lua.
2884 5718 3055 5770 νιγιδ.
