4138 6192
421 293 534 362 411

423 437 614 490 anima
637 451 753 490 mea
773 435 1145 505 concupiscere
1165 432 1378 504 judicia
1400 436 1500 484 tua
1524 429 1694 499 (I’sal.
1720 445 1918 496 cxvm,
1947 427 2070 499 20);

425 523 500 583 et,
525 516 970 583 Concupiscentia
995 514 1285 583 sapientiae
1307 509 1556 581 perducit
1579 509 1648 564 ad
1669 524 1892 580 regnum
1921 507 2073 579 (Βίῳ.

422 613 498 663 v1,
531 598 643 665 21).
697 595 810 649 Hoc
841 600 1033 648 tamen
1071 593 1344 664 loquendi
1388 591 1636 646 obtinuit
1682 589 2074 656 consuetudo,

426 683 489 731 ut
537 676 585 729 si
638 675 922 746 cupiditas
967 675 1052 727 vel
1115 673 1588 742 concupiscentia
1647 671 1894 735 dicatur,
1965 685 2068 722 nec

424 757 675 811 addatur
720 754 892 822 cujus
937 755 1016 808 rei
1048 755 1145 820 sit,
1179 770 1292 807 non
1327 753 1438 806 nisi
1478 753 1534 806 in
1572 751 1723 805 malo
1759 750 1945 821 possit
1973 753 2068 804 in-

424 837 628 905 telligi.
666 835 880 888 Laetitia
911 834 967 888 in
1004 835 1153 888 bono
1185 841 1292 898 est,
1320 834 1620 889 Lwlamini
1651 833 1715 886 in
1748 832 1997 898 Domino,
2028 844 2078 889 et

429 918 702 972 exsultate
723 913 868 985 justi
895 913 1072 984 (Psal.
1116 931 1268 981 xxxx,
1302 914 1420 984 11):
1455 920 1532 980 et,
1586 912 1794 966 Dedisti
1824 911 2080 965 laetitiam

431 997 493 1052 in
519 1011 610 1049 cor
639 1011 817 1049 meum
849 996 1021 1063 (Psul.
1057 1012 1134 1064 ιν,
1166 996 1225 1066 7)
1251 1014 1264 1050 :
1299 1000 1375 1061 et,
1413 992 1742 1062 Adimplebis
1771 1007 1855 1046 me
1886 991 2080 1046 laetitia

429 1089 552 1130 cum
598 1077 756 1130 vultu
805 1083 895 1130 tuo
926 1075 1096 1145 (Psal.
1150 1093 1242 1140 xv,
1287 1077 1396 1146 11).
1439 1073 1641 1128 Timor
1686 1072 1744 1126 in
1798 1073 1946 1126 bono
1993 1075 2082 1126 est

431 1156 583 1225 apud
616 1156 984 1226 Apostolum,
1037 1155 1131 1209 ubi
1165 1156 1267 1221 ait,
1323 1154 1456 1208 Cum
1505 1155 1703 1207 timore
1749 1161 1798 1206 et
1840 1158 2080 1205 tremore

427 1239 666 1292 vestram
715 1238 960 1304 ipsorum
1007 1237 1244 1290 salutem
1287 1232 1600 1305 operamini
1672 1231 1942 1302 (Philipp.
2012 1247 2073 1298 ιι,

433 1315 552 1387 12):
587 1323 661 1382 et,
694 1316 819 1371 Noli
847 1315 1029 1370 altum
1075 1331 1298 1386 sapere,
1327 1314 1417 1370 sed
1467 1316 1594 1368 time
1629 1313 1810 1384 (Rom.
1840 1328 1919 1372 x1,
1951 1311 2076 1376 20):

433 1404 508 1458 et,
561 1396 736 1451 Timeo
785 1403 998 1464 autem,
1049 1412 1115 1450 ne
1168 1394 1309 1450 sicut
1363 1410 1586 1464 serpens
1653 1394 1818 1447 Evam
1865 1391 2082 1446 seduxit

433 1479 632 1530 astutia
678 1494 796 1544 sua,
838 1476 918 1530 sic
964 1486 1014 1532 et
1061 1480 1256 1531 vestrae
1310 1485 1521 1529 memes
1574 1481 2002 1541 corrumpantur
2049 1487 2082 1524 a

431 1559 694 1614 castitate
723 1577 842 1630 quae
872 1564 947 1613 est
976 1561 1033 1612 in
1068 1557 1275 1613 Christo
1296 1558 1365 1623 (ll
1393 1557 1511 1610 Cor.
1538 1573 1615 1619 x1,
1642 1556 1717 1624 3).
1747 1559 1820 1608 De
1845 1553 2083 1607 tristitia

431 1655 591 1704 vero,
653 1657 825 1708 quam
892 1639 1089 1693 Cicero
1139 1639 1327 1707 magis
1377 1637 1775 1705 aegritudinem
1831 1632 2083 1705 appellat

434 1718 673 1791 (Tuscul.
706 1725 893 1790 quaest.
929 1719 1024 1772 lib.
1059 1719 1113 1785 3,
1145 1735 1266 1788 cap.
1300 1718 1368 1772 10
1399 1733 1513 1787 sqq.
1545 1721 1596 1770 el
1624 1715 1789 1785 alibi)
1823 1715 2080 1769 dolorem

433 1806 629 1855 autem
674 1800 964 1873 Virgilius,
1019 1799 1116 1854 ubi
1173 1799 1273 1867 ait,
1317 1822 1344 1847 «
1382 1798 1586 1852 Dolent
1625 1795 2080 1868 gaudentque,»

431 1881 557 1951 (sed
598 1882 724 1936 ideo
777 1881 950 1936 malui
999 1881 1302 1936 tristitiam
1354 1880 1564 1943 dicere,
1616 1878 1751 1950 quia
1800 1877 2081 1948 aegritudo

430 1960 518 2016 vel
551 1961 714 2016 dolor
748 1962 1014 2016 usitatius
1058 1962 1116 2016 in
1173 1960 1513 2028 corporibus
1545 1958 1804 2026 dicitur,)
1836 1972 2084 2026 scrupu-

432 2041 609 2097 losior
637 2040 879 2112 quaestio
910 2046 1020 2110 est,
1055 2046 1250 2095 utrum
1292 2038 1537 2093 inveniri
1587 2038 1775 2110 possit
1804 2037 1862 2092 in
1909 2036 2079 2092 bono.

429 2218 657 2274 CAPUT
685 2219 834 2274 VIII.
869 2249 936 2258 —
965 2221 1039 2274 De
1067 2220 1247 2274 tribus
1288 2217 1819 2290 perturbationibus,
1853 2231 1987 2288 quas
2021 2217 2080 2270 in

501 2303 691 2355 animo
755 2301 1026 2364 sapientis
1073 2300 1242 2355 Stoici
1311 2314 1424 2354 esse
1482 2300 1794 2362 voluerunt,
1857 2299 2078 2353 excluso

501 2379 690 2437 dolore
732 2382 844 2435 sive
886 2380 1158 2448 tristitia,
1209 2396 1372 2451 quam
1419 2381 1596 2435 virtus
1642 2377 1824 2435 animi
1867 2378 2080 2433 sentire

505 2477 617 2516 non
649 2460 856 2517 debeat.

507 2616 554 2670 1.
587 2617 740 2679 Quas
771 2613 926 2669 enim
972 2613 1151 2669 Graeci
1204 2611 1503 2685 appellant
1549 2611 1858 2680 εὐπαθείας,
1898 2611 2078 2667 latine

433 2700 625 2751 autem
677 2695 871 2750 Cicero
937 2695 1296 2750 constantius
1345 2693 1685 2761 nominavit,
1736 2695 1910 2749 Stoici
1962 2702 2078 2748 tres

432 2791 562 2830 esse
620 2775 950 2838 voluerunt,
1011 2791 1114 2845 pro
1181 2774 1366 2830 tribus
1428 2774 1960 2844 perturbationibus
2015 2773 2076 2828 in

432 2849 628 2909 animo
673 2856 977 2924 sapientis,
1029 2872 1130 2926 pro
1181 2854 1493 2925 capiditate
1541 2855 1921 2922 voluntatem,
1975 2870 2076 2924 pro

436 2932 634 2988 laetitia
673 2933 972 3003 gaudium,
1033 2951 1133 3004 pro
1167 2940 1321 2988 metu
1369 2933 1734 2989 cautionem:
1770 2951 1870 3002 pro
1909 2934 2073 3004 aegri-

435 3013 637 3067 tudine
668 3029 798 3067 vero
831 3015 915 3070 vel
967 3013 1185 3079 dolore,
1236 3030 1408 3085 quam
1459 3031 1565 3069 nos
1615 3014 1858 3066 vitandae
1891 3012 2076 3067 ambi-

436 3095 677 3168 guitatis
708 3094 911 3164 gratia,
943 3096 1244 3150 tristitiam
1297 3095 1608 3149 maluimus
1646 3094 1858 3156 dicere,
1901 3109 2072 3162 nega-

423 3171 635 3230 verunt
663 3191 785 3230 esse
817 3191 984 3246 posse
1013 3175 1235 3244 aliquid
1282 3176 1340 3229 in
1377 3177 1571 3229 animo
1616 3173 1915 3244 sapientis.
1958 3173 2073 3227 Vo-

425 3255 624 3311 luntas
674 3256 910 3326 quippe,
980 3255 1277 3324 inquiunt,
1340 3257 1560 3323 appetit
1616 3255 1857 3319 bonum,
1920 3253 2072 3324 quod

426 3336 564 3390 facit
596 3335 872 3406 sapiens;
903 3335 1181 3405 gaudium
1224 3336 1294 3390 de
1344 3337 1488 3390 bono
1530 3335 1736 3404 adepto
1777 3339 1886 3402 est,
1920 3333 2076 3404 quod

428 3417 645 3487 ubique
678 3415 1025 3487 adipiscitur
1055 3416 1314 3486 sapiens;
1365 3417 1556 3471 cautio
1589 3415 1805 3469 devitat
1837 3414 2075 3482 malum,

431 3499 581 3566 quod
614 3497 784 3551 debet
834 3496 1070 3565 sapiens
1114 3497 1401 3551 devitarc:
1453 3495 1691 3550 tristitia
1733 3511 1902 3564 porro
1946 3495 2079 3564 quia

433 3574 503 3629 de
539 3574 687 3629 malo
719 3580 826 3642 est,
860 3574 1010 3645 quod
1045 3574 1166 3644 jam
1198 3575 1430 3640 accidit,
1465 3574 1692 3628 nullum
1727 3579 1919 3628 autem
1955 3589 2081 3626 ma-

433 3655 554 3710 lum
606 3656 944 3709 existimant
974 3671 1141 3726 posse
1185 3657 1444 3710 accidere
1494 3654 1780 3723 sapienti;
1833 3653 1976 3707 nihil
2021 3654 2077 3706 in

433 3737 562 3807 ejus
593 3736 786 3790 animo
822 3751 920 3806 pro
954 3735 1050 3789 illa
1098 3751 1222 3790 esse
1257 3752 1422 3807 posse
1472 3735 1760 3790 dixerunt.
1805 3734 1899 3790 Sic
1944 3749 2080 3803 ergo

434 3817 518 3873 illi
570 3817 909 3888 loquuntur,
963 3825 1023 3872 ut
1070 3818 1236 3883 velle,
1301 3818 1574 3890 gaudere,
1628 3833 1828 3871 cavere
1872 3819 2085 3885 negent

435 3897 550 3954 nisi
608 3899 967 3967 sapientem;
1016 3900 1262 3952 stultum
1312 3905 1506 3952 autem
1568 3897 1802 3951 nonnisi
1850 3909 2080 3964 cupere,

438 3980 645 4048 laetari,
681 3986 952 4046 metuere,
986 3980 1335 4034 contristari.
1372 3980 1439 4033 Et
1467 3979 1596 4032 illas
1620 3984 1737 4033 tres
1768 3992 1894 4031 esse
1917 3991 2086 4029 cons-

437 4061 677 4124 tantias,
712 4060 816 4114 has
848 4064 1042 4113 autem
1076 4063 1328 4129 quatuor
1371 4057 1832 4127 perturbationes
1871 4070 2084 4108 secun-

441 4141 584 4194 dum
616 4139 976 4202 Ciceronem,
1020 4138 1347 4193 secundum
1399 4136 1684 4208 plurimos
1729 4140 1922 4189 autem
1961 4150 2084 4203 pas-

441 4219 653 4272 siones.
687 4218 878 4272 Grtece
909 4221 1101 4269 autem
1134 4214 1243 4270 illa;
1267 4219 1401 4279 tres,
1433 4214 1580 4269 sicut
1614 4215 1753 4282 dixi,
1786 4212 2082 4282 appellan-

442 4302 541 4350 tur
607 4295 929 4362 εὐπάθειαις
989 4294 1114 4350 ista:
1178 4299 1370 4348 autem
1427 4305 1671 4364 quatuor
1728 4290 1896 4360 πάθη.
1959 4295 2084 4348 Ilaec

443 4375 658 4430 locutio
718 4384 907 4428 utrum
951 4373 1266 4444 Scripturis
1332 4374 1547 4428 sanctis
1594 4378 1900 4444 congruat,
1951 4388 2082 4426 cum

444 4469 762 4527 quaarerem
796 4459 1083 4522 quantum
1127 4455 1285 4522 potui
1340 4453 1670 4521 diligenter,
1718 4453 1858 4507 illud
1893 4451 2085 4506 inveni

443 4533 602 4605 quod
649 4533 728 4587 ait
777 4531 1085 4602 Pr0pbeta,
1134 4533 1250 4587 Non
1296 4536 1374 4587 est
1423 4536 1673 4605 gaudere
1719 4531 1910 4602 impiis
1955 4531 2086 4587 dicit

443 4614 705 4670 Dominus
735 4613 883 4682 (1δαί.
919 4628 1051 4678 LVII,
1080 4612 1170 4682 21,
1202 4628 1305 4668 sec.
1351 4611 1546 4682 LXX):
1587 4617 1866 4683 tanquam
1917 4612 2082 4683 impii

444 4694 623 4752 laetari
681 4693 909 4765 possint
959 4695 1151 4764 potius
1211 4709 1388 4766 quam
1446 4694 1694 4762 gaudere
1750 4695 1821 4748 de
1878 4694 2082 4760 matis;

444 4777 581 4851 quia
645 4775 922 4848 gaudium
983 4775 1214 4847 proprie
1271 4775 1546 4830 bonorum
1596 4779 1652 4829 et
1699 4774 1923 4845 piorum
1974 4779 2082 4829 est.

445 4861 588 4916 Item
628 4856 772 4912 illud
812 4855 870 4910 in
905 4856 1236 4929 Evangelio,
1287 4856 1648 4927 Quaecumque
1689 4854 1854 4909 vultis
1900 4859 1959 4909 ut
1995 4857 2084 4923 fa-

442 4941 590 4996 cient
621 4939 769 4994 vobis
811 4936 1078 5005 homines,
1126 4937 1238 4993 haec
1274 4948 1328 4992 et
1366 4952 1456 4992 vos
1501 4935 1668 5006 facite
1704 4935 1820 4990 illis
1858 4935 2080 5006 (Matth.

443 5037 546 5089 vn,
581 5019 690 5086 12),
721 5017 805 5073 ita
834 5017 1055 5071 dictum
1089 5018 1336 5085 videtur,
1387 5021 1664 5087 tanquam
1705 5033 1875 5072 nemo
1908 5019 2086 5087 possit

443 5100 669 5173 aliquid
703 5096 856 5153 male
886 5097 974 5152 vel
1019 5099 1269 5168 turpiter
1314 5096 1480 5161 velle,
1526 5098 1622 5154 sed
1655 5113 1884 5168 cupere.
1919 5097 2086 5152 Deni-

444 5195 556 5250 que
616 5183 852 5252 propter
906 5178 1386 5233 consuetudinem
1444 5176 1758 5232 locutionis
1818 5175 2087 5232 nonnulli

441 5262 790 5331 interpretes
841 5258 1216 5324 addiderunt,
1283 5260 1447 5324 bona,
1493 5263 1549 5312 et
1604 5259 1680 5313 ita
1729 5257 2084 5328 interpretati

442 5347 618 5398 sunt:
665 5341 1032 5409 Quaecumque
1076 5339 1245 5393 vultis
1293 5349 1351 5393 ut
1398 5340 1606 5409 faciunt
1650 5339 1796 5393 vobis
1845 5337 2088 5391 homines

444 5423 606 5478 bona.
639 5420 972 5476 Cavendum
1023 5419 1176 5472 enim
1233 5425 1602 5488 putaverunt,
1656 5435 1725 5472 ne
1773 5419 2083 5489 quisquam

441 5502 753 5558 inhonesta
786 5500 922 5555 velit
954 5499 1062 5554 sibi
1111 5498 1232 5552 fieri
1277 5500 1347 5552 ab
1381 5500 1736 5566 horninibus,
1773 5506 1833 5554 ut
1865 5501 1933 5553 de
1965 5507 2089 5552 tur-

445 5581 709 5654 pioribus
736 5585 980 5650 taceam,
1013 5587 1164 5637 certe
1210 5579 1512 5634 luxuriosa
1555 5580 1838 5646 convivia,
1875 5583 1930 5634 in
1963 5580 2091 5652 qui-

445 5662 552 5718 bus
581 5676 661 5728 se,
683 5659 731 5714 si
763 5667 819 5714 et
842 5662 960 5730 ipse
999 5660 1115 5716 illis
1139 5661 1309 5716 faciat
1341 5659 1576 5730 similia,
1596 5660 1702 5716 hoc
1737 5666 2085 5733 praeceptum

1479 297 1584 357 DE
1623 293 1994 356 CIVITATE
2038 293 2190 367 DEI,
2237 295 2304 355 S.
2351 295 2776 358 AUGUSTINI

3703 300 3824 360 412

2184 427 2479 484 existimet
2527 430 2924 500 impleturum.
2974 433 3085 504 sed
3131 433 3206 489 in
3255 447 3440 504 greco
3490 433 3826 505 Evangelio,

2185 510 2340 563 unde
2371 511 2426 563 in
2464 510 2710 566 latinum
2745 513 3087 569 translatum
3113 519 3217 582 est,
3253 531 3365 569 non
3388 515 3614 584 legitur,
3648 515 3828 578 bona;

2186 591 2307 654 sed,
2343 591 2703 660 Quaecumque
2735 595 2899 648 vultis
2929 599 2988 648 ut
3017 596 3228 651 faciant
3261 595 3404 650 vobis
3427 595 3692 660 homines,
3715 597 3831 651 hac

2185 679 2236 726 et
2263 687 2352 725 vos
2381 675 2547 739 Incite
2576 673 2721 727 illis:
2754 674 2924 729 credo
2959 683 3281 745 prepterea,
3316 676 3455 746 quia
3483 677 3539 730 in
3573 693 3640 731 eo
3671 677 3827 746 quod

2186 752 2351 813 dixit.
2387 752 2572 821 vultis,
2616 755 2739 824 jam
2773 756 2951 810 voluit
2997 756 3241 827 intelligi
3293 757 3450 811 bona.
3504 756 3629 812 Non
3672 758 3828 812 enim

2186 831 2285 899 ait,
2321 833 2568 903 Cupitis.

2255 914 2311 967 2.
2347 914 2467 968 Non
2501 921 2696 970 tamen
2730 932 2962 988 semper
3001 916 3094 972 bis
3126 918 3576 989 proprietatibus
3614 917 3831 974 locutio

2188 998 2380 1047 nostra
2435 996 2716 1052 lrenanda
2767 1004 2872 1064 est,
2919 1000 3020 1052 sed
3068 999 3356 1052 interdum
3409 998 3500 1054 bis
3546 999 3831 1053 utendum

2189 1079 2312 1128 est:
2349 1079 2404 1129 et
2434 1091 2563 1130 cum
2598 1074 2849 1148 legimus
2879 1094 2976 1132 eos
3008 1094 3249 1150 quorum
3281 1080 3609 1134 auctoritati
3644 1080 3832 1133 resul-

2189 1159 2312 1211 tare
2345 1157 2431 1212 fas
2461 1174 2573 1212 non
2606 1165 2713 1222 est,
2751 1159 2830 1214 ibi
2865 1164 3005 1213 sunt
3036 1159 3430 1226 intelligendas
3461 1159 3502 1226 ί,
3539 1159 3670 1214 ubis
3708 1175 3834 1213 rec-

2190 1240 2284 1291 tus
2309 1253 2516 1292 sensus
2536 1238 2711 1292 alium
2741 1240 2952 1293 exitum
2991 1256 3104 1294 non
3139 1245 3323 1310 potest
3361 1240 3642 1304 invenire;
3687 1239 3837 1294 sicut

2189 1319 2301 1373 ista
2331 1327 2467 1375 sunt
2512 1337 2642 1391 quae
2671 1321 2917 1391 exempli
2960 1321 3143 1391 gratia
3177 1321 3381 1392 partim
3425 1338 3493 1374 ex
3526 1320 3835 1390 Propheta,

2191 1401 2397 1467 partim
2431 1419 2497 1456 ex
2533 1403 2839 1472 Evangelio
2871 1404 3471 1458 commemoravimus.
3506 1403 3646 1468 Quis
3677 1404 3835 1457 enim

2191 1485 2376 1536 nescit
2407 1481 2618 1552 impios
2661 1482 2954 1537 exsultare
3004 1482 3249 1538 laetitia?
3281 1489 3336 1538 et
3386 1493 3575 1537 tamen
3607 1499 3715 1538 non
3752 1489 3840 1538 est

2191 1564 2430 1632 gaudere
2490 1564 2694 1634 impiis,
2755 1564 2888 1618 dicit
2945 1565 3230 1619 Dominus.
3289 1564 3472 1627 Unde,
3534 1566 3641 1619 nisi
3701 1566 3841 1635 quia

2193 1643 2446 1712 gaudere
2477 1646 2632 1697 aliud
2669 1653 2779 1711 est,
2823 1645 3050 1714 quando
3086 1645 3313 1715 proprie
3353 1645 3701 1716 signateque
3733 1646 3838 1699 hoc

2191 1724 2433 1776 verbum
2490 1725 2768 1794 ponitur?
2819 1725 2956 1779 Item
2992 1727 3126 1795 quis
3182 1728 3473 1795 negaverit
3523 1742 3635 1780 nou
3687 1732 3840 1780 recte

2191 1805 2425 1874 praecipi
2473 1805 2830 1870 hominibus,
2882 1811 2944 1859 ut
2993 1821 3373 1876 quaecumque
3423 1806 3532 1861 sibi
3586 1807 3658 1860 ab
3709 1805 3840 1866 aliis

2192 1881 2314 1936 ﬁeri
2347 1885 2612 1954 cupiunt,
2667 1885 2780 1939 haec
2822 1886 2906 1939 eis
2956 1890 3012 1939 et
3044 1885 3150 1954 ipsi
3205 1885 3452 1950 faciant;
3503 1901 3573 1939 ne
3604 1901 3666 1939 se
3698 1886 3840 1939 invi-

2191 1978 2314 2019 cem
2361 1968 2724 2036 turpitudine
2773 1966 2986 2021 illicitae
3033 1965 3340 2036 voluptatis
3389 1966 3726 2022 oblectent?
3773 1966 3840 2022 Et

2189 2047 2382 2099 tamen
2435 2046 2888 2101 saluberrimum
2944 2046 3430 2118 veriSsimumque
3486 2052 3838 2118 praeceptum

2190 2133 2300 2193 est,
2353 2131 2720 2199 Quaecumque
2779 2129 2944 2183 vultis
2993 2137 3052 2183 ut
3099 2127 3310 2197 faciant
3361 2128 3511 2184 vobis
3566 2129 3841 2195 homines,

2187 2211 2384 2264 eadem
2430 2219 2483 2265 et
2533 2225 2622 2264 vos
2667 2212 2833 2279 facite
2880 2208 3016 2264 illis.
3067 2209 3129 2264 El
3165 2209 3271 2263 hoc
3317 2210 3493 2275 unde,
3542 2209 3648 2263 nisi
3691 2209 3837 2278 quia

2191 2289 2296 2346 hoc
2346 2290 2469 2346 loco
2521 2290 2693 2344 modo
2743 2289 2997 2361 quodam
3055 2290 3285 2360 proprio
3333 2288 3599 2345 voluntas
3643 2289 3838 2359 posita

2187 2380 2297 2439 est,
2345 2389 2470 2444 qua
2533 2372 2590 2426 in
2641 2372 2796 2427 malo
2845 2372 3026 2441 accipi
3081 2388 3196 2426 non
3247 2370 3478 2442 potest?
3527 2371 3836 2426 Locutione

2187 2470 2322 2510 vero
2365 2453 2683 2520 usitatiore,
2736 2469 2912 2523 quam
2957 2455 3287 2522 frequentat
3318 2453 3568 2507 maxime
3596 2467 3837 2506 consue-

2186 2534 2330 2589 tudo
2379 2533 2690 2596 sermonis,
2744 2548 2858 2586 non
2916 2533 3120 2602 utique
3165 2533 3478 2596 diceretur,
3530 2533 3653 2586 Noli
3695 2531 3837 2586 velle

2184 2616 2415 2669 mentiri
2443 2629 2603 2669 omne
2629 2611 2976 2667 mendacium
3015 2611 3205 2682 (Eccli.
3257 2629 3354 2678 v11,
3391 2613 3504 2683 14);
3538 2611 3650 2666 nisi
3681 2615 3834 2666 esset

2184 2700 2243 2750 et
2273 2695 2535 2749 voluntas
2569 2694 2744 2760 mala,
2784 2710 2816 2746 a
2846 2693 3012 2762 cujus
3058 2692 3336 2764 pravitate
3376 2693 3476 2746 illa
3516 2692 3834 2762 distingui-

2183 2781 2300 2840 tur,
2333 2793 2508 2847 quam
2559 2776 3018 2845 praedicaverunt
3063 2773 3265 2843 Angeli
3309 2774 3586 2839 dicentes,
3624 2779 3744 2827 Pax
3774 2773 3833 2826 in

2183 2865 2333 2910 terra
2363 2855 2674 2909 hominibus
2714 2855 2863 2908 bonae
2905 2852 3204 2908 voluntatis
3253 2853 3401 2924 (Luc.
3445 2869 3504 2915 ιι,
3541 2853 3647 2922 14).
3683 2851 3832 2906 Nam

2183 2951 2250 2990 ex
2281 2935 2600 2989 abundanti
2632 2933 2894 2988 additum
2923 2939 3035 3000 est,
3062 2933 3233 3000 bonae,
3262 2937 3310 2988 si
3341 2948 3467 2987 esse
3491 2947 3604 2986 non
3639 2936 3835 3001 potest.

2184 3013 2294 3068 nisi
2328 3014 2498 3068 bona.
2533 3013 2678 3079 Quid
2726 3019 2918 3065 autem
2965 3027 3242 3081 magnum
3277 3013 3332 3064 in
3373 3010 3676 3065 cbaritatts
3712 3009 3832 3063 lau-

2184 3095 2359 3149 dibus
2389 3095 2625 3148 dixisset
2665 3093 2999 3162 Apostolus,
3033 3094 3184 3159 quod
3225 3108 3339 3145 non
3371 3089 3622 3163 gaudeat
3651 3105 3834 3160 super

2183 3175 2490 3244 iniquitate
2518 3175 2564 3244 (l
2599 3173 2719 3228 Cor.
2752 3189 2876 3238 xm,
2919 3173 2999 3240 6),
3044 3173 3154 3227 nisi
3205 3171 3342 3242 quia
3371 3171 3450 3226 ita
3493 3170 3831 3240 malignitas

2184 3255 2439 3326 gaudet?
2478 3254 2624 3309 Nam
2671 3259 2730 3307 et.
2776 3253 2927 3322 apud
2979 3258 3246 3308 auctores
3278 3251 3644 3306 saecularium
3678 3250 3834 3304 litte-

2186 3353 2406 3403 rarum,
2441 3333 2576 3390 talis
2609 3335 2858 3389 istorum
2895 3334 3204 3387 verborum
3245 3331 3634 3386 indillerentia
3663 3346 3834 3400 repe-

2187 3418 2354 3472 ritur.
2386 3416 2478 3470 Ait
2499 3416 2654 3470 enim
2677 3415 2871 3468 Cicero
2893 3419 3087 3468 orator
3109 3411 3545 3482 amplissimus:
3571 3434 3598 3460 α
3625 3411 3833 3481 Cupio,

2187 3497 2384 3552 Patres
2415 3495 2752 3565 conscripti,
2788 3509 2878 3548 me
2907 3509 3032 3548 esse
3061 3494 3405 3548 clementem
3441 3514 3469 3541 ››
3503 3491 3676 3564 (Orat.
3713 3494 3738 3545 1
3773 3490 3832 3546 in

2189 3577 2380 3641 Catil.,
2411 3593 2530 3646 cup.
2563 3576 2640 3646 2).
2665 3575 2810 3640 Quia
2833 3573 2886 3628 id
2919 3574 3160 3628 verbum
3188 3573 3247 3626 in
3280 3573 3432 3627 bono
3456 3572 3670 3642 posuit,
3700 3571 3837 3642 quis

2191 3664 2304 3713 tam
2341 3673 2606 3727 perverse
2655 3659 2860 3709 doctus
2909 3654 3137 3720 existat,
3186 3652 3286 3724 qui
3319 3669 3433 3708 non
3464 3669 3596 3707 eum
3627 3653 3835 3722 Cupio,

2191 3743 2287 3794 sed
2321 3737 2460 3794 Volo
2496 3737 2686 3808 potius
2717 3735 2908 3790 dicere
2949 3735 3225 3788 debuisse
3261 3734 3619 3788 contendat?
3656 3737 3838 3787 Porro

2191 3820 2344 3890 apud
2413 3817 2747 3872 Terentium
2829 3813 3156 3884 ﬂagitiosus
3225 3814 3562 3869 adolescens
3628 3813 3841 3868 insana

2190 3901 2448 3968 ﬂagrans
2495 3896 2805 3966 cupidine:
2859 3915 2887 3943 «
2939 3894 3092 3948 Nihil
3139 3895 3268 3949 volo
3322 3895 3498 3959 aliud,
3540 3914 3570 3944 »
3618 3893 3838 3963 inquit,

2199 3998 2222 4027 α
2269 3979 2382 4033 nisi
2433 3977 2859 4032 Philumenam.
2920 3998 2948 4026 »
2996 3974 3178 4038 Quam
3237 3974 3600 4030 voluntatem
3652 3973 3840 4028 luisse

2194 4059 2523 4122 libidinem,
2572 4056 2873 4128 responsio
2919 4072 3044 4126 qua;
3090 4055 3168 4110 ibi
3201 4057 3360 4112 servi.
3380 4057 3508 4122 ejus
3539 4054 3790 4110 senioris
3819 4056 3842 4088 ³

2190 4139 2506 4203 inducitur,
2539 4138 2681 4192 satis
2712 4137 2946 4191 indicat.
2989 4140 3084 4191 Ait
3117 4152 3372 4204 namque
3409 4134 3647 4191 domino
3688 4151 3842 4191 suo:

2255 4237 2463 4294 Quanto
2491 4234 2662 4284 satius
2688 4235 2788 4293 est,
2817 4236 2870 4284 te
2896 4234 2952 4283 id
2979 4234 3107 4284 dare
3139 4245 3370 4296 operam.
3401 4246 3508 4295 quo
3536 4233 3701 4282 istum

2562 4309 2630 4345 ex
2656 4297 2836 4346 animo
2868 4310 3102 4346 amorem
3130 4309 3381 4346 amoveas
3415 4300 3525 4350 tuo.

2255 4361 2421 4419 Quam
2433 4360 2488 4407 id
2502 4359 2650 4421 loqui
2663 4374 2769 4422 quo
2789 4361 2958 4422 magis
2977 4360 3140 4409 libido
3161 4361 3360 4409 frustra
3377 4359 3697 4422 accendatur
3711 4359 3850 4408 tua?

2519 4419 2611 4483 (Ιῆ
2643 4419 3017 4484 Α-ηάνίαξασε.
3053 4422 3102 4477 2,
3132 4437 3276 4471 scen.
3313 4424 3356 4478 1,
3389 4436 3528 4470 vers.
3557 4419 3680 4480 6-8.)

2193 4505 2483 4562 Gaudium
2519 4521 2649 4560 vero
2699 4521 2796 4559 eos
2827 4512 2880 4559 et.
2924 4505 2980 4558 in
3032 4503 3183 4559 malo
3237 4503 3524 4574 posuisse,
3574 4501 3675 4556 ille
3717 4500 3846 4572 ipse

2193 4583 2549 4655 Virgilianus
2598 4587 2763 4641 testis
2795 4591 2879 4639 est
2908 4599 3129 4651 versus,
3162 4584 3261 4638 ubi
3296 4585 3397 4638 has
3429 4586 3683 4654 quatuor
3712 4599 3846 4654 per-

2192 4667 2557 4723 turbationes
2589 4683 2822 4721 summa
2865 4666 3139 4721 brevitate
3171 4663 3506 4735 complexus
3536 4671 3658 4717 est:

2255 4764 2388 4815 Hinc
2415 4767 2661 4815 metuunt
2685 4764 3028 4828 cupiuntque,
3057 4762 3239 4828 dolent
3263 4763 3617 4828 gaudentque.

2783 4824 3031 4887 (En—eid.
3066 4825 3164 4874 lib.
3197 4824 3246 4880 6.
3278 4840 3414 4873 vers.
3453 4824 3590 4886 733.)

2195 4909 2350 4964 Dixit
2379 4909 2550 4965 etiam
2585 4909 2733 4964 idem
2788 4915 3014 4975 auctor,
3063 4929 3090 4956 ‹‹
3126 4906 3278 4962 Mala
3322 4905 3534 4960 mentis
3566 4905 3783 4974 gaudia
3815 4929 3837 4957 ι

2197 4990 2353 5061 (Ibid.
2386 5008 2522 5047 vers.
2554 4990 2679 5053 278,
2711 4990 2859 5061 279).

2275 5076 2326 5130 3.
2357 5073 2608 5127 Proinde
2650 5071 2868 5135 volunt,
2919 5073 3122 5124 cavent
3158 5067 3202 5136 ³,
3247 5067 3499 5139 gaudent
3529 5068 3586 5120 et
3615 5064 3755 5120 boni
3789 5069 3847 5120 et

2197 5157 2367 5228 mali;
2401 5161 2576 5226 atque
2609 5161 2668 5208 ut
2699 5152 2900 5207 eadem
2935 5148 3063 5202 aliis
3092 5148 3285 5203 verbis
3318 5146 3714 5214 enuntiemus,
3747 5163 3847 5202 cu-

2260 5297 2280 5362 ξ
2309 5291 2405 5362 Er.
2427 5293 2486 5362 et
2512 5288 2748 5362 plerique
2775 5286 2916 5359 Mss.
2943 5281 3326 5360 intelligendi.

2261 5356 2282 5390 ²
2311 5349 2535 5414 Quidam
2565 5349 2705 5405 libri,
2734 5349 2998 5397 sanioris.

2261 5421 2282 5453 3
2313 5404 2404 5467 Plio
2449 5417 2505 5464 in
2546 5415 2702 5464 editis
2732 5416 2864 5474 post.
2897 5419 3118 5469 cavent;
3152 5409 3423 5474 additum
3455 5408 3586 5458 erat.
3623 5404 3845 5474 timent.

2197 5480 2297 5529 Sed
2327 5481 2484 5534 male,
2513 5491 2634 5527 cum
2667 5469 2917 5537 loquatur
2944 5473 3271 5534 Augustinus
3318 5471 3612 5537 Stoicorum
3636 5469 3845 5537 verbis.

2193 5543 2287 5605 qui
2317 5547 2422 5591 tres
2463 5532 2670 5605 tantum
2716 5532 2938 5587 affectus
2983 5532 3097 5605 sive
3142 5533 3477 5605 eupatheias.
3525 5535 3579 5605 et
3632 5532 3693 5581 in
3748 5533 3844 5605 eis,

2233 5621 2291 5651 ro
2324 5614 2473 5653 metu
2528 5602 2858 5657 caultonem,
2906 5595 3306 5664 ponebant—ut
3350 5597 3408 5646 in
3452 5596 3615 5658 hujus
3651 5595 3845 5658 capitis

2185 5621 2291 5680 Pro
2324 5621 2473 5678 metu

2191 5667 2346 5718 initio
2373 5668 2519 5716 dicit.
