4136 6190
255 305 363 366 413

257 446 431 516 piunt,
477 443 702 511 timent,
757 444 1030 502 latanlur
1077 449 1136 503 et
1183 446 1320 504 boni
1353 452 1412 505 et
1459 448 1627 504 mali:
1680 447 1777 501 sed
1811 443 1892 500 illi

255 526 414 593 bene,
460 523 557 578 isti
610 524 780 591 male,
835 526 988 581 sicut
1039 527 1374 584 hominibus
1434 545 1534 584 seu
1592 532 1747 582 recta
1792 540 1891 579 seu

254 621 510 676 perversa
558 607 830 660 voluntas
879 612 984 661 est.
1039 607 1170 676 Ipsa
1220 625 1453 680 quoque
1499 607 1752 666 tristitia.
1791 621 1893 676 pro

256 702 364 756 qua
391 685 560 739 Stoici
596 684 735 739 nihil
771 686 828 740 in
875 688 1072 742 animo
1122 691 1402 759 sapientis
1435 687 1677 744 inveniri
1725 701 1894 757 posse

254 770 611 836 putaverunt.
665 767 949 836 reperitur
999 768 1057 821 in
1115 769 1284 836 bono,
1334 775 1394 823 et
1447 769 1701 823 maxime
1740 765 1889 836 apud

253 853 487 902 nostros.
534 845 679 901 Nam
731 847 930 902 laudat
981 852 1291 918 Apostolus
1343 848 1699 912 Corinthios,
1741 845 1891 914 quod

253 927 569 981 contristati
602 925 813 982 fuerint
861 931 1191 983 secundum
1245 929 1449 984 Deum.
1494 929 1605 984 Sed
1655 930 1895 982 fortasse

253 1007 376 1078 quis
405 1007 638 1073 dixerit,
671 1007 788 1062 illis
818 1009 1163 1078 Apostolum
1195 1011 1373 1065 fuisse
1405 1007 1894 1076 congratulatum,

252 1088 398 1159 quod
422 1085 748 1142 contristati
773 1089 987 1143 fuerint
1011 1090 1377 1162 paenitendo:
1412 1089 1604 1162 qualis
1633 1087 1891 1156 tristitia,

251 1167 358 1222 nisi
388 1183 591 1222 eorum
645 1166 746 1238 qui
794 1170 1174 1239 peccaverint,
1208 1187 1336 1227 esse
1385 1187 1500 1226 non
1547 1175 1753 1241 potest.
1806 1169 1889 1222 Ita

245 1249 392 1305 enim
424 1249 600 1303 dicit:
642 1249 795 1304 Video
843 1251 985 1321 quod
1027 1251 1258 1322 epistola
1301 1252 1426 1318 illa,
1456 1253 1558 1308 etsi
1597 1250 1665 1304 ad
1695 1250 1892 1304 horam

242 1328 578 1384 contristabit
615 1345 732 1394 vos,
785 1347 934 1384 nunc
974 1331 1204 1400 gaudeo,
1254 1348 1365 1387 non
1413 1333 1543 1401 quia
1583 1330 1898 1386 contristati

242 1411 385 1477 estis,
419 1409 518 1464 sed
562 1412 692 1480 quia
721 1413 1036 1466 contristati
1072 1418 1201 1466 estis
1230 1412 1299 1466 ad
1326 1411 1722 1482 paenitentiam.
1758 1408 1893 1464 Con-

243 1490 446 1546 tristati
484 1487 638 1545 enim
679 1492 808 1545 estis
833 1491 1129 1546 secundum
1173 1493 1360 1561 Deum,
1404 1498 1463 1547 ut
1503 1493 1562 1548 in
1605 1491 1756 1546 nullo
1801 1489 1896 1544 de-

245 1570 565 1624 trimentum
601 1571 900 1638 patiamini
928 1588 998 1626 ea:
1027 1572 1202 1627 nobis.
1247 1573 1380 1640 Quae
1410 1573 1556 1627 enim
1599 1571 1896 1626 secundum

242 1652 406 1705 Deum
434 1655 519 1704 est
565 1649 809 1717 tristitia,
860 1654 1236 1718 pcenitentiam
1285 1653 1344 1706 in
1372 1654 1610 1707 salutem
1637 1649 1894 1719 impaeni-

235 1733 455 1784 tendam
515 1733 529 1765 ί
571 1740 860 1796 operatur:
917 1732 1113 1786 mundi
1168 1739 1348 1787 autem
1396 1735 1625 1787 tristitia
1669 1741 1892 1786 mortem

203 1818 518 1879 operatur.
566 1812 695 1866 Ecce
731 1813 883 1865 enim
930 1812 1167 1882 idipsum
1205 1813 1504 1868 secundum
1545 1814 1716 1867 Deum
1759 1827 1890 1865 con-

237 1893 468 1957 tristari,
504 1899 780 1960 quantum
809 1893 1024 1962 perﬁcit
1045 1899 1103 1946 in
1135 1895 1279 1948 vobis
1311 1893 1647 1948 industriam
1669 1891 1740 1958 (ll
1769 1892 1888 1946 Cor.

239 1986 327 2034 vn,
361 1972 548 2040 8-11).
582 1974 660 2026 Ac
694 1987 796 2042 per
826 1970 935 2025 hoc
984 1980 1229 2042 possunt
1267 1972 1434 2028 Stoici
1471 1989 1571 2042 pro
1613 1973 1734 2026 suis
1769 1986 1896 2042 par-

237 2051 389 2105 tibus
424 2053 804 2122 respondere,
855 2052 923 2106 ad
959 2052 1068 2107 hoc
1112 2053 1293 2108 videri
1326 2053 1529 2108 utilem
1566 2069 1693 2107 esse
1724 2051 1891 2105 tristi-

234 2134 394 2197 tiam,
459 2139 524 2185 ut
594 2147 864 2202 peccasse
937 2133 1247 2202 paeniteat;
1307 2137 1365 2187 in
1435 2134 1630 2188 animo
1698 2136 1890 2185 autem

232 2211 510 2281 sapientis
555 2212 684 2268 ideo
729 2228 858 2267 esse
900 2229 1014 2267 non
1053 2229 1242 2282 posse,
1277 2214 1413 2284 quia
1456 2229 1561 2267 nec
1594 2217 1890 2282 peccatum

234 2291 286 2347 in
334 2308 473 2347 eum
510 2291 686 2358 cadit,
730 2294 902 2362 cujus
954 2293 1293 2364 paenitentia
1343 2293 1739 2356 contristetur,
1789 2304 1893 2344 nec

236 2373 424 2429 ullum
495 2373 652 2428 aliud
708 2373 948 2436 malum,
1010 2374 1162 2444 quod
1227 2372 1602 2442 perpetiendo
1657 2377 1709 2426 et
1761 2386 1891 2424 sen-

232 2452 432 2506 tiendo
494 2454 568 2506 sit
618 2452 822 2507 tristis.
876 2452 1021 2506 Nam
1073 2461 1125 2506 et
1175 2452 1529 2506 Alcibiadem
1579 2452 1772 2506 ferunt
1819 2450 1892 2520 (si

233 2548 324 2586 me
359 2533 436 2587 de
472 2534 706 2587 nomine
757 2530 1018 2587 hominis
1067 2533 1345 2586 memoria
1376 2548 1491 2586 non
1534 2531 1726 2602 fallit),
1757 2545 1889 2584 cum

227 2612 342 2666 sibi
404 2613 611 2665 beatus
660 2610 979 2677 videretur,
1028 2616 1262 2666 Socrate
1317 2611 1677 2680 disputante,
1729 2615 1786 2664 et
1840 2609 1887 2664 ei

223 2707 410 2761 quam
449 2690 624 2745 miser
656 2695 831 2754 esset,
865 2692 1142 2760 quoniam
1186 2690 1402 2746 stultus
1434 2696 1612 2758 esset,
1646 2691 1887 2746 demon-

224 2775 484 2836 strante,
524 2769 753 2825 ﬂevisse
783 2771 883 2842 (al.
940 2772 1079 2827 lluic
1110 2787 1245 2840 ergo
1289 2771 1543 2826 stultitia
1575 2774 1684 2826 fuit
1714 2787 1889 2827 causa

226 2851 402 2907 etiam
443 2850 618 2920 hujus
654 2851 814 2906 utilis
853 2854 1232 2923 optandaeque
1263 2853 1535 2922 tristitiae,
1571 2870 1686 2923 qua
1720 2854 1886 2906 homo

228 2947 356 2988 esse
402 2946 468 2986 se
516 2929 672 2985 dolet
720 2935 873 3002 quod
907 2948 1037 2987 esse
1069 2950 1181 2986 non
1215 2933 1405 2986 debet.
1458 2933 1636 2988 Stoici
1688 2938 1883 2988 autem

225 3026 334 3065 non
389 3010 662 3078 stultum,
728 3011 827 3065 sed
873 3011 1195 3083 sapientem
1257 3012 1424 3066 aiunt
1472 3012 1698 3068 tristem
1755 3026 1884 3067 esse

233 3107 346 3147 non
381 3107 576 3163 posse.

235 3253 466 3311 CAPUT
509 3252 596 3308 IX.
629 3285 698 3294 —
752 3258 827 3309 De
874 3254 1380 3324 perturbationibus
1411 3257 1611 3323 animi,
1651 3271 1888 3326 quarum

253 3352 270 3362 ε
519 3333 745 3404 aﬂectus
775 3343 945 3389 rectos
966 3334 1126 3390 habet
1155 3337 1272 3390 vita
1293 3337 1595 3406 justorum.

313 3469 361 3524 1.
396 3468 616 3523 Verum
652 3467 744 3523 his
779 3467 1167 3539 philosophis,
1200 3471 1354 3539 quod
1387 3472 1458 3525 ad
1487 3471 1660 3526 istam
1696 3487 1889 3541 quies-

243 3549 457 3605 tionem
493 3550 566 3603 de
596 3550 773 3604 animi
803 3551 1333 3617 perturbationibus
1363 3552 1586 3618 attinet,
1616 3552 1734 3620 jam
1770 3566 1890 3604 res-

246 3633 481 3702 pondim
497 3647 566 3684 us
606 3629 664 3683 in
699 3646 850 3684 nono
882 3629 1064 3697 hujus
1091 3631 1280 3700 operis
1311 3630 1482 3699 libro,
1515 3632 1894 3685 ostendentes

245 3725 337 3766 eos
370 3727 488 3766 non
519 3715 638 3764 tam
672 3712 742 3764 de
773 3710 969 3777 rebus,
996 3726 1172 3779 quam
1207 3712 1277 3765 de
1316 3711 1506 3765 verbis
1563 3711 1894 3777 cupidiores

245 3806 365 3854 esse
385 3791 998 3859 contentionis,quam
1027 3792 1286 3846 veritatis
1307 3790 1499 3861 (Capp.
1525 3791 1579 3857 4,
1609 3792 1689 3862 5).
1729 3791 1892 3858 Apud

247 3888 345 3927 nos
374 3879 578 3927 autem
597 3873 763 3939 juxta
794 3871 1127 3941 Scripturas
1158 3888 1356 3926 sacras
1400 3888 1722 3940 sanamque
1751 3871 1898 3926 doc—

246 3952 480 4019 trinam,
519 3951 674 4006 cives
722 3960 939 4006 sanctae
991 3951 1240 4006 civitatis
1305 3953 1398 4007 Dei
1440 3952 1501 4006 in
1536 3953 1708 4022 hujus
1767 3955 1894 4006 vitas

248 4033 716 4104 peregrinatione
743 4033 1066 4087 secundum
1100 4032 1284 4088 Deum
1316 4033 1592 4099 viventes,
1629 4037 1896 4088 metuunt

252 4114 636 4184 cupiuntque,
661 4113 860 4168 dolent
887 4113 1282 4183 gaudentque.
1307 4113 1378 4167 Et
1407 4113 1546 4184 quia
1595 4123 1780 4168 rectus
1809 4120 1897 4168 est

251 4207 400 4247 amor
430 4208 664 4255 eorum,
686 4192 830 4248 istas
861 4209 1063 4247 omnes
1086 4192 1418 4248 affectiones
1443 4199 1628 4247 rectas
1652 4192 1890 4248 habent.

255 4271 522 4329 Metuunt
544 4290 771 4344 poenam
797 4274 1356 4344 aternam,cupiunt
1377 4275 1552 4328 vitam
1582 4280 1890 4328 aeternam:

255 4353 443 4410 dolent
473 4355 538 4410 in
573 4371 630 4409 re
655 4354 698 4420 ²,
730 4355 868 4426 quia
901 4354 1007 4424 ipsi
1034 4355 1091 4409 in
1124 4354 1454 4424 semetipsis
1487 4354 1679 4410 adhuc
1731 4356 1892 4426 inge-

256 4434 524 4502 miscunt,
558 4435 926 4506 adeptionem
979 4440 1380 4505 exspectantes
1438 4434 1893 4501 redemptionem

258 4519 512 4586 corporis
542 4516 631 4571 sui
665 4517 842 4584 (Rom.
875 4531 995 4580 vui,
1027 4516 1120 4583 23)
1153 4532 1167 4582 ;
1201 4517 1460 4584 gaudent
1505 4516 1565 4571 in
1598 4532 1722 4586 spe,
1763 4517 1898 4586 quia

261 4593 349 4648 ﬁet
366 4610 569 4660 sermo,
602 4598 698 4665 qui
724 4598 958 4665 scriptus
1002 4599 1100 4650 est.
1131 4596 1397 4666 Absorpta
1427 4605 1505 4650 est
1530 4612 1675 4650 mors
1698 4599 1756 4650 in
1784 4599 1896 4651 vic-

260 4679 448 4731 toriam
479 4675 525 4748 (Ι
557 4675 679 4731 Cor.
729 4693 820 4744 xv,
850 4676 963 4745 54).
1019 4676 1159 4731 Item
1215 4682 1487 4731 metuunt
1520 4692 1774 4746 peccare,
1795 4693 1896 4732 cu-

262 4756 422 4825 piunt
452 4773 824 4828 perseverare
857 4772 870 4811 :
901 4757 1101 4811 dolent
1134 4756 1193 4810 in
1230 4757 1502 4824 peccatis,
1555 4756 1810 4827 gaudent
1840 4756 1896 4810 in

264 4839 529 4906 operibus
560 4837 748 4892 bonis.
775 4835 1017 4892 Utentm
1047 4840 1315 4891 metuant
1341 4851 1598 4906 peccare,
1629 4836 1896 4905 audiunt,

268 4917 532 4985 Quoniam
587 4917 890 4973 abundabit
942 4917 1237 4990 iniquitas,
1296 4916 1609 4987 refrigescet
1659 4916 1901 4972 rharitas

266 4999 554 5054 multorum
573 4998 793 5069 (Matth.
826 5014 979 5066 xxiv,
1006 4998 1113 5068 12).
1141 4997 1212 5052 Ut
1241 5014 1308 5053 cu
1321 4997 1482 5068 piant
1515 5011 1895 5067 perseverare,

268 5079 501 5135 audiunt
530 5080 683 5150 quod
715 5077 1000 5150 scriptum
1020 5083 1129 5147 est,
1163 5078 1268 5146 Qui
1285 5078 1707 5148 perseveraverit
1734 5092 1900 5149 usque

330 5338 345 5370 ί
381 5337 532 5388 Vind.
575 5339 690 5386 Am.
742 5337 1014 5396 omittunt,
1064 5335 1536 5398 impaenitendam.
1580 5334 1680 5386 Sed
1708 5335 1908 5386 habent

271 5401 454 5450 caeteri
497 5402 638 5456 libri,
683 5414 906 5463 eamque
952 5414 1151 5455 vocem,
1200 5413 1337 5462 quae
1384 5412 1570 5463 graeco
1625 5399 1907 5461 respondet

271 5464 697 5525 amatamet‘e‘ton,
730 5462 1011 5525 praeterire
1038 5476 1146 5525 non
1179 5463 1315 5512 solet
1351 5462 1698 5522 Augustinus,
1730 5465 1790 5510 ut
1818 5463 1902 5511 vi-

271 5523 386 5574 dere
411 5527 490 5574 est
515 5527 570 5574 in
604 5523 846 5576 sernione
872 5526 982 5581 254,
1014 5539 1066 5574 ιι.
1097 5524 1147 5574 2.

329 5588 350 5623 ²
374 5586 546 5638 Nostri
571 5590 792 5643 codices.
823 5590 887 5637 in
916 5603 991 5643 se,
1024 5588 1090 5637 M.

321 5653 397 5711 (a)
421 5650 584 5703 acer.
615 5653 825 5703 Tusco].
858 5651 1068 5710 Quaest.
1096 5650 1188 5701 lib.
1220 5649 1268 5706 3,
1299 5662 1412 5714 cap.
1443 5647 1522 5700 32.

1419 306 1649 370 LIBER
1691 302 2061 378 QUARTUS
2105 305 2468 374 DECIMUS.

3527 319 3644 380 414

2006 455 2064 508 in
2093 457 2279 528 ﬁnem,
2311 462 2401 516 hic
2426 463 2610 518 salvus
2641 464 2743 518 erit
2774 462 2877 531 (id.
2927 480 2982 527 x,
3013 463 3120 532 22).
3171 463 3244 520 Ut
3300 465 3532 523 doleant
3582 466 3642 519 in

2002 541 2282 607 peccatis,
2315 544 2582 610 audiunt,
2616 544 2676 598 Si
2705 543 3012 598 dixerimus
3043 547 3172 614 quia
3201 553 3477 614 peccatum
3530 562 3641 601 non

2001 615 2287 690 habemus,
2319 641 2417 678 nos
2438 624 2580 693 ipsos
2609 625 2936 691 seducimus,
2960 632 3008 681 et
3040 629 3239 681 veritas
3269 627 3327 682 in
3361 629 3514 683 nobis
3534 643 3643 683 non

2003 706 2080 752 est
2111 701 2154 770 (l
2184 703 2342 758 Joan.
2378 721 2416 771 1,
2443 706 2520 776 8).
2557 705 2628 760 Ut
2681 708 2974 776 gaudeant
3025 708 3080 760 in
3123 709 3394 775 operibus
3455 709 3644 776 bonis,

2003 781 2274 848 audiunt,
2333 785 2577 840 Hilarem
2606 785 2856 840 datorem
2885 786 3084 857 diligit
3135 789 3274 841 Deus
3305 789 3375 858 (Il
3412 789 3533 843 Cor.
3569 805 3644 856 Ix,

2001 859 2081 939 7).
2109 861 2247 916 [tem
2280 867 2452 919 sicuti
2486 882 2548 921 se
2576 867 2883 922 inﬁrmitas
2916 883 3111 922 eorum
3147 868 3505 939 ﬁrmitasque
3537 869 3645 923 ha-

2003 937 2214 1011 buerit,
2241 952 2510 1001 metuunt
2534 948 2768 1014 tentari,
2800 949 3041 1019 cupiunt
3066 950 3279 1005 tentari
3315 937 3546 1004 :dolent
3586 950 3643 1004 in

2003 1029 2453 1097 tentationibus,
2482 1033 2740 1101 gaudent
2787 1033 2847 1088 in
2899 1033 3344 1089 tentationihus.
3387 1032 3458 1087 Ut
3489 1033 3644 1087 enim

2004 1112 2274 1163 metuant
2332 1111 2562 1178 tentari,
2612 1113 2876 1178 audiunt,
2927 1113 2993 1168 Si
3066 1113 3188 1185 quis
3243 1116 3647 1184 przoccuputus

2002 1187 2179 1255 fuerit
2209 1189 2266 1243 in
2298 1191 2487 1261 aliqua
2516 1193 2734 1259 delicto,
2757 1209 2847 1248 vos
2875 1196 2973 1265 qui
3007 1197 3324 1265 spirituales
3352 1196 3503 1262 estis,
3537 1195 3645 1247 ins-

2005 1268 2173 1322 truite
2204 1269 2518 1338 huiusmodi
2537 1271 2598 1326 in
2626 1274 2834 1341 spiritu
2855 1275 3338 1340 mansuetudinis;
3363 1274 3647 1329 intendens

2003 1349 2274 1418 teipsum,
2306 1367 2374 1405 ne
2402 1357 2453 1406 et
2483 1357 2543 1406 tu
2577 1354 2802 1408 tenteris
2848 1353 3047 1423 (Galat.
3090 1372 3165 1420 v1,
3201 1357 3270 1422 1).
3329 1355 3402 1410 Ut
3448 1359 3642 1409 autem

2004 1430 2240 1497 cupiant
2273 1433 2505 1500 tentari,
2540 1433 2786 1489 audiunt
2827 1435 3144 1506 quemdam
3195 1437 3382 1491 virum
3435 1436 3641 1490 fortem

2005 1509 2254 1564 civitatis
2288 1509 2382 1565 Dei
2433 1513 2746 1578 dicentem,
2796 1517 2974 1570 Proba
3008 1532 3107 1580 me,
3134 1517 3378 1581 Domine,
3411 1522 3462 1570 et
3496 1520 3644 1569 tenta

2003 1605 2128 1650 me;
2159 1607 2259 1645 ure
2288 1608 2440 1648 renes
2470 1611 2616 1649 meos
2645 1599 2700 1650 et
2742 1611 2835 1651 cor
2865 1613 3046 1650 meum
3077 1597 3247 1666 (Psal.
3282 1613 3410 1664 xxv,
3454 1597 3528 1666 2).
3576 1593 3647 1648 Ut

2003 1669 2239 1741 doleant
2295 1672 2352 1727 in
2396 1677 2831 1745 tontationibus,
2867 1677 3063 1732 vident
3111 1677 3344 1732 Petrum
3407 1675 3637 1730 ﬂentem

2002 1752 2209 1821 (Matth.
2263 1771 2417 1820 xxvr,
2450 1755 2588 1826 75):
2652 1762 2713 1811 ut
2761 1759 3048 1826 gaudeant
3098 1758 3156 1813 in
3219 1757 3642 1812 tentationibus

2003 1834 2244 1887 audiunt
2275 1835 2556 1892 Jacobuin
2593 1839 2904 1905 dicentem,
2939 1838 3107 1894 Omne
3133 1839 3401 1910 gaudium
3452 1835 3641 1892 existi-

2002 1920 2168 1980 mate,
2191 1920 2391 1982 fratres
2421 1920 2548 1984 mei,
2580 1935 2704 1972 cum
2733 1919 2791 1974 in
2833 1925 3161 1975 tentationes
3208 1921 3391 1975 varias
3423 1920 3640 1972 incide-

2003 1990 2128 2046 ritis
2160 1995 2369 2062 (Jacobi
2401 2012 2440 2062 ι,
2481 1997 2560 2065 2).

2071 2073 2125 2124 2.
2154 2076 2278 2126 Non
2302 2075 2495 2129 solum
2519 2082 2708 2131 autem
2745 2083 2977 2150 propter
3006 2095 3068 2133 se
3100 2080 3258 2148 ipsos
3285 2078 3377 2132 his
3411 2092 3643 2131 moven-

2001 2157 2095 2208 tur
2127 2155 2452 2222 affectibus,
2478 2173 2678 2212 verum
2728 2161 2902 2215 etiam
2937 2169 3167 2231 propter
3197 2177 3295 2215 eos
3327 2176 3476 2229 quos
3509 2158 3644 2212 libe-

2003 2234 2118 2287 rari
2152 2235 2412 2304 cupiunt,
2454 2245 2510 2292 et
2552 2255 2622 2292 ne
2655 2245 2895 2309 pereant
2943 2246 3233 2305 metuunt,
3266 2245 3322 2294 et
3355 2238 3549 2294 dolent
3598 2237 3648 2292 si

2003 2321 2268 2385 pereunt,
2319 2325 2378 2372 et
2407 2318 2658 2387 gaudent
2713 2321 2762 2375 si
2813 2322 3150 2378 liberantur.
3211 2322 3378 2377 Illum
3430 2319 3643 2389 quippe

2003 2396 2292 2464 Optimum
2341 2403 2398 2452 et
2429 2399 2808 2454 fortissimum
2841 2406 3050 2465 virum,
3083 2402 3183 2472 qui
3217 2402 3274 2456 in
3335 2400 3457 2456 suis
3483 2399 3643 2453 inﬁr-

2002 2477 2306 2532 mitatibus
2329 2479 2616 2548 gloriatur
2641 2481 2712 2550 (ll
2745 2482 2865 2536 Cor.
2898 2499 2998 2548 xii,
3029 2482 3109 2553 5),
3146 2487 3205 2536 ut
3233 2497 3368 2537 eum
3402 2481 3647 2551 potissi—

2002 2571 2164 2612 mum
2195 2573 2742 2627 commemoremus,
2776 2563 2874 2630 qui
2907 2565 2963 2616 in
2999 2562 3312 2618 Ecclesium
3337 2562 3549 2617 Christi
3580 2577 3649 2615 ex

1999 2633 2288 2691 Gentibus
2345 2654 2634 2706 venimus,
2673 2642 2970 2695 Ductorem
3019 2641 3292 2697 Gentium
3355 2642 3413 2694 in
3449 2640 3560 2694 fide
3590 2644 3647 2695 et

2000 2715 2264 2784 veritate,
2297 2719 2393 2784 qui
2428 2725 2484 2772 et
2539 2721 2668 2790 plus
2695 2721 2972 2776 omnibus
3031 2723 3156 2776 suis
3186 2720 3538 2792 coapostolis
3570 2720 3650 2774 la-

1999 2796 2224 2852 boravit
2245 2799 2285 2864 (Ι
2317 2797 2437 2854 Cor.
2461 2816 2550 2863 xv,
2577 2801 2686 2871 10),
2711 2811 2764 2854 et
2794 2802 3063 2872 pluribus
3095 2802 3371 2872 Epistolis
3404 2801 3650 2872 populos

1998 2877 2122 2941 Dei,
2155 2895 2270 2932 non
2329 2895 2429 2935 eos
2481 2887 2705 2937 tantum
2734 2884 2834 2954 qui
2888 2891 3204 2954 praesentes
3254 2884 3456 2938 abillo
3487 2884 3646 2940 vide-

1997 2957 2229 3023 bantur,
2255 2975 2450 3015 verum
2475 2961 2648 3017 etiam
2673 2962 2807 3017 illos
2828 2963 2928 3035 qui
2957 2965 3137 3019 futuri
3164 2965 3643 3035 praavidebantur,

1997 3036 2496 3109 instruxit;illum,
2530 3043 2789 3113 inquam,
2817 3046 3024 3111 virum,
3059 3044 3334 3100 athletam
3367 3045 3578 3100 Christi
3607 3048 3647 3114 ⁸,

1996 3119 2234 3174 doctum
2269 3119 2341 3175 ab
2390 3121 2512 3188 illo,
2547 3134 2784 3178 unctum
2825 3125 2896 3179 de
2928 3125 3027 3179 illo
3062 3124 3262 3198 (Galat.
3289 3141 3330 3191 ι,
3366 3127 3476 3196 12),
3509 3141 3642 3179 cru-

1997 3199 2238 3255 ciﬁxum
2289 3217 2423 3255 cum
2458 3201 2559 3256 illo
2589 3204 2692 3272 (Id.
2722 3220 2786 3271 ιι,
2821 3205 2934 3267 19),
2967 3205 3285 3274 gloriosum
3321 3206 3380 3260 in
3441 3204 3648 3273 illo,in

1997 3278 2222 3334 theatro
2258 3280 2435 3349 hujus
2476 3283 2707 3350 mundi,
2735 3285 2824 3339 cui
2880 3285 3282 3355 spectaculum
3317 3286 3506 3340 factus
3562 3289 3650 3339 est

1998 3369 2050 3412 et
2081 3359 2316 3429 Angelis
2345 3365 2402 3415 et
2435 3361 2772 3416 hominibus
2803 3363 2849 3434 (Ι
2871 3367 2991 3418 Cor.
3025 3381 3100 3431 ιν,
3131 3366 3211 3434 9),
3244 3365 3500 3435 legitime
3525 3380 3644 3418 ma-

2000 3453 2179 3508 gnum
2211 3455 2453 3508 agonem
2497 3449 2839 3506 certantem,
2873 3448 2928 3497 et
2960 3443 3207 3510 palmam
3243 3460 3508 3513 superna:
3531 3460 3640 3496 vo-

2002 3518 2248 3573 cationis
2299 3519 2356 3572 in
2400 3525 2685 3575 anteriora
2735 3526 3056 3576 sectantem
3101 3523 3363 3591 (Philipp.
3407 3539 3488 3586 ιιι,
3528 3523 3638 3592 14),

2002 3597 2188 3651 oculis
2220 3597 2348 3652 fidei
2383 3600 2769 3654 libentissime
2800 3606 3068 3671 spectant
3097 3601 3138 3665 ε,
3191 3601 3444 3672 gaudere
3503 3617 3635 3654 cum

2002 3678 2562 3749 gaudentibus,flere
2587 3696 2715 3734 cum
2741 3681 3020 3735 ﬂentibus
3042 3684 3219 3746 (Rom.
3244 3698 3344 3747 xu,
3372 3681 3481 3751 15),
3508 3679 3646 3735 foris

2003 3759 2316 3813 habentem
2347 3775 2593 3830 pugnas,
2627 3760 2790 3815 intus
2843 3762 3082 3814 timores
3132 3763 3201 3828 (ΙΙ
3236 3761 3356 3814 Cor.
3389 3776 3488 3824 vn,
3537 3759 3594 3829 5)
3631 3776 3644 3826 ;

2003 3841 2330 3906 cupientem
2367 3838 2630 3902 dissolvi,
2674 3845 2731 3892 et
2775 3855 2907 3894 esse
2937 3856 3070 3894 cum
3105 3839 3332 3894 Christo
3375 3837 3645 3909 (Philipp.

2003 3935 2043 3985 ι,
2070 3917 2162 3989 23)
2205 3936 2219 3984 ς
2256 3918 2683 3974 desiderantem
2719 3922 2911 3975 videre
2940 3920 3242 3985 Romanos,
3279 3925 3342 3974 ut
3387 3919 3639 3989 aliquem

2006 4000 2262 4052 fructum
2296 3997 2509 4052 habeat
2533 4005 2590 4054 et
2633 3999 2691 4052 in
2718 3999 2858 4069 illis,
2891 4000 3042 4054 sicut
3071 4007 3129 4056 et
3159 4000 3216 4054 in
3251 4000 3472 4055 caeteris
3503 4014 3644 4068 gen-

2005 4079 2164 4134 tibus
2195 4079 2369 4150 (Rom.
2423 4096 2460 4147 1,
2498 4081 2586 4144 11,
2642 4082 2732 4153 13)
2764 4101 2778 4150 ;
2811 4081 3184 4137 simulantem
3220 4081 3568 4149 Corinthios,
3591 4084 3649 4136 et

2003 4159 2132 4231 ipsa
2150 4158 2517 4214 aemulatione
2545 4167 2921 4229 metuentem,
2957 4177 3027 4215 ne
3059 4163 3417 4217 seducantur
3444 4175 3644 4216 eorum

2007 4249 2228 4295 mentes
2272 4257 2304 4294 a
2335 4240 2599 4296 castitate
2629 4259 2755 4313 quae
2814 4242 2872 4297 in
2904 4241 3131 4298 Christo
3183 4252 3268 4298 est
3306 4243 3378 4312 (ΙΙ
3411 4241 3531 4298 Cor.
3566 4259 3648 4308 xx,

2002 4323 2059 4389 2,
2089 4322 2189 4392 3);
2222 4337 2492 4392 magnam
2527 4323 2820 4377 tristitiam
2876 4329 2932 4378 et
2982 4323 3326 4379 continuum
3386 4324 3645 4379 dolorem
3716 4390 3728 4400 .

2005 4402 2198 4458 cordis
2229 4403 2300 4456 de
2349 4401 2626 4456 Israelitis
2671 4403 2987 4458 habentem
3040 4407 3208 4468 (Rom.
3244 4421 3321 4470 ιιι,
3371 4404 3449 4476 2),
3496 4403 3650 4474 quod

2006 4483 2341 4552 ignorantes
2376 4483 2467 4536 Ι)θί
2506 4483 2822 4552 justitiam,
2846 4489 2903 4538 et
2931 4500 3096 4538 suam
3148 4485 3407 4539 volentes
3437 4482 3653 4539 consti-

2007 4561 2450 4631 tuere,justitiae
2498 4563 2595 4617 Dei
2639 4580 2752 4620 non
2796 4569 2993 4620 essent
3042 4565 3288 4636 subjecti
3335 4565 3599 4636 (ld.x,3)
3637 4581 3651 4630 ;

2008 4659 2114 4698 nec
2159 4643 2346 4698 solum
2391 4643 2676 4710 dolorem,
2725 4661 2927 4701 verum
2979 4646 3150 4700 etiam
3205 4646 3420 4699 luctum
3473 4661 3650 4700 suum

2005 4724 2450 4779 denuntiantem
2491 4726 2837 4796 quibusdam
2880 4726 2977 4796 qui
3009 4731 3143 4779 ante
3176 4732 3574 4795 peccaverunt,
3597 4729 3655 4778 et

2008 4821 2124 4860 non
2167 4810 2414 4877 egerunt
2463 4807 2865 4875 paenitentiam
2925 4821 3108 4873 super
3175 4804 3550 4857 immunditia
3599 4807 3656 4858 et

2007 4885 2490 4942 fornicationibus
2513 4885 2637 4937 suis
2667 4885 2742 4954 (ΙΙ
2775 4883 2900 4938 Cor.
2935 4899 3032 4943 xu,
3065 4883 3180 4951 21).

2078 4967 2131 5022 3.
2157 4965 2223 5020 Hi
2258 4972 2475 5030 motus,
2510 4964 2564 5017 hi
2589 4963 2832 5017 atl'ectus
2854 4963 2923 5016 de
2953 4977 3147 5016 amore
3178 4961 3313 5016 boni
3341 4965 3398 5017 et
3426 4963 3496 5015 de
3518 4978 3651 5016 san-

2007 5052 2096 5102 cta
2127 5046 2409 5102 charitate
2457 5044 2776 5111 venientes,
2811 5043 2859 5096 si
2891 5043 3029 5097 vitia
3061 5045 3321 5096 vocanda
3377 5047 3537 5106 sunt,
3570 5044 3650 5097 si-

2007 5141 2220 5182 namus
2246 5129 2390 5179 utea
2413 5139 2541 5194 qua
2563 5137 2692 5178 vere
2711 5122 2731 5155 ³
2747 5120 2886 5178 vitia
2909 5127 3068 5191 sunt,
3086 5122 3329 5178 virtutes
3351 5127 3646 5177 vocentur.

2008 5207 2115 5263 Sed
2131 5222 2264 5261 cum
2286 5211 2500 5260 rectam
2519 5203 2797 5260 rationem
2814 5214 3133 5275 sequantur
3153 5203 3274 5259 ista
3289 5202 3648 5272 affectiones,

2075 5402 2090 5435 1
2124 5397 2427 5472 γὶιιᾶηὴω.
2481 5395 2564 5445 Er.
2617 5397 2670 5444 et
2693 5394 2932 5459 plerique
2977 5394 3119 5456 Mss.,
3164 5409 3359 5443 verum
3405 5392 3654 5443 athletam.

2009 5461 2330 5572 certaturos
2384 5520 2753 5584 manuscripti.
2818 5528 3103 5582 εωερθσταπ
3115 5529 3236 5568 “m'
3303 5520 3366 5568 Et
3418 5520 3654 5586 quidam

2001 5595 2328 5648 spectamus.

2067 5651 2090 5684 ³
2119 5648 2205 5698 Sic
2231 5647 2384 5697 Vind.
2415 5649 2531 5696 Am.
2562 5649 2616 5700 et
2641 5647 2764 5697 Mss.
2801 5648 2868 5696 At
2899 5647 2982 5695 Er.
3014 5647 3068 5696 et
3098 5645 3246 5702 Lov..
3281 5661 3429 5697 vera.
