4136 6190
417 299 552 358 4N5~

420 433 657 509 quando
704 430 802 487 ubi
849 433 1071 501 Oportet
1135 425 1518 509 adhibentur,
1571 421 1703 509 quis
1774 437 1878 509 eas
1918 421 2062 509 tunc

421 501 658 571 morbos
689 528 793 568 seu
824 511 1062 565 vitiosas
1093 507 1386 576 passiones
1411 505 1618 560 audeat
1647 501 1880 558 dicere?
1912 501 2064 565 Qua-

421 596 682 652 mobrem
723 592 895 648 etiam
927 591 1052 661 ipse
1083 589 1368 644 Dominus
1408 585 1466 640 in
1497 587 1678 641 forma
1703 583 1853 638 servi
1895 593 2064 650 agere

419 677 600 732 vitam
657 674 930 744 dignatus
990 671 1335 734 humanam,
1392 667 1492 723 sed
1552 666 1782 722 nullum
1840 662 2063 716 habens

420 756 662 813 omnino
713 756 1035 824 peccatum,
1076 749 1344 805 adhibuit
1391 765 1487 803 eas
1544 746 1645 803 ubi
1703 745 2064 802 adhibendas

421 853 551 894 esse
574 833 884 906 judicavit.
935 832 1133 902 Neqne
1191 830 1347 885 enim
1406 829 1463 884 in
1517 844 1630 898 quo
1672 842 1874 881 verum
1941 830 2066 882 erat

424 915 678 973 hominis
736 929 948 984 corpus
980 918 1038 966 et
1084 927 1255 965 verus
1289 909 1547 966 hominis
1596 907 1850 974 animus,
1885 907 2068 962 falsus

424 1002 549 1052 erat
571 995 862 1049 humanus
893 992 1159 1047 affectus.
1193 990 1336 1044 Cum
1366 1005 1501 1060 ergo
1532 989 1656 1056 eius
1678 987 1738 1041 in
1762 986 2069 1058 Evangelio

423 1078 538 1133 ista
593 1076 947 1140 referuntur,
1005 1073 1158 1144 quod
1193 1087 1369 1142 super
1391 1070 1670 1125 duritiam
1719 1069 1915 1123 cordis
1970 1069 2070 1123 Ju-

423 1157 685 1214 draorum
732 1171 866 1210 cum
928 1156 1014 1209 ira
1063 1152 1444 1208 contristatus
1477 1152 1550 1206 sit
1611 1149 1798 1208 (Marc.
1855 1165 1940 1215 Ill,
1974 1151 2067 1220 35);

423 1237 578 1309 quod
610 1236 841 1305 dixerit,
876 1233 1087 1290 Gaudeo
1119 1241 1336 1304 propter
1364 1247 1477 1299 vos,
1525 1235 1585 1286 ut
1614 1229 1854 1285 credatis
1886 1230 2067 1298 (Joan.

426 1335 506 1387 XI,
536 1318 623 1389 15)
647 1337 660 1386 ;
686 1316 836 1386 quod
862 1316 1138 1370 Lazarum
1162 1316 1551 1368 suscitaturus
1582 1310 1753 1366 etiam
1783 1309 2070 1381 lacrymas

429 1399 645 1455 fuderit
674 1397 857 1469 (Ibid.,
915 1397 1046 1468 35);
1082 1398 1234 1466 quod
1290 1391 1685 1463 concupiverit
1728 1407 1859 1446 cum
1895 1390 2069 1445 disci-

429 1480 585 1552 pulis
617 1479 740 1534 suis
771 1478 1128 1533 manducare
1160 1475 1368 1546 pascha
1404 1475 1556 1546 (Luc.
1576 1489 1715 1539 xxu,
1751 1472 1876 1552 1,5):
1916 1471 2070 1552 quod

431 1551 860 1631 propinquante
929 1556 1194 1626 passione
1241 1554 1428 1610 tristis
1475 1552 1648 1608 fuerit
1693 1551 1891 1606 anima
1946 1551 2072 1622 eius

432 1639 654 1710 (Matth.
703 1654 854 1706 xxvu,
913 1637 1027 1707 38),
1087 1651 1201 1690 non
1263 1633 1408 1690 falso
1465 1634 1664 1703 utique
1720 1631 2070 1686 referuntur.

425 1719 643 1774 Verum
673 1716 770 1772 ille
802 1717 909 1772 hos
935 1720 1130 1772 motus
1161 1719 1326 1770 certae
1357 1711 1823 1786 dispensationis
1861 1711 2070 1782 gratia,

427 1801 508 1856 ita
536 1816 671 1856 cum
701 1798 882 1855 voluit
911 1796 1173 1867 suscepit
1226 1795 1425 1852 animo
1486 1796 1762 1862 humano,
1813 1796 1878 1848 ut
1935 1807 2070 1848 cum

426 1880 601 1938 voluit
635 1881 823 1934 factus
846 1883 936 1935 est
966 1879 1160 1934 homo.

502 1961 553 2016 4.
589 1960 856 2022 Proinde,
885 1959 1038 2030 quod
1075 1957 1372 2012 fatendum
1408 1959 1515 2022 est,
1538 1954 1709 2009 etiam
1735 1970 1866 2009 cum
1893 1957 2074 2008 rectas

429 2046 488 2098 et
509 2043 828 2096 secundum
863 2039 1044 2096 Deum
1079 2039 1359 2094 habemus
1383 2037 1490 2091 has
1520 2035 1873 2100 affectiones,
1898 2034 2075 2104 hujus

428 2123 560 2178 vitae
592 2124 754 2184 sunt,
779 2135 892 2174 non
945 2118 1101 2173 illius
1135 2134 1306 2188 quam
1357 2118 1612 2172 futuram
1654 2131 1984 2186 speramus,
2018 2119 2076 2170 et

431 2217 584 2272 saepe
614 2200 731 2256 illis
761 2200 936 2255 etiam
960 2199 1127 2254 inviti
1159 2197 1442 2253 cedimus.
1494 2197 1697 2267 Itaque
1735 2195 2071 2266 aliquando,

431 2281 696 2354 quamvis
746 2295 862 2334 non
911 2277 1190 2350 culpabili
1238 2276 1582 2348 cupiditate,
1641 2275 1741 2330 sed
1797 2272 2076 2329 laudabili

429 2361 712 2417 charitate
746 2375 1100 2424 moveamur,
1128 2357 1301 2414 etiam
1335 2359 1478 2412 dum
1512 2357 1806 2420 nolumus,
1843 2355 2074 2410 ﬂemus.

432 2441 732 2498 Habemus
763 2455 897 2511 ergo
929 2455 1028 2494 eas
1057 2455 1126 2493 ex
1155 2436 1428 2492 humanas
1453 2436 1798 2492 conditionis
1829 2433 2077 2490 inﬁrmi-

430 2527 554 2578 tate
586 2538 743 2578 :non
766 2525 958 2576 autem
991 2520 1070 2575 ita
1109 2519 1394 2575 Dominus
1431 2518 1628 2585 Jesus,
1653 2517 1817 2584 cuius
1846 2519 1903 2572 et
1935 2520 1950 2552 ¹
1985 2515 2080 2571 in-

431 2603 681 2660 firmitas
706 2603 818 2657 fuit
840 2618 906 2657 ex
952 2605 1250 2673 potestate.
1284 2601 1392 2654 Sed
1427 2600 1568 2654 dum
1602 2600 1728 2654 vitm
1759 2598 1938 2668 hujus
1987 2597 2077 2652 in-

435 2685 772 2740 ﬁrmitatem
788 2682 1068 2755 gerimus.
1087 2681 1133 2736 si
1153 2697 1249 2737 eas
1261 2681 1499 2736 omnino
1518 2679 1709 2735 nullas
1728 2678 2073 2745 habeamus,

431 2769 572 2820 tunc
605 2765 800 2835 potius
858 2779 972 2818 non
1008 2769 1157 2818 recte
1179 2761 1454 2817 vivimus.
1501 2759 1873 2830 Vituperabat
1920 2757 2076 2813 enim

429 2849 486 2903 et
512 2844 914 2901 detestabatur
964 2841 1279 2914 Apostolus
1333 2841 1654 2912 quosdam,
1710 2855 1860 2910 quos
1903 2839 2075 2893 etiam

431 2941 558 2983 esse
583 2925 730 2980 dixit
750 2927 876 2980 sine
896 2921 1198 2980 affectione
1219 2924 1392 2991 (Rom.
1416 2938 1458 2988 ι,
1478 2921 1584 2990 31).
1609 2918 1872 2989 Culpavit
1901 2918 2076 2974 etiam

434 3007 571 3063 illos
601 3022 766 3062 sacer
819 3005 1110 3072 Psalmus,
1179 3003 1249 3059 de
1307 3002 1521 3073 quibus
1568 3002 1668 3067 ait,
1701 3000 1955 3056 Sustinui
1982 2999 2080 3070 qui

430 3089 600 3145 simul
657 3089 1107 3155 contristantur,
1165 3093 1217 3141 et
1245 3100 1354 3140 non
1385 3084 1502 3151 fuit
1534 3082 1706 3155 (Psai.
1741 3099 1934 3149 vam,
1959 3081 2075 3152 2i).

427 3169 572 3226 Nam
605 3169 843 3223 omnino
883 3183 998 3222 non
1025 3165 1241 3232 dolere,
1274 3165 1414 3220 dum
1447 3179 1654 3219 sumus
1701 3162 1760 3218 in
1810 3161 1919 3217 hoc
1951 3161 2075 3218 loco

337 3261 340 3264 ’
431 3249 704 3314 miserias,
732 3248 1013 3319 profecto,
1047 3246 1204 3302 sicut
1229 3246 1466 3317 quidam
1501 3245 1672 3300 etiam
1700 3244 1852 3313 apud
1881 3241 2076 3298 seaculi

427 3331 606 3400 hujus
637 3329 921 3384 litteratos
955 3329 1140 3383 sensit
1167 3331 1221 3381 et
1247 3326 1392 3380 dixit
1422 3328 1522 3397 (a),
1558 3341 1673 3380 non
1699 3325 1825 3380 sine
1858 3339 2076 3394 magna

421 3411 688 3467 mercede
708 3409 1011 3478 contingit,
1046 3406 1429 3464 immanitatis
1458 3406 1517 3461 in
1539 3405 1756 3471 animo,
1811 3402 2075 3474 stuporis

420 3493 478 3548 in
511 3505 772 3563 corpore.
815 3488 1095 3555 Quocirca
1142 3488 1243 3544 illa
1283 3503 1410 3560 quas
1457 3485 1698 3539 ἀπάθεια
1752 3499 1935 3556 graece
1993 3482 2076 3538 di-

420 3573 588 3638 citur,
613 3587 740 3643 quas
757 3570 805 3626 si
834 3570 1011 3626 latine
1036 3573 1255 3642 posset,
1279 3564 1729 3639 impassibilitas
1762 3565 2074 3628 diceretur,

423 3655 472 3711 si
507 3654 585 3708 ita
606 3650 983 3725 intelligenda
1013 3654 1102 3706 est
1135 3651 1215 3723 (in
1237 3648 1433 3705 animo
1457 3647 1692 3718 quippe,
1719 3662 1832 3701 non
1863 3644 1922 3700 in
1945 3661 2075 3700 cor-

426 3750 563 3807 pore
595 3733 920 3804 accipitur),
955 3737 1018 3788 ut
1057 3733 1184 3788 sine
1241 3731 1334 3786 his
1365 3727 1774 3785 affectionibus
1827 3726 2071 3795 vivatur,

426 3832 545 3888 quae
575 3819 776 3870 contra
799 3815 1080 3869 rationem
1132 3811 1403 3868 accidunt
1435 3815 1810 3880 mentemque
1844 3811 2070 3888 pertur-

423 3887 586 3963 bant,
622 3897 774 3951 bona
804 3895 974 3965 plane
1003 3900 1056 3948 et
1088 3893 1337 3948 maxime
1368 3891 1629 3962 Optanda
1658 3893 1744 3943 est
1778 3903 1791 3955 ;
1826 3887 1928 3942 sed
1967 3899 2074 3965 nec

423 3977 550 4050 ipsa
573 3977 750 4046 hujus
772 3964 862 4029 est
891 3975 1039 4028 vitae.
1078 3972 1204 4027 Non
1235 3972 1390 4027 enim
1423 3969 1942 4050 qualiumcumque
1976 3964 2076 4020 ho-

425 4046 655 4114 minum
703 4071 810 4110 vox
841 4059 952 4122 est,
1003 4053 1104 4107 sed
1139 4051 1396 4106 maxime
1427 4051 1656 4120 piorum
1702 4046 2072 4118 multumque

417 4140 714 4210 justorum
747 4139 924 4205 atque
973 4135 1332 4199 sanctorum,
1364 4130 1425 4186 Si
1468 4131 1780 4185 dixerimus
1807 4129 2079 4198 quoniam

424 4208 705 4290 peccatum
725 4232 830 4270 non
856 4215 1133 4276 habemus,
1155 4229 1250 4267 nos
1289 4216 1432 4282 ipsos
1452 4212 1780 4275 seducimus,
1804 4213 1854 4264 et
1877 4208 2079 4264 veritas

429 4287 487 4354 in
508 4297 667 4350 nobis
688 4310 798 4350 non
822 4301 902 4350 est
922 4297 968 4365 (Ι
991 4295 1151 4350 Joan.
1184 4309 1225 4357 ι,
1267 4293 1348 4363 8).
1402 4293 1568 4346 Tunc
1599 4291 1798 4361 itaque
1851 4287 2078 4341 ἀπάθεια

428 4378 542 4432 ista
571 4375 701 4442 erit,
735 4376 966 4443 quando
1001 4376 1301 4441 peccatum
1335 4371 1393 4426 in
1429 4370 1664 4425 homine
1695 4369 1920 4424 nullum
1945 4370 2072 4423 erit.

428 4455 595 4512 Nunc
621 4469 760 4508 vero
791 4451 931 4506 satis
955 4452 1102 4506 bene
1124 4450 1355 4517 vivitur,
1388 4450 1437 4505 si
1468 4450 1592 4504 sine
1623 4449 1868 4504 crimine
1902 4466 1916 4515 ;
1949 4448 2078 4504 sine

428 4538 666 4611 peccato
697 4537 892 4588 autem
917 4531 1019 4604 qui
1051 4546 1113 4586 se
1135 4529 1322 4586 vivere
1354 4529 1668 4596 existimat,
1705 4544 1818 4583 non
1852 4528 1904 4582 id
1939 4527 2077 4596 agit,

433 4608 495 4674 ut
529 4617 829 4688 peccatum
864 4629 980 4668 non
1011 4610 1242 4678 habeat,
1283 4611 1385 4665 sed
1419 4613 1482 4664 ut
1519 4608 1745 4663 veniam
1779 4623 1893 4662 non
1925 4608 2079 4663 acci-

431 4687 570 4772 piat.
588 4695 761 4752 Porro
783 4694 830 4751 si
849 4690 1080 4748 ἀπάθεια
1107 4689 1209 4746 illa
1231 4691 1474 4748 dicenda
1493 4692 1602 4756 est,
1621 4703 1756 4744 cum
1779 4687 2078 4743 animum’

431 4767 766 4850 contingere
799 4775 1037 4832 omnino
1070 4788 1184 4830 non
1219 4776 1412 4845 potest
1457 4768 1913 4850 ullusatl'ectus,
1945 4767 2080 4838 quis

435 4861 588 4916 hunc
637 4847 948 4929 stuporem
1007 4869 1123 4911 non
1181 4853 1457 4909 omnibus
1515 4847 1923 4929 vitiisjudicet
1953 4862 2078 4902 esse

430 4941 686 5012 pejorem
717 4928 966 4994 ‘I’Potest
997 4950 1130 5005 ergo
1163 4951 1278 4990 non
1329 4931 1584 4989 absurde
1618 4930 1730 5012 dici
1764 4928 2079 5012 perfectam

433 5008 852 5077 beatitudinem
887 5018 1014 5074 sine
1045 5015 1284 5072 stimulo
1308 5014 1539 5070 timoris
1561 5018 1616 5068 et
1645 5011 1772 5068 sine
1803 5008 1920 5066 ulla
1950 5008 2083 5066 tris-

433 5103 566 5158 titia
595 5101 894 5155 futuram:
956 5113 1071 5152 non
1124 5097 1207 5151 ibi
1238 5101 1435 5151 autem
1487 5095 1755 5150 futurum
1817 5107 2077 5147 amorem

436 5182 832 5254 gaudiumque
862 5176 991 5249 quis
1021 5175 1254 5242 dixerit,
1309 5174 1424 5231 nisi
1473 5173 1631 5230 omni
1662 5172 1834 5230 modo
1867 5188 1900 5226 a
1926 5171 2080 5226 veri-

503 5484 520 5515 ι
550 5479 836 5535 Particula,
856 5487 922 5535 et,
953 5477 1104 5527 abest
1135 5487 1168 5525 a
1193 5472 1316 5524 Mss.
1347 5471 1628 5536 plerisque.

502 5542 524 5576 ²
552 5541 738 5591 Plures
765 5543 907 5599 Mss,
943 5541 1146 5589 animo.

507 5603 575 5664 (α)
609 5603 831 5651 Crantor
860 5596 1200 5653 Academicus
1237 5599 1379 5663 apud
1429 5598 1729 5648 Ciceronem
1776 5597 1833 5648 in
1877 5596 2085 5648 Tuscul.

447 5665 658 5725 Quaest.
693 5664 790 5715 lib.
817 5664 865 5725 3,
895 5678 1009 5728 cap.
1038 5665 1088 5716 6.

1471 289 1573 348 DE
1617 281 1984 348 CIVITATE
2027 275 2178 352 DEI,
2228 278 2294 339 S.
2340 278 2765 341 AUGUSTINI

3708 289 3832 348 416

2173 420 2292 472 tate
2328 416 2642 477 seclusus?
2670 421 2727 477 Si
2779 424 2975 476 autem
3029 421 3261 477 ἀπάθεια
3292 422 3394 480 illa
3423 429 3533 497 est,
3565 426 3668 482 ubi
3722 445 3834 485 nec

2176 504 2371 553 metus
2405 499 2558 556 ullus
2588 509 2852 569 exterret,
2887 519 2991 558 nec
3021 505 3184 576 angit
3213 504 3379 560 dolor
3413 509 3457 573 ί,
3501 512 3833 566 aversanda

2173 583 2262 659 est
2290 579 2347 632 in
2384 581 2492 635 hac
2510 582 2648 649 vita,
2681 582 2730 637 si
2762 587 2936 648 recte,
2991 583 3097 638 hoc
3129 591 3217 639 est
3248 590 3568 643 secundum
3611 591 3822 659 Deum,

2173 658 2362 716 vivere
2383 660 2656 717 volumus
2690 679 2704 719 :
2741 664 2797 717 in
2823 662 2922 718 illa
2951 680 3084 720 vero
3107 664 3296 734 beata,
3321 683 3447 736 qum
3470 658 3827 741 sempiterna

2173 741 2552 810 promittitur,
2581 742 2752 814 plane
2785 744 3071 814 speranda
3100 751 3187 800 est
3209 746 3250 799 ³.

2243 819 2296 874 5.
2333 822 2535 878 Timor
2588 841 2836 894 namque
2894 826 2990 880 ille
3040 827 3110 882 de
3150 843 3264 898 quo
3325 828 3464 884 dicit
3525 831 3834 900 apostolus

2177 899 2458 984 Joannes,
2510 905 2690 959 Timor
2727 921 2837 960 non
2874 910 2951 961 est
2999 910 3058 961 in
3107 907 3396 976 charitate,
3447 911 3538 966 sed
3568 899 3838 984 iper/“ecta

2179 981 2419 1065 charilas
2473 987 2626 1055 foras
2681 987 2856 1041 mittit
2897 991 3172 1058 timorem,
3205 991 3339 1060 quia
3395 995 3558 1047 timor
3612 981 3839 1065 poenam

2180 1062 2339 1119 habet
2368 1083 2392 1129 ,°
2419 1066 2518 1137 qui
2553 1072 2730 1122 autem
2771 1072 2946 1136 timet,
2979 1086 3088 1124 non
3119 1077 3196 1127 est
3245 1077 3520 1143 perfectus
3551 1062 3838 1130 in’chari-

2179 1144 2551 1233 tate([_.(oan.
2582 1164 2655 1213 tv,
2692 1147 2952 1233 i_8),_non
3010 1154 3099 1206 est
3156 1153 3285 1233 eius
3335 1155 3566 1224 generis
3622 1156 3834 1225 timor,

2182 1226 2484 1313 cujus__ille
2538 1243 2647 1298 quo
2680 1229 2932 1313 timebat
2963 1231 3266 1302 apostolus
3324 1235 3562 1305 Paulus,
3594 1252 3666 1291 ne
3726 1235 3836 1293 Co-

2183 1305 2386 1386 rinthii
2446 1309 2779 1377 serpentina
2837 1311 3260 1368 seducerentur
3299 1315 3515 1370 astutia
3572 1317 3644 1386 (ll
3702 1317 3833 1372 Cor.

2182 1399 2260 1450 ιι,
2301 1384 2355 1453 3)
2389 1401 2402 1452 ;
2439 1386 2594 1442 hunc
2624 1389 2780 1444 enim
2833 1389 3098 1444 timorem
3163 1393 3338 1448 habet
3393 1384 3671 1463 charitas,
3708 1396 3838 1453 imo

2185 1480 2298 1548 non
2332 1466 2506 1522 habet
2565 1469 2678 1524 nisi
2713 1470 3017 1526 charitas:
3078 1472 3178 1527 sed
3241 1473 3402 1530 illius
3449 1481 3540 1531 est
3595 1476 3837 1548 generis

2183 1545 2378 1629 timor,
2413 1549 2511 1629 qui
2545 1566 2659 1605 non
2691 1551 2861 1605 estin
2885 1551 3168 1607 charitate
3199 1573 3214 1622 ;
3249 1555 3319 1610 de
3351 1571 3466 1626 quo
3499 1545 3624 1627 ipse
3652 1573 3837 1629 apos-

2183 1625 2336 1682 tolus
2369 1627 2581 1684 Paulus
2605 1631 2706 1695 ait,
2732 1632 2849 1686 Non
2882 1634 3029 1688 enim
3051 1633 3333 1705 accepistis
3361 1625 3622 1706 spiritum
3651 1625 3831 1694 servi-

2184 1710 2318 1795 tutis
2348 1710 2551 1795 iterum
2581 1714 2638 1766 in
2688 1715 2938 1768 timorem
2969 1714 3147 1785 (Rom.
3178 1732 3301 1783 vm,
3338 1718 3445 1789 15).
3485 1719 3665 1774 Timor
3696 1736 3832 1776 vero

2185 1786 2281 1868 ille
2309 1794 2512 1857 castus,
2533 1807 2862 1861 permanens
2893 1794 2951 1848 in
2975 1795 3237 1849 saeculum
3257 1786 3445 1851 seculi
3474 1799 3647 1868 (Psal.
3671 1816 3832 1868 xviri,

2188 1867 2297 1938 10),
2322 1869 2502 1925 sierit
2531 1876 2589 1925 et
2621 1874 2677 1926 in
2698 1873 2894 1928 futuro
2920 1875 3155 1943 saeculo,
3180 1875 3340 1948 (nam
3376 1894 3492 1948 quo
3525 1878 3636 1933 alio
3662 1882 3836 1936 modo

2185 1955 2376 2020 potest
2425 1951 2674 2024 intelligi
2707 1970 3044 2023 permanere
3096 1955 3152 2010 in
3213 1957 3491 2014 secutum
3545 1960 3741 2015 saeculi
3784 1960 3837 2031 ἵ)

2186 2046 2299 2085 non
2331 2035 2420 2086 est
2475 2032 2652 2089 timor
2681 2040 2978 2090 exterrens
3037 2053 3072 2092 a
3129 2037 3308 2106 malo,
3369 2041 3518 2110 quod
3570 2042 3840 2098 accidere

2187 2116 2371 2192 potest
2395 2130 2408 2178 ;
2431 2115 2531 2168 sed
2557 2119 2760 2170 tenens
2793 2116 2850 2169 in
2885 2116 3060 2185 bono,
3090 2119 3245 2189 quod
3271 2119 3456 2174 amitti
3479 2138 3589 2175 non
3614 2127 3836 2192 potest.

2187 2189 2291 2247 Ubi
2325 2195 2480 2248 enim
2514 2195 2650 2250 boni
2681 2195 2872 2266 adepti
2905 2214 3070 2253 amor
3096 2198 3488 2257 immutabilis
3524 2189 3631 2272 est,
3689 2218 3840 2272 pro-

2183 2272 2353 2342 feclo,
2387 2276 2434 2330 si
2468 2277 2584 2332 dici
2617 2283 2826 2348 potest,
2871 2280 3010 2334 mali
3059 2282 3298 2336 cavendi
3352 2283 3530 2339 timor
3585 2300 3837 2340 securus

2186 2364 2292 2410 est.
2324 2356 2576 2413 Timoris
2610 2359 2827 2430 quippe
2858 2361 2997 2415 casti
3032 2362 3270 2417 nomine
3314 2379 3378 2418 ea
3437 2363 3704 2419 voluntas
3745 2365 3836 2420 si—

2185 2435 2461 2508 gniﬁcata
2510 2443 2616 2508 est,
2651 2457 2766 2511 qua
2799 2457 2904 2496 nos
2937 2458 3178 2499 necesse
3211 2443 3321 2499 erit
3369 2444 3525 2500 nolle
3574 2461 3835 2517 peccare,

2186 2525 2240 2573 et
2272 2535 2384 2573 non
2410 2519 2804 2577 sollicitudine
2827 2522 3205 2591 infirmitatis,
3229 2540 3302 2580 ne
3333 2526 3480 2580 forte
3498 2541 3832 2595 peccemus,

2186 2599 2286 2653 sed
2317 2599 2746 2671 tranquillitate
2778 2600 3082 2658 charitatis
3118 2619 3319 2660 cavere
3349 2611 3674 2675 peccatum.
3717 2608 3835 2662 Aut

2188 2679 2239 2735 si
2273 2680 2487 2736 nullius
2513 2682 2752 2738 omnino
2782 2683 3012 2754 generis
3043 2685 3220 2740 timor
3241 2701 3367 2742 esse
3389 2686 3601 2758 poterit
3638 2689 3696 2742 in
3729 2687 3835 2743 illa

2187 2761 2511 2816 certissima
2534 2765 2844 2818 securitate
2867 2769 3276 2836 perpetuorum
3303 2766 3678 2839 feliciumque
3696 2785 3841 2840 gau-

2187 2842 2416 2898 diorum
2453 2845 2571 2910 ;sic
2601 2847 2820 2900 dictum
2855 2850 2965 2916 est,
3005 2848 3189 2902 Timor
3232 2849 3455 2904 Domini
3481 2859 3680 2913 castus,
3711 2865 3849 2920 per-

2185 2940 2414 2980 manens
2439 2927 2497 2981 in
2540 2925 2809 2982 saeculum
2837 2929 3046 2996 seculi,
3084 2931 3580 2998 quemadmodum
3613 2930 3847 2988 dictum

2186 3009 2296 3071 est,
2355 3007 2635 3062 Patientia
2683 3023 2992 3078 pauperum
3047 3025 3161 3064 non
3189 3009 3400 3080 peribit
3445 3015 3506 3065 in
3564 3016 3852 3068 aeternum

2187 3084 2354 3156 (Psal.
2388 3101 2466 3154 ix,
2500 3086 2608 3158 19).
2641 3087 2840 3157 Neque
2870 3088 3026 3144 enim
3059 3093 3272 3144 aeterna
3312 3091 3421 3146 erit
3451 3091 3578 3160 ipsa
3621 3091 3852 3162 patien-

2185 3163 2284 3232 tia,
2322 3182 2448 3236 quaa
2481 3167 2804 3222 necessaria
2822 3183 2934 3222 non
2968 3172 3078 3235 est,
3104 3168 3214 3224 nisi
3247 3170 3344 3225 ubi
3378 3169 3680 3225 toleranda
3697 3175 3850 3226 sunt

2185 3244 2343 3300 mala
2374 3262 2388 3301 :
2425 3246 2523 3301 sed
2558 3253 2842 3302 aeternum
2872 3247 3004 3316 erit,
3037 3264 3153 3320 quo
3207 3265 3309 3320 per
3341 3250 3676 3318 patientiam
3713 3266 3849 3320 per-

2183 3326 2434 3381 venitur.
2495 3328 2578 3381 Ila
2635 3328 2882 3383 fortasse
2939 3329 3117 3384 timor
3181 3336 3380 3384 castus
3437 3330 3495 3384 in
3553 3329 3845 3388 saculum

2185 3406 2380 3464 saeculi
2411 3407 2602 3464 dictus
2634 3413 2718 3463 est
2749 3424 3114 3480 permanere,
3146 3410 3287 3482 quia
3333 3410 3390 3465 id
3435 3411 3836 3481 permanebit,

2184 3503 2300 3559 quo
2333 3487 2506 3543 timor
2535 3489 2659 3559 ipse
2683 3489 2961 3558 perducit.

2254 3570 2309 3624 6.
2343 3569 2476 3633 Quae
2509 3585 2642 3624 cum
2666 3570 2746 3625 ita
2776 3569 2914 3635 sint,
2940 3569 3216 3642 quoniam
3237 3576 3392 3626 recta
3419 3569 3540 3625 vita
3564 3571 3844 3628 ducenda

2183 3655 2292 3718 est,
2311 3667 2422 3721 qua
2449 3651 2901 3723 perveniendum
2923 3655 2993 3708 sit
3011 3653 3078 3706 ad
3099 3652 3352 3712 beatam,
3368 3667 3567 3708 omnes
3590 3652 3844 3710 aﬂ’ectua

2183 3732 2324 3787 istos
2359 3733 2479 3788 vita
2525 3737 2681 3788 recta
2728 3739 2915 3788 rectos
2947 3732 3141 3802 habet,
3177 3749 3442 3804 perversa
3501 3749 3841 3804 perversos.

2185 3814 2358 3868 Beata
2387 3829 2519 3869 vero
2574 3814 2901 3886 eademque
2957 3819 3172 3870 eterna
3201 3829 3459 3870 amorem
3493 3813 3734 3870 habebit
3780 3821 3848 3871 et

2187 3895 2465 3963 gaudium
2498 3909 2615 3950 non
2647 3895 2838 3949 solum
2867 3902 3110 3960 rectum,
3147 3910 3340 3950 verum
3372 3895 3543 3949 etiam
3577 3900 3842 3965 certum;

2187 3974 2457 4031 timorem
2528 3981 2722 4030 autem
2779 3992 2845 4031 ac
2877 3975 3134 4030 dolorem
3197 3974 3448 4030 nullum.
3504 3975 3664 4032 Unde
3715 3977 3847 4046 jam

2191 4063 2432 4126 apparet
2462 4061 2801 4127 utcumque,
2837 4057 3040 4128 quales
3072 4071 3202 4111 esse
3232 4056 3484 4113 debeant
3511 4055 3571 4110 in
3604 4055 3714 4111 hac
3744 4072 3846 4126 pe-

2187 4136 2583 4207 regrinatione
2611 4138 2764 4192 cives
2786 4137 3038 4192 civitatis
3061 4137 3184 4206 Dei,
3224 4137 3481 4192 viventes
3509 4135 3843 4192 secundum

2187 4219 2482 4287 spiritum,
2517 4235 2629 4273 non
2683 4220 3007 4274 secundum
3040 4234 3296 4283 carnem,
3340 4217 3447 4274 hoc
3480 4222 3587 4280 est,
3619 4233 3844 4272 secun-

2187 4301 2327 4356 dum
2384 4305 2582 4366 Deum,
2611 4315 2725 4353 non
2756 4301 3084 4356 secundum
3118 4298 3418 4354 hominem
3455 4315 3467 4353 :
3521 4305 3580 4354 et
3627 4298 3842 4370 quales

2189 4383 2248 4436 in
2280 4379 2380 4434 illa
2409 4395 2524 4449 quo
2555 4380 2823 4448 tendunt,
2858 4379 3293 4436 immortalitate
3326 4379 3506 4433 futuri
3565 4379 3700 4434 sint.
3735 4378 3848 4435 Ci-

2187 4461 2335 4516 vitas
2357 4477 2550 4531 porro,
2569 4461 2626 4516 id
2645 4466 2732 4516 est
2753 4463 3017 4530 societas,
3037 4460 3343 4531 impiorum
3372 4475 3485 4514 non
3508 4461 3839 4515 secundum

2187 4542 2394 4609 Deum,
2446 4544 2546 4598 sed
2579 4543 2901 4598 secundum
2945 4542 3243 4599 hominem
3292 4540 3632 4607 viventium,
3671 4546 3730 4596 et
3771 4539 3838 4596 in

2188 4625 2316 4696 ipso
2346 4624 2506 4680 cultu
2547 4624 2727 4692 falsas,
2772 4629 3226 4695 contemptuque
3287 4637 3432 4679 verae
3488 4621 3836 4690 divinitatis,

2188 4707 2479 4763 doctrinas
2533 4706 2843 4762 hominum
2883 4706 3284 4760 demonumve
3333 4702 3709 4769 sectantium,
3740 4701 3840 4759 his

2188 4788 2493 4846 affectibus
2526 4787 2714 4860 pravis
2745 4791 3024 4858 tanquam
3051 4785 3272 4841 morbis
3302 4789 3360 4841 et
3389 4784 3842 4857 perturbationi-

2189 4871 2301 4926 bus
2332 4870 2612 4942 quatitur.
2646 4869 2715 4923 Et
2743 4867 2794 4924 si
2826 4884 2975 4940 quos
3010 4866 3163 4924 cives
3193 4866 3372 4922 habet
3402 4867 3502 4938 qui
3550 4864 3846 4923 moderari

2188 4949 2402 5006 talibus
2437 4949 2692 5005 motibus
2723 4953 2782 5004 et
2800 4964 2898 5004 eos
2932 4949 3102 5021 quasi
3133 4951 3464 5018 temperare
3505 4947 3838 5012 videantur,

2189 5031 2274 5090 sic
2303 5031 2606 5104 impietate
2636 5031 2872 5102 superbi
2903 5035 2961 5086 et
3017 5029 3154 5085 elati
3183 5033 3347 5100 sunt,
3380 5035 3445 5085 ut
3475 5029 3586 5086 hoc
3615 5029 3749 5102 ipso
3777 5029 3836 5084 in

2257 5345 2274 5380 ι
2305 5341 2449 5396 Msa,
2480 5338 2746 5399 nonnulli,
2778 5351 2874 5388 nec
2908 5335 3090 5399 tangit
3118 5336 3293 5388 dolor.

2255 5404 2277 5438 ²
2305 5405 2461 5454 Vind.
2510 5407 2624 5453 Am.
2677 5404 2732 5452 et
2782 5402 2889 5456 Er..
2921 5401 3088 5451 timor
3131 5401 3301 5463 plane
3348 5399 3836 5463 superemineat.

2191 5468 2339 5527 Lov.,
2372 5467 2539 5514 timor
2566 5467 2731 5526 plane
2757 5465 3066 5526 sperandus
3120 5472 3214 5514 est.
3271 5465 3340 5514 At
3383 5462 3839 5527 manuscripticr

2193 5525 2516 5639 rentt'zerbo,
2561 5529 2727 5579 timor
2749 5525 2870 5587 {et
2915 5527 3131 5584 habent,
3173 5527 3452 5590 speranda
3499 5533 3594 5581 est.
3642 5525 3843 5577 scilicet

2197 5607 2303 5639 αυα
2365 5607 2470 5639 eia.

2197 5601 2470 5655 aput/tetu.

2265 5657 2286 5690 ³
2319 5654 2496 5706 Nostri
2523 5655 2668 5718 Mss,
2701 5653 2913 5706 timore.
2943 5652 3031 5706 Sic
3061 5652 3223 5705 etiam
3252 5651 3498 5716 Vulgata.
3528 5650 3597 5702 lli.
