4136 6190
273 299 380 358 H7

270 434 350 490 eis
380 433 492 489 sint
523 432 777 503 majores
811 438 1088 500 tumores,
1121 447 1233 504 quo
1265 432 1522 489 minores
1553 433 1800 490 dolores.
1836 434 1899 490 Et

270 517 318 572 si
357 512 618 570 nonnulli
651 519 813 568 tanto
860 512 1224 579 immaniore,
1253 519 1476 585 quanto
1507 515 1721 570 rariore
1746 518 1902 570 vani-

268 601 376 652 tate
409 594 509 650 hoc
540 595 599 648 in
631 611 694 650 se
722 593 868 665 ipsis
898 594 1318 660 adamaverint,
1354 599 1418 648 ut
1465 594 1625 649 nullo
1664 611 1903 667 prorsus

268 676 561 745 erigantur
590 679 646 729 et
675 674 1020 739 excitentur,
1054 675 1216 730 nullo
1245 674 1553 730 ﬂectantur
1604 682 1780 746 atque
1808 676 1900 731 in-

269 757 554 812 clinentur
609 755 822 810 atfectu
881 772 894 822 ;
957 753 1386 811 humanitatem
1474 763 1655 812 totam
1710 759 1903 828 potius

268 837 558 902 amittunt,
619 851 795 905 quam
852 850 1044 889 veram
1114 842 1507 906 assequentur
1573 836 1901 908 tranquilli-

265 921 454 972 tatem.
476 915 602 970 Non
633 915 787 970 enim
813 914 945 986 quia
967 916 1179 971 durum
1204 917 1451 987 aliquid,
1485 916 1614 973 ideo
1643 923 1903 984 rectum;

264 1001 358 1052 aut
388 995 526 1067 quia
558 994 859 1066 stupidum
892 1004 1000 1067 est,
1031 995 1162 1052 ideo
1194 1013 1406 1053 sanum
1441 997 1536 1068 (a).

261 1177 484 1235 CAPUT
516 1177 584 1232 Χ.
616 1209 683 1220 -
705 1179 786 1232 An
809 1177 1019 1249 primo:
1051 1177 1292 1234 homines
1322 1179 1382 1233 in
1410 1179 1670 1249 paradiso
1699 1183 1903 1238 consti-

325 1265 466 1314 tutos
507 1259 682 1314 nullis
722 1257 1260 1330 perturbationibus,
1293 1259 1617 1332 priusquam
1657 1260 1900 1332 delique-

325 1343 456 1404 rint,
489 1339 707 1410 affecto:
735 1341 910 1407 fuisse
939 1338 1269 1394 credendum
1301 1339 1389 1396 sit.

325 1475 432 1530 Sed
490 1478 690 1531 utrum
750 1474 977 1546 primus
1034 1474 1207 1531 homo
1260 1475 1347 1530 vel
1409 1475 1576 1547 primi
1635 1475 1904 1532 homines

256 1557 523 1628 (duorum
572 1561 692 1612 erat
749 1557 963 1628 quippe
1019 1557 1378 1628 conjugiuml
1425 1557 1716 1616 habebant
1763 1561 1903 1617 istos

255 1636 500 1713 affectus
533 1636 590 1691 in
623 1652 861 1708 corpore
892 1636 1123 1691 animali
1170 1645 1300 1692 ante
1340 1644 1665 1706 peccatum,
1703 1641 1901 1713 quales

255 1711 307 1769 in
339 1732 585 1785 corpore
637 1717 922 1787 spirituali
977 1733 1091 1772 non
1141 1717 1512 1784 habebimus,
1566 1711 1901 1794 omni‘pur-

252 1800 379 1865 gata
412 1796 697 1866 finitoque
738 1801 992 1866 peccato,
1028 1813 1139 1850 non
1187 1797 1478 1853 immerito
1510 1801 1805 1870 quaeritur.
1840 1801 1900 1858 Si

252 1875 399 1930 enim
436 1875 753 1944 habebant,
800 1877 1091 1947 quomodo
1138 1882 1305 1932 erant
1356 1878 1505 1933 beati
1553 1883 1612 1934 in
1645 1880 1742 1936 illo
1776 1899 1900 1938 me-

253 1955 524 2011 morabili
556 1956 933 2011 beatitudinis
984 1956 1128 2025 loco,
1181 1956 1240 2012 id
1288 1962 1376 2012 est
1416 1960 1730 2030 paradiso?
1761 1964 1901 2028 Quis

249 2036 487 2089 tandem
543 2036 807 2091 absolute
866 2035 978 2090 dici
1038 2036 1243 2091 beatus
1304 2043 1506 2106 potest,
1561 2040 1657 2110 qui
1691 2041 1901 2098 timore

247 2114 523 2180 afficitur,
557 2113 643 2170 vel
670 2115 911 2172 dolore?
942 2115 1086 2179 Quid
1121 2122 1316 2170 autem
1349 2117 1552 2172 timere
1583 2124 1680 2173 aut
1709 2121 1898 2176 dolere

248 2201 516 2266 poterant
548 2195 629 2249 illi
663 2196 930 2251 homines
981 2196 1042 2252 in
1080 2200 1370 2251 tantorum
1404 2202 1566 2253 tanta
1596 2199 1900 2257 afﬂuentia

245 2275 559 2346 bonorum,
593 2275 691 2330 ubi
737 2293 842 2332 nec
876 2292 1030 2330 mors
1064 2277 1452 2341 metuebatur,
1487 2294 1591 2332 nec
1623 2277 1742 2334 ulla
1772 2297 1901 2335 cor-

244 2355 398 2424 poris
444 2356 600 2411 mala
632 2355 937 2424 valetudo;
988 2371 1090 2409 nec
1141 2355 1341 2410 aberat
1367 2357 1710 2427 quidquam,
1745 2361 1896 2430 quod

246 2435 397 2491 bona
429 2437 705 2492 voluntas
743 2437 1182 2504 adipisceretur,
1227 2451 1333 2492 nec
1372 2436 1561 2493 inerat
1591 2440 1743 2508 quod
1773 2457 1898 2496 car-

244 2533 374 2572 nem
429 2517 765 2572 animumve
814 2515 1070 2571 hominis
1101 2514 1345 2571 feliciter
1371 2516 1616 2574 viventis
1646 2519 1896 2577 offende-

242 2597 381 2652 ret?
445 2604 622 2652 Amor
676 2600 800 2652 erat
856 2597 1312 2667 imperturbatus
1353 2597 1412 2652 in
1469 2598 1672 2666 Deum,
1728 2611 1900 2674 atque

237 2677 400 2732 inter
434 2693 496 2732 se
527 2677 845 2748 conjugum
878 2676 990 2732 fida
1037 2681 1094 2732 et
1141 2678 1370 2732 sincera
1399 2681 1674 2736 societate
1703 2682 1898 2738 viven-

232 2761 417 2824 tium,
446 2767 495 2813 et
529 2775 594 2814 ex
628 2759 734 2813 boc
767 2775 963 2814 amore
991 2759 1212 2830 grande
1237 2760 1541 2831 gaudium,
1567 2779 1680 2817 non
1716 2764 1901 2818 desis-

237 2844 403 2894 tente
434 2840 588 2908 quod
623 2840 938 2894 amabatur
976 2841 1045 2894 ad
1093 2841 1428 2896 fruendum.
1463 2842 1592 2898 Erat
1627 2845 1900 2901 devitatio

237 2917 563 2990 tranquilla
611 2920 854 2990 peccati,
911 2937 1025 2990 qua
1075 2926 1347 2976 manente
1389 2921 1614 2977 nullum
1658 2926 1896 2982 omnino

240 3001 472 3055 aliunde
518 3001 754 3068 malum,
818 3002 969 3070 quod
1035 3001 1431 3068 contristaret,
1483 3003 1758 3060 irruebat.
1808 3008 1896 3062 An

243 3082 380 3135 forte
413 3081 725 3151 cupiebant
769 3080 1128 3150 prohibitum
1175 3081 1400 3152 lignum
1440 3083 1510 3136 ad
1545 3088 1893 3141 vescendum

243 3159 602 3231 contingere,
664 3160 766 3214 sed
815 3162 962 3214 mori
1016 3162 1394 3230 metuebant;
1452 3179 1516 3217 ac
1566 3181 1664 3234 per
1705 3165 1812 3221 hoc
1842 3171 1899 3221 et

241 3239 552 3310 CUpiditas,
585 3243 641 3294 et
673 3248 856 3293 metus
890 3241 1012 3309 jam
1056 3245 1195 3295 tunc
1246 3241 1375 3296 illos
1424 3241 1687 3302 homines
1718 3245 1892 3300 etiam

244 3320 299 3374 in
329 3320 430 3376 illo
465 3321 848 3392 perturbabat
904 3319 1076 3375 loco?
1131 3322 1297 3376 Absit
1337 3325 1400 3376 ut
1449 3323 1556 3378 hoc
1603 3325 1898 3382 existime-

249 3415 375 3455 mus
427 3401 637 3468 fuisse,
691 3400 790 3454 ubi
846 3398 1075 3454 nullum
1135 3405 1256 3456 erat
1295 3402 1534 3457 omnino
1567 3411 1892 3474 peccatum.

239 3481 428 3552 Neque
481 3480 639 3536 enim
696 3479 922 3535 nullum
980 3485 1284 3552 peccatum
1326 3486 1436 3548 est,
1497 3499 1562 3538 ea
1618 3501 1744 3554 qua:
1807 3486 1893 3540 lex

241 3562 336 3617 Dei
388 3561 664 3634 prohibet
724 3559 1159 3632 concupiscere,
1207 3567 1379 3631 atque
1433 3562 1503 3616 ab
1560 3562 1653 3618 his
1709 3564 1896 3618 absti-

242 3657 368 3697 nere
424 3642 641 3697 timore
701 3655 903 3712 paenae,
962 3657 1076 3696 non
1138 3657 1334 3695 amore
1389 3641 1649 3711 justitiae.
1710 3645 1896 3720 Absit,

242 3721 510 3793 inquam,
560 3726 623 3776 ut
690 3726 824 3776 ante
870 3736 1041 3776 omne
1093 3726 1396 3792 peccatum
1456 3723 1583 3792 jam
1643 3723 1721 3778 ibi
1774 3725 1896 3781 fue-

243 3803 313 3856 rit
366 3802 489 3856 tale
547 3807 872 3872 peccatum,
919 3809 980 3856 ut
1019 3802 1126 3857 hoc
1169 3802 1238 3856 de
1294 3802 1452 3872 ligno
1502 3805 1895 3874 admitterent,

243 3884 384 3950 quod
418 3883 498 3936 de
533 3883 772 3936 muliere
815 3881 1096 3937 Dominus
1151 3882 1250 3946 ait,
1291 3883 1357 3937 Si
1400 3885 1521 3954 quis
1553 3884 1753 3940 viderit
1780 3904 1900 3942 mu-

245 3964 430 4019 lierem
477 3962 550 4017 ad
595 3962 1082 4032 concupiscendum
1130 3978 1272 4027 eam,
1323 3963 1437 4031 iam
1486 3965 1785 4020 masc/tatu:
1815 3972 1895 4022 est

244 4059 361 4100 eam
383 4047 443 4100 in
479 4043 640 4098 corde
668 4059 763 4097 suo
792 4043 1014 4115 (Matth.
1047 4060 1102 4108 v,
1136 4044 1245 4114 28).
1280 4046 1465 4107 Quam
1498 4045 1679 4117 igitur
1704 4047 1898 4105 felices

246 4131 400 4180 erant
449 4123 628 4196 primi
675 4124 961 4191 homines,
1022 4129 1079 4180 et
1131 4124 1314 4180 nullis
1353 4127 1728 4196 agitabantur
1777 4146 1900 4200 per-

246 4205 679 4262 turbationibus
719 4206 1075 4272 animorum,
1130 4204 1308 4260 nullis
1365 4222 1676 4278 corporum
1722 4208 1899 4266 laede-

250 4288 452 4345 bantur
491 4287 935 4354 incommodis:
984 4292 1104 4342 tam
1146 4287 1279 4342 felix
1329 4288 1603 4345 universa
1649 4291 1899 4347 societas

249 4370 710 4435 essethumana,
741 4367 790 4422 si
839 4382 944 4423 nec
1000 4367 1082 4421 illi
1135 4367 1376 4433 malum,
1428 4371 1584 4440 quod
1631 4371 1806 4427 etiam
1839 4373 1899 4428 in

250 4459 507 4520 posteros
584 4449 958 4518 trajecerant,
1029 4465 1133 4505 nec
1206 4450 1520 4521 quisquam
1578 4469 1646 4508 ex
1701 4469 1897 4510 eorum

251 4531 423 4602 stirpe
478 4528 852 4600 iniquitatem
915 4530 1326 4598 committeret,
1369 4547 1496 4601 quas
1546 4533 1900 4591 dammatio-

253 4625 376 4666 nem
408 4610 696 4681 reciperet
727 4626 740 4664 :
775 4614 954 4680 atque
992 4609 1102 4664 ista
1124 4609 1141 4642 ί
1177 4613 1552 4680 permanente
1599 4612 1897 4684 felicitate,-

254 4690 426 4747 donec
483 4707 583 4762 per
622 4689 784 4745 illam
837 4689 1319 4756 benedictionem,
1363 4707 1479 4762 qua
1519 4691 1740 4748 dictum
1791 4702 1896 4762 est,

256 4769 500 4838 Crescite,
532 4778 580 4826 et
608 4769 1071 4842 multiplicamini
1101 4770 1253 4840 (Gen.
1300 4787 1338 4837 ι,
1382 4771 1493 4841 28),
1529 4773 1899 4842 praedestina-

256 4853 437 4906 torum
471 4862 807 4907 sanctorum
840 4868 1120 4907 numerus
1143 4852 1554 4922 complerotur,
1582 4853 1697 4907 alia
1721 4855 1902 4922 major

258 4929 505 5000 daretur,
561 4949 693 5004 quae
748 4933 1109 4988 beatissimis
1174 4931 1417 5001 Angelis
1463 4932 1599 4988 data
1642 4939 1769 4989 est:
1804 4935 1904 4991 ubl

253 5012 366 5081 jam
398 5019 550 5069 esset
589 5019 746 5068 certa
804 5013 1093 5070 securitas
1155 5019 1522 5082 peccaturum
1583 5015 1900 5086 neminem,

260 5094 657 5163 neminemque
699 5097 1043 5150 moriturum
1078 5111 1090 5148 :
1127 5097 1184 5148 et
1214 5093 1348 5148 talis
1393 5096 1542 5148 esset
1582 5096 1698 5149 vita
1729 5111 1902 5151 sanc-

261 5175 465 5242 torum,
497 5182 630 5247 post
661 5176 887 5232 nullum
935 5175 1169 5246 laboris,
1204 5174 1448 5243 doloris,
1484 5177 1688 5232 mortis
1727 5193 1900 5249 expe-

322 5415 338 5449 1
369 5413 582 5475 Aliquot
610 5417 767 5475 Mss.,
798 5418 894 5467 ita.

321 5476 388 5543 (α)
432 5474 614 5543 Medici
658 5474 977 5543 quibusdam
1017 5479 1270 5530 membris
1317 5476 1540 5535 affectis.
1588 5492 1710 5529 cum
1761 5474 1902 5543 sani:

265 5538 418 5607 tatem
459 5542 646 5591 afferre
672 5538 968 5607 nequeunt.
994 5547 1263 5606 stuporem
1308 5543 1587 5596 inducunt.
1642 5543 1703 5590 ut
1757 5541 1903 5592 omni

264 5600 448 5670 doloris
479 5617 635 5670 sensu
685 5600 1223 5670 vacuefaciantfnon
1251 5619 1357 5670 quo
1392 5618 1524 5656 sana
1558 5607 1681 5662 sint,
1715 5607 1806 5655 sed
1837 5619 1903 5654 ne

256 5662 374 5724 quid
403 5668 658 5720 sentiant.
691 5670 808 5720 Lua.
841 5669 1002 5722 νινιε.

1436 297 1668 359 LIBER
1714 299 2080 371 QUARTUS
2125 304 2492 370 DECIMUS.

3543 330 3660 394 418

2009 445 2349 544 rimentum,
2372 451 2559 520 qualis
2589 455 2701 544 erit
2730 462 2861 528 post
2889 458 3011 516 haec
3041 463 3236 520 omnia
3266 465 3326 522 in
3358 467 3662 544 incorrup-

2010 530 2166 584 tione
2197 545 2505 602 corporum
2540 535 2767 592 reddita
2799 543 3221 602 resurrectione
3267 530 3658 610 mortuorum.

2011 707 2371 804 CAPUT_XI.
2396 746 2463 804 ᾖ
2496 716 2568 772 De
2602 719 2761 790 lapsu
2795 720 2973 789 primi
3008 723 3274 797 hominis,
3306 732 3366 786 in
3405 748 3508 804 quo
3533 734 3662 790 bene

2082 791 2298 848 condita
2330 802 2534 887 natura
2571 805 2672 867 est,
2714 818 2813 857 nec
2847 809 3019 874 potest
3055 807 3171 863 nisi
3205 826 3238 864 a
3262 791 3385 868 ’δυο
3414 791 3661 872 Ἀιιοιονε

2085 887 2367 944 reparari.

2089 1034 2136 1088 1.
2171 1033 2283 1090 Sed
2317 1039 2451 1109 quia
2480 1040 2632 1096 Deus
2655 1048 2864 1099 cuncta
2895 1047 3200 1119 prsescivit,
3234 1055 3290 1105 et
3315 1049 3441 1105 ideo
3473 1051 3662 1110 homi-

2015 1127 2148 1168 nem
2208 1132 2435 1201 quoque
2494 1127 2864 1192 peccaturum
2921 1125 3186 1197 ignorare
3253 1146 3371 1186 non
3442 1134 3657 1201 potuit;

2014 1197 2340 1282 secundum
2391 1200 2450 1256 id
2482 1204 2629 1272 quod
2671 1206 2960 1274 prescivit
2989 1213 3167 1281 atque
3195 1197 3486 1282 disposuit
3516 1197 3658 1268 civi;

2014 1278 2192 1363 tatem
2225 1285 2513 1363 sanctam,
2556 1288 2726 1339 eam‘
2773 1278 3376 1363 debemus—asserere,
3418 1309 3534 1349 non
3575 1311 3659 1350 sc-

2015 1357 2272 1445 cundum
2302 1359 2444 1416 illud
2467 1364 2625 1445 quod
2653 1364 2712 1445 in
2746 1373 3000 1424 nostram
3034 1357 3425 1442 cognitionem
3463 1390 3660 1445 perve-

2014 1435 2137 1520 nire
2168 1455 2282 1520 non
2317 1442 2528 1512 potuit,
2563 1444 2701 1515 quia
2733 1445 2791 1501 in
2827 1447 2923 1502 Dei
2957 1435 3336 1520 dispositione
3367 1435 3484 1508 non
3527 1455 3660 1509 fuit.

2015 1517 2130 1605 Nec
2159 1519 2316 1576 enim
2349 1522 2524 1605 homo
2579 1532 2811 1596 peccato
2861 1545 2967 1585 suo
3009 1517 3269 1588 divinum
3312 1533 3500 1603 potuit
3533 1551 3660 1605 per-

2013 1601 2247 1658 turbare
2294 1604 2628 1672 consilium,
2687 1611 2854 1680 quasi
2909 1615 3089 1667 Deum
3154 1601 3324 1683 quod
3377 1601 3663 1671 statuerat

2014 1686 2242 1737 mutare
2271 1686 2620 1757 compulerit
2653 1704 2666 1744 :
2709 1705 2837 1746 cum
2871 1691 3022 1748 Deus
3047 1697 3399 1765 praesciendo
3427 1700 3659 1752 utrum-

2014 1777 2127 1833 que
2160 1767 2517 1845 prtsvenerit,
2541 1767 2596 1821 id
2631 1773 2738 1836 est,
2771 1776 2827 1826 et
2857 1770 3053 1838 homo,
3078 1790 3250 1844 quem
3289 1775 3503 1830 bonum
3539 1777 3661 1845 ipse

2011 1844 2247 1925 creavit,
2281 1861 2455 1914 quam
2517 1848 2706 1904 malus
2752 1860 2899 1906 esset
2949 1853 3203 1920 futurus,
3249 1859 3306 1909 et
3353 1856 3490 1925 quid
3521 1844 3660 1911 boni

2009 1924 2182 1978 etiam
2217 1928 2301 1980 sic
2331 1927 2402 1981 de
2433 1925 2531 1983 illo
2563 1936 2714 1984 esset
2736 1931 2860 2002 ipse
2892 1933 3337 1991 facturus.Deus
3367 1924 3518 1992 enim
3550 1937 3661 1993 etsi

2009 2004 2224 2059 dicitur
2275 2011 2496 2061 statuta
2547 2015 2765 2066 mutare
2812 2012 2988 2080 (unde
3020 2015 3235 2083 trepica
3285 2014 3658 2072 locutionein

2012 2083 2330 2154 Scripturis
2360 2089 2581 2142 sanctis
2634 2090 2807 2145 etiam
2864 2093 3197 2159 paenituisse
3235 2094 3444 2160 legitur
3475 2096 3658 2151 Deum

2013 2163 2165 2246 [Gem
2200 2181 2275 2228 v1,
2307 2166 2379 2233 6;
2414 2167 2429 2220 ί
2462 2167 2589 2237 Reg.
2647 2185 2739 2238 xv,
2795 2171 2902 2242 11],
2943 2173 3110 2241 juxta
3152 2175 3203 2228 id
3239 2174 3470 2241 dicitur,
3504 2176 3658 2246 quod

2011 2243 2187 2298 homo
2221 2254 2570 2315 speraverat,
2623 2250 2710 2303 vel
2765 2252 3118 2306 naturalium
3169 2269 3479 2308 causarum
3521 2243 3659 2309 ordo

2012 2324 2308 2394 gestabat;
2352 2342 2466 2380 non
2501 2328 2671 2396 juxta
2702 2329 2758 2384 id
2791 2331 2942 2400 quod
2975 2348 3036 2387 se
3067 2331 3446 2402 Omnipotens
3479 2335 3660 2388 factu-

2013 2419 2145 2457 rum
2194 2419 2317 2458 esse
2376 2407 2756 2475 praesciverat.
2821 2409 2976 2465 Fecit
3033 2412 3228 2482 itaque
3277 2418 3452 2480 Deus,
3512 2415 3666 2470 sicut

2011 2483 2298 2554 scriptum
2337 2491 2446 2552 est,
2481 2487 2778 2544 hominem
2812 2494 3032 2546 rectum
3063 2493 3258 2561 (Eccte.
3291 2509 3390 2558 vn,
3423 2494 3510 2564 30)
3545 2508 3558 2548 :
3595 2509 3660 2551 ac

2011 2581 2115 2648 per
2153 2567 2262 2622 hoc
2293 2568 2606 2648 voluntatis
2655 2571 2841 2626 bonae.
2893 2571 3016 2628 Non
3064 2574 3216 2628 enim
3267 2581 3460 2629 rectus
3489 2583 3658 2648 esset,

2011 2646 2222 2702 bonan:
2259 2664 2372 2702 non
2397 2647 2620 2704 habens
2649 2651 3028 2710 voluntatem.
3063 2652 3221 2708 Bona
3252 2653 3426 2723 igitur
3453 2646 3659 2709 volun;

2009 2730 2097 2781 tas
2127 2745 2272 2798 opus
2302 2731 2388 2783 est
2420 2729 2519 2784 Dei
2550 2745 2564 2786 :
2597 2746 2730 2786 cum
2771 2747 2839 2787 ea
2876 2733 3086 2803 quippe
3116 2736 3188 2789 ab
3219 2733 3318 2789 illo
3348 2735 3538 2790 factus
3575 2742 3662 2790 est

2010 2805 2205 2862 homo.
2241 2807 2390 2863 Mala
2420 2825 2551 2864 vero
2590 2810 2858 2867 voluntas
2895 2812 3105 2885 prima,
3157 2813 3433 2885 quoniam
3465 2815 3662 2870 omnia

2009 2885 2164 2940 mala
2207 2903 2382 2957 opera
2426 2891 2720 2958 praecessit
2768 2891 2827 2946 in
2871 2892 3126 2961 homine,
3166 2894 3428 2949 defectus
3468 2895 3659 2965 potius

2009 2967 2118 3020 fuit
2149 2968 2386 3038 quidam
2421 2969 2494 3023 ab
2526 2987 2696 3040 Opere
2726 2973 2826 3027 Dei
2859 2973 2929 3027 ad
2963 2990 3070 3028 sua
3100 2990 3295 3044 opera,
3320 2990 3494 3045 quam
3518 2990 3660 3046 opus

2007 3046 2217 3102 ullum.
2273 3048 2338 3103 Et
2388 3049 2515 3104 ideo
2565 3051 2722 3106 mala
2777 3069 2970 3124 opera,
3023 3055 3159 3125 quia
3217 3056 3540 3110 secundum
3577 3071 3659 3115 se.

2009 3143 2122 3182 non
2156 3129 2484 3183 secundum
2519 3131 2742 3187 Deum:
2779 3139 2844 3187 ut
2874 3150 3073 3189 eorum
3104 3150 3345 3203 operum
3377 3140 3662 3206 tanquam

2008 3206 2295 3262 fructuum
2333 3209 2621 3265 malorum
2666 3212 2933 3268 voluntas
2975 3212 3101 3285 ipsa
3133 3217 3282 3270 esset
3311 3215 3467 3270 velut
3495 3217 3666 3270 arbor

2009 3290 2187 3355 mala,
2219 3293 2320 3342 aut
2359 3288 2484 3359 ipse
2516 3291 2689 3347 homo
2719 3293 2775 3347 in
2809 3299 3096 3364 quantum
3131 3296 3293 3349 malas
3321 3297 3664 3350 voluntatis.

2009 3365 2182 3420 Porro
2211 3367 2360 3422 mala
2402 3369 2692 3437 voluntas,
2739 3373 3004 3443 quamvis
3058 3390 3172 3429 non
3230 3374 3300 3429 sit
3348 3375 3666 3430 secundum

2009 3450 2303 3512 naturam,
2365 3449 2466 3502 sed
2517 3458 2718 3504 contra
2769 3456 3056 3522 naturam,
3115 3453 3252 3524 quia
3301 3454 3506 3508 vitium
3540 3463 3666 3515 est;

2007 3529 2201 3579 tamen
2230 3526 2358 3594 ejus
2392 3532 2613 3583 natura:
2645 3534 2753 3597 est,
2792 3531 2956 3600 cujus
2988 3540 3072 3586 est
3098 3532 3326 3599 vitium,
3362 3533 3512 3602 quod
3548 3533 3662 3587 nisi

2009 3604 2066 3659 in
2101 3611 2311 3660 natura
2342 3623 2456 3661 non
2495 3613 2685 3678 potest
2716 3625 2845 3666 esse
2879 3629 2891 3664 :
2922 3612 3020 3666 sed
3055 3611 3113 3665 in
3147 3628 3214 3666 ea
3245 3629 3421 3682 quam
3452 3611 3664 3670 creavit

2009 3701 2074 3741 ex
2107 3684 2313 3751 nihilo,
2350 3703 2463 3742 non
2503 3705 2678 3759 quam
2725 3690 2926 3761 genuit
2956 3693 3192 3748 Creator
3222 3692 3292 3746 de
3323 3691 3659 3761 semetipso,

2009 3765 2162 3820 sicut
2191 3767 2395 3836 genuit
2441 3771 2722 3837 Verbum,
2769 3787 2868 3840 per
2897 3773 3048 3843 quod
3082 3773 3230 3828 facta
3254 3778 3394 3828 sunt
3443 3771 3661 3831 omnia.

2009 3845 2156 3910 Quia
2184 3848 2294 3900 etsi
2329 3848 2398 3902 de
2430 3853 2594 3902 terra:
2645 3849 2875 3919 pulvere
2923 3851 3077 3906 Deus
3119 3853 3289 3907 ﬁnxit
3326 3851 3661 3914 hominem;

2009 3926 2211 3982 eadem
2247 3936 2395 3983 terra
2421 3929 2729 3999 omnisque
2756 3935 2988 3988 terrena
3017 3934 3290 3988 materies
3321 3933 3557 3988 omnino
3589 3933 3662 3988 de

2012 4007 2196 4063 nihilo
2229 4013 2338 4074 est,
2371 4011 2744 4082 animamque
2774 4013 2845 4068 de
2881 4012 3064 4068 nihilo
3100 4014 3309 4069 factam
3342 4013 3500 4068 dedit
3531 4028 3662 4067 cor-

2011 4087 2154 4158 pori,
2207 4103 2340 4144 cum
2389 4091 2578 4146 factus
2624 4097 2714 4146 est
2771 4093 2966 4149 homo.
3018 4093 3214 4166 Usque
3271 4095 3415 4150 adeo
3465 4098 3663 4149 autem

2012 4169 2163 4223 mala
2203 4170 2515 4225 vincuntur
2544 4188 2577 4226 a
2605 4172 2797 4242 bonis,
2833 4179 2895 4228 ut
2922 4178 3190 4245 quamvis
3223 4174 3496 4231 sinantur
3536 4188 3665 4230 esse

2010 4250 2082 4305 ad
2115 4251 2636 4307 demonstrandum
2695 4270 2872 4325 quam
2922 4255 3107 4327 possit
3137 4263 3194 4312 et
3223 4255 3367 4327 ipsis
3398 4257 3546 4312 bene
3577 4255 3667 4310 uti

2003 4331 2236 4402 justitia
2295 4332 2811 4404 providentissime
2869 4335 3196 4405 Creatoris;
3262 4337 3416 4393 bona
3467 4341 3664 4392 tamen

2011 4413 2136 4469 sine
2167 4413 2338 4469 malis
2387 4430 2515 4470 esse
2562 4416 2802 4486 possint,
2853 4417 3010 4473 sicut
3056 4419 3204 4475 Deus
3247 4421 3371 4490 ipse
3403 4435 3570 4474 verus
3611 4426 3670 4474 et

2010 4495 3038 4568 summus,sicutomnissuperistem
3063 4499 3449 4572 caliginosum
3471 4513 3665 4554 aerem

2010 4575 2259 4630 cmleslis
2282 4574 2589 4631 invisibilis
2609 4578 2979 4650 visibilisque
2997 4579 3017 4614 ²
3041 4585 3306 4635 creatura
3326 4597 3339 4648 ;
3363 4580 3517 4634 mala
3537 4593 3667 4634 vero

2009 4653 2136 4709 sine
2177 4653 2342 4710 bonis
2401 4671 2528 4711 esse
2587 4673 2699 4714 non
2752 4660 3002 4730 possint,
3037 4659 3313 4729 quoniam
3358 4666 3575 4713 naturae
3608 4657 3668 4711 in

2011 4735 2219 4805 quibus
2247 4739 2412 4804 sunt,
2436 4736 2492 4791 in
2527 4746 2807 4807 quantum
2843 4743 3062 4793 naturae
3093 4744 3250 4803 sunt,
3289 4737 3667 4807 utiquebonat

2010 4821 2166 4871 sunt.
2201 4817 2534 4871 Detrahitur
2581 4833 2746 4884 porro
2797 4817 3038 4883 malum,
3090 4833 3203 4870 non
3237 4815 3431 4883 aliqua
3460 4820 3668 4868 natura

2011 4913 2142 4968 quae
2173 4902 2499 4952 accesserat
2539 4897 2626 4950 vel
2667 4897 2782 4950 ulla
2827 4897 2955 4964 ejus
2988 4903 3148 4964 parte
3181 4894 3438 4960 sublata,
3470 4894 3568 4950 sed
3600 4909 3668 4948 ea

2012 4993 2138 5047 quae
2211 4977 2410 5030 vitiata
2460 4992 2524 5029 ac
2581 4975 2899 5045 depravata
2956 4975 3165 5040 fuerat,
3227 4979 3434 5030 sanata
3491 4979 3668 5044 atque

2011 5060 2287 5112 correcta.
2327 5055 2644 5108 Arbitrium
2678 5054 2856 5126 igitur
2897 5055 3214 5112 voluntatis
3245 5061 3384 5111 tunc
3422 5060 3511 5110 est
3540 5069 3668 5108 vere

2012 5139 2282 5205 liberum,
2326 5153 2462 5192 cum
2512 5138 2668 5192 vitiis
2728 5138 3094 5208 peccatisque
3142 5154 3255 5194 non
3299 5138 3488 5193 servit.
3531 5135 3670 5192 Tale

2012 5219 2213 5274 datum
2263 5226 2347 5274 est
2379 5235 2412 5274 a
2455 5218 2570 5276 Deo
2605 5235 2619 5275 :
2656 5219 2811 5291 quod
2869 5220 3154 5276 amissum
3217 5218 3447 5292 proprio
3504 5217 3668 5285 vitio,

2079 5539 2093 5574 ¹
2126 5539 2276 5593 Apud
2303 5540 2425 5590 Lov.
2461 5539 2713 5591 omissum
2741 5542 2837 5593 est.
2873 5555 3012 5592 eam.

2067 5602 2278 5715 _2.bS.p.la
2328 5604 2488 5654 editio
2536 5606 2684 5664 Lov.,
2761 5605 3219 5669 invisibilisgue;
3273 5605 3471 5658 omissa
3524 5619 3672 5672 voce,

2019 5680 2125 5713 υιει
2165 5681 2185 5716 ι
2214 5681 2278 5716 ts.
