4138 6192
441 341 559 403 419

445 481 560 536 nisi
590 497 624 534 a
652 494 760 548 quo
782 475 905 531 dari
941 475 1150 546 potuit,
1187 473 1351 529 reddi
1383 489 1500 528 non
1546 475 1750 543 potest.
1787 470 1947 527 Unde
1974 468 2094 524 Ve-

444 563 584 616 ritas
616 560 776 625 dicit,
810 557 874 612 Si
908 571 998 610 vos
1031 553 1210 609 Filius
1243 554 1587 620 liberaverit,
1619 561 1748 607 tunc
1777 567 1897 606 vere
1927 548 2093 604 liberi

444 642 600 698 eritis
627 641 802 710 (Joan.
836 653 957 702 VIII,
989 637 1104 706 36).
1155 637 1410 706 ldipsum
1443 641 1532 689 est
1570 640 1786 702 autem,
1818 649 1886 688 ac
1918 632 1966 686 si
2009 631 2094 684 di-

444 728 616 778 ceret.
651 719 710 774 Si
741 735 840 773 vos
888 718 1071 772 Filius
1116 719 1306 772 salvos
1356 717 1575 780 fecerit,
1608 720 1748 770 tunc
1785 730 1917 769 vere
1948 710 2092 768 salvi

444 803 624 859 eritis.
663 800 801 854 Inde
828 800 1044 871 quippe
1076 797 1367 864 liberator,
1400 796 1553 851 unde
1584 798 1856 850 salvator.

512 882 566 935 2.
592 881 833 934 Vivebat
863 879 1057 949 itaque
1090 878 1261 932 homo
1295 878 1614 932 secundum
1641 876 1819 932 Deum
1840 874 1898 929 in
1923 889 2086 942 para-

445 963 593 1027 diso,
614 968 666 1014 et
698 960 984 1030 corporali
1015 963 1071 1013 et
1101 957 1410 1028 spirituali.
1435 957 1633 1028 Neque
1663 957 1816 1010 enim
1848 959 1972 1008 erat
1994 970 2094 1023 pa-

444 1045 677 1100 radisus
701 1041 1016 1112 corporalis
1052 1046 1283 1112 propter
1297 1040 1553 1111 corporis
1586 1041 1758 1106 bona,
1782 1043 1839 1093 et
1863 1041 2092 1107 propter

445 1123 656 1179 mentis
679 1139 794 1177 non
825 1127 946 1176 erat
978 1122 1332 1192 spiritualis;
1373 1126 1476 1176 ant
1503 1137 1636 1174 vero
1677 1127 1793 1173 erat
1821 1117 2094 1185 spiritua-

442 1204 519 1260 lis
546 1221 656 1275 quo
692 1219 790 1272 per
819 1203 1140 1267 interiores,
1173 1206 1229 1256 et
1287 1218 1400 1256 non
1450 1206 1574 1255 erat
1618 1196 1934 1269 corporalis
1974 1211 2090 1267 quo

448 1301 549 1357 per
578 1284 888 1338 exteriores
920 1299 1130 1337 sensus
1180 1281 1354 1336 homo
1404 1283 1714 1335 frueretur.
1759 1279 1892 1332 Erat
1923 1277 2092 1348 plane

447 1371 758 1434 utrumque
791 1368 1024 1432 propter
1056 1372 1366 1432 utrumque
1391 1361 1494 1430 (a).
1531 1359 1732 1414 Postea
1760 1375 1894 1412 vero
1925 1372 2094 1427 quam

435 1446 733 1516 superbus
766 1442 860 1497 ille
891 1442 1237 1512 angelus,ac
1270 1458 1368 1510 per
1398 1442 1506 1496 hoc
1541 1440 1791 1505 invidus,
1810 1455 1911 1508 per
1935 1453 2094 1491 eam-

448 1528 575 1582 dem
623 1525 952 1594 superbiam
987 1541 1017 1577 a
1057 1525 1170 1578 Deo
1211 1527 1278 1578 ad
1332 1522 1708 1592 semetipsum
1758 1535 2094 1584 conversus,

447 1609 695 1678 quodam
731 1605 896 1675 quasi
941 1604 1242 1674 tyrannico
1304 1605 1454 1658 fastu
1517 1602 1770 1673 gaudere
1818 1600 2094 1664 subditis,

446 1702 620 1757 quam
662 1701 790 1740 esse
821 1685 1093 1738 subditus
1115 1683 1355 1752 eligens,
1387 1684 1457 1737 de
1489 1681 1781 1752 spirituali
1828 1678 2096 1751 paradiso

447 1766 651 1821 cecidit
697 1765 791 1833 (de
823 1765 991 1833 cujus
1039 1763 1206 1834 lapsu
1266 1764 1678 1832 sociorumque
1709 1762 1860 1831 ejus,
1893 1759 1988 1827 qui
2029 1775 2097 1813 ex

447 1847 652 1917 Angeli
683 1845 782 1900 Dei
814 1844 1342 1912 angeliejuset‘fecti
1378 1851 1534 1909 sunt,
1568 1843 1626 1898 in
1657 1842 1820 1897 libris
1859 1839 2095 1895 undeci-

449 1943 543 1982 mo
569 1931 625 1982 et
655 1927 999 1981 duodecimo
1023 1925 1400 1995 hujusoperis
1421 1925 1886 1994 satis,quantum
1915 1920 2098 1993 potui,

449 2008 774 2078 disputavi),
810 2007 1148 2061 malesuada
1171 2011 1187 2042 ι
1233 2007 1486 2062 versutia
1515 2005 1574 2060 in
1608 2005 1861 2060 hominis
1890 2019 2099 2058 sensus

449 2103 679 2156 serpere
710 2087 1014 2150 affectans,
1046 2087 1137 2140 cui
1186 2088 1387 2154 utique
1432 2086 1627 2152 stanti,
1663 2085 1939 2156 quoniam
1977 2085 2096 2152 ipse

449 2168 754 2235 ceciderat,
792 2167 1108 2231 invidebat,
1143 2168 1445 2222 colubrum
1490 2167 1545 2221 in
1590 2166 1858 2237 paradiso
1890 2181 2098 2235 corpo-

449 2245 575 2312 rali,
627 2245 724 2301 ubi
770 2262 900 2300 cum
949 2247 1178 2300 duobus
1218 2246 1334 2301 illis
1378 2246 1715 2300 hominibus
1747 2244 2004 2299 masculo
2043 2243 2100 2299 et

451 2326 668 2380 femina
699 2325 972 2381 animalia
1012 2325 1187 2381 etiam
1223 2326 1518 2380 terrestria
1550 2332 1756 2380 Caetera
1787 2325 2015 2379 subdita
2045 2329 2102 2379 et

451 2408 688 2462 innoxia
737 2409 1134 2474 versabantur,
1187 2407 1385 2462 animal
1435 2407 1663 2462 scilicet
1707 2405 1994 2462 lubricum
2045 2416 2102 2466 et

455 2487 731 2542 tortuosis
762 2487 1124 2542 anfractibus
1157 2485 1388 2556 mobile,
1435 2487 1595 2557 operi
1641 2504 1748 2542 suo
1777 2500 2100 2556 congruum

454 2582 556 2638 per
585 2583 755 2637 quem
791 2568 1144 2639 loqueretur,
1190 2569 1394 2635 elegit;
1433 2583 1618 2640 eoque
1653 2585 1751 2639 per
1781 2566 2100 2640 angelicam

455 2649 826 2718 praesentiam
877 2649 1457 2720 prmstantioremque
1506 2639 1768 2703 naturam
1813 2639 2104 2718 spirituali

458 2729 714 2800 nequitia
764 2728 875 2784 sibi
932 2729 1214 2799 subjecto,
1273 2736 1330 2784 et
1376 2736 1656 2800 tanquam
1716 2729 2104 2784 instrumento

457 2809 723 2877 abutens,
798 2808 1064 2863 fallacia2
1130 2809 1556 2865 sermocinatus
1617 2814 1708 2864 est
1765 2807 2104 2864 feminieza

459 2894 621 2959 parte
651 2889 868 2943 scilicet
897 2887 1168 2942 inferiore
1208 2888 1367 2942 illius
1405 2887 1672 2942 humanis
1701 2888 1920 2957 copulae
1958 2885 2102 2939 inci-

457 2969 646 3040 piens,
680 2974 742 3022 ut
772 2967 1055 3038 gradatim
1099 2968 1423 3036 perveniret
1448 2969 1515 3022 ad
1550 2973 1772 3034 totum;
1807 2983 1919 3021 non
1951 2969 2104 3020 exis-

457 3049 673 3104 timans
714 3049 900 3103 virum
952 3047 1114 3102 facile
1157 3047 1484 3116 credulum,
1521 3065 1624 3103 nec
1659 3048 1899 3103 errando
1935 3063 2102 3118 posse

456 3130 662 3199 decipi.
716 3128 815 3182 sed
866 3128 1005 3182 dum
1057 3127 1245 3183 alieno
1304 3127 1457 3182 cedit
1513 3128 1714 3183 errori.
1749 3128 1912 3182 Sicut
1943 3127 2099 3182 enim

453 3212 644 3262 Aaron
679 3207 891 3261 erranti
925 3206 1136 3278 populo
1178 3207 1247 3260 ad
1291 3207 1510 3262 idolum
1549 3208 1950 3264 fabricandum
1984 3224 2099 3261 non

451 3288 745 3343 consentit
803 3287 1103 3351 inductus,
1163 3290 1264 3342 sed
1325 3289 1502 3343 cessit
1559 3290 1870 3344 obstrictus
1901 3287 2094 3357 (Exod.

448 3385 624 3431 xxxn,
675 3369 839 3438 3.5);
895 3385 999 3424 nec
1031 3369 1402 3426 Salomonem
1447 3370 1722 3426 credibile
1773 3377 1862 3425 est
1905 3386 2097 3426 errore

451 3457 692 3521 putasse
722 3449 893 3504 idolis
924 3467 1048 3505 esse
1095 3451 1489 3517 serviendum,
1543 3453 1641 3507 sed
1688 3452 1991 3507 blanditiis
2026 3453 2098 3506 fe-

447 3531 656 3585 mineis
702 3531 772 3586 ad
828 3529 927 3585 illa
985 3530 1290 3602 sacrilegia
1347 3533 1523 3587 fuisse
1581 3534 1948 3604 compulsum
1996 3533 2099 3603 (ΙΙΙ

445 3612 572 3680 Reg.
622 3629 699 3679 x1,
750 3612 805 3683 4)
842 3628 854 3666 :
887 3613 967 3667 ita
1015 3613 1371 3668 credendum
1423 3619 1526 3677 est,
1562 3613 1723 3668 illum
1759 3615 1946 3668 virum
1980 3631 2097 3668 sua:

443 3693 694 3759 feminae,
728 3692 830 3747 uni
883 3709 1085 3760 unum,
1143 3693 1438 3749 hominem
1491 3693 1735 3758 homini,
1787 3696 2095 3763 conjugem

441 3775 702 3846 conjugi,
746 3776 815 3830 ad
858 3775 957 3830 Dei
992 3774 1176 3846 legem
1229 3776 1792 3846 transgrediendam,
1828 3793 1941 3830 non
1973 3781 2096 3831 tan-

441 3869 614 3922 quam
676 3871 876 3910 verum
928 3854 1190 3926 loquenti
1251 3855 1564 3910 credidisse
1623 3856 1951 3919 seductum,
1995 3855 2095 3909 sed

442 3933 640 3988 sociali
678 3936 1112 3991 necessitudine
1173 3935 1448 4003 paruisse.
1509 3935 1633 3991 Non
1687 3936 1842 3990 enim
1883 3936 2100 3991 frustra

443 4015 586 4069 dixit
616 4015 948 4086 Apostolus,
982 4014 1083 4070 Sed
1130 4018 1180 4068 et
1223 4015 1391 4069 Adam
1430 4032 1538 4070 non
1573 4020 1650 4071 est
1681 4016 1948 4081 seductus,
1978 4033 2097 4072 mu-

441 4099 545 4154 lier
573 4105 755 4152 autem
788 4096 1015 4150 seducta
1048 4106 1126 4149 est
1159 4095 1202 4152 (Ι
1240 4094 1376 4149 Tim.
1418 4112 1480 4161 ii,
1518 4098 1602 4168 14)
1639 4114 1651 4152 :
1688 4097 1799 4152 nisi
1831 4097 1970 4168 quia
2002 4097 2098 4155 illa

442 4178 596 4248 quod
632 4177 683 4231 ei
713 4191 956 4245 serpens
988 4174 1218 4229 locutus
1246 4179 1354 4239 est,
1386 4184 1657 4247 tanquam
1693 4194 1888 4234 verum
1921 4184 2095 4239 esset.

443 4257 685 4327 accepit,
719 4256 815 4311 ille
856 4262 1051 4311 autem
1099 4255 1170 4309 ab
1217 4257 1388 4312 unico
1440 4257 1625 4314 noluit
1671 4259 1962 4314 consortio
2010 4259 2097 4314 di-

445 4337 602 4404 rimi,
637 4351 739 4390 nec
771 4336 829 4389 in
861 4336 1271 4391 communione
1310 4339 1568 4408 peccati;
1606 4357 1707 4394 nec
1739 4340 1867 4394 ideo
1902 4341 2096 4397 minus

447 4431 603 4480 reus,
657 4415 758 4469 sed
809 4415 1047 4470 sciens3
1079 4417 1451 4489 prudensque
1497 4419 1772 4489 peccavit.
1830 4418 1993 4475 Unde
2042 4428 2096 4474 et

442 4494 756 4566 Apostolus
789 4512 902 4551 non
936 4498 1036 4563 ait,
1070 4496 1193 4553 Non
1242 4500 1535 4570 peccavit;
1584 4501 1710 4564 sed,
1741 4501 1859 4555 Non
1897 4511 1975 4556 est
2011 4515 2093 4555 se-

442 4576 658 4633 ductus.
702 4576 848 4631 Nam
900 4579 1100 4651 utique
1158 4579 1349 4651 ipsum
1409 4581 1727 4645 ostendit‘,
1779 4581 1876 4636 ubi
1933 4582 2093 4649 dicit,

445 4659 555 4712 Per
585 4674 758 4713 unum
790 4657 1066 4716 hominem
1105 4660 1338 4716 intravit
1364 4665 1644 4731 peccatum
1675 4661 1732 4717 in
1778 4665 2044 4717 mundum
2079 4676 2095 4716 :

439 4747 494 4795 et
526 4739 698 4812 paulo
731 4745 858 4812 post
883 4741 1162 4811 apertius,
1194 4743 1254 4796 In
1285 4740 1684 4806 similitudine,
1717 4741 1926 4811 inquit,
1957 4755 2098 4811 pra!-

441 4820 801 4876 varicationis
831 4820 956 4876 Adae
985 4822 1160 4891 (Rom.
1194 4839 1249 4884 ν,
1275 4823 1361 4887 12,
1390 4819 1498 4890 14).
1535 4820 1641 4874 Eos
1672 4826 1862 4875 autem
1901 4822 2098 4877 seduc-

447 4911 529 4961 tos
564 4903 804 4976 intelligi
836 4903 1038 4970 voluit,
1067 4903 1166 4975 qui
1189 4902 1248 4958 id
1280 4902 1433 4974 quod
1466 4901 1709 4972 faciunt,
1743 4919 1858 4957 non
1889 4907 2099 4975 putant

512 5169 526 5203 ι
588 5163 740 5212 Vind.
805 5164 920 5212 Am.
988 5163 1072 5210 Er.
1124 5165 1178 5211 et
1253 5163 1500 5212 nonnulli
1568 5164 1712 5220 Mss,
1769 5161 2096 5210 malesuasa.

448 5228 650 5276 Caeteri
697 5228 805 5274 fere
843 5226 988 5279 Mss,
1036 5226 1490 5273 malesuadenda.
1533 5227 1720 5274 Melius
1747 5225 1893 5282 Lov.,
1925 5224 2100 5272 male-

449 5292 647 5344 suada,
684 5291 745 5336 ut
772 5288 911 5349 apud
942 5287 1123 5347 Virgil.
1171 5287 1368 5336 Eneid.
1402 5288 1494 5337 lib.
1527 5287 1576 5347 6,
1609 5301 1747 5337 vers.
1779 5286 1889 5348 276,
1930 5306 1951 5328 «
1984 5299 2100 5334 ma-

450 5351 670 5401 lesuada
697 5351 881 5399 fames.
913 5370 937 5394 »

514 5416 535 5448 2
567 5415 748 5461 Plures
781 5413 884 5460 Mss
911 5448 922 5466 ,
957 5412 1272 5471 fallaciam.

515 5477 536 5509 3
568 5477 648 5522 Er.
683 5479 734 5523 et
763 5476 905 5528 Mss,
935 5476 986 5521 si
1017 5475 1210 5523 sciens.

515 5537 538 5570 ⁴
566 5538 722 5601 Editi,
773 5539 960 5601 ipsum
989 5552 1234 5599 peccasse
1285 5538 1536 5586 ostendit.
1566 5539 1746 5601 Abest,
1771 5551 2037 5600 peccasse,
2069 5549 2102 5586 ο.

454 5599 845 5663 manuscriptis.
1177 5662 1182 5663 ν
1292 5653 1297 5658 ,

521 5661 598 5723 (α)
623 5660 768 5710 Con}.
800 5677 975 5726 supra,
1006 5664 1100 5714 lib.
1133 5662 1210 5727 13,
1240 5676 1353 5728 cap.
1384 5661 1464 5714 21.

1479 337 1580 399 DE
1623 331 1989 398 CIVITATE
2033 327 2187 393 DEI.
2236 333 2302 394 S.
2345 329 2770 397 AUGUSTINI

3733 333 3857 396 420

2199 483 2324 524 esse
2368 472 2666 540 peccatum
2701 485 2714 524 :
2749 468 2848 525 ille
2893 473 3088 524 autem
3139 466 3329 524 scivit.
3383 467 3656 540 Alioquin
3710 485 3860 541 quo-

2204 550 2374 604 modo
2429 567 2626 604 verum
2689 552 2816 615 erit,
2871 551 3040 605 Adam
3098 565 3204 604 non
3257 558 3336 605 est
3389 549 3690 604 seductus?
3748 551 3857 606 Sed

2201 632 2534 702 ineXpertus
2573 632 2778 686 divina
2825 630 3148 687 severitatis
3192 631 3251 684 in
3294 648 3358 686 eo
3393 630 3509 685 falli
3549 632 3756 700 potuit,
3793 636 3858 686 ut

2201 711 2420 765 veniale
2443 712 2700 766 crederet
2730 727 2855 766 esse
2885 711 3287 766 commissum.
3324 717 3402 764 Ac
3429 727 3524 780 per
3556 710 3662 764 hoc
3697 712 3752 766 in
3787 727 3852 766 eo

2199 792 2432 862 quidem
2466 808 2581 862 quo
2615 791 2824 847 mulier
2853 793 3095 846 seducta
3127 795 3238 857 est,
3277 807 3387 846 non
3415 790 3623 846 estille
3653 793 3856 846 seduc-

2193 883 2308 936 tus,
2341 876 2438 929 sed
2480 889 2610 927 eum
2649 873 2874 942 fefellit,
2909 874 3203 942 quomodo
3237 874 3422 926 fuerat
3456 872 3850 941 judicandum

2199 953 2350 1023 quod
2393 952 2827 1017 eratdicturus,
2877 953 3075 1007 Mulier
3123 969 3284 1023 quam
3323 951 3536 1007 dedisti
3572 968 3788 1007 mecum
3811 953 3856 1018 ι,

2201 1035 2324 1103 ipsa
2362 1033 2508 1087 mihi
2551 1033 2716 1099 dedit,
2766 1043 2816 1088 et
2852 1034 3184 1088 manducavi
3231 1032 3380 1105 (Gen.
3433 1050 3517 1097 iii,
3563 1034 3674 1103 12).
3708 1031 3856 1095 Quid

2199 1129 2337 1183 ergo
2370 1113 2635 1183 pluribus
2678 1114 2803 1184 (a)?
2853 1113 2969 1168 Etsi
3019 1115 3302 1170 credendo
3352 1129 3466 1166 non
3509 1120 3646 1167 sunt
3680 1111 3860 1168 ambo

2200 1193 2444 1262 decepti,
2477 1196 2769 1264 peccando
2803 1199 2995 1249 tamen
3048 1195 3220 1250 ambo
3260 1197 3398 1249 sunt
3428 1193 3606 1264 capti,
3639 1199 3697 1248 et
3728 1193 3858 1248 dia-

2203 1274 2320 1329 boli
2352 1273 2578 1345 laqueis
2608 1274 2911 1345 implicati.

2202 1453 2430 1510 CAPUT
2460 1453 2579 1509 ΧΙΙ.
2608 1485 2674 1494 --
2707 1455 2780 1509 De
2809 1454 3082 1526 qualitate
3111 1455 3280 1522 primi
3307 1456 3521 1526 peccati
3545 1469 3644 1526 per
3670 1454 3863 1511 homi-

2826 1551 2946 1592 nem
2978 1536 3229 1592 admissi.

2276 1673 2333 1727 Si
2367 1688 2536 1743 quem
2570 1688 2702 1728 vero
2738 1677 2948 1739 movet,
2981 1687 3086 1727 cur
3124 1671 3252 1727 aliis
3286 1672 3536 1742 peccatis
3568 1671 3653 1726 sic
3687 1675 3857 1726 natu-

2207 1770 2269 1807 ra
2297 1770 2406 1807 non
2443 1758 2700 1807 mutetur
2729 1753 3007 1817 humana,
3057 1751 3552 1822 quemadmodum
3586 1751 3686 1807 illa
3718 1752 3859 1807 duo-

2205 1849 2336 1887 rum
2388 1833 2708 1902 primorum
2754 1833 3060 1887 hominum
3108 1831 3579 1901 praevaricatione
3631 1837 3856 1886 mutata

2205 1923 2324 1980 est;
2361 1919 2420 1967 ut
2450 1918 2623 1967 tantae
2655 1913 3034 1982 corruptioni,
3076 1918 3355 1983 quantam
3389 1913 3651 1968 videmus
3682 1918 3861 1981 atque

2205 1995 2514 2057 sentimus,
2541 1997 2598 2048 et
2635 2009 2735 2064 per
2763 1993 2912 2048 hanc
2963 1992 3295 2061 subjaceret
3327 1991 3496 2046 morti
3517 1993 3560 2058 ³,
3587 2008 3654 2046 ac
3686 1997 3772 2046 tot
3802 1995 3860 2047 et

2206 2074 2421 2141 tantis;
2454 2090 2696 2144 eamque
2725 2074 2872 2129 inter
2902 2091 2964 2128 se
2995 2072 3300 2128 contrariis
3337 2071 3778 2141 perturbaretur
3808 2075 3864 2126 et

2207 2155 2511 2209 ﬂuctuaret
2555 2155 2876 2220 all‘cctibus,
2928 2153 3118 2224 qualis
3161 2155 3215 2206 in
3262 2153 3530 2223 paradiso
3560 2159 3693 2208 ante
3727 2168 3861 2222 pec-

2207 2241 2424 2302 catum,
2461 2234 2593 2288 licet
2629 2235 2686 2288 in
2730 2251 2967 2304 corpore
3009 2237 3161 2289 esset
3209 2232 3476 2297 animali,
3508 2234 3703 2303 utique
3737 2248 3858 2288 non

2208 2316 2317 2369 fuit
2350 2332 2362 2370 :
2396 2315 2445 2369 si
2473 2315 2600 2382 quis
2646 2315 2752 2370 hoc
2802 2321 3082 2380 movetur,
3110 2319 3174 2367 ut
3204 2313 3344 2379 dixi,
3378 2329 3491 2367 non
3523 2313 3648 2367 ideo
3679 2313 3856 2367 debet

2209 2396 2540 2450 existimare
2572 2396 2689 2449 leve
2719 2411 2782 2447 ac
2807 2410 3044 2466 parvum
3079 2393 3223 2448 illud
3252 2393 3432 2448 fuisse
3454 2393 3860 2462 commissum,

2209 2477 2348 2547 quia
2381 2479 2436 2530 in
2469 2491 2600 2530 esca
2651 2477 2863 2529 factum
2917 2483 3023 2541 est,
3083 2490 3196 2528 non
3259 2473 3493 2543 quidem
3547 2473 3721 2540 mala,
3755 2489 3863 2530 nec

2212 2556 2404 2623 noxia,
2439 2557 2548 2610 nisi
2582 2556 2718 2626 quia
2757 2555 3064 2625 prohibita.
3111 2555 3305 2625 Neque
3347 2554 3502 2609 enim
3537 2555 3857 2625 quidquam

2212 2637 2347 2691 mali
2391 2637 2544 2690 Deus
2603 2636 2660 2689 in
2725 2635 2823 2689 illo
2882 2641 3050 2689 tantae
3107 2633 3398 2689 felicitatis
3454 2634 3576 2689 loco
3639 2636 3862 2689 crearet

2211 2725 2387 2789 atque
2418 2716 2724 2788 plantaret.
2755 2715 2862 2770 Sed
2897 2715 3227 2769 obedientia
3255 2715 3656 2769 commendata
3687 2720 3772 2769 est
3803 2712 3863 2768 in

2211 2803 2515 2868 pracepto,
2556 2813 2680 2868 qua)
2728 2797 2914 2851 virttis
2962 2795 3023 2850 in
3069 2803 3331 2850 creatura
3375 2794 3639 2849 rationali
3675 2801 3870 2849 mater

2210 2883 2639 2950 quodammodo
2700 2881 2790 2932 est
2845 2877 3106 2932 omnium
3167 2885 3474 2946 custosque
3532 2875 3867 2930 virtutum:

2211 2959 2683 3030 quandoquidem
2716 2957 2794 3011 ita
2835 2957 2984 3012 facta
3031 2965 3138 3026 est,
3191 2963 3256 3012 ut
3303 2957 3355 3010 ei
3402 2954 3700 3010 subditam
3732 2971 3874 3010 esse

2211 3041 2284 3093 sit
2329 3039 2506 3104 utile;
2555 3037 2947 3108 perniciosum
3007 3043 3203 3091 autem
3263 3052 3449 3099 suam,
3509 3051 3622 3090 non
3671 3037 3806 3104 ejus
3842 3051 3879 3090 ι

2209 3135 2321 3189 quo
2352 3124 2543 3173 creata
2590 3127 2697 3186 est,
2749 3119 2934 3172 facere
2985 3116 3361 3172 voluntatem.
3419 3116 3536 3171 Hoc
3566 3116 3764 3186 itaque
3800 3117 3878 3171 de

2209 3215 2326 3252 uno
2374 3199 2486 3253 cibi
2541 3214 2749 3268 genere
2801 3214 2914 3252 non
2964 3198 3203 3261 edendo,
3262 3196 3358 3251 ubi
3414 3196 3658 3251 aliorum
3705 3201 3879 3251 tanta

2208 3281 2375 3349 copia
2418 3278 2778 3347 subjacebat,
2828 3287 2939 3332 tam
2990 3276 3114 3332 leve
3165 3282 3513 3347 praeceptum
3559 3277 3630 3330 ad
3663 3275 3880 3330 obser-

2209 3361 2487 3427 vandum,
2536 3366 2652 3414 tain
2697 3360 2868 3414 breve
2900 3360 2970 3412 ad
3008 3361 3286 3412 memoria
3329 3357 3718 3422 retinendum,
3769 3357 3875 3412 ubi

2209 3442 2530 3512 praesertim
2565 3443 2824 3497 nondum
2871 3440 3155 3494 voluntati
3205 3439 3501 3510 cupiditas
3535 3438 3872 3504 resistebat,

2206 3523 2361 3594 quod
2406 3524 2476 3576 de
2521 3539 2688 3592 paena
2735 3521 3215 3592 transgressionis
3248 3527 3445 3591 postea
3477 3519 3866 3574 subsecutum

2205 3619 2313 3678 est,
2346 3617 2508 3666 tanto
2555 3612 2772 3681 majore
2822 3611 3108 3680 injustitia
3155 3609 3434 3687 violatu_m
3486 3617 3594 3677 est,
3636 3614 3866 3680 quanto

2207 3693 2460 3748 faciliore
2493 3697 2688 3762 posset
2718 3690 3080 3747 observantia
3108 3691 3411 3746 custodiri.

2205 3851 2440 3909 CAPUT
2487 3851 2635 3908 XIII.
2685 3883 2754 3894 —
2800 3851 2948 3920 Quod
3006 3854 3065 3906 in
3117 3851 3591 3924 praevaricatione
3636 3849 3767 3906 Adae
3795 3849 3870 3906 ad

2416 3949 2548 4005 Opus
2587 3933 2794 3988 malum
2833 3934 3086 3988 voluntas
3114 3934 3392 4004 praecessit
3427 3932 3601 3988 mala.

2279 4071 2328 4126 1.
2371 4071 2433 4124 In
2467 4069 2692 4125 occulto
2734 4076 2925 4124 autem
2978 4068 3116 4123 mali
3147 4083 3272 4123 esse
3301 4072 3627 4138 cmperunt,
3679 4071 3745 4121 ut
3800 4067 3868 4122 in

2205 4155 2465 4222 apertam
2517 4149 2971 4205 inobedientiam
3018 4148 3374 4204 laberentur.
3425 4148 3547 4205 Non
3580 4147 3740 4202 enim
3791 4147 3870 4201 ad

2207 4233 2427 4286 malum
2472 4248 2620 4301 opus
2649 4232 3068 4302 perveniretur,
3119 4229 3233 4285 nisi
3278 4230 3668 4299 praecessisset
3707 4229 3874 4285 mala

2206 4311 2493 4366 voluntas.
2555 4311 2732 4366 Porro
2785 4311 2952 4364 mala:
3009 4310 3324 4366 voluntatis
3377 4311 3607 4364 initium
3665 4310 3876 4380 quod'

2207 4392 2388 4464 potuit
2420 4407 2546 4445 esse
2578 4391 2684 4445 nisi
2721 4391 2988 4457 superbia
3019 4390 3030 4445 !
3066 4393 3295 4446 Initium
3335 4390 3491 4444 enim
3533 4392 3710 4445 omnis
3739 4406 3880 4456 pec-

2203 4475 2317 4526 cati
2342 4470 2596 4542 superbia
2625 4475 2702 4526 est
2731 4470 2927 4541 (Eccli.
2978 4488 3034 4536 x,
3091 4473 3194 4537 15).
3227 4471 3371 4534 Quid
3407 4475 3494 4526 est
3536 4478 3726 4526 autem
3763 4487 3876 4525 su-

2206 4551 2545 4624 perbia,nisi
2564 4568 2837 4620 perversis
2851 4551 3218 4606 celsitudinis
3235 4551 3528 4622 appetitus
3543 4551 3572 4604 ?
3586 4551 3882 4607 Perversa

2205 4633 2358 4687 enim
2387 4631 2666 4686 celsitudo
2696 4635 2802 4697 est,
2836 4632 3064 4686 deserto
3096 4647 3164 4684 eo
3199 4631 3290 4684 cui
3320 4630 3492 4684 debet
3520 4629 3759 4683 animus
3786 4629 3881 4684 in-

2205 4712 2421 4767 haerere
2450 4710 2756 4781 principio,
2780 4710 2889 4764 sibi
2922 4710 3359 4781 quodammodo
3385 4709 3510 4764 ﬁeri
3533 4717 3710 4779 atque
3731 4725 3879 4765 esse

2204 4791 2578 4864 principium.
2606 4790 2721 4846 Hoc
2754 4792 2836 4858 lit,
2859 4805 2993 4845 cum
3026 4789 3133 4844 sibi
3166 4789 3345 4844 nimis
3377 4789 3711 4860 placet.Sibi
3732 4805 3882 4846 vero

2205 4873 2288 4926 ita
2312 4871 2518 4943 placet,
2540 4886 2670 4925 cum
2697 4871 2767 4924 ab
2800 4870 2897 4924 illo
2929 4871 3078 4924 bono
3104 4867 3877 4939 immutabilideficit,quod

2207 4952 2258 5008 ei
2284 4951 2472 5023 magis
2497 4951 2721 5021 placere
2751 4950 2944 5004 debuit
2977 4966 3152 5020 quam
3184 4949 3310 5019 ipse
3339 4948 3474 5005 sibi.
3495 4953 3881 5018 Spontanens

2207 5038 2298 5088 est
2337 5037 2534 5087 autem
2584 5030 2693 5086 iste
2741 5030 3002 5085 defectus
3033 5046 3048 5084 :
3083 5029 3363 5101 quoniam
3400 5027 3450 5083 si
3481 5027 3754 5082 voluntas
3811 5029 3880 5084 in

2205 5129 2401 5168 amore
2453 5111 2772 5182 superioris
2833 5109 3221 5166 immutabilis
3279 5108 3440 5177 boni,
3475 5125 3509 5164 a
3539 5123 3651 5178 quo
3701 5107 3886 5165 illus-

2210 5196 2470 5249 trabatur
2511 5198 2575 5247 ut
2622 5191 2862 5260 videret,
2911 5196 2970 5247 et
3019 5190 3445 5247 accendebatur
3502 5195 3566 5243 ut
3613 5195 3879 5258 amaret,

2275 5350 2289 5383 1
2325 5346 2410 5396 Sic
2437 5347 2558 5396 Mss.
2593 5347 2748 5409 juxta
2792 5362 3036 5409 graecum
3065 5349 3208 5397 LXX.
3239 5348 3306 5395 At
3334 5345 3480 5402 editi,
3515 5358 3686 5407 quam
3717 5343 3862 5394 dedi
3873 5374 3883 5382 -

2206 5411 2279 5458 sti
2308 5411 2451 5458 mihi
2479 5410 2687 5459 sociam

2274 5473 2305 5548 2‘
2341 5477 2457 5548 am.
2494 5473 2587 5525 Er.
2639 5476 2692 5522 et
2731 5475 2840 5524 Lov
2869 5511 2882 5534 ,
2927 5483 2979 5523 et
3021 5475 3208 5525 morti.
3254 5473 3436 5534 Abest,
3482 5480 3549 5526 et.
3603 5485 3634 5519 a
3675 5483 3885 5522 mann-

2206 5540 2542 5665 acglpégiices
2568 5598 2694 5648 2050
2721 5603 2775 5651 et
2801 5599 2942 5660 2051,
2974 5601 3128 5665 quid.
3151 5601 3220 5651 M.

2267 5663 2348 5726 (α)
2375 5661 2586 5726 Supplo,
2608 5677 2744 5727 opus
2774 5671 2870 5715 est.
