4138 6192
293 330 399 392 421

292 462 512 519 stabilis
541 467 929 534 permaneret,
979 480 1094 520 non
1154 463 1289 521 inde
1337 465 1405 520 ad
1441 463 1552 519 sibi
1587 461 1933 533 placendum

291 549 659 612 averteretur,
693 551 749 602 et
778 563 845 602 ex
879 547 982 602 hoc
1004 547 1455 602 tenebresceret'
1492 551 1548 600 et
1580 545 1934 616 irigesceret,

291 629 347 678 ut
375 622 460 678 vel
502 623 601 679 illa
640 641 831 680 verum
892 627 1148 681 crederet
1201 627 1419 681 dixisse
1468 629 1815 696 serpentem,
1851 621 1937 678 vel

288 701 380 760 ille
433 703 536 760 Dei
591 704 862 760 mandato
922 707 1112 761 uxoris
1165 711 1522 776 praeponeret
1567 705 1934 773 voluntatem,

291 789 628 855 pularetque
660 802 722 839 se
764 784 1065 840 venialitcr
1109 792 1595 857 transgressorem
1627 800 1752 839 esse
1784 799 1932 854 pris-

289 864 453 934 cepti,
491 865 537 917 si
569 866 696 919 vitae
745 882 861 920 suas
908 867 1125 922 sociam
1170 884 1284 922 non
1334 870 1618 922 desereret
1661 866 1834 919 etiam
1871 863 1930 918 in

287 944 555 1000 societate
601 947 841 1015 peccati.
893 946 1019 1002 Non
1073 947 1288 1002 malum
1339 963 1477 1018 ergo
1515 961 1661 1017 Opus
1713 945 1927 997 factum

288 1032 391 1091 est,
426 1024 482 1079 id
517 1033 621 1089 est,
664 1026 760 1080 illa
792 1028 1200 1095 transgressio,
1235 1032 1298 1082 ut
1334 1027 1463 1082 cibo
1495 1024 1785 1097 prohibito
1807 1040 1932 1078 ves-

287 1111 572 1175 cerentur,
625 1106 733 1160 nisi
781 1106 851 1160 ab
901 1107 985 1161 eis
1034 1107 1132 1176 qui
1178 1109 1296 1177 jam
1349 1107 1479 1162 mali
1521 1114 1704 1161 erant.
1735 1105 1934 1175 Neque

286 1185 438 1240 enim
471 1185 630 1240 fieret
660 1185 757 1242 ille
790 1186 1012 1242 fructus
1045 1189 1256 1251 malus,
1291 1188 1404 1242 nisi
1436 1188 1508 1242 ab
1540 1187 1746 1240 arbore
1781 1183 1935 1239 mala

284 1265 491 1334 (Matth.
526 1281 622 1331 vn,
657 1266 768 1337 18),
804 1265 874 1322 Ut
902 1272 1094 1322 autem
1127 1273 1278 1322 esset
1310 1269 1484 1321 arbor
1515 1267 1689 1330 mala,
1731 1269 1934 1319 contra

283 1354 557 1400 naturam
615 1347 828 1401 factum
879 1352 1012 1403 est:
1059 1349 1197 1419 quia
1243 1347 1357 1403 nisi
1407 1349 1542 1402 vitio
1591 1346 1928 1410 voluntatis,

280 1425 433 1493 quod
469 1431 672 1481 contra
719 1435 987 1482 naturam
1035 1435 1144 1495 est,
1198 1445 1307 1483 non
1361 1428 1562 1499 utique
1605 1428 1783 1481 fieret.
1819 1423 1930 1478 Sed

280 1505 418 1561 vitio
462 1507 783 1575 depravari.
833 1508 943 1561 nisi
997 1523 1062 1562 ex
1115 1508 1297 1564 nihilo
1349 1509 1516 1572 facta,
1569 1514 1774 1561 natura
1817 1519 1930 1558 non

279 1591 499 1656 posset.
531 1589 612 1640 Ac
645 1603 746 1657 per
783 1588 888 1642 hoc
921 1594 985 1642 ut
1013 1598 1213 1643 natura
1245 1592 1342 1655 sit,
1376 1604 1443 1643 ex
1474 1604 1538 1642 eo
1570 1587 1748 1642 habet
1779 1587 1930 1655 quod

279 1682 308 1719 a
345 1667 457 1721 Deo
491 1666 642 1722 facta
684 1674 804 1736 est;
860 1674 925 1723 ut
982 1677 1172 1724 autem
1223 1670 1295 1724 ab
1335 1686 1400 1724 eo
1434 1667 1589 1740 quod
1628 1665 1760 1722 est2
1789 1664 1931 1719 deli-

279 1747 413 1816 ciat,
447 1765 512 1803 ex
547 1749 652 1804 hoc
684 1752 833 1821 quod
869 1753 939 1806 de
968 1751 1154 1807 nihilo
1190 1752 1338 1808 facta
1378 1760 1482 1807 est.
1522 1750 1637 1806 Nec
1669 1751 1752 1804 sic
1783 1747 1933 1800 defe-

277 1834 354 1884 cit
387 1830 580 1897 homo,
618 1840 678 1885 ut
707 1832 945 1887 omnino
977 1834 1122 1888 nihil
1154 1839 1305 1890 esset
1339 1850 1352 1888 :
1383 1834 1480 1888 sed
1517 1837 1580 1887 ut
1610 1830 1930 1886 inclinatus

277 1911 346 1966 ad
381 1927 444 1965 se
474 1914 667 1983 ipsum
711 1913 908 1968 minus
956 1919 1133 1981 esset,
1186 1931 1364 1986 quam
1406 1919 1549 1980 erat,
1579 1927 1713 1967 cum
1746 1911 1794 1964 ei
1829 1907 1930 1979 qui

273 2008 510 2046 summe
537 2002 620 2047 est
652 1993 990 2050 inhaerebat.
1042 1995 1260 2050 Relicto
1308 1995 1500 2065 itaque
1538 1993 1675 2060 Deo,
1710 2007 1838 2046 esse
1869 1990 1926 2042 in

273 2074 609 2144 semetipso.
647 2073 754 2128 hoc
785 2081 872 2130 est
901 2075 1013 2129 sibi
1048 2076 1295 2147 placere,
1328 2092 1444 2130 non
1467 2076 1590 2145 jam
1627 2072 1772 2126 nihil
1804 2087 1932 2126 esse

269 2157 382 2216 est,
420 2155 518 2206 sed
553 2154 734 2208 nihilo
786 2157 1192 2226 prepinquare.
1242 2154 1404 2210 Unde
1451 2153 1683 2224 superbi
1728 2167 1929 2205 secnn.

266 2233 417 2286 dum
463 2234 819 2302 Scripturas.
853 2243 1084 2290 sanctas
1117 2235 1228 2290 alio
1277 2234 1510 2290 nomine
1547 2231 1927 2302 appellantur.

263 2311 386 2366 sibi
411 2311 780 2383 placentes-(ll
816 2315 960 2370 Petr.
987 2330 1046 2382 ιι,
1081 2316 1188 2380 10).
1227 2316 1448 2370 Bonum
1491 2319 1579 2369 est
1609 2313 1767 2366 enim
1802 2327 1929 2364 sur-

263 2407 412 2446 sum
446 2391 655 2447 habere
684 2410 820 2448 cor:
854 2411 968 2450 non
1000 2401 1193 2450 tamen
1229 2399 1299 2450 ad
1333 2413 1390 2450 se
1422 2398 1638 2466 ipsum,
1671 2391 1820 2461 quod
1845 2391 1934 2444 est

264 2472 604 2542 superbire;
656 2475 757 2528 sed
797 2474 869 2530 ad
926 2478 1262 2542 Dominum,
1308 2476 1460 2547 quod
1517 2479 1607 2528 est
1653 2472 1928 2526 obedien-

261 2552 388 2615 tias,
454 2567 582 2620 qua:
625 2553 739 2607 nisi
816 2554 1127 2610 humilium
1207 2572 1320 2610 non
1383 2557 1566 2625 potest
1625 2567 1772 2606 esse.
1832 2549 1932 2604 Est

265 2631 458 2702 igitur
487 2632 705 2702 aliquid
743 2635 1093 2690 humilitatis
1129 2636 1274 2691 miro
1309 2636 1477 2690 modo
1510 2634 1659 2705 quod
1695 2645 1930 2687 sursum

268 2711 454 2766 faciat
490 2728 610 2776 cor,
643 2719 699 2767 et
739 2720 827 2768 est
867 2715 1089 2787 aliquid
1143 2715 1414 2771 elationis
1458 2713 1611 2786 quod
1657 2713 1930 2767 deorsum

265 2793 446 2847 faciat
477 2809 593 2848 cor.
642 2795 754 2848 Hoc
789 2797 1022 2865 quidem
1069 2796 1239 2866 quasi
1285 2795 1638 2850 contrarium
1685 2795 1930 2858 videtur,

267 2878 330 2926 ut
361 2870 544 2927 elatio
595 2875 671 2927 sit
718 2875 1014 2944 deorsum,
1065 2884 1122 2931 et
1171 2876 1478 2932 humilitas
1527 2889 1782 2929 sursum.
1823 2871 1931 2926 Sed

264 2952 363 3022 pia
401 2952 708 3008 humilitas
756 2953 891 3008 facit
940 2957 1243 3011 subditum
1299 2953 1620 3025 superiori;
1668 2951 1812 3007 nihil
1843 2956 1934 3006 est

264 3041 472 3087 autem
512 3034 781 3104 superius
836 3035 997 3090 Deo:
1046 3041 1101 3091 et
1154 3038 1281 3092 ideo
1332 3035 1544 3091 exaltat
1605 3031 1930 3097 humilitas,

265 3129 398 3184 quae
435 3113 580 3167 facit
611 3115 909 3170 subditum
937 3116 1074 3172 Deo.
1108 3117 1288 3171 Elatio
1318 3127 1507 3171 autem
1543 3131 1667 3187 quis
1703 3114 1760 3167 in
1795 3112 1932 3167 vitio

263 3199 372 3258 est,
412 3209 486 3248 eo
527 3195 652 3263 ipso
684 3195 835 3265 quo8
863 3196 1083 3263 respuit
1115 3198 1561 3267 subjectionem,
1588 3201 1643 3250 et
1673 3193 1829 3248 cadit
1862 3191 1932 3246 ab

261 3272 383 3340 illo,
441 3289 567 3344 quo
620 3291 732 3328 non
785 3280 872 3330 est
921 3277 1232 3347 quidquam
1285 3277 1575 3347 superius,
1630 3280 1686 3329 et
1727 3290 1792 3327 ex
1823 3272 1934 3326 hoc

259 3354 368 3408 erit
419 3353 696 3420 inferius,
743 3360 798 3410 et
845 3355 909 3410 iit
957 3359 1106 3426 quod
1155 3357 1434 3426 scriptum
1496 3362 1630 3411 est:
1672 3352 1938 3418 Deiecisti

257 3448 367 3497 eos,
406 3450 545 3488 cum
596 3436 994 3490 extollerentur
1035 3440 1207 3507 (Psal.
1253 3455 1421 3499 Lxxn.
1468 3437 1574 3507 18).
1611 3434 1735 3489 Non
1777 3432 1934 3486 enim

250 3517 353 3583 sit,
397 3516 560 3571 Cum
594 3519 727 3571 elati
775 3519 1036 3586 fuissent,
1094 3530 1151 3574 ut
1203 3523 1360 3587 prius
1409 3519 1837 3578 extollerentur,
1873 3515 1936 3566 et

258 3603 467 3666 postea
543 3598 964 3666 dejicerenlur:
998 3601 1095 3654 sed
1144 3617 1269 3654 cum
1317 3599 1741 3657 extollerentur,
1799 3597 1937 3645 tunc

260 3676 474 3748 dejecti
524 3683 683 3732 sunt.
717 3680 910 3749 ipsum
945 3680 1162 3751 quippe
1209 3681 1428 3746 extolli,
1465 3679 1589 3747 jam
1622 3675 1792 3743 dejici
1827 3677 1934 3725 est.

259 3760 650 3830 Quapropter
688 3762 839 3832 quod
892 3779 1047 3817 nunc
1096 3764 1155 3817 in
1203 3763 1438 3816 civitate
1485 3759 1600 3825 Dei,
1635 3763 1691 3814 et
1719 3753 1936 3809 civitati

263 3838 360 3895 Dei
396 3842 460 3895 in
498 3841 618 3895 hoc
650 3843 862 3898 saecula
911 3843 1304 3915 peregrinanti
1360 3843 1605 3896 maxime
1651 3851 1938 3893 commen-

261 3920 445 3975 datur
478 3919 808 3989 humilitas,
859 3929 915 3977 et
939 3924 996 3978 in
1031 3941 1156 3992 ejus
1191 3923 1360 3995 Rege,
1395 3923 1494 3994 qui
1525 3926 1612 3975 est
1652 3917 1934 3995 Christus,

259 4003 515 4056 maxime
578 4003 970 4074 pradicatur;
1019 3994 1498 4074 contrariamque
1550 4001 1681 4055 huic
1737 3994 1934 4050 virtuti

257 4080 540 4138 elationis
595 4084 830 4150 vitium,
880 4085 935 4138 in
985 4086 1111 4154 ejus
1157 4085 1507 4151 adversario,
1539 4083 1638 4153 qui
1682 4083 1769 4133 est
1809 4077 1940 4130 dia-

259 4162 455 4232 bolus,
497 4164 754 4218 maxime
785 4165 1097 4230 dominari,
1131 4167 1313 4220 sacris
1361 4163 1582 4220 Lilteris
1612 4161 1886 4215 edocetur
1917 4170 1932 4211 :

258 4245 527 4311 profecto
582 4243 695 4299 ista
754 4251 842 4300 est
896 4237 1103 4316 magna
1146 4245 1496 4311 diil‘erentia,
1549 4259 1666 4314 qua
1711 4238 1934 4303 civitas,

259 4326 417 4380 unde
453 4327 785 4397 loquimur,
838 4334 1080 4398 utraque
1133 4328 1518 4392 discernitur;
1571 4339 1687 4378 una
1717 4321 1938 4376 scilicet

258 4410 516 4460 societas
556 4406 783 4476 piorum
831 4406 1159 4474 hominum,
1203 4410 1384 4463 altera
1430 4405 1767 4476 impiorum,
1818 4401 1937 4456 sin-

257 4487 398 4557 gula
452 4504 716 4559 quaeque
765 4504 892 4544 cum
963 4490 1200 4560 Angelis
1249 4491 1319 4543 ad
1371 4505 1429 4543 se
1491 4485 1934 4558 pertinentibus,

255 4565 313 4621 in
347 4569 589 4640 quibus
635 4571 933 4638 praecessit
964 4571 1070 4625 hac
1103 4587 1262 4626 amor
1316 4569 1434 4634 Dei,
1477 4569 1585 4622 hac
1620 4583 1784 4621 amor
1823 4563 1935 4620 sui.

328 4650 388 4717 2,
429 4650 753 4705 Manifesto
784 4668 918 4723 ergo
951 4657 1266 4724 apertoque
1299 4655 1554 4722 peccato,
1585 4649 1683 4704 ubi
1718 4649 1934 4702 factum

257 4735 349 4785 est
382 4731 558 4802 quod
596 4728 754 4785 Deus
775 4732 894 4788 ﬁeri
925 4733 1320 4802 prohibuerat,
1350 4729 1618 4785 diabolus
1644 4727 1938 4782 hominem

259 4827 376 4866 non
413 4814 707 4882 cepisset,
753 4811 866 4868 nisi
909 4814 1033 4882 jam
1065 4813 1162 4869 ille
1191 4813 1305 4868 sibi
1336 4814 1446 4883 ipsi
1483 4813 1707 4880 placere
1737 4808 1942 4879 cuspis-

256 4896 367 4947 set.
407 4892 574 4947 Hinc
606 4892 761 4947 enim
793 4901 846 4948 et
873 4893 1181 4950 delectavit
1209 4894 1361 4962 quod
1395 4892 1613 4947 dictum
1637 4895 1740 4958 est,
1765 4889 1939 4944 Eritis

253 4972 405 5028 sicut
457 4972 560 5029 dii
598 4971 755 5045 (Gen.
810 4990 893 5042 ιιι,
928 4976 1005 5045 5).
1056 4973 1218 5038 Quod
1270 4972 1476 5028 melius
1524 4987 1654 5026 esse
1704 4974 1940 5042 possent

257 5068 510 5111 summo
542 5069 802 5125 veroque
835 5055 1122 5126 principio
1154 5052 1495 5110 cohmreudo
1529 5069 1628 5122 per
1657 5051 1940 5107 obedien-

255 5135 432 5204 tiam,
471 5153 604 5192 non
637 5151 813 5192 suum
846 5136 957 5193 sibi
991 5136 1286 5192 existendo
1318 5135 1665 5208 principium
1716 5151 1819 5206 per
1846 5149 1941 5189 su-

319 5369 350 5427 ἓ,
374 5365 517 5416 Sola
551 5365 665 5413 fere
698 5364 859 5413 editio
889 5365 1034 5419 Lov..
1069 5363 1537 5413 intenebresceret.

319 5423 350 5461 θ’
374 5428 471 5478 Sic
506 5428 753 5476 melioris
782 5431 942 5476 notae
969 5428 1090 5476 Mss.
1140 5431 1228 5476 At.
1268 5427 1417 5474 Vind.
1475 5427 1589 5474 Am.
1651 5424 1755 5480 Er.,
1788 5423 1854 5471 ab
1883 5440 1940 5474 eo

254 5492 408 5553 quad
439 5498 618 5553 facta
650 5502 743 5538 est.
779 5490 924 5548 Lov.,
955 5490 1020 5538 ab
1048 5505 1106 5538 eo
1130 5506 1165 5538 α
1194 5505 1299 5553 quo
1327 5489 1479 5548 faeta.
1509 5497 1604 5535 est.

318 5556 341 5589 ³
409 5551 679 5614 Plerique
733 5553 856 5602 Mss.
914 5551 1217 5609 omittuntf
1253 5568 1360 5616 quo
1421 5567 1432 5602 :
1508 5554 1745 5616 postque.
1821 5551 1942 5616 sub-

253 5615 609 5673 iectionem,
660 5616 816 5666 Vind.
865 5618 1218 5680 prosequitur,
1255 5614 1420 5665 “cadit
1462 5614 1528 5664 ab
1574 5615 1676 5663 illo
1700 5630 1717 5672 ;
1745 5614 1943 5664 omissa

251 5679 570 5746 particula.
609 5686 672 5731 et.

1462 329 1699 393 LlBER
1741 326 2112 399 QUARTUS
2158 324 2523 392 DECIMUS.

3578 333 3697 396 422

2046 459 2324 531 perbiam.
2379 460 2468 516 Dii
2517 461 2673 518 enim
2729 459 2927 530 creati,
2962 477 3074 518 non
3109 478 3214 518 sua
3245 465 3484 521 veritate
3516 466 3553 533 ¹,
3590 467 3692 522 sed

2048 543 2145 598 Dei
2177 543 2294 598 veri
2329 544 2774 615 participatione
2805 549 2944 600 sunt
2975 545 3075 598 dii.
3111 545 3246 601 Plus
3288 555 3481 602 autem
3517 565 3694 619 appe-

2049 623 2224 678 tendo
2257 623 2299 693 ³,
2333 626 2528 678 minus
2551 631 2639 680 est
2671 643 2682 680 :
2719 625 2818 696 qui
2844 626 2984 679 dum
3009 625 3120 680 sibi
3144 627 3412 682 sufficere
3435 628 3694 698 diligit’,

2050 704 2122 757 ab
2154 704 2252 758 illo
2281 705 2376 775 qui
2411 704 2463 759 ei
2495 722 2624 760 vere
2647 706 2880 771 sufficit,
2915 707 3124 762 deficit.
3161 707 3305 762 illud
3339 707 3528 778 itaque
3564 725 3696 764 ma-

2045 784 2190 847 lum,
2240 801 2351 852 quo
2395 800 2528 839 cum
2585 786 2697 840 sibi
2751 786 2920 841 homo
2953 785 3160 857 placet,
3195 793 3472 858 tanquam
3504 790 3582 843 sit
3635 792 3692 844 et

2042 864 2170 936 ipse
2226 865 2444 933 lumen,
2486 868 2762 922 averlitur
2810 868 2880 923 ab
2929 883 2995 922 eo
3053 869 3296 935 lumine,
3329 870 3481 938 quod
3530 871 3582 925 ei
3639 876 3696 930 si

2049 947 2273 1016 placeat
2303 956 2356 1000 et
2387 948 2511 1018 ipse
2545 948 2607 1002 lit
2654 947 2852 1003 lumen
2889 964 2902 1003 :
2956 948 3125 1016 illud,
3173 951 3437 1020 inquam,
3473 950 3693 1006 malum

2041 1027 2337 1098 praecessit
2385 1026 2442 1081 in
2501 1027 2723 1095 abdito,
2776 1034 2840 1083 ut
2896 1034 3244 1099 sequeretur
3302 1030 3410 1084 hoc
3469 1030 3693 1084 malum

2041 1108 2193 1176 quod
2230 1113 2629 1178 perpetratum
2676 1116 2768 1164 est
2816 1110 2872 1163 in
2918 1115 3138 1179 aperto.
3173 1109 3386 1166 Verum
3419 1116 3508 1166 est
3538 1110 3693 1165 enim

2041 1187 2192 1255 quod
2229 1193 2511 1257 scriptum
2566 1193 2649 1243 est
2686 1205 2698 1243 :
2746 1190 2880 1244 Ante
2917 1193 3142 1246 ruinam
3193 1191 3477 1246 exaltalur
3506 1207 3614 1258 cor,
3647 1193 3696 1245 et

2038 1270 2166 1321 ante
2195 1270 2435 1336 gloriam
2486 1269 2838 1325 humiliatur
2866 1273 3051 1340 (Prov.
3095 1287 3210 1338 xvi,
3249 1272 3359 1342 18).
3394 1272 3498 1326 illa
3530 1288 3697 1342 pror-

2040 1363 2141 1400 sus
2177 1349 2344 1402 ruina
2377 1365 2504 1418 quae
2538 1350 2611 1404 fit
2635 1352 2690 1404 in
2724 1353 2976 1416 occulto,
3010 1353 3281 1422 praecedit
3305 1353 3530 1406 ruinam
3564 1367 3689 1422 quae

2042 1425 2101 1480 fit
2148 1428 2204 1481 in
2241 1429 2568 1490 manifesto.
2622 1432 2755 1484 dum
2793 1430 2891 1484 illa
2925 1432 3092 1484 ruina
3122 1447 3244 1485 esse
3288 1448 3400 1486 non
3435 1437 3689 1502 putatur.

2041 1507 2180 1571 Quis
2212 1509 2370 1561 enim
2416 1509 2826 1565 exallationem
2876 1512 3102 1565 ruinam
3140 1516 3342 1580 putat;
3388 1527 3521 1566 cum
3571 1514 3692 1577 jam

2039 1587 2119 1640 ibi
2151 1588 2228 1641 sit
2280 1588 2559 1656 defectus,
2613 1606 2729 1660 quo
2761 1595 2849 1644 est
2897 1589 3131 1644 relictus
3184 1589 3506 1645 Excelsus?
3553 1590 3692 1652 Quis

2041 1672 2234 1721 autem
2270 1669 2500 1722 ruinam
2536 1686 2665 1724 esse
2697 1687 2809 1723 non
2835 1669 3046 1736 videat,
3070 1672 3304 1740 quando
3338 1671 3401 1722 lit
3433 1669 3692 1723 mandati

2038 1748 2273 1801 evidens
2297 1755 2469 1820 atque
2501 1749 2831 1803 indubitata
2857 1750 3246 1820 transgressio
3270 1749 3296 1802 ?
3329 1750 3566 1818 Propter
3590 1749 3695 1803 hoc

2038 1825 2192 1881 Deus
2222 1827 2361 1882 illud
2425 1828 2739 1896 prohibuit,
2775 1831 2924 1900 quod
2978 1845 3106 1884 cum
3157 1834 3311 1884 esset
3341 1827 3692 1895 admissum,

2039 1907 2201 1962 nulla
2226 1909 2455 1963 defendi
2509 1916 2703 1978 posset
2745 1910 3452 1980 imaginationejustitiae.
3497 1909 3565 1963 Et
3593 1925 3696 1963 au-

2038 1987 2144 2041 deo
2181 1988 2201 2021 ‘
2232 1989 2442 2055 dicere,
2479 1992 2748 2059 superbis
2795 2007 2922 2045 esse
2953 1991 3094 2045 utile
3125 1993 3328 2045 cadere
3358 1990 3416 2044 in
3456 1989 3695 2060 aliquod

2040 2077 2302 2134 apertum
2338 2069 2828 2140 manifestumque
2861 2077 3185 2140 peccatum,
3237 2071 3392 2123 unde
3435 2069 3548 2122 sibi
3577 2071 3697 2123 dis-

2042 2145 2312 2215 pliceant,
2347 2149 2446 2216 qui
2471 2148 2592 2217 jam
2627 2151 2739 2202 sibi
2789 2149 3068 2218 placendo
3106 2149 3433 2203 ceciderant
3462 2148 3558 2216 (a).
3593 2147 3694 2201 Sa-

2040 2224 2270 2279 lubrius
2301 2229 2456 2280 enim
2491 2228 2696 2281 Petrus
2738 2229 2848 2281 sibi
2903 2229 3198 2299 displicuit
3249 2227 3485 2298 quando
3518 2226 3698 2292 ﬂevit,

2042 2319 2219 2374 quam
2244 2305 2352 2359 sibi
2389 2306 2605 2374 placuit
2633 2310 2862 2377 quando
2887 2308 3258 2378 praesumpsit
3282 2306 3492 2372 (Matth.
3541 2321 3692 2373 xxvx,

2037 2383 2266 2454 75,33).
2303 2385 2416 2439 Hoc
2449 2385 2589 2439 dicit
2619 2393 2674 2440 et
2721 2403 2886 2441 sacer
2935 2387 3202 2441 Psalmus
3246 2403 3259 2442 :
3312 2388 3478 2456 Imple
3526 2387 3697 2454 facies

2040 2479 2228 2518 eorum
2259 2466 2587 2535 ignominia,
2633 2475 2683 2521 et
2733 2470 2982 2537 quwrent
3029 2483 3220 2522 nomen
3260 2476 3437 2533 tuum,
3470 2467 3696 2522 Domine

2041 2545 2218 2616 (Psal.
2253 2563 2461 2613 Lxxxn,
2500 2547 2626 2617 i7):
2663 2548 2718 2602 id
2753 2554 2858 2615 est,
2886 2554 2948 2602 ut
2979 2554 3040 2602 tu
3076 2549 3157 2603 eis
3182 2549 3406 2620 placeas
3429 2564 3690 2619 quaeren-

2041 2627 2196 2680 tibus
2231 2645 2441 2683 nomen
2475 2634 2661 2690 tuum.
2696 2631 2796 2701 qui
2829 2630 2941 2685 sibi
2984 2628 3331 2700 placuerunt
3377 2630 3692 2701 quaerendo

2042 2722 2242 2764 suum.

2039 2863 2270 2920 CAPUT
2315 2865 2458 2922 XIV.
2504 2897 2573 2908 —
2622 2869 2694 2922 De
2739 2869 3004 2940 superbia
3048 2867 3524 2939 transgressionis,
3574 2883 3696 2940 qua

2351 2948 2474 3018 ipsa
2502 2949 2611 3018 fuit
2656 2950 3090 3018 transgressione
3117 2950 3379 3005 deterior.

2110 3082 2221 3136 Sed
2295 3091 2380 3138 est
2453 3084 2611 3155 pejor
2667 3085 3172 3157 damnabiliorque
3224 3087 3517 3157 superbia,
3579 3102 3698 3160 qua

2042 3165 2212 3218 etiam
2248 3164 2304 3218 in
2330 3165 2583 3235 peccatis
2615 3167 2944 3221 manifestis
2968 3167 3289 3238 suffugium
3309 3167 3700 3223 excusationis

2039 3243 2407 3314 inquiritur:
2459 3244 2612 3300 sicut
2665 3245 2749 3300 illi
2797 3247 2970 3316 primi
3022 3247 3311 3316 homines,
3365 3264 3611 3318 quorum
3643 3251 3701 3301 et

2040 3323 2140 3376 illa
2171 3325 2336 3391 dixit,
2371 3326 2598 3396 Serpens
2628 3328 2840 3380 seducit
2865 3343 2970 3396 me,
3002 3335 3052 3380 et
3100 3328 3432 3382 manducavi
3453 3344 3474 3388 ,ο
3502 3337 3555 3381 et
3600 3326 3698 3382 ille

2043 3401 2206 3466 dixit,
2247 3404 2446 3458 Mulier
2477 3422 2638 3475 quam
2670 3404 2869 3459 dedisti
2896 3420 3126 3468 mecum,
3159 3412 3275 3460 haec
3303 3407 3443 3458 mihi
3471 3405 3617 3460 dedit
3664 3421 3698 3460 a

2045 3479 2220 3551 ligno,
2253 3491 2304 3535 et
2333 3486 2429 3538 edi
2458 3485 2608 3552 (Gen.
2643 3501 2726 3552 ιιι,
2763 3486 2850 3551 13,
2889 3485 2996 3553 12).
3045 3485 3344 3552 Nusquam
3387 3483 3483 3537 hic
3527 3488 3696 3538 sonat

2046 3561 2246 3630 petitio
2277 3563 2480 3626 venias,
2507 3579 2800 3632 nusquam
2834 3562 3164 3631 imploratio
3189 3562 3512 3616 medicinae.
3546 3561 3694 3615 Nam

2044 3640 2180 3694 licet
2209 3641 2307 3695 isti
2339 3659 2451 3696 non
2474 3643 2617 3697 sicut
2647 3643 2808 3709 Cain,
2833 3643 2986 3712 quod
3017 3641 3462 3705 commiserunt,
3487 3646 3700 3711 negent

2045 3719 2154 3788 (Id.
2203 3735 2279 3787 1v,
2307 3721 2385 3790 9),
2419 3722 2610 3775 adhuc
2641 3728 2833 3775 tamen
2877 3721 3153 3790 superbia
3185 3722 3241 3773 in
3275 3719 3456 3774 alium
3488 3719 3698 3791 quierit

2048 3800 2277 3867 referre,
2319 3802 2471 3870 quod
2502 3817 2804 3872 perperam
2829 3800 2960 3855 fecit
2987 3817 3000 3855 :
3024 3799 3297 3870 superbia
3327 3799 3614 3864 mulieris,
3637 3799 3698 3854 in

2047 3886 2410 3949 serpentem:
2463 3883 2740 3953 superbia
2768 3881 2896 3948 viri,
2933 3884 2987 3936 in
3021 3880 3340 3936 mulierem.
3375 3879 3485 3935 Sed
3519 3895 3699 3935 accu-

2045 3963 2195 4017 satio
2230 3968 2424 4034 potius
2454 3978 2633 4034 quam
2672 3962 2966 4018 excusatio
3005 3979 3136 4016 vera
3167 3966 3274 4028 est,
3310 3961 3406 4016 ubi
3440 3959 3697 4016 mandati

2047 4045 2223 4099 divini
2278 4049 2365 4100 est
2414 4051 2614 4115 aperta
2669 4042 3080 4114 transgressio.
3131 4046 3330 4113 Neque
3379 4041 3533 4097 enim
3585 4040 3694 4096 hoc

2048 4131 2354 4197 propterea
2413 4141 2526 4179 non
2571 4125 2850 4188 fecerunt,
2895 4125 3034 4194 quia
3080 4123 3137 4176 id
3191 4121 3400 4178 mulier
3431 4131 3696 4192 serpente

2047 4208 2340 4272 suadente,
2429 4205 2514 4261 vir
2585 4204 2829 4259 muliere
2893 4204 3262 4275 impertiente
3354 4202 3692 4271 commisit;

2047 4292 2216 4359 quasi
2248 4287 2567 4357 quidquam
2601 4285 2737 4353 Deo,
2770 4284 2864 4340 cui
2895 4284 2984 4339 vel
3016 4285 3371 4353 crederetur,
3403 4283 3490 4340 vel
3521 4283 3691 4338 cede-

2046 4375 2224 4435 retur,
2253 4367 2728 4439 anteponendum
2760 4367 2954 4423 fuerit.

2046 4526 2278 4585 CAPUT
2308 4528 2422 4583 XV.
2457 4557 2523 4568 —
2545 4529 2622 4582 De
2632 4527 2868 4599 justitiae
2897 4528 3297 4596 retributionis,
3329 4543 3492 4598 quam
3520 4527 3697 4599 primi

2224 4609 2470 4664 homines
2500 4625 2598 4680 pro
2628 4625 2728 4665 sua
2769 4608 3144 4665 inobedientia
3171 4609 3513 4677 receperunt.

2120 4747 2171 4800 1.
2205 4745 2351 4811 Quia
2399 4761 2532 4816 ergo
2577 4749 2946 4816 contemptus
2996 4747 3086 4798 est
3132 4743 3284 4798 Deus
3328 4741 3562 4809 jubens,
3596 4737 3694 4809 qui

2049 4833 2359 4896 creaverat,
2392 4830 2489 4899 qui
2538 4828 2605 4881 ad
2659 4845 2828 4882 suam
2882 4826 3198 4896 imaginem
3248 4824 3461 4878 fecerat
3509 4821 3553 4887 ⁵,
3597 4820 3698 4890 qui

2047 4909 2268 4965 czeteris
2312 4908 2665 4964 animalibus
2712 4907 3129 4977 praeposuerat,
3165 4903 3265 4975 qui
3316 4902 3377 4957 in
3424 4899 3696 4972 paradiso

2114 5113 2127 5145 ί
2162 5107 2248 5157 Sic
2272 5107 2426 5156 Vind.
2456 5110 2509 5157 et
2537 5109 2657 5157 Mss.
2689 5107 2757 5155 At
2783 5107 2899 5154 Am.
2931 5105 3015 5154 Er.
3044 5105 3097 5154 et
3124 5104 3272 5162 Lov,,
3307 5100 3529 5151 virtute.

2111 5172 2134 5206 ²
2175 5172 2331 5229 Editi,
2385 5172 2542 5220 homo
2583 5169 2902 5233 appetendo.
2953 5168 3132 5226 Abest,
3188 5167 3365 5224 hmo,
3421 5177 3455 5214 a
3508 5173 3698 5211 manu-

2048 5240 2430 5348 scglIStilcsVind.
2461 5297 2576 5344 Am.
2613 5299 2667 5345 et
2694 5297 2815 5346 Mss.
2846 5295 2916 5344 At
2941 5293 3026 5342 Er.
3056 5294 3109 5342 et
3137 5293 3282 5350 Lov.,
3312 5289 3536 5353 delegit.

2109 5361 2132 5394 ι
2160 5361 2316 5426 Equi,
2346 5361 2417 5408 Et
2438 5359 2581 5426 ideo.
2617 5361 2796 5426 Abest.
2824 5357 2960 5413 ideo,
2991 5369 3024 5405 a
3047 5357 3168 5406 Mss.
3204 5418 3216 5426 .
3313 5416 3332 5426 _
3561 5411 3574 5426 ,

2112 5426 2132 5458 ⁵
2162 5416 2318 5476 Editi.
2350 5421 2448 5484 qui
2477 5421 2752 5470 hominem
2780 5428 3081 5473 creaverat.
3102 5418 3216 5484 gui
3257 5416 3332 5484 ad
3351 5416 3701 5484 _sua_m_ima:-

2047 5486 2232 5549 ginem
2264 5475 2389 5532 eui.
2418 5486 2640 5544 fecerat.
2673 5485 2742 5533 At
2768 5475 3252 5544 manuscripti'non
3279 5479 3496 5535 habent.
3527 5475 3701 5527 homi-

2053 5564 2174 5598 nem
2204 5563 2221 5596 ἔ
2249 5561 2362 5598 nec.
2393 5563 2538 5596 eum.

2049 5611 2366 5728 27(angonf.
2395 5609 2488 5660 lib.
2533 5611 2599 5658 de
2649 5609 2765 5660 Nat.
2813 5611 2868 5659 ot
2915 5607 3061 5658 Grat.
3093 5607 3231 5693 cont.
3264 5606 3460 5670 Pelag.,
3489 5616 3586 5656 nn.
3612 5601 3698 5663 26.

2115 5713 2131 5740 ,
2232 5709 2246 5725 .
