4138 6192
428 287 548 348 423

423 423 821 488 constituerat,
845 416 945 490 qui
972 427 1166 470 rerum
1198 410 1462 466 omnium
1493 406 1715 490 copiam
1744 400 2066 472 salutisque

422 485 1264 580 praestiterat,'qfuiuprteceptis
1299 505 1400 544 nec
1453 485 1719 580 plurib‘us
1761 499 1863 580 nec
1895 498 2069 572 gran-

629 599 731 638 nec
765 561 1101 635 difﬁcilibus
1149 561 1505 632 oneraverat,
1555 566 1655 621 sed
1689 580 1805 619 uno
1837 561 2064 619 brevis-

425 669 574 724 simo
606 669 780 734 atque
817 656 1114 715 levissimo
1162 653 1231 708 ad
1267 647 1608 707 obedientire
1657 645 2061 734 salubritatem

419 723 962 804 adminiculaverat,
1010 751 1123 806 quo
1171 748 1298 788 eam
1353 732 1702 793 creaturam,
1752 723 1844 780 cui
1890 723 2072 778 libera

422 827 668 884 servitus
698 820 1012 894 expediret,
1029 804 1100 871 se
1130 830 1255 871 esse
1281 809 1590 866 Dominum
1625 804 2066 894 commonebat:

412 883 568 978 justa
613 883 906 960 damnatio
955 883 1275 978 subsecuta
1320 899 1423 978 est,
1461 889 1714 960 talisque
1744 883 2064 978 dampatio,

421 966 486 1044 ut
515 989 686 1044 homo
716 983 812 1055 qui
838 976 1220 1039 custodiendo
1245 973 1586 1055 mandatum
1624 973 1851 1024 futurus
1884 966 2069 1021 fuerat

418 1069 598 1126 etiam
638 1051 812 1121 car'ne
869 1058 1211 1134 spiritualis,
1265 1056 1428 1110 fieret
1473 1053 1648 1108 etiam
1701 1051 2069 1134 mente.car-

421 1149 607 1216 nalis;
642 1151 698 1203 et
729 1142 859 1217 qui‘
893 1126 998 1198 sua
1027 1126 1445 1217 superbiaisibi
1479 1132 1790 1204 placuerat,
1828 1126 1922 1217 Dei
1954 1126 2072 1197 jus-

423 1231 552 1286 titia
583 1208 693 1284 sibi
742 1208 1060 1281 donaretur
1083 1208 1114 1290 ς*
1141 1235 1248 1275 nec
1278 1216 1363 1272 sic
1394 1218 1458 1270 ut
1489 1217 1544 1269 in
1581 1227 1684 1266 sua
1714 1213 1871 1266 esset
1901 1208 2072 1290 ’_om-

420 1307 674 1366 nimodis
698 1311 994 1378 potestate,
1018 1287 1118 1356 sed
1153 1315 1188 1354 a
1207 1296 1414 1368 seipse
1436 1308 1664 1378 quoque
1693 1287 2071 1378 dissentiens,

419 1391 529 1446 sub
563 1387 662 1444 illo
699 1368 806 1442 ὀιιί
854 1383 877 1418 ³
928 1368 1220 1453 peccando
1281 1375 1599 1440 consensit,
1653 1387 1754 1442 pro
1808 1368 2072 1453 libertate

419 1486 596 1542 quam
629 1451 980 1537 concupivit,
1013 1463 1223 1517 duram
1256 1458 1643 1524 miseramque
1675 1455 1871 1523 ageret
1901 1451 2073 1506 servi-

421 1531 638 1616 t‘utem;
676 1531 943 1602 mortuus
970 1542 1181 1612 spiritu
1215 1537 1438 1602 volens,
1467 1541 1524 1589 et
1573 1548 1802 1602 corpore
1834 1531 2073 1586 moritu-

421 1649 524 1688 rus
555 1631 774 1686 invitus
808 1643 822 1682 :
877 1626 1138 1680 desertor
1182 1625 1406 1674 zeternae
1447 1616 1593 1678 vitae,
1627 1615 1803 1670 etiam
1837 1617 2070 1680 aeterna,

423 1711 539 1768 nisi
596 1710 780 1779 gratia
842 1705 1134 1768 liberaret,
1169 1703 1356 1779 morte
1411 1698 1758 1779 damnatus._
1794 1691 2074 1779 Quisquis

426 1773 766 1861 hujusmodi
801 1784 1233 1841 damnationem
1257 1778 1346 1833 vel
1378 1777 1646 1843 nimiam,
1675 1773 1762 1829 vel
1794 1773 2076 1843 injustam

425 1853 610 1946 putat,
647 1867 836 1925 metiri
862 1866 1116 1937 profecto
1138 1861 1323 1917 nescit
1345 1862 1565 1929 quanta
1597 1856 1770 1946 fuerit
1796 1853 2076 1946 iniquitas

424 1933 483 2009 in
520 1933 834 2024 peccando,
863 1933 963 2002 ubi
999 1949 1162 2000 tanta
1196 1945 1324 2024 erat
1355 1956 1469 2024 non
1496 1936 1771 2009 peccandi
1807 1933 2075 2024 facilitas.

428 2015 584 2093 Sic-ut
619 2033 775 2088 enim
811 2028 1050 2084 Abrahae
1085 2041 1199 2080 non
1231 2020 1528 2077 immerito
1562 2034 1774 2088 magna
1802 2015 2076 2072 obedien-

430 2117 512 2170 tia
544 2113 911 2185 praedicatur,
945 2109 1084 2178 quia
1126 2113 1187 2185 ut
1217 2102 1506 2185 occideret
1536 2099 1772 2185 Filium,
1807 2113 1897 2152 res
1928 2095 2077 2185 diffi-

433 2175 650 2249 cillima
681 2195 771 2247 est
796 2175 1076 2255 imperata
1106 2184 1256 2255 (Gen.
1289 2198 1430 2247 χχιι,
1457 2179 1512 2251 2)
1550 2195 1562 2233 :
1597 2180 1676 2233 ita
1707 2177 1762 2232 in
1816 2175 2084 2245 paradiso

434 2279 598 2330 tanto
650 2271 837 2341 major
894 2264 1290 2323 inobedientia
1347 2262 1473 2326 fuit,
1531 2263 1747 2341 quanto
1924 2255 2081 2341 quod

437 2337 791 2428 praeceptum
822 2358 929 2416 est,
963 2346 1182 2428 nullius
1230 2342 1598 2428 difﬁcultatis
1627 2339 1893 2428 _fuit.”Et
1932 2337 2085 2392 sicut

439 2419 768 2492 bbedientia
801 2429 1040 2486 secundi
1090 2424 1344 2481 hominis
1381 2439 1448 2478 eo
1490 2419 1932 2494 praedicabilior,
1968 2433 2082 2490 quo

437 2517 622 2572 factus
672 2516 761 2569 est
812 2509 1087 2566 obediens
1144 2520 1329 2574 usque
1377 2503 1449 2559 ad
1511 2505 1755 2556 mortem
1814 2497 2080 2568 (Philipp.

437 2611 502 2662 ιι,
533 2595 590 2661 8)
623 2608 637 2646 :
670 2592 750 2646 ita
778 2585 1168 2644 inobedientia
1192 2582 1365 2655 primi
1396 2579 1654 2636 hominis
1678 2595 1743 2635 eo
1766 2577 2088 2662 detestabi-

440 2659 578 2740 lior,
603 2688 718 2743 quo
750 2671 934 2724 factus
964 2672 1049 2722 est
1095 2663 1434 2743 inobediens
1480 2675 1672 2743 usque
1711 2659 1784 2713 ad
1818 2661 2086 2743 mortem.

445 2736 735 2810 Ubivenim
771 2765 983 2820 magna
1013 2749 1102 2802 est
1136 2741 1544 2799 inobedientim
1576 2756 1745 2820 poena
1768 2736 2087 2820 proposita,

448 2841 504 2890 et
535 2850 624 2889 res
653 2851 682 2886 a
713 2817 979 2886 Creatore
1029 2824 1219 2880 facilis
1271 2823 1574 2891 imperata,
1621 2819 1892 2891 quisnam
1943 2817 2088 2872 satis

447 2915 715 2988 explicet,
745 2914 1033 2984 quantum
1076 2905 1292 2960 malum
1344 2902 1440 2970 sit,
1492 2917 1607 2955 non
1656 2899 1891 2956 obedire
1938 2899 1996 2953 in
2030 2911 2091 2951 re

447 2977 627 3064 facili,
657 2977 714 3050 et
742 2977 918 3048 tantae
952 2985 1252 3062 potestatis
1284 2982 1548 3054 imperio,
1580 2985 1638 3036 et
1667 2985 1826 3034 tanto
1851 2977 2090 3033 terrenti

446 3075 779 3146 supplicio?

611 3155 881 3225 Denique,
914 3154 978 3206 ut
1010 3148 1260 3204 breviter
1288 3145 1533 3225 dicatur,
1566 3142 1625 3225 in
1657 3139 1814 3225 illius
1870 3137 2092 3225 peccati

447 3255 614 3312 pcnna
644 3221 786 3307 quid
816 3221 1217 3312 inobedientiaa
1250 3226 1360 3281 nisi
1393 3221 1786 3312 inobedientia
1808 3221 2093 3312 retributa

449 3300 532 3375 est
556 3300 747 3372 φιλέω
779 3329 906 3384 quae
937 3309 1196 3367 hominis
1229 3312 1318 3363 est
1366 3305 1480 3361 alia
1526 3301 1784 3384 miseria,
1823 3300 1936 3355 nisi
1990 3300 2092 3354 ad-

448 3415 652 3454 versus
681 3381 814 3452 cuin
845 3394 1040 3464 ipsum
1073 3385 1468 3445 inobedientia
1496 3384 1624 3454 ejus
1653 3381 1930 3453 ipsius,ut
1953 3397 2092 3450 quo-

451 3479 610 3537 niam
643 3474 829 3532 noluit
860 3459 1012 3544 quod
1046 3470 1251 3542 potuit,
1278 3466 1430 3539 quod
1461 3481 1573 3520 non
1595 3467 1783 3534 potest
1811 3463 1950 3517 velit
1980 3459 2097 3532 (a)?

450 3563 514 3618 In
558 3557 828 3630 paradiso
859 3552 1016 3609 enim
1047 3549 1273 3606 etiamsi
1327 3563 1443 3603 non
1475 3544 1668 3600 omnia
1704 3546 1928 3614 poterat
1958 3547 2093 3596 ante

451 3629 770 3713 peccatum,
825 3632 1108 3706 quidquid
1159 3635 1521 3713 tamen-non
1574 3629 1812 3713 poterat,
1842 3639 1972 3713 non.
1992 3639 2090 3677 vo-

452 3703 634 3791 lebat;
667 3725 724 3775 et
758 3703 889 3772 ideo
947 3703 1174 3786 poterat
1220 3709 1420 3766 omnia
1469 3724 1592 3791 quis
1631 3704 1880 3760 volebat.
1921 3703 2093 3791 ⁸Ῑῗίιιιιιι

448 3819 580 3858 vero
612 3783 764 3856 sicut
794 3798 852 3852 in
901 3783 1030 3865 ejus
1078 3792 1262 3860 stirpe
1313 3786 1743 3860 cognoscimus,
1795 3789 1852 3840 et
1901 3783 2094 3838 divina

451 3883 745 3954 Scriptura
775 3881 1040 3941 testatur,
1074 3875 1241 3954 homo,
1275 3870 1513 3926 vanitati
1559 3865 1764 3922 similis
1806 3867 1990 3933 factus
2020 3868 2099 3920 est

450 3945 620 4032 (Psal.
654 3975 842 4023 cxmn,
875 3959 949 4027 4).
983 3955 1124 4020 Quis
1155 3953 1310 4009 enim
1343 3953 1666 4032 enumerat,
1691 3962 1877 4032 quam
1910 3945 2098 4032 multa

453 4023 577 4116 quae
612 4059 726 4096 non
760 4023 942 4110 potest
984 4033 1138 4099 velit,
1172 4034 1316 4116 dum
1367 4029 1477 4085 sibi
1511 4030 1655 4116 ipse.
1689 4027 1743 4116 id
1778 4030 1867 4080 est
1897 4023 2096 4116 volun-

453 4105 553 4180 tlati
587 4125 738 4191 ejus,
759 4105 884 4191 ipse
904 4116 1138 4170 animus
1167 4112 1315 4182 ejus,
1340 4124 1523 4179 eoque
1547 4106 1785 4162 inferior
1814 4121 1945 4159 caro
1971 4105 2099 4174 ejus

454 4221 574 4260 nun
617 4185 1032 4269 obtemperat?
1081 4197 1206 4264 Ipso
1256 4205 1507 4260 namque
1538 4187 1738 4269 invito,
1772 4193 1823 4241 et
1863 4185 2099 4240 animus

459 4283 802 4356 plerumque
825 4266 1137 4338 turbatur.
1183 4277 1244 4356 et
1286 4288 1438 4356 caro,
1465 4267 1639 4356 dolet,
1672 4271 1728 4322 et
1774 4266 2098 4332 veterascit,

456 4349 512 4420 et
543 4349 825 4429 moritur;
876 4364 933 4415 et
963 4355 1250 4429 quidquid
1285 4351 1442 4408 aliud
1489 4349 1761 4421 patimur,
1795 4349 1947 4420 quod
1982 4364 2098 4403 non

458 4454 789 4517 pateremur
817 4439 1003 4506 inviti,
1028 4437 1077 4492 si
1108 4432 1389 4490 voluntati
1423 4436 1632 4486 nostras
1667 4434 1862 4484 nostra
1894 4432 2105 4484 natura

461 4509 620 4582 omni
655 4523 824 4579 modo
869 4525 1046 4590 atque
1082 4533 1151 4572 ex
1197 4515 1472 4571 omnibus
1513 4509 1775 4582 partibus
1826 4509 2103 4566 obediret.

461 4612 534 4661 At
583 4605 740 4659 enim
790 4599 1008 4672 aliquid
1049 4612 1180 4653 caro
1214 4595 1449 4666 patitur,
1481 4607 1594 4663 quo
1625 4591 1838 4646 servire
1877 4607 1991 4645 non
2032 4590 2104 4646 si-

460 4686 639 4742 nitur.
674 4685 816 4750 Quid
853 4685 1088 4737 interest
1121 4677 1447 4742 unde,dum
1472 4678 1662 4728 tamen
1698 4689 1797 4744 per
1821 4672 2105 4741 justitiam

462 4763 820 4823 dominantis
861 4762 958 4818 Dei
1008 4761 1046 4830 ‘,
1108 4759 1202 4816 cui
1251 4755 1473 4814 subditi
1530 4753 1744 4810 servire
1792 4751 2106 4820 noluimus,

532 4962 544 4995 ί
583 4956 669 5006 Sic
701 4955 821 5004 Mss.
858 4956 927 5003 At
955 4953 1112 5011 Editi,
1143 4961 1191 5001 et
1222 4949 1375 5014 quia.

529 5022 550 5055 2
580 5020 733 5067 Vind.
765 5017 864 5064 Am
913 5017 1016 5070 En,
1060 5005 1130 5062 ne
1171 5005 1316 5062 sicut
1362 5007 1670 5074 aﬂectabat.
1717 5005 1777 5074 in
1824 5020 1929 5074 sua
1958 5015 2110 5074 esset,

465 5089 562 5135 etc.
597 5083 741 5139 Lov.,
789 5093 884 5126 nec
931 5080 1075 5125 sicut
1111 5071 1422 5138 affectabat,
1451 5076 1550 5139 etc:
1595 5071 1772 5139 Abest,
1803 5071 2111 5139 agectabat,

464 5133 900 5204 eimanuscriptis
926 5141 1018 5202 qui
1046 5133 1263 5197 habent,
1295 5153 1388 5185 nec
1417 5137 1496 5184 sic
1515 5134 1791 5197 (intelligo,
1814 5133 1916 5180 sibi
1945 5134 2114 5182 dona-

464 5215 633 5264 retur)
662 5216 721 5255 ut
753 5205 812 5253 in
843 5218 949 5250 sua
983 5211 1136 5264 esset,
1166 5205 1263 5249 etc.

529 5257 549 5307 33
580 5257 663 5320 Sic
709 5268 837 5330 legit
867 5267 977 5330 lt!s_._
1008 5257 1149 5330 2951;,
1193 5265 1245 5312 et
1291 5260 1676 5330 siclegendum
1707 5257 1896 5320 probat
1929 5257 2109 5307 Morel.

467 5337 623 5385 Elem.
661 5324 808 5387 Crit.”
840 5345 887 5392 p.
925 5328 1002 5376 89.
1034 5329 1093 5392 lu
1124 5328 1160 5373 Β
1186 5361 1198 5380 .
1232 5325 1346 5386 qui.
1381 5324 1444 5370 Μ.

530 5383 551 5432 λ
581 5383 805 5459 Aliquot
826 5383 930 5459 Nise
957 5427 968 5448 ,
1014 5390 1148 5459 (tunc
1182 5383 1363 5459 t_a_.inen
1403 5399 1499 5445 pro
1519 5383 1758 5443 justitia
1787 5383 2113 5432 dam-nantis

476 5460 592 5510 Dei.
625 5451 700 5495 -’
715 5459 800 5508 Sic
828 5456 987 5505 codex
1017 5451 1157 5501 2051.
1189 5451 1256 5498 Μ.

535 5506 612 5584 (ἆ)
644 5506 866 5584 Invertit
893 5519 1093 5584 dictum
1138 5511 1386 5566 Terentii,
1423 5509 1738 5584 Audenam.
1780 5506 1836 5580 .2,
1882 5523 2021 5584 scen.
2057 5509 2114 5584 .1,

475 5570 613 5632 νεὶ-ε’.
650 5583 697 5640 5,
731 5583 790 5632 6;
851 5581 1127 5638 Quoniam
1182 5587 1297 5628 non
1345 5579 1519 5637 Ροεεει
1561 5570 1617 5620 id
1664 5570 1791 5631 ﬁeri
1835 5573 1981 5635 Ωαοά
2012 5573 2115 5629 υἱεο

469 5643 528 5699 id
559 5645 690 5692 velis
719 5646 861 5707 quod
880 5645 1076 5708 possit.

1475 267 1576 327 DE
1618 261 1984 327 CIVITATE
2031 263 2185 338 DEI,
2233 263 2296 323 S.
2346 209 2778 326 AUGUSTINI

3711 277 3824 337 424

2173 416 2308 456 caro
2366 406 2563 455 nostra
2611 399 2799 468 nobis,
2832 417 2960 473 quas
3006 400 3242 457 subdita
3289 402 3497 471 fuerat,
3541 423 3656 464 non
3713 426 3830 467 ser-

2174 481 2382 535 viendo
2437 479 2679 536 molesta
2733 481 2848 548 sit;
2907 483 3177 554 quamvis
3227 499 3333 539 nos
3385 489 3498 541 Deo
3547 503 3662 544 non
3719 507 3831 547 ser-

2174 561 2409 626 viendo,
2463 561 2687 617 molesti
2735 563 2904 618 nobis
2949 564 3315 635 potuerimus
3361 583 3512 636 esse,
3556 585 3671 626 non
3704 572 3832 628 illi?

2179 640 2563 732 Nequeenim
2597 642 2682 697 sic
2733 641 2830 698 ille
2875 648 3094 714 nostro,
3147 649 3212 699 ut
3259 662 3366 703 nos
3414 649 3655 704 servitio
3706 668 3832 707 cor-

2182 721 2340 792 poris
2379 721 2717 804 iudigemus
2751 739 2765 776 :
2796 728 2853 778 et
2882 723 3011 778 ideo
3050 733 3256 804 nostra
3300 731 3387 783 est
3432 729 3588 800 quod
3623 733 3829 804 recipi-

2181 817 2487 891 mus,__non
2515 801 2678 891 illius
2712 819 2876 891 pinna
2907 803 3066 891 quod
3098 805 3363 862 fecimus.
3396 808 3631 866 Dolores
3660 801 3830 883 porro

2181 883 2280 953 qui
2329 883 2604 936 dicuntur
2649 883 2866 951 carnis,
2916 883 3122 940 animas
3170 892 3309 942 sunt
3353 887 3413 943 in
3445 905 3644 955 carne,
3677 898 3734 948 et
3765 909 3831 948 ex

2181 979 2375 1019 carne.
2409 964 2553 1027 Quid
2587 963 2742 1019 enim
2796 981 2928 1020 caro
2960 981 3061 1036 per
3109 981 3172 1020 se
3219 969 3403 1038 ipsam
3456 970 3586 1026 sine
3634 972 3832 1030 anima

2180 1045 2268 1100 vel
2299 1044 2474 1110 dolet,
2526 1044 2609 1101 vel
2653 1046 3059 1116 concupiscit?
3089 1047 3196 1102 Sed
3230 1050 3377 1118 quod
3421 1054 3832 1123 concupiscere

2183 1139 2315 1180 caro
2347 1126 2563 1180 dicitur
2591 1124 2677 1180 vel
2729 1126 2944 1194 dolere,
2988 1131 3089 1182 aut
3137 1127 3263 1198 ipse
3308 1127 3485 1185 homo
3538 1136 3650 1198 est,
3683 1132 3834 1188 sicut

2188 1205 2615 1274 disseruimus;
2648 1211 2750 1260 aut
2787 1205 3007 1277 aliquid
3039 1207 3273 1276 animae,
3315 1211 3471 1279 quod
3525 1212 3717 1266 carnis
3746 1213 3834 1268 af-

2183 1285 2304 1340 ﬁcit
2330 1286 2543 1358 passio,
2570 1285 2657 1342 vel
2686 1302 2912 1356 aspera,
2935 1290 2999 1341 ut
3029 1286 3202 1342 faciat
3233 1287 3492 1345 dolorem
3519 1309 3532 1349 ;
3558 1292 3639 1346 vel
3664 1291 3831 1360 lenis,

2185 1371 2250 1422 ut
2305 1367 2686 1440 voluptatem.
2749 1367 2862 1422 Sed
2929 1367 3092 1424 dolor
3166 1368 3364 1425 carnis
3421 1375 3834 1430 tantummodo

2185 1449 2425 1508 oti‘ensio
2451 1453 2541 1506 est
2587 1449 2798 1504 animae
2845 1465 2914 1504 ex
2961 1464 3154 1516 carne,
3207 1455 3264 1506 et
3303 1453 3571 1522 quasdam
3602 1454 3671 1510 ab
3698 1455 3832 1526 ejus

2184 1531 2456 1604 passione
2481 1529 2768 1586 dissensio
2801 1545 2814 1584 :
2849 1529 2997 1585 sicut
3025 1530 3230 1585 animae
3271 1531 3455 1601 dolor,
3489 1549 3614 1604 quas
3653 1535 3835 1590 tristi-

2182 1614 2263 1669 tia
2311 1613 2705 1682 nuncupatur,
2757 1608 3043 1664 dissensio
3084 1615 3172 1666 est
3220 1611 3290 1666 ab
3338 1611 3433 1667 his
3481 1615 3658 1670 rebus
3708 1631 3833 1686 quae

2183 1691 2352 1749 nobis
2409 1689 2741 1746 nolentibus
2800 1689 3158 1745 acciderunt.
3217 1690 3328 1746 Sed
3363 1692 3662 1749 tristitiam
3716 1695 3833 1766 ple-

2186 1788 2436 1844 rumque
2468 1769 2738 1840 praecedit
2769 1775 2981 1834 metus,
3015 1770 3112 1842 qui
3145 1776 3202 1826 et
3232 1771 3357 1843 ipse
3391 1773 3448 1828 in
3491 1775 3694 1830 anima
3722 1781 3830 1843 est,

2185 1872 2302 1912 non
2332 1854 2391 1908 in
2425 1869 2618 1907 carne.
2653 1849 2923 1906 Dolorem
2949 1858 3144 1907 autem
3179 1853 3374 1908 carnis
3409 1871 3523 1910 non
3560 1857 3835 1927 praecedit

2189 1937 2344 1993 ullus
2388 1933 2556 2006 quasi
2616 1939 2803 1988 metus
2851 1935 3062 2002 carnis,
3105 1934 3206 2005 qui
3265 1940 3399 1990 ante
3459 1936 3720 1994 dolorem
3773 1939 3833 1995 in

2189 2033 2361 2076 carne
2392 2017 2700 2073 sentiatur.
2732 2014 3095 2081 Voluptatem
3147 2033 3282 2072 vero
3333 2019 3606 2089 precedit
3656 2036 3835 2090 appe-

2187 2099 2328 2154 titus
2359 2097 2622 2168 quidam,
2655 2094 2754 2165 qui
2787 2095 3032 2150 sentitur
3063 2095 3120 2150 in
3151 2112 3324 2151 carne
3355 2097 3524 2168 quasi
3551 2098 3838 2169 cupiditas

2189 2179 2337 2249 ejus,
2369 2178 2522 2232 sicut
2554 2178 2730 2230 fames
2760 2182 2814 2230 et
2844 2175 2995 2243 sitis,
3032 2180 3088 2230 et
3130 2192 3199 2232 ea
3229 2192 3354 2248 quin
3389 2177 3448 2232 in
3477 2177 3828 2249 genitalibus

2193 2257 2466 2315 usitatius
2516 2255 2695 2311 libido
2745 2256 3100 2316 nominatur.
3137 2273 3274 2313 cum
3325 2256 3436 2314 hoc
3467 2258 3536 2313 sit
3568 2259 3837 2331 generale

2191 2337 2541 2396 vocabulum
2575 2335 2767 2392 omnis
2798 2336 3154 2406 cupiditatis.
3187 2337 3331 2392 Nam
3365 2343 3423 2394 et
3467 2339 3656 2409 ipsam
3688 2339 3836 2396 iram

2193 2420 2338 2476 nihil
2389 2419 2544 2474 aliud
2594 2433 2742 2483 esse,
2779 2433 2954 2489 quam
3011 2419 3334 2474 ulciscendi
3383 2421 3715 2489 libidinem,
3744 2437 3838 2477 ve-

2193 2506 2345 2558 teres
2377 2499 2731 2556 definierunt
2751 2500 2822 2567 (a)
2847 2515 2858 2553 :
2887 2499 3153 2570 quamvis
3178 2516 3604 2572 nonnunquam
3639 2503 3838 2570 homo,

2195 2581 2292 2636 ubi
2326 2581 2586 2635 vindictas
2617 2579 2814 2634 nullus
2863 2585 2950 2634 est
2980 2595 3204 2645 sensus,
3238 2579 3411 2637 etiam
3445 2582 3619 2638 rebus
3649 2582 3837 2638 inani-

2197 2665 2310 2720 mis
2341 2663 2638 2727 irascatur,
2675 2665 2740 2716 ut
2778 2661 2793 2694 ί
2827 2659 2980 2716 male
3027 2662 3370 2718 scribentem
3419 2665 3620 2719 stilum
3680 2663 3843 2720 colli-

2197 2746 2315 2810 dat,
2364 2741 2452 2797 vel
2505 2741 2799 2797 calamum
2853 2742 3079 2814 frangat
3122 2744 3328 2799 iratus.
3369 2743 3583 2799 Verum
3634 2751 3691 2801 ct
3719 2746 3840 2800 ista

2196 2825 2329 2881 licet
2358 2822 2832 2889 irrationabilior,
2866 2828 3056 2879 tamen
3102 2826 3361 2896 quaedam
3405 2824 3721 2881 ulciscendi
3771 2827 3843 2881 li-

2197 2905 2335 2960 hido
2384 2913 2490 2969 est,
2549 2909 2606 2958 et
2661 2903 2858 2958 nescio
2915 2921 3062 2975 quae,
3101 2912 3164 2960 ut
3221 2905 3300 2961 ita
3345 2905 3613 2972 dixerim,
3663 2905 3842 2976 quasi

2200 2985 2411 3040 umbra
2442 2983 2862 3051 retributionis,
2899 2991 2962 3038 ut
2987 2985 3086 3055 qui
3121 2985 3266 3040 male
3298 2986 3534 3056 faciunt,
3569 2985 3722 3040 mala
3750 3002 3851 3055 pa-

2201 3067 2444 3121 tiantur.
2479 3069 2578 3119 Est
2623 3063 2799 3133 igitur
2847 3063 3026 3120 libido
3085 3065 3428 3133 ulciscendi,
3461 3083 3585 3137 quas
3624 3067 3710 3122 ira
3754 3067 3848 3121 di-

2201 3146 2347 3201 citur
2380 3162 2392 3201 :
2427 3149 2513 3200 est
2542 3144 2721 3200 libido
2753 3145 3002 3200 habendi
3037 3148 3365 3217 pecuniam,
3397 3163 3528 3219 quas
3559 3147 3846 3204 avaritia:

2201 3233 2289 3284 est.
2319 3227 2498 3282 libido
2528 3227 3071 3298 quomodocumque
3101 3229 3389 3297 vincendi,
3424 3245 3555 3300 quae
3586 3231 3855 3298 pervica-

2202 3309 2291 3364 cia
2325 3325 2338 3363 :
2365 3311 2450 3362 est
2469 3307 2649 3362 libido
2671 3305 2984 3376 gloriandi,
3007 3308 3434 3378 quaajactantia
3459 3317 3854 3379 nuncupatur.

2203 3389 2354 3444 Sunt
2380 3385 2568 3442 inultae
2599 3385 2881 3456 variaeque
2918 3386 3214 3455 libidines,
3248 3405 3502 3459 quarum
3553 3387 3855 3445 nonnulla

2203 3470 2423 3526 habent
2451 3469 2627 3524 etiam
2656 3469 2935 3524 vocabula
2963 3470 3214 3540 propria,
3248 3471 3516 3541 quaedam
3569 3487 3699 3526 vero
3731 3487 3854 3528 non

2203 3551 2440 3606 habent.
2483 3549 2621 3613 Quis
2683 3548 2838 3604 enim
2899 3548 3065 3605 facile
3123 3550 3357 3619 dixerit,
3421 3553 3557 3623 quid
3615 3556 3858 3607 vocetur

2204 3631 2385 3687 libido
2434 3629 2794 3695 dominandi,
2839 3647 3012 3698 quam
3062 3635 3256 3686 tamen
3298 3631 3618 3702 plurimum
3658 3631 3857 3688 valere

2204 3713 2264 3848 in
2311 3718 2699 3848 ιιδίινιῖιῖιιιιοιιιιιειι
2759 3709 2987 3779 animis,
3043 3712 3215 3768 etiam
3265 3711 3458 3769 civilia
3524 3712 3674 3769 bella
3726 3718 3860 3770 tes-

2230 3811 2301 3848 an
2337 3811 2404 3848 ur

2230 3811 2404 3850 antur

2207 3995 2438 4052 CAPUT
2464 3995 2602 4050 XVl.
2639 4027 2704 4036 —
2738 3995 2808 4049 Dc
2841 3993 3098 4053 libidinis
3128 3999 3292 4064 malo,
3323 4000 3484 4070 cujus
3513 4015 3709 4055 nomen
3729 4015 3864 4055 cum

2279 4078 2470 4132 multis
2499 4080 2654 4134 vitiis
2681 4085 2962 4149 congruat,
2993 4079 3218 4152 praprie
3245 4088 3430 4136 tamen
3460 4082 3701 4137 motibus
3730 4082 3866 4138 obs-

2280 4159 2427 4215 cenis
2455 4160 2694 4230 corporis
2721 4160 3072 4216 adscribitur.

2283 4329 2427 4385 Cum
2460 4327 2637 4400 igitur
2666 4326 2779 4382 sint
2827 4326 3144 4383 multarum
3196 4326 3470 4384 libidines
3514 4343 3732 4396 rerum,
3768 4334 3872 4385 ta-

2215 4426 2348 4466 men
2382 4425 2515 4464 cum
2548 4407 2728 4464 libido
2759 4408 2993 4474 dicitur,
3024 4425 3211 4479 neque
3259 4409 3430 4480 cujus
3462 4407 3544 4464 rei
3577 4408 3756 4464 libido
3791 4410 3875 4466 sit

2215 4491 2470 4555 additur,
2503 4505 2619 4544 non
2653 4489 2769 4544 fere
2796 4487 3010 4544 assolet
3040 4489 3236 4544 animo
3264 4505 3566 4545 occurrere
3597 4488 3706 4544 nisi
3740 4489 3871 4558 illa,

2218 4588 2334 4644 qua
2367 4571 2626 4626 obscenis
2677 4569 2936 4640 corporis
2969 4573 3165 4640 partes
3195 4569 3541 4628 excitantur.
3573 4569 3704 4626 Haec
3760 4586 3875 4627 au-

2216 4657 2332 4708 tem
2367 4649 2476 4706 sibi
2526 4665 2638 4703 non
2664 4648 2852 4703 solum
2885 4653 3073 4703 totum
3115 4665 3347 4721 corpus,
3383 4665 3487 4705 nec
3537 4647 3725 4704 solum
3781 4665 3879 4705 ex-

2217 4733 2522 4797 trinsecus,
2555 4744 2751 4784 verum
2770 4728 2944 4783 etiam
2969 4728 3322 4784 intrinsecus
3353 4727 3878 4797 vindicat,totum-

2218 4830 2328 4886 que
2371 4821 2686 4869 commovet
2720 4809 3015 4864 hominem
3067 4810 3247 4865 animi
3277 4809 3454 4866 simul
3488 4811 3696 4866 all'ectu
3728 4825 3872 4865 cum

2220 4895 2412 4951 carnis
2458 4893 2712 4965 appetitu
2769 4891 3080 4962 conjuncto
3127 4895 3302 4962 atque
3351 4893 3656 4962 permixto,
3689 4896 3757 4946 ut
3803 4908 3880 4948 ea

2221 4974 2488 5046 voluptas
2518 4979 2820 5045 sequatur,
2853 4990 2964 5044 qua
3010 4973 3196 5042 major
3228 4973 3286 5027 in
3319 4973 3574 5043 corporis
3607 4971 3882 5043 volupta-

2223 5056 2382 5111 tibus
2414 5053 2568 5108 nulla
2597 5059 2687 5108 est
2713 5071 2724 5108 :
2759 5054 2841 5108 ita
2863 5058 2929 5108 ut
2952 5057 3244 5107 momento
3270 5053 3396 5124 ipso
3429 5054 3730 5124 temporis,
3757 5069 3880 5124 quo

2225 5137 2297 5192 ad
2320 5136 2445 5204 ejus
2494 5137 2827 5206 pervenitur
2855 5139 3203 5201 extremum,
3228 5149 3376 5204 pene
3407 5135 3599 5190 omnis
3629 5133 3784 5188 acies
3817 5137 3884 5188 et

2288 5382 2364 5440 (a)
2392 5378 2537 5429 Conf.
2576 5378 2734 5429 Cicer.
2769 5377 2865 5428 lib.
2898 5377 2928 5427 3
2957 5378 3163 5430 Tuscul.
3197 5378 3430 5438 Quaest..
3462 5392 3573 5442 cap.
3596 5379 3644 5435 5,
3675 5379 3728 5428 et
3773 5377 3881 5430 lib.

2226 5445 2359 5618 :1“
2361 5441 2614 5556 litigium
2669 5504 2814 5568 Mss.,
2872 5514 2939 5556 et.
2996 5531 3059 5545 —
3113 5506 3198 5558 Sic
3251 5507 3420 5558 nostri
3462 5507 3680 5568 excepto
3728 5502 3886 5553 2050.
