4138 6192
291 315 408 378 425

288 449 455 522 quasi
475 449 674 522 vigilia
692 451 1063 524 cogitationis
1084 454 1389 514 obruatur.
1414 455 1554 520 Quis
1575 461 1769 514 autem
1795 454 1945 511 ami-

290 547 395 588 cus
409 531 708 602 sapientiai
725 541 1176 607 sanctorumque
1193 537 1559 607 gaudiorum,
1575 536 1944 609 conjugalem

291 628 473 684 agens
501 614 703 683 vitam,
720 615 843 684 sed,
864 615 1013 670 sicut
1039 615 1354 686 Apostolus
1375 620 1621 686 monuit,
1641 621 1820 675 sciens
1851 632 1944 672 vas

287 708 450 747 suum
465 693 740 762 possidere
755 695 813 748 in
826 695 1260 765 sanctiﬁcatione
1271 705 1322 752 et
1336 696 1670 766 honore,non
1688 699 1746 753 in
1759 697 1944 753 morbo

289 773 578 843 desiderii,
599 775 745 831 sicut
764 783 815 831 et
849 776 1038 832 Gentes
1057 792 1184 849 qum
1203 777 1477 850 ignorant
1501 781 1666 835 Deum
1690 779 1734 852 (ι
1761 780 1940 837 Thess.

293 872 368 923 iv,
403 856 457 920 4,
487 857 565 927 5),
599 873 717 912 non
765 857 984 926 mallet,
1029 861 1077 914 si
1124 864 1329 930 posset,
1374 862 1501 917 sine
1541 861 1648 917 hac
1698 861 1943 916 libidine

294 936 447 992 filios
480 953 816 1008 procreare;
867 942 932 993 ut
960 939 1136 996 etiam
1186 940 1246 996 in
1297 941 1406 997 hoc
1450 942 1712 998 serendae
1761 939 1943 1012 prolis

289 1017 502 1084 ofﬁcio,
536 1019 620 1074 sic
667 1020 795 1088 ejus
827 1020 1004 1076 menti
1036 1039 1103 1077 ea
1131 1038 1259 1093 qua.-
1309 1022 1384 1078 ad
1418 1023 1526 1079 hoc
1561 1040 1709 1094 opus
1750 1026 1944 1078 creata

295 1102 454 1165 sunt,
485 1098 982 1169 quemadmodum
1005 1107 1215 1158 cetera
1243 1104 1364 1158 suis
1392 1120 1637 1176 quasque
1666 1104 1943 1175 operibus

295 1178 615 1235 distributa
647 1180 910 1236 membra
940 1182 1243 1252 servirent,
1276 1187 1420 1240 nutu
1453 1183 1764 1240 voluntatis
1795 1191 1943 1251 acta,

297 1275 416 1314 non
448 1263 590 1314 aestu
627 1259 890 1317 libidinis
922 1263 1202 1318 incitata?
1241 1263 1352 1320 Sed
1404 1281 1591 1336 neque
1638 1264 1748 1335 ipsi
1791 1281 1948 1320 ama-

298 1343 457 1394 tores
489 1338 664 1410 hujus
712 1341 1048 1413 voluptatis,
1083 1343 1201 1399 sive
1248 1345 1319 1399 ad
1354 1345 1703 1402 concubitus
1735 1344 1944 1415 conju-

300 1417 484 1490 gales,
518 1419 634 1476 sive
689 1422 757 1476 ad
810 1423 1213 1480 immunditias
1258 1425 1637 1496 ﬂagitiorum,
1671 1441 1805 1482 cum
1856 1441 1947 1481 vo-

303 1499 521 1555 luerint
566 1509 1053 1558 commoventur:
1097 1504 1198 1559 sed
1246 1503 1558 1576 aliquando
1608 1510 1800 1561 motus
1849 1504 1947 1561 ille

305 1579 684 1651 importunus
733 1587 822 1638 est
860 1583 1018 1640 nullo
1071 1589 1362 1656 poscente,
1396 1586 1712 1657 aliquando
1750 1592 1943 1641 autem

304 1659 571 1716 destituit
617 1661 970 1731 inhiantem,
1016 1667 1074 1718 et
1121 1681 1255 1720 cum
1305 1664 1362 1720 in
1415 1666 1608 1722 animo
1648 1665 1946 1737 concupis-

300 1740 490 1794 centia
523 1740 758 1807 ferveat,
793 1741 963 1813 friget
993 1742 1049 1798 in
1083 1760 1321 1813 corpore
1354 1761 1367 1800 :
1402 1749 1575 1818 atque
1622 1747 1697 1800 ita
1728 1746 1943 1800 mirum

300 1819 358 1874 in
405 1821 643 1878 modum
676 1838 792 1878 non
824 1823 1014 1879 solum
1047 1825 1365 1898 generandi
1394 1826 1701 1894 voluntati,
1742 1842 1943 1884 verum

299 1901 474 1957 etiam
508 1904 838 1960 lasciviendi
873 1905 1099 1962 libidini
1124 1908 1302 1963 libido
1335 1925 1448 1964 non
1482 1909 1691 1977 servit;
1725 1915 1782 1964 et
1812 1923 1945 1964 cum

297 1986 422 2038 tota
453 1985 794 2056 plerumque
826 1988 1006 2043 menti
1057 1989 1368 2045 cohibendi
1405 1990 1761 2056 adversetur,
1796 2005 1946 2045 non-

300 2079 604 2135 nunquam
635 2071 692 2122 et
721 2068 1000 2123 adversus
1033 2085 1095 2124 se
1129 2069 1322 2139 ipsam
1362 2069 1660 2140 dividitur,
1697 2084 1948 2125 commo-

294 2146 473 2214 toque
505 2146 701 2203 animo
749 2147 808 2202 in
841 2150 1258 2205 commovendo
1305 2165 1545 2220 corpore
1583 2166 1646 2206 se
1671 2150 1802 2222 ipsa
1833 2163 1949 2206 non

297 2224 598 2294 sequitur.

285 2357 525 2414 CAPUT
556 2358 722 2416 XVII.
756 2391 821 2403 --
852 2362 924 2417 De
961 2361 1218 2418 nuditate
1271 2365 1581 2434 primorum
1638 2366 1950 2433 hominum,

369 2455 538 2510 quam
583 2447 700 2512 post
751 2447 1035 2514 peccatum
1093 2449 1308 2516 turpem
1361 2445 1782 2516 pudendumque
1813 2445 1957 2502 vide-

374 2528 528 2576 runt.

372 2623 577 2681 Merito
611 2625 787 2698 hujus
825 2627 1088 2686 lidibinis
1139 2631 1387 2688 maxime
1417 2633 1619 2704 pudet,
1654 2633 1859 2690 merito
1899 2635 1958 2690 et

290 2707 424 2778 ipsa
443 2707 730 2772 membra,
755 2725 882 2780 quae
906 2727 1012 2766 suo
1036 2713 1311 2781 quodam,
1337 2716 1401 2768 ut
1420 2713 1952 2785 itadixerim,jure,

290 2803 414 2844 non
430 2788 768 2844 omnimodo
790 2793 857 2846 ad
876 2792 1185 2847 arbitrium
1207 2798 1472 2849 nostrum
1490 2799 1703 2862 movet,
1723 2800 1823 2849 aut
1839 2811 1950 2850 non

292 2874 492 2926 movet
521 2871 536 2904 ¹
562 2871 834 2942 pudenda
856 2873 1150 2941 dicuntur,
1175 2875 1329 2945 qoud
1357 2883 1487 2930 ante
1521 2881 1823 2946 peccatum
1850 2877 1954 2930 bo-

295 2951 478 3007 minis
512 2968 626 3007 non
662 2953 912 3010 fuerunt.
942 2954 1087 3009 Nam
1126 2955 1274 3011 sicut
1317 2956 1601 3027 scriptum
1636 2959 1743 3023 est,
1803 2955 1954 3012 Nudi

289 3036 476 3095 erant,
508 3039 559 3088 et
589 3049 700 3089 non
726 3035 1208 3106 confundebantur
1229 3036 1383 3108 (Gen.
1417 3055 1478 3106 Il,
1502 3038 1624 3104 25):
1656 3053 1770 3092 non
1801 3038 1953 3106 quod

294 3113 385 3169 eis
415 3130 522 3167 sua
553 3115 788 3171 auditas
819 3121 976 3172 esset
1007 3116 1328 3188 incognita,
1363 3118 1463 3173 sed
1499 3118 1684 3186 turpis
1715 3118 1953 3173 nuditas

297 3193 561 3250 nondum
574 3200 697 3250 erat
712 3212 724 3249 :
741 3195 877 3266 quia
892 3197 1152 3252 nondum
1167 3195 1342 3252 libido
1359 3198 1618 3253 membra
1632 3197 1733 3252 illa
1753 3204 1957 3268 praeter

295 3274 608 3332 arbitrium
639 3277 1057 3342 commovebat,
1090 3279 1352 3333 nondum
1382 3280 1450 3332 ad
1486 3278 1736 3333 hominis
1757 3278 1957 3333 inobc-

302 3355 590 3412 dientiam
625 3358 1083 3429 redarguendam
1107 3376 1213 3415 sua
1235 3358 1629 3416 inobcdientia
1650 3375 1784 3414 caro
1815 3375 1959 3428 quo-

303 3436 618 3492 dammodo
662 3438 1070 3494 testimonium
1129 3439 1491 3510 perhibebat.
1551 3438 1750 3509 Neque
1798 3440 1956 3493 enim

305 3516 446 3572 caeci
477 3517 648 3572 creati
677 3522 861 3585 erant,
888 3523 951 3573 ut
989 3518 1326 3590 imperitum
1386 3518 1595 3590 vulgus
1618 3519 1909 3590 'opinatur
1941 3533 1954 3572 :

306 3596 843 3669 quandoquidemet
867 3598 964 3655 ille
991 3599 1133 3655 vidit
1153 3599 1450 3666 animalia,
1470 3599 1687 3670 quibus
1719 3599 1960 3655 nomina

303 3677 594 3749 imposuit
623 3679 724 3749 (Ib.
747 3680 837 3751 20)
871 3699 885 3748 ;
920 3684 977 3736 et
1018 3680 1089 3735 de
1143 3679 1247 3734 illa
1271 3679 1504 3749 legitur,
1566 3677 1705 3733 Vidit
1757 3678 1962 3733 mulier

305 3759 444 3832 quia
468 3759 666 3817 bonum
687 3761 898 3833 lignum
932 3763 990 3817 in
1019 3777 1216 3829 escam,
1241 3765 1292 3817 et
1313 3762 1444 3833 quia
1479 3761 1659 3829 placet
1685 3760 1860 3816 oculis
1891 3761 1962 3816 ad

305 3840 602 3896 videndum
621 3841 723 3913 (Ib.
750 3843 928 3915 III,6.)
962 3843 1242 3898 Patebant
1266 3857 1402 3914 ergo
1420 3841 1569 3897 oculi
1599 3858 1825 3907 eorum,
1858 3841 1960 3897 sed

307 3921 385 3975 ad
420 3920 528 3976 hoc
571 3937 685 3977 non
736 3928 900 3978 erant
943 3922 1152 3991 aperti,
1185 3921 1292 3977 hoc
1344 3927 1433 3977 est
1462 3938 1576 3976 non
1621 3922 1846 3986 attenti,
1898 3925 1964 3977 ut

311 4011 730 4073 cognoscerent
757 4003 899 4075 quid
931 4003 1015 4060 eis
1036 4002 1384 4059 indumento
1416 4003 1612 4072 gratiae
1646 4007 1959 4074 praestare-

310 4087 432 4151 tur,
467 4085 700 4154 quando
759 4085 1015 4140 membra
1060 4100 1264 4140 eorum
1309 4082 1592 4139 voluntati
1644 4100 1963 4155 repugnare

313 4163 670 4220 nesciebant.
703 4167 827 4230 Qua
855 4165 1043 4237 gratia
1069 4169 1312 4230 remota,
1355 4168 1420 4220 ut
1450 4181 1617 4234 poena
1675 4165 1964 4234 reciproca

313 4243 690 4301 inobcdienta
731 4244 1099 4316 plecteretur,
1131 4245 1353 4302 exstitit
1383 4245 1439 4300 in
1495 4250 1653 4301 motu
1704 4245 1962 4316 corporis

315 4325 586 4396 quaedam
615 4325 930 4398 impudens
962 4327 1208 4397 novitas,
1269 4327 1423 4382 unde
1482 4332 1633 4383 esset
1690 4327 1965 4383 indecens

315 4405 593 4464 nuditas:
626 4415 682 4463 et
739 4406 874 4462 fecit
912 4411 1184 4471 attentos,
1246 4408 1615 4480 reddiditque
1666 4409 1961 4464 confusos.

313 4484 464 4540 Hinc
495 4491 580 4541 est
611 4486 784 4558 quod,
820 4491 1198 4558 posteaquam
1231 4489 1571 4544 mandatum
1620 4488 1720 4543 Dei
1765 4492 1966 4560 aperta

320 4568 790 4638 transgressione
817 4567 1127 4637 violarunt,
1175 4569 1458 4640 scriptum
1490 4574 1578 4626 est
1609 4569 1678 4624 de
1732 4569 1870 4624 illis.
1906 4571 1968 4625 Et

314 4649 503 4719 aperti
534 4653 662 4704 sunt
691 4649 837 4706 oculi
864 4650 1172 4718 amborum,
1204 4654 1254 4706 et
1282 4654 1659 4723 regnaverunt
1689 4650 1969 4721 quianudi

315 4731 500 4794 erant,
531 4732 580 4784 et
609 4739 940 4785 consuerunt
967 4731 1106 4800 folia
1137 4730 1253 4800 ﬁci,
1286 4733 1336 4785 et
1366 4733 1617 4800 fecerunt
1663 4731 1770 4785 sibi
1822 4745 1970 4785 cam-

311 4813 542 4882 pestria.
564 4811 725 4883 (Ibid.
758 4812 816 4878 7)
839 4811 1036 4881 Aperti
1061 4821 1208 4876 sunt,
1247 4813 1457 4882 inquit,
1477 4812 1624 4867 oculi
1653 4812 1963 4880 amborum,

319 4909 439 4947 non
469 4892 540 4946 ad
573 4892 888 4948 videndum
922 4893 1076 4962 (nam
1107 4895 1165 4947 et
1212 4904 1380 4948 antea
1409 4893 1740 4962 videbant);
1778 4893 1874 4947 sed
1896 4895 1968 4949 ad

318 4971 775 5028 discernendum
797 4973 948 5028 inter
971 4975 1185 5028 bonum
1217 4973 1370 5044 quod
1393 4971 1733 5041 amiserant,
1764 4977 1822 5028 et
1844 4988 1972 5028 ma-

317 5051 444 5107 lum
477 5068 589 5124 quo
603 5053 954 5109 ceciderant.
980 5051 1142 5108 Unde
1164 5057 1221 5108 et
1247 5051 1442 5123 ipsum
1461 5051 1709 5124 lignum,
1732 5052 1968 5124 eoquod

319 5131 498 5187 istam
558 5133 772 5189 faceret
847 5132 1331 5204 dignoscentiam,
1377 5133 1428 5189 si
1487 5133 1558 5188 ad
1618 5133 1970 5188 vescendum

319 5218 528 5268 contra
558 5213 798 5268 vetitum
823 5217 1178 5285 tangeretur,
1203 5230 1272 5270 ex
1293 5231 1362 5270 ea
1392 5231 1452 5270 re
1483 5230 1693 5271 nomen
1723 5215 1970 5284 accepit,

321 5298 389 5350 ut
419 5292 816 5366 appellaretur
859 5293 1079 5366 lignum
1136 5295 1356 5352 sciendi
1388 5295 1408 5330 ³
1444 5296 1574 5350 boni
1605 5299 1663 5350 et
1693 5290 1830 5350 mali
1864 5297 1974 5350 Ex-

319 5381 485 5448 perta
525 5373 684 5430 enim
739 5373 924 5430 morbi
975 5374 1275 5444 molestus,
1325 5375 1644 5431 evidentior
1705 5375 1768 5430 Iit
1798 5375 1970 5430 etiam

387 5531 403 5566 1
440 5527 592 5579 Vind.
627 5529 743 5577 Am.
778 5530 832 5579 et
858 5529 1038 5592 plures
1065 5529 1209 5591 Mss.,
1240 5539 1554 5592 moventur,
1583 5539 1685 5582 aut
1710 5546 1823 5583 non
1857 5546 1973 5582 mo-

321 5599 546 5641 ventur.
579 5592 688 5651 Er.,
717 5601 954 5652 movent,
985 5601 1084 5642 aut
1119 5608 1230 5642 non
1263 5598 1500 5646 movent.

385 5653 409 5689 ⁸
439 5653 597 5711 Editl,
627 5655 909 5706 scientiae.
941 5657 1010 5706 At
1034 5656 1180 5713 Mss,
1208 5657 1436 5708 sciendi.

648 5780 924 5842 Psraos.
973 5780 1127 5843 XLI.

1471 323 1707 385 LIBER
1750 323 1903 396 QUA
1918 320 2118 383 RTUS
2162 320 2526 386 DECIMUS.

3585 333 3701 394 426

2057 455 2395 512 iucunditas
2455 458 2745 514 sanitatis.
2792 459 3166 528 Cognoverunt
3221 477 3355 531 ergo
3405 464 3537 534 quia
3567 463 3705 519 nudi

2053 539 2212 589 erant
2245 550 2258 590 :
2295 537 2500 592 nudati
2533 537 2757 594 scilicet
2797 556 2864 594 ea
2895 541 3099 611 gratia,
3134 558 3247 612 qua
3285 543 3459 596 (iebat
3490 548 3554 597 ut
3585 561 3700 598 nu-

2053 615 2208 672 ditas
2237 618 2498 687 corporis
2532 619 2691 675 nulla
2722 635 2818 676 eos
2869 621 2994 691 lege
3031 623 3245 692 peccati
3279 622 3459 678 menti
3499 640 3718 680 eorum,

2056 703 2413 769 repugnante
2442 701 2840 757 confunderet.
2877 703 2993 757 Hoc
3042 703 3236 774 itaque
3285 710 3706 774 cognoverunt,

2055 779 2205 846 quod
2232 778 2457 834 felicius
2487 781 2846 849 ignorarent,
2881 783 2928 837 si
2962 783 3077 838 Deo
3136 783 3438 838 credentes
3487 793 3538 838 et
3570 785 3706 840 obe-

2054 857 2278 915 dientes
2304 877 2416 916 non
2445 862 2896 932 committerent,
2914 864 3071 935 quod
3098 880 3196 918 eos
3219 873 3445 935 cogeret
3464 865 3708 933 experiri

2055 937 2368 997 infidelitas
2400 946 2458 996 et
2503 943 2895 998 inobcdientia
2926 943 3069 1014 quid
3117 952 3407 1001 nocerent.
3458 945 3708 1004 Proinde

2055 1018 2281 1074 confusi
2328 1021 2718 1078 inobcdientia
2780 1024 2969 1078 carnis
3029 1040 3169 1090 suae,
3227 1029 3510 1094 tanquam
3564 1030 3709 1079 teste

2054 1115 2226 1169 pmna
2258 1100 2663 1157 inobcdientia;
2687 1120 2829 1173 aute,
2859 1107 3187 1159 consuerunt
3215 1105 3356 1172 folia
3384 1104 3477 1174 ﬁci
3498 1112 3549 1158 et
3573 1108 3708 1174 [ece-

2055 1186 2186 1233 runt
2216 1179 2325 1234 sibi
2357 1185 2712 1251 campestria,
2747 1183 2802 1237 id
2836 1183 3324 1238 estsuccinctoria
3345 1184 3706 1252 genitalium.

2055 1257 2200 1314 Nam
2225 1260 2461 1329 quidam
2495 1262 2842 1334 interpretes
2863 1265 3226 1319 succinctoria
3257 1268 3582 1334 posuerunt
3610 1263 3705 1334 (a).

2056 1337 2230 1393 Porro
2262 1345 2451 1395 autem
2482 1344 2809 1412 campestria
2866 1343 3117 1398 latinum
3168 1343 3406 1414 quidem
3465 1344 3708 1398 verbum

2055 1421 2166 1486 est,
2199 1420 2298 1475 sed
2327 1436 2394 1476 ex
2424 1437 2490 1476 eo
2513 1423 2754 1492 dictum,
2788 1425 3223 1495 quodjuvenes,
3265 1424 3363 1493 qui
3389 1424 3531 1479 nudi
3552 1439 3711 1478 exer-

2057 1499 2338 1555 cebantur
2376 1501 2433 1554 in
2486 1519 2717 1573 campo,
2783 1505 3056 1574 pudenda
3114 1504 3498 1574 operiebant:
3558 1505 3713 1558 unde

2055 1580 2153 1649 qui
2186 1580 2267 1636 ita
2293 1582 2576 1637 succincti
2603 1589 3181 1654 sunt,campestratos
3197 1583 3409 1653 vulgus
3431 1583 3706 1655 appellat.

2055 1661 2214 1726 Quod
2247 1663 2440 1734 itaque
2459 1664 2732 1720 adversus
2763 1665 3093 1724 damnatam
3127 1665 3294 1736 culpa
3325 1665 3340 1698 ¹
3375 1664 3714 1719 inobcdien-

2055 1742 2148 1796 tiae
2177 1742 2525 1799 voluntatem
2554 1743 2734 1800 libido
2777 1745 3182 1802 iuobedienter
3238 1745 3520 1810 movebat,
3555 1759 3713 1800 vere-

2057 1823 2271 1876 cundia
2302 1823 2584 1893 pudenter
2633 1825 2877 1894 tegebat.
2944 1829 3023 1879 Ex
3063 1825 3171 1880 hoc
3229 1840 3431 1880 omnes
3491 1832 3712 1893 gentes,

2057 1904 2336 1974 quoniam
2369 1907 2441 1960 ab
2473 1907 2574 1961 illa
2604 1907 2779 1978 stirpe
2809 1913 3120 1973 procreatae
3169 1911 3322 1973 sunt,
3358 1922 3542 1978 usque
3570 1907 3712 1961 adeo

2058 1988 2259 2040 tenent
2287 1985 2531 2042 insitum
2567 1987 2840 2058 pudenda
2870 1987 3080 2057 velare,
3115 1993 3178 2042 ut
3207 1988 3444 2056 quidam
3479 1987 3708 2042 barbari

2058 2064 2192 2120 illas
2219 2067 2475 2137 corporis
2495 2073 2686 2137 partes
2707 2084 2810 2123 nec
2836 2068 2894 2122 in
2935 2067 3160 2122 balneis
3193 2069 3381 2122 nudas
3430 2068 3707 2132 habeant,

2059 2145 2161 2199 sed
2196 2159 2324 2199 cum
2358 2162 2558 2200 earum
2592 2147 2945 2216 tegumentis
2974 2145 3167 2201 lavent
3197 2146 3290 2216 (b).
3344 2147 3450 2200 Per
3504 2156 3714 2213 opacas

2061 2239 2295 2295 quoque
2321 2225 2494 2280 Indiae
2523 2225 2890 2293 solitudines,
2916 2241 3050 2280 cum
3073 2225 3314 2296 quidam
3350 2224 3498 2279 nudi
3535 2222 3715 2293 philo-

2063 2303 2409 2374 sophentur,
2437 2305 2588 2359 unde
2605 2304 3106 2375 Gymnosophistas
3124 2303 3524 2370 nominantur,
3549 2301 3714 2357 adhi-

2062 2387 2204 2442 bent
2235 2391 2428 2442 tamen
2455 2387 2812 2459 genitalibus
2831 2387 3111 2458 tegmina,
3145 2385 3358 2457 quibus
3383 2400 3484 2458 per
3512 2391 3716 2442 cratera

2065 2467 2466 2523 membrorum
2498 2471 2718 2523 carent.

2062 2631 2299 2689 CAPUT
2328 2633 2541 2690 XVIII.
2572 2665 2640 2674 —
2671 2635 2747 2690 De
2768 2632 2975 2705 pudore
3019 2633 3360 2704 concubitus,
3390 2647 3500 2689 non
3529 2631 3715 2689 solum

2456 2715 2691 2785 vulgari,
2711 2715 2806 2770 sed
2834 2715 3007 2770 etiam
3031 2713 3337 2786 coniugali.

2135 2856 2295 2926 Opus
2327 2871 2460 2910 vero
2483 2855 3101 2926 ipsumquodlibidine
3125 2857 3227 2912 tali
3255 2852 3571 2930 peragitur,
3598 2842 3738 2915 non'

2063 2934 2254 2991 solum
2287 2935 2346 2988 in
2363 2934 2690 3005 quibusque
2712 2939 2950 3007 stupris,
2967 2937 3064 2991 ubi
3083 2937 3314 2992 latebrae
3331 2940 3400 2992 ad
3420 2939 3718 2994 subterfu-

2063 3016 2273 3088 gienda
2292 3018 2552 3072 humana
2574 3018 2790 3085 judicia
2813 3018 3217 3090 requiruntur;
3238 3036 3435 3075 verum
3461 3021 3714 3076 etiamin

2064 3115 2174 3154 usu
2189 3106 2540 3166 scortorum,
2558 3116 2730 3170 quam
2748 3105 2977 3156 terrena
2990 3102 3193 3156 civitas
3215 3101 3437 3157 licitam
3457 3108 3516 3157 tu
3527 3104 3717 3174 rpitu-

2045 3179 2261 3235 dinem
2285 3179 2806 3249 fecit(c),quamvis
2823 3181 2874 3234 id
2897 3187 3125 3252 agatur,
3143 3183 3297 3251 quod
3315 3184 3442 3251 ejus
3464 3183 3716 3238 civitatis

2063 3258 2329 3315 nullalex
2345 3259 2618 3326 vindicat,
2637 3261 2851 3315 devitat
2864 3267 3060 3317 tamen
3080 3262 3379 3330 publicum
3399 3263 3571 3316 etiam
3590 3279 3718 3334 per-

2067 3341 2249 3394 missa
2270 3345 2440 3409 atque
2457 3339 2744 3409 impunita
2757 3339 2934 3395 libido
2949 3348 3322 3410 conspectum
3345 3357 3357 3403 ;
3376 3347 3432 3396 et
3445 3358 3721 3398 verecun-

2067 3420 2158 3473 dia
2178 3418 2426 3474 naturali
2459 3419 2672 3473 habent
2698 3419 2992 3489 provisum
3024 3419 3333 3490 lupanaria
3376 3420 3503 3490 ipsa
3526 3437 3719 3476 secre-

2064 3502 2210 3567 tum,
2255 3498 2602 3568 faciliusque
2659 3497 2846 3566 potuit
2903 3499 3271 3568 impudicitia
3329 3515 3445 3552 non
3504 3499 3720 3556 habere

2067 3579 2298 3634 vincula
2330 3577 2761 3647 prohibitionis,
2809 3593 2988 3647 quam
3031 3576 3398 3647 impudentia
3430 3593 3722 3635 removere

2066 3656 2306 3714 latibula
2339 3657 2496 3710 illius
2528 3656 2817 3710 foeditatis.
2852 3657 2960 3710 Sed
2986 3656 3136 3710 banc
3168 3657 3340 3711 etiam
3375 3657 3487 3726 ipsi
3519 3661 3717 3726 turpes

2071 3737 2493 3807 turpitudinem
2543 3741 2788 3790 vocant:
2823 3736 2990 3806 cujus
3040 3735 3174 3790 licet
3232 3737 3348 3791 sint
3405 3740 3720 3807 amatores,

2069 3822 2452 3876 ostentatores
2484 3831 2612 3871 esse
2663 3831 2779 3871 non
2826 3817 3062 3870 audent.
3117 3815 3260 3878 Quid
3295 3815 3322 3868 ‘I
3372 3816 3720 3872 concubitus

2070 3896 2524 3968 conjugalis,qui
2541 3903 2862 3950 secundum
2884 3895 3401 3950 matrimonialium
3422 3897 3724 3967 praescrip-

2071 3988 2127 4036 ta
2147 3977 2501 4034 Tabularum
2536 3974 3028 4047 procreandorum
3064 3976 3130 4030 Iit
3165 3992 3339 4044 causa
3378 3975 3720 4042 liberorum,

2070 4078 2263 4119 nonne
2285 4064 2343 4116 et
2371 4059 2496 4130 ipse
2528 4073 2864 4130 quanquam
2923 4056 3001 4111 sit
3057 4056 3250 4112 licitus
3307 4062 3364 4113 et
3411 4058 3718 4126 honestus,

2071 4146 2360 4198 remotum
2391 4139 2462 4194 ab
2492 4138 2726 4193 arbitris
2743 4137 2934 4192 cubile
2961 4138 3205 4208 requirit
3233 4137 3259 4192 ‘I
3283 4154 3474 4194 nonne
3505 4155 3710 4194 omnes

2072 4223 2344 4289 famulos,
2379 4226 2553 4292 atque
2576 4219 2735 4290 ipsos
2757 4219 2932 4273 etiam
2960 4219 3417 4290 paranymphos,
3451 4224 3507 4275 et
3535 4237 3724 4289 quos-

2071 4319 2326 4374 cumquc
2357 4300 2577 4371 ingredi
2611 4298 2884 4370 quaelibet
2927 4299 3297 4355 necessitudo
3357 4300 3725 4372 permiserat,

2072 4389 2206 4440 ante
2237 4382 2415 4436 mittit
2446 4380 2623 4444 foras,
2651 4395 2825 4449 quam
2851 4377 2935 4434 vel
2967 4377 3220 4434 blandiri
3247 4383 3461 4450 conjux
3483 4381 3719 4453 conjugi

2073 4462 2358 4534 incipiat?
2383 4463 2452 4515 Et
2481 4459 2783 4532 quoniam,
2843 4460 2997 4515 sicut
3055 4459 3138 4514 ait
3193 4461 3454 4532 quidam,
3489 4463 3720 4516 Romani

2071 4547 2351 4600 maximus
2379 4546 2570 4596 auctor
2623 4540 2829 4611 eloquii
2875 4539 2974 4610 (ά),
3012 4541 3211 4595 omnia
3261 4547 3412 4597 recte
3463 4541 3618 4598 facta
3666 4543 3724 4596 in

2073 4626 2200 4680 luce
2221 4640 2279 4678 se
2310 4621 2579 4682 collocari
2595 4620 2756 4691 (e),id
2774 4624 2862 4675 est
2891 4625 3178 4691 appetunt
3210 4621 3342 4676 sciri
3385 4638 3396 4676 :
3438 4621 3545 4677 hoc
3577 4628 3729 4677 recte

2143 4782 2156 4814 ι
2184 4776 2268 4826 Sic
2301 4775 2494 4837 probae
2525 4775 2682 4822 notae
2712 4773 2834 4837 Mss.
2866 4773 2936 4819 At
2963 4772 3110 4831 editi,
3145 4771 3388 4832 culpam.

2141 4842 2217 4900 (a)
2248 4835 2399 4900 Apud
2430 4837 2570 4900 LXX,
2602 4835 2971 4900 ρετθίιτοτῃᾳνεακἶ

2136 4893 2214 4964 (b')
2263 4893 2927 4964 VideUHerod—otumhlih;
2958 4894 3002 4947 1,
3065 4907 3178 4955 cap.
3214 4893 3307 4952 1ος
3341 4895 3634 4950 Platonem,
3664 4895 3728 4944 de

2077 4957 2378 5027 Republica.
2410 4962 2500 5009 lib.
2535 4961 2582 5016 5,
2614 4973 2742 5027 pag;
2895 4958 3145 5027 Inuenisti.-

2143 5019 2203 5088 (c)
2237 5028 2592 5088 Hieronymus
2616 5019 2982 5088 inEpitaphio
2998 5019 3290 5088 “Fabiolae,
3321 5021 3393 5088 ad
3418 5019 3687 5088 Oceanum.
3714 5031 3725 5068 :

2079 5111 2104 5136 «
2139 5081 2284 5138 Aliae
2313 5081 2455 5140 sunt}
2490 5102 2511 5132 ›
2546 5081 2809 5146 ὶοᾳιιὶιξς
2830 5083 2970 5146 leges
2992 5081 3295 5146 Caesarum,
3327 5083 3462 5131 aliae
3498 5083 3727 5146 Christi;

2079 5173 2104 5198 «
2137 5153 2282 5201 aliud
2344 5145 2686 5212 Papinianus,
2746 5145 3137 5212 aliudPaulus
3211 5147 3394 5212 noster
3456 5145 3729 5212 praecipit.

2079 5235 2105 5261 «
2137 5215 2286 5276 Apud
2315 5208 2436 5262 illos
2465 5213 2597 5259 viris
2618 5208 2992 5276 impudicitiae
3017 5208 3171 5276 frena
3218 5208 3487 5276 laxantur,
3538 5210 3590 5256 et
3618 5209 3729 5276 solo

2080 5298 2107 5324 «
2139 5271 2320 5339 stupro
2376 5278 2536 5336 atque
2569 5272 2830 5339 adulterio
2852 5271 3230 5339 condemnato.
3278 5271 3484 5339 passim
3523 5284 3613 5339 per
3647 5271 3730 5318 lu-

2078 5360 2105 5386 «
2135 5333 2359 5402 panaria
2385 5333 2745 5386 etancillulas
2773 5333 2936 5381 libido
2966 5333 3266 5394 permititur
3293 5346 3304 5380 :
3337 5333 3489 5394 quasi
3518 5333 3728 5394 culpam

2082 5421 2108 5448 «
2140 5404 2374 5451 dianitas
2402 5400 2582 5451 Iaciat,
2614 5411 2721 5446 non
2750 5397 3023 5445 voluntas.
3067 5413 3091 5439 »

2082 5421 2108 5448 «
2140 5411 2374 5453 dignitas
2402 5411 2582 5453 Ιαοιαι,
2614 5411 2721 5446 non
2750 5411 3023 5445 νοιυῑιιαε.
3067 5413 3091 5439 is

2147 5417 2374 5463 utgnitas
2402 5417 2582 5453 Iactat,
2615 5417 2721 5446 non
2756 5417 3023 5445 voluntas.
3067 5417 3091 5439 »

2147 5465 2214 5527 (τι)
2247 5465 2548 5527 Ciceronem
2595 5461 2694 5508 hoc
2716 5459 3164 5527 __titulo_‘_e_xornat
3206 5457 3464 5527 Lucanus,
3491 5457 3649 5527 _libr_o
3677 5455 3726 5512 7,

2082 5520 2220 5578 vers.
2250 5525 2328 5580 62,
2359 5524 2440 5585 63,
2471 5536 2636 5586 eoque
2673 5521 2857 5586 utitur,
2885 5521 3070 5570 itidem
3108 5521 3444 5586 Augustinus
3487 5520 3545 5568 in
3591 5521 3729 5569 libro

2082 5591 2276 5652 quarto
2293 5589 2366 5652 de
2393 5581 2644 5652 Doctrina
2666 5584 2988 5652 ghﬁstiana,
3019 5581 3182 5652 n._34.

2150 5653 2212 5716 (ο)
2249 5649 2443 5711 Cicero,
2474 5649 2569 5701 lib.
2601 5648 2631 5696 2
2665 5647 2878 5697 Tuscul.
2911 5647 3142 5704 Quaest.
3173 5657 3285 5708 cap.
3317 5645 3398 5695 26.

3052 5768 3070 5850 (
3083 5771 3413 5849 Quatorze).
