4138 6192
391 321 506 385 427

392 457 612 512 factum
645 453 727 508 sic
758 448 977 522 appetit
1005 447 1161 509 sciri,
1200 451 1467 501 attamen
1495 442 1799 499 erubescat
1828 438 2033 522 videri.

393 538 538 601 Quis
567 535 722 589 enim
755 520 958 596 nescit,
990 531 1052 581 ut
1099 526 1198 580 filii
1234 529 1626 596 procreentur,
1688 521 1827 593 quid
1886 520 2038 574 inter

398 634 462 674 se
487 618 764 684 conjuges
795 607 1025 680 agant?
1046 605 1522 676 quandoquidem
1576 613 1635 658 ut
1689 604 1748 656 id
1809 605 2038 684 agatur,

398 701 559 752 tanta
571 680 1213 748 cvelebritateducuntur
1230 702 1433 740 uxores
1449 702 1462 739 :
1478 689 1532 740 et
1559 693 1748 739 tamen
1773 698 1905 736 cum
1925 680 2044 749 agi-

403 785 496 834 tur
527 777 679 831 unde
695 772 797 827 filii
822 773 1156 834 nascantur,
1178 785 1282 823 nec
1310 768 1419 839 ipsi
1438 767 1560 834 filii,
1586 767 1630 821 si
1654 765 1753 836 qui
1777 763 2043 831 indejatn

401 858 520 914 nati
545 858 698 920 sunt,
715 857 890 907 testes
908 851 1029 904 ﬁeri
1047 849 1478 919 permittuntur.
1494 847 1586 902 Sic
1599 848 1755 900 enim
1773 845 1880 898 hoc
1897 845 2048 896 recte

400 941 614 994 factum
648 935 718 989 ad
751 932 841 988 sui
867 929 1338 986 notitiamlucem
1363 929 1584 1000 appetit
1604 927 1953 991 animorum,
1987 928 2049 977 ut

400 1024 593 1074 tamen
627 1013 873 1082 refugiat
917 1010 1236 1067 oculorum.
1273 1009 1433 1065 Unde
1475 1009 1602 1071 hoc,
1649 1005 1760 1061 nisi
1797 1005 1935 1074 quia
1967 1003 2049 1056 sic

398 1096 620 1169 geritur
649 1093 802 1162 quod
841 1093 1036 1149 deceat
1081 1107 1147 1147 ex
1180 1095 1406 1156 natura,
1442 1093 1503 1144 ut
1546 1087 1719 1142 etiam
1750 1084 1904 1155 quod
1941 1099 2044 1153 pu-

398 1179 532 1233 deat
562 1175 872 1233 comitetur
893 1189 960 1228 ex
993 1188 1163 1243 pcena
1190 1170 1217 1224 ?

401 1353 638 1410 CAPUT
668 1352 813 1407 XIX.
848 1381 916 1390 —
948 1348 1099 1417 Quod
1127 1352 1307 1418 partes
1337 1345 1436 1400 ira
1470 1352 1628 1416 atque
1661 1340 1909 1396 libidinis
1935 1346 2049 1393 tam

470 1436 641 1488 vitose
669 1433 980 1498 moventur,
1011 1432 1068 1482 ut
1098 1443 1186 1482 eas
1215 1439 1425 1480 necesse
1451 1424 1523 1477 sit
1549 1420 1724 1492 frenis
1751 1419 2053 1488 sapientiae

474 1513 743 1579 cohiberi,
777 1527 895 1582 quae
915 1511 976 1566 in
999 1509 1098 1564 illa
1115 1514 1244 1563 ante
1265 1514 1545 1578 peccatum
1557 1509 1786 1558 natura
1814 1499 2054 1557 sanitate

475 1611 586 1651 non
615 1597 866 1664 fuerunt.

483 1757 724 1811 Hincest
741 1753 891 1824 quod
909 1747 1426 1822 etilliphilosophi,
1443 1746 1543 1818 qui
1567 1744 1796 1800 veritati
1817 1741 2052 1824 propius

405 1821 778 1892 accesserunt
811 1835 901 1902 (a),
929 1821 1270 1900 iratnatque
1292 1827 1588 1882 libidinem
1607 1825 1842 1879 vitiosas
1871 1821 2052 1902 animi

404 1923 600 1986 partes
631 1929 758 1969 esse
773 1899 1024 1967 confessi
1056 1899 1215 1974 sunt,
1243 1925 1308 1963 eo
1332 1906 1484 1978 quod
1509 1904 1740 1986 turbide
1765 1909 1938 1986 atque
1960 1899 2052 1954 in-

406 1983 668 2053 ordinate
691 1996 1077 2056 moverentur,
1099 1989 1170 2042 ad
1195 2003 1262 2042 ea
1275 1989 1448 2040 etiam
1474 2001 1599 2054 qua:
1622 1983 1905 2052 sapientia
1925 1995 2054 2048 per-

407 2075 619 2148 petrari
649 2091 763 2129 non
787 2077 939 2127 vetat
961 2072 1009 2137 ¹;
1041 2086 1106 2123 ac
1125 2084 1224 2139 per
1245 2067 1354 2121 hoc
1376 2082 1523 2135 opus
1555 2063 1767 2118 habere
1799 2061 2055 2148 modera-

404 2139 546 2212 irice
579 2158 770 2209 mente
795 2159 973 2224 atque
1004 2151 1244 2204 ratione.
1271 2151 1452 2213 Quam
1481 2150 1698 2215 partem
1739 2139 1920 2196 animi
1946 2148 2055 2224 ter-

401 2236 568 2301 tiam,
590 2238 742 2289 velut
766 2233 824 2287 in
852 2218 984 2286 arce
1005 2229 1258 2300 quadam
1283 2228 1351 2281 ad
1377 2225 1519 2279 istas
1551 2225 1832 2294 regendas
1867 2218 2057 2291 perhi-

406 2318 547 2372 bent
563 2313 905 2371 collocatam
926 2309 1125 2374 ;util|a
1141 2307 1483 2376 imperante,
1500 2305 1626 2358 istis
1641 2301 2052 2364 servientibus,

411 2397 598 2467 possit
627 2395 686 2448 in
710 2387 1427 2460 hominejustitiaexomni
1445 2384 1802 2454 animiparte
1815 2380 2054 2437 servari.

413 2463 510 2532 llas
544 2477 724 2548 igitur
754 2479 964 2545 partes,
999 2487 1145 2541 quas
1175 2474 1230 2523 et
1266 2468 1322 2521 in
1360 2467 1620 2548 homine
1667 2463 1925 2548 sapiente
1965 2475 2058 2548 _ac

410 2539 773 2627 tempErante
831 2539 1078 2608 fatentur
1109 2565 1234 2605 esse
1272 2547 1532 2611 vitiosas,
1566 2549 1630 2598 ut
1680 2560 1778 2598 eas
1835 2542 1904 2595 ab
1965 2539 2057 2627 his

413 2620 585 2693 rebus
608 2636 677 2690 ad
699 2650 846 2705 quas
863 2634 1081 2701 injuste
1103 2633 1429 2696 moventur,
1451 2641 1615 2680 mens
1636 2620 2057 2692 oompescendo

415 2722 472 2773 et
501 2703 823 2772 cohibendo
858 2714 1106 2768 refrenet
1142 2726 1206 2764 ac
1235 2713 1480 2772 revocet,
1514 2711 1687 2777 atque
1719 2703 1792 2758 ad
1822 2720 1885 2758 ea
1919 2718 2056 2772 per-

417 2797 630 2864 mittat,
682 2812 810 2865 quae
836 2793 1132 2862 sapientiae
1164 2788 1290 2859 lege
1340 2803 1614 2842 concessa
1671 2792 1834 2850 sunt;
1905 2783 2059 2865 sicut

411 2877 555 2932 iram
594 2875 664 2930 ad
700 2863 1094 2929 exercendam
1140 2871 1364 2938 justam
1423 2865 1850 2932 coercitionem,
1909 2863 2058 2916 sicut

409 2958 716 3013 libidinem
752 2957 823 3010 ad
851 2952 1234 3024 prOpagandas
1268 2949 1446 3020 prolis
1475 2946 1729 3002 ofﬁcium
1767 2961 1780 3000 :
1817 2944 1921 3008 hae,
1967 2943 2053 2996 in-

409 3054 612 3110 quam,
649 3041 842 3107 partes
884 3034 943 3087 in
987 3029 1254 3102 paradiso
1315 3034 1450 3082 ante
1508 3031 1810 3110 peccatum
1844 3024 2056 3110 vitiosm

408 3101 523 3174 non
557 3101 738 3172 era-nl.
781 3114 902 3169 Non
937 3101 1090 3168 enim
1122 3114 1323 3164 centra
1355 3111 1568 3160 rectam
1600 3103 1952 3159 voluntatem
1987 3101 2055 3156 ad

407 3197 629 3267 aliquid
644 3195 1045 3259 movebantur,
1074 3190 1477 3244 undenecesse
1491 3189 1643 3239 esset
1665 3199 1759 3238 eas
1785 3176 2062 3237 rationis”

411 3261 695 3348 tan-quam
731 3274 909 3330 frenis
953 3269 1286 3342 regentibus
1342 3266 1647 3348 abstinere.
1707 3263 1852 3317 Nam
1901 3261 2058 3333 quod

411 3344 565 3415 nunc
613 3360 695 3411 ita
729 3358 1050 3417 moventur,
1083 3364 1137 3405 et
1170 3349 1242 3403 ab
1301 3347 1386 3401 eis
1425 3346 1524 3416 qui
1581 3349 1974 3413 temperanter
2004 3344 2062 3396 et

403 3439 560 3509 jnste
590 3446 642 3492 et
682 3435 773 3508 pie
800 3436 1022 3499 vivunt,
1082 3430 1225 3485 alias
1285 3426 1530 3509 facilius,
1565 3424 1707 3509 alias
1738 3422 2058 3489 difﬁcilius,

411 3505 609 3575 tamen
642 3505 963 3573 cohibendo
993 3519 1050 3568 et
1073 3511 1410 3566 refrenando
1431 3505 1454 3540 ³
1476 3506 1911 3572 modificantur,
1947 3519 2060 3558 non

416 3605 505 3657 est
537 3602 738 3671 utique
767 3597 987 3652 sanitas
1005 3611 1072 3650 ex
1105 3603 1330 3658 natura,
1355 3589 1453 3644 sed
1489 3588 1735 3671 languor
1765 3602 1837 3671 ex
1870 3585 2058 3671 culpa.

420 3683 582 3748 Quod
616 3667 810 3735 autem
842 3679 939 3732 iraa
971 3691 1147 3746 opera
1205 3671 1566 3739 aliarumque
1596 3667 1961 3722 affectionum
2003 3667 2061 3719 in

421 3746 750 3833 quibusque
773 3759 944 3813 dictis
973 3763 1146 3825 atque
1169 3754 1341 3833 factis
1375 3766 1489 3803 non
1519 3749 1605 3833 sic
1635 3746 1941 3833 abscondit
1957 3761 2061 3833 _ve-

424 3826 722 3906 racundia,
761 3847 817 3894 ut
846 3854 1019 3908 opera
1058 3831 1318 3888 lidibinis
1351 3846 1487 3908 qua
1512 3829 1652 3882 fiunt
1710 3826 2065 3900 genitalibus

428 3921 725 3987 membris,
751 3907 899 3989 quid
927 3930 1110 3969 causa:
1133 3915 1240 3974 est,
1261 3910 1371 3962 nisi
1395 3907 1533 3977 quia
1554 3908 1610 3961 in
1636 3907 1856 3962 ceteris
1892 3920 2065 3959 mem-

423 4003 523 4059 bra
554 3987 812 4070 corporis
870 4012 982 4050 non
1033 3995 1175 4062 ipsae
1223 3989 1576 4054 affectiones,
1626 3989 1751 4056 sed,
1818 4003 1951 4041 cum
1982 3987 2065 4040 eis

421 4079 805 4142 consenserit,
838 4073 1107 4129 voluntas
1177 4075 1384 4134 movet,
1446 4087 1568 4138 quae
1600 4070 1657 4124 in
1712 4086 1823 4124 usu
1864 4083 2065 4123 eorum

424 4162 666 4217 omnino
695 4152 1066 4210 dominatur?
1097 4151 1237 4206 Nam
1271 4151 1535 4221 quisquis
1576 4153 1814 4206 verbum
1857 4151 2070 4204 emittit

423 4243 627 4303 iratus,
663 4235 748 4292 vel
783 4235 954 4288 etiam
1007 4247 1362 4303 quemquam
1422 4233 1693 4302 percutit,
1727 4247 1838 4284 non
1875 4235 2070 4298 posset

425 4320 528 4372 hoc
571 4319 777 4380 facere,
814 4313 928 4367 nisi
961 4311 1164 4383 lingua
1193 4317 1250 4365 et
1284 4329 1490 4367 manus
1517 4313 1758 4381 jubente
1789 4310 2068 4380 quodam.

423 4398 592 4452 modo
620 4394 915 4449 voluntate
956 4397 1360 4448 moverentur:
1395 4409 1522 4462 quae
1581 4389 1860 4456 membra,
1895 4389 2066 4443 etiam

428 4494 561 4534 cum
595 4476 681 4530 ira
713 4475 876 4531 nulla
925 4478 1032 4544 est,
1065 4479 1371 4529 moventur
1419 4474 1619 4528 eadem
1651 4470 1967 4526 voluntate.
2001 4473 2072 4524 At

425 4576 558 4614 vero
584 4557 869 4629 genitales
902 4556 1160 4629 corporis
1200 4561 1393 4625 partes
1423 4556 1504 4610 ita
1561 4555 1739 4609 libido
1789 4569 1895 4608 suo
1949 4553 2067 4622 juri

425 4638 855 4711 quodammodo
883 4637 1246 4706 mancipavit,
1270 4640 1329 4690 ut
1351 4635 1568 4691 moveri
1601 4651 1715 4690 non
1747 4634 1995 4702 valeant,
2021 4635 2071 4689 si

428 4721 557 4791 ipsa
586 4718 855 4784 defuerit,
880 4722 936 4772 et
968 4719 1076 4772 nisi
1113 4718 1237 4788 ipsa
1264 4716 1342 4770 vel
1379 4717 1525 4770 ultro
1557 4714 1642 4769 vel
1675 4716 1918 4768 excitata
1949 4731 2074 4768 sur-

426 4800 656 4857 rexerit.
693 4799 808 4854 Hoc
838 4804 927 4852 est
966 4799 1114 4869 quod
1152 4798 1347 4867 pudet,
1381 4796 1489 4850 hoc
1545 4800 1632 4848 est
1662 4795 1814 4864 quod
1848 4795 2072 4849 intuen-

425 4882 570 4936 tium
610 4879 811 4936 oculos
869 4879 1260 4934 erubescendo
1309 4877 1574 4930 devitat:
1612 4874 1917 4943 magisque
1967 4877 2074 4929 fert

426 4963 600 5016 homo
641 4960 1027 5030 spectantium
1079 4957 1534 5024 multitudinem,
1588 4957 1822 5026 quando
1863 4954 2073 5025 injuste

424 5043 696 5097 irascitur
711 5039 957 5103 homini,
973 5055 1148 5107 quam
1171 5037 1255 5091 vel
1274 5037 1445 5092 unius
1463 5043 1758 5108 aspectum
1773 5038 2073 5106 etquando

416 5123 578 5194 juste
612 5123 888 5176 miscetur
919 5121 1102 5175 uxori.

490 5417 504 5449 ί
537 5412 690 5462 Vind.
729 5413 842 5460 Am.
878 5409 961 5459 Er.
1012 5411 1064 5457 et
1117 5407 1283 5456 nostri
1331 5407 1471 5463 Mss,
1513 5405 1833 5468 perpetrari
1865 5413 2045 5464 celat;

426 5477 624 5525 omissa
656 5477 882 5535 negante
912 5471 1190 5534 particula.

491 5538 511 5570 ²
540 5540 686 5597 Lov.,
720 5537 952 5584 ratione.

491 5600 513 5633 ³
546 5601 689 5652 Mss,
721 5609 767 5647 et
795 5597 1175 5660 repugnando.

492 5662 569 5727 (α)
599 5659 876 5716 Platonici}
907 5664 966 5710 ut
994 5660 1192 5724 passim
1219 5671 1380 5724 supra
1406 5659 1637 5709 disserit.

1439 311 1544 371 DE
1587 305 1959 370 CIVITATE
2003 305 2160 378 DEI,
2206 303 2271 366 S.
2317 308 2745 372 AUGUSTINI

3681 309 3803 369 428

2144 437 2376 496 CAPUT
2408 441 2536 498 XX.
2570 473 2636 484 —-
2695 444 2769 498 De
2824 440 3126 498 vanissima
3183 442 3531 515 turpitudine
3576 442 3813 513 Cynico-

2219 535 2362 575 rum.

2225 656 2340 712 Hoc
2372 657 2454 712 illi
2485 659 2678 714 canini
2707 659 3056 731 phi1030phi,
3084 661 3190 716 hoc
3221 665 3309 717 est
3337 659 3556 733 Cynici,
3588 677 3702 716 non
3725 661 3812 714 vi-

2154 739 2386 806 derunt,
2422 742 2772 812 proferentes
2803 748 3002 798 contra
3033 743 3349 798 humanam
3374 743 3798 810 verecundiam,

2155 821 2293 890 quid
2309 822 2460 877 aliud
2488 841 2660 894 quam
2676 824 2967 891 caninam,
2993 824 3100 880 hoc
3123 823 3804 893 estimmundamimpu-

2154 901 2496 970 dentemque
2519 906 2864 960 sententiam
2896 904 2922 959 ?
2953 913 3012 959 ut
3035 905 3256 960 scilicet
3287 903 3802 975 quoniamjustum

2156 987 2242 1034 est
2264 984 2417 1052 quod
2453 983 2584 1039 litin
2601 1001 2795 1051 uxore,
2813 984 3005 1056 palam
3022 1001 3138 1041 non
3154 987 3368 1056 pudeat
3385 984 3440 1039 id
3465 1001 3668 1055 agere;
3695 1000 3804 1038 nec

2157 1062 2211 1115 in
2247 1063 2368 1117 vico
2389 1075 2483 1119 aut
2516 1064 2702 1134 platea
2732 1066 2986 1136 qualibet
3016 1066 3379 1136 conjugalein
3430 1067 3806 1120 concubitum

2157 1143 2431 1199 devitare.
2459 1145 2607 1200 Vicit
2630 1151 2823 1204 tamen
2841 1146 3320 1218 pudornaturalis
3334 1145 3670 1216 opinionem
3699 1144 3809 1200 hu-

2151 1224 2250 1292 jus
2280 1225 2510 1280 erroris.
2536 1226 2682 1281 Nam
2713 1227 2820 1282 etsi
2864 1226 3171 1297 perhibent
3201 1226 3309 1281 hoc
3339 1226 3653 1295 aliquando
3682 1226 3811 1297 glo-

2158 1303 2508 1360 riabundum
2547 1307 2749 1362 fecisse
2785 1310 3112 1378 Diogenem,
3148 1309 3226 1362 ita
3261 1312 3558 1378 putantem
3584 1314 3807 1362 sectam

2159 1402 2319 1440 suam
2347 1388 2689 1442 nobiliorem
2717 1389 2993 1454 futuram,
3026 1389 3072 1444 si
3099 1389 3157 1442 in
3182 1387 3486 1442 hominum
3522 1388 3816 1442 memoria

2159 1465 2955 1538 insigniorejusimpudentia
2978 1469 3252 1538 figeretur
3285 1482 3296 1520 :
3335 1473 3531 1536 postea
3559 1472 3751 1520 tamen
3776 1481 3812 1519 ι

2160 1543 2388 1615 Cynicis
2413 1547 2534 1601 fieri
2563 1555 2856 1602 cessatum
2885 1553 2998 1613 est;
3025 1549 3272 1617 plusque
3297 1547 3478 1600 valuit
3501 1546 3702 1616 pudor,
3737 1550 3807 1599 ut

2159 1627 2848 1682 erubescerenthomines
2868 1627 3228 1695 hominibus,
3244 1643 3419 1697 quam
3436 1643 3617 1689 error,
3633 1635 3686 1678 ut
3706 1625 3812 1680 ho-

2163 1705 2350 1761 mines
2367 1709 2609 1762 canibus
2628 1725 2752 1763 esse
2767 1708 2990 1763 similes
3009 1708 3364 1762 ali'ectarent.
3383 1706 3546 1762 Unde
3565 1713 3620 1760 et
3636 1705 3803 1760 illum

2161 1786 2249 1842 vel
2273 1787 2421 1854 illos,
2455 1791 2555 1859 qui
2578 1788 2686 1843 hoc
2709 1788 2910 1842 fecisse
2944 1789 3291 1852 referuntur,
3332 1787 3526 1858 potius
3557 1787 3811 1841 arbitror

2163 1869 2676 1922 concumbentiuin
2707 1874 2896 1922 motus
2920 1867 3151 1922 dedisse
3173 1867 3359 1922 oculis
3383 1866 3690 1921 hominum
3717 1879 3815 1918 ne-

2165 1947 2479 2002 scientium
2507 1948 2638 2016 quid
2673 1949 2778 2002 sub
2815 1947 2986 2018 pallio
3010 1946 3562 2017 gereretur‘,quam
3596 1945 3812 2000 huma-

2166 2045 2238 2082 no
2264 2033 2557 2096 premente
2579 2037 2889 2099 conspectu
2915 2028 3174 2098 potuisse
3195 2027 3357 2082 illam
3389 2027 3585 2097 peragi
3609 2026 3818 2094 volup-

2164 2113 2364 2163 tatem.
2391 2108 2472 2163 lbi
2505 2109 2660 2164 enim
2688 2107 3010 2180 philosophi
3042 2126 3153 2163 non
3187 2110 3609 2163 erubescebant
3633 2106 3816 2160 videri

2165 2206 2224 2243 se
2254 2188 2398 2244 velle
2430 2189 2837 2256 concumbere,
2895 2190 2994 2243 ubi
3055 2188 3232 2244 libido
3288 2190 3416 2258 ipsa
3447 2189 3820 2242 erubesceret

2167 2285 2423 2338 surgere.
2461 2269 2522 2322 Et
2555 2285 2710 2324 nunc
2742 2270 3002 2323 videmus
3033 2267 3226 2322 adhuc
3256 2284 3385 2323 esse
3434 2264 3814 2338 philosophos

2166 2348 2440 2420 Cynicos;
2476 2349 2533 2402 hi
2557 2349 2712 2403 enim
2745 2357 2900 2415 sunt,-
2932 2349 3031 2419 qui
3067 2365 3179 2403 non
3213 2347 3405 2403 solum
3456 2347 3821 2401 amiciuntur

2168 2429 2366 2499 pallio,
2395 2446 2593 2483 verum
2643 2428 2815 2484 etiam
2857 2427 3077 2484 clavam
3110 2429 3352 2483 ferunt:
3405 2444 3575 2482 nemo
3623 2437 3816 2480 tamen

2167 2525 2370 2564 eorum
2404 2509 2572 2563 audet
2606 2509 2709 2563 hoc
2743 2510 2967 2575 facere;
2993 2509 3142 2576 quod
3171 2509 3218 2562 si
3243 2507 3569 2579 aliquiausi
3596 2512 3815 2569 essent,

2170 2595 2234 2642 ut
2266 2605 2378 2644 non
2411 2591 2598 2643 dicam
2624 2589 2834 2643 ictibus
2867 2587 3274 2658 lapidantium,
3299 2593 3450 2643 certe
3482 2600 3818 2656 conspuen-

2168 2670 2314 2724 tium
2349 2671 2550 2724 salivis
2581 2669 2981 2724 obruerentur.
3019 2670 3202 2724 Pudet
3251 2669 3425 2738 igitur
3473 2669 3650 2737 hujus
3681 2665 3818 2720 lidi-

2169 2750 2323 2804 dinis
2356 2749 2675 2804 humanam
2709 2749 2834 2804 sine
2884 2748 3002 2803 ulla
3031 2749 3386 2803 dubitatione
3433 2754 3726 2814 naturam,
3761 2751 3826 2800 et

2170 2831 2377 2884 merito
2433 2830 2625 2897 pudet.
2663 2831 2726 2884 In
2777 2831 2904 2898 ejus
2961 2829 3177 2901 quippe
3229 2829 3637 2892 inobedientia,
3690 2842 3822 2895 quae

2168 2912 2448 2983 genitalia
2475 2912 2728 2982 corporis
2763 2913 3026 2968 membra
3061 2913 3201 2966 solis
3233 2911 3354 2966 suis
3387 2911 3642 2965 motibus
3674 2911 3824 2964 sub-

2168 2993 2337 3058 didit,
2373 2997 2426 3047 et
2461 2994 2726 3062 potestati
2760 2993 3076 3047 voluntatis
3104 2995 3336 3063 eripuit,
3370 2993 3512 3046 satis
3544 2991 3821 3045 ostendi-

2168 3077 2267 3126 tur
2296 3072 2437 3142 quid
2488 3075 2562 3128 sit
2619 3073 2878 3128 hominis
2936 3073 3022 3126 illi
3063 3072 3086 3106 ²
3154 3088 3357 3144 prima}
3409 3070 3824 3126 inobedientim

2170 3154 2560 3207 retributum:
2622 3153 2773 3221 quod
2805 3154 2862 3207 in
2922 3169 2988 3208 ea
3047 3154 3298 3207 maxime
3349 3156 3512 3222 parte
3560 3149 3834 3221 oportuit

2170 3249 2467 3302 apparere,
2498 3250 2610 3299 qua
2640 3238 2949 3303 generatur
2985 3233 3111 3303 ipsa
3126 3231 3610 3303 natura,quteillo
3635 3230 3827 3301 primo

2170 3322 2222 3365 et
2256 3328 2467 3382 rnagno
2493 3311 2549 3365 in
2583 3315 2831 3366 deterius
2861 3317 2948 3366 est
3001 3316 3225 3365 mutata
3273 3315 3542 3380 peccato:
3569 3327 3601 3364 a
3647 3309 3830 3379 cujus

2173 3407 2320 3446 nexu
2373 3392 2570 3447 nullus
2601 3392 2842 3459 eruitur,
2892 3392 3002 3445 nisi
3033 3390 3091 3444 id
3124 3390 3304 3460 quod,
3355 3407 3489 3444 cum
3525 3403 3726 3444 omnes
3759 3387 3825 3441 in

2172 3488 2286 3528 uno
2319 3477 2534 3539 essent,
2571 3473 2627 3526 in
2661 3487 3028 3527 communem
3075 3471 3390 3542 perniciem
3425 3475 3825 3541 perpetratum

2175 3558 2284 3618 est,
2317 3554 2367 3608 ei
2410 3553 2756 3623 Deijustitia
2794 3553 3171 3622 vindicatum,
3229 3551 3328 3607 Dei
3361 3551 3548 3624 gratia
3597 3550 3652 3604 in
3706 3549 3842 3604 sin-

2174 3633 2325 3702 gulis
2346 3633 2627 3704 expietur.

2176 3786 2413 3842 CAPUT
2433 3788 2572 3842 XXl.
2596 3820 2662 3828 —
2687 3791 2756 3843 De
2787 3787 3158 3845 benedictione
3181 3789 3614 3860 multiplicandz
3630 3791 3826 3858 fecun-

2247 3868 2437 3923 ditatis
2466 3870 2716 3926 humanse
2747 3877 2875 3925 ante
2901 3874 3203 3940 peccatum,
3236 3887 3404 3942 quam
3442 3872 3832 3940 pravaricatio

2248 3965 2357 4004 non
2388 3952 2672 4019 adimeret,
2706 3957 2757 4005 et
2783 3952 2874 4004 cui
2912 3950 3174 4006 libidinis
3196 3952 3417 4006 morbus
3447 3952 3750 4006 accesserit.

2250 4086 2412 4141 Absit
2445 4087 2657 4157 itaque,
2696 4092 2760 4143 ut
2782 4087 3088 4143 credamus
3112 4087 3241 4143 illos
3270 4089 3550 4160 conjuges
3577 4087 3633 4142 in
3666 4103 3851 4159 para-

2178 4165 2300 4219 diso
2333 4167 2678 4222 constitutos
2702 4184 2801 4237 per
2823 4168 2972 4223 hanc
2993 4167 3318 4232 libidinem,
3349 4171 3420 4223 de
3450 4185 3563 4239 qua
3590 4167 3840 4223 erubes-

2180 4245 2362 4300 cendo
2392 4248 2594 4300 eadem
2630 4250 2892 4302 membra
2949 4254 3234 4315 texerunt,
3269 4248 3612 4317 impleturos
3645 4248 3840 4304 fuisse

2181 4327 2334 4394 quod
2369 4324 2424 4378 in
2458 4342 2562 4380 sua
2610 4327 3011 4383 benedictione
3070 4328 3223 4384 Deus
3279 4328 3447 4395 dixit,
3491 4327 3742 4395 Crescite,
3777 4335 3845 4385 et

2179 4403 2659 4473 multiplicamini,
2693 4411 2743 4460 et
2775 4407 2998 4474 implete
3029 4417 3238 4462 terram
3273 4406 3425 4479 (Gen.
3454 4425 3496 4474 1,
3542 4407 3653 4478 28).
3688 4407 3838 4464 Post

2184 4491 2477 4556 peccatum
2493 4487 2704 4558 quippe
2727 4493 2852 4542 orta
2873 4493 2962 4543 est
2982 4488 3101 4542 haec
3123 4487 3300 4543 libido
3329 4505 3341 4554 ;
3369 4495 3495 4560 post
3528 4494 3841 4559 peccatum

2183 4581 2306 4620 eam
2340 4573 2548 4622 natura
2581 4585 2694 4622 non
2754 4567 3087 4639 impudens,
3121 4570 3341 4624 amissa
3393 4574 3675 4640 potestate
3735 4572 3838 4625 cui

2185 4662 2393 4716 corpus
2424 4663 2492 4702 ex
2531 4649 2686 4702 omni
2747 4654 2908 4720 parte
2939 4649 3242 4716 serviebat,
3297 4649 3500 4716 sensit,
3560 4650 3844 4720 attendit,

2185 4727 2437 4797 erubuit,
2463 4730 2711 4800 cperuit.
2745 4730 2852 4785 Illa
2878 4747 3008 4785 vero
3042 4729 3364 4786 benedictio
3389 4733 3747 4801 nuptiarum,
3769 4737 3844 4787 ut

2186 4809 2477 4880 conjugati
2511 4815 2855 4875 crescerent,
2879 4815 2934 4865 et
2969 4810 3521 4880 multiplicarentur,
3545 4817 3601 4867 et
3624 4811 3844 4882 imple-

2189 4895 2318 4945 rent
2347 4896 2584 4961 terram,
2624 4892 2893 4961 quamvis
2950 4896 3007 4946 et
3065 4891 3124 4946 in
3159 4891 3636 4962 delinquentibus
3669 4909 3848 4947 man-

2189 4971 2362 5038 serit;
2397 4975 2590 5025 tamen
2624 4978 2936 5042 antequam
2971 4971 3399 5041 delinquerent,
3434 4973 3566 5026 data
3625 4976 3733 5036 est,
3771 4977 3846 5027 ut

2188 5057 2631 5121 cognosceretur
2663 5051 3119 5123 procreationem
3174 5051 3424 5108 filiorum
3484 5053 3552 5107 ad
3586 5050 3845 5122 gloriam

2188 5132 2488 5198 connubii,
2516 5149 2627 5185 non
2643 5133 2710 5185 ad
2729 5148 2954 5201 poenam
2978 5134 3261 5201 pertinere
3278 5131 3515 5204 peccati.
3549 5132 3658 5187 Sed
3677 5147 3848 5188 nunc

2190 5209 2478 5277 homines,
2516 5213 2772 5282 profecto
2803 5211 2963 5266 illius
2994 5228 3125 5282 quas
3157 5213 3213 5266 in
3265 5213 3538 5284 paradiso
3570 5212 3680 5266 fuit
3707 5212 3846 5266 feli-

2191 5290 2379 5346 citatis
2410 5290 2618 5362 ignari,
2647 5291 2759 5346 nisi
2795 5307 2896 5363 per
2917 5291 3025 5348 hoc
3046 5291 3200 5364 quod
3221 5292 3440 5365 experti
3470 5298 3627 5362 sunt,
3657 5291 3715 5347 id
3748 5296 3850 5351 est

2257 5535 2270 5566 ι
2316 5533 2438 5582 Sola
2495 5533 2656 5582 editio
2703 5533 2848 5589 Lov.,
2899 5543 3189 5597 tegeretur.
3231 5535 3395 5586 Paulo
3439 5537 3558 5598 post
3602 5533 3859 5598 plerique

2192 5596 2334 5658 1138.,
2361 5604 2631 5656 prcesente
2658 5596 2966 5658 conspectu.

2257 5657 2277 5689 2
2309 5657 2393 5707 Sic
2419 5658 2572 5710 Vind.
2604 5660 2720 5711 Am.
2755 5657 2808 5712 et
2835 5660 2958 5716 Mss.
2989 5663 3058 5712 At
3081 5659 3166 5714 Er.
3197 5663 3251 5713 et
3277 5661 3422 5720 Lov.,
3453 5660 3636 5713 illius.
