4136 6190
325 321 437 380 429

326 477 421 531 per
450 458 766 528 libidinem,
789 461 860 515 de
889 476 1005 532 qua
1031 459 1499 534 videmusipsam
1532 463 1708 519 etiam
1740 463 1955 522 hones-

324 545 489 594 tatem
524 539 860 595 erubescere
892 542 1247 612 nuptiarum,
1309 560 1419 597 non
1483 545 1742 614 potuisse
1790 547 1955 616 gigni

323 620 463 674 ﬁlios
494 621 834 690 opinantur:
867 621 962 676 alii
993 621 1325 693 Scripturas
1358 622 1604 688 divinas,
1626 624 1720 679 ubi
1748 624 1956 696 legitur

323 708 444 772 post
474 707 773 770 peccatum
809 702 1081 772 puduisse
1106 704 1409 772 nuditatis,
1441 711 1498 758 et
1523 706 1790 776 pudenda
1822 724 1949 763 esse

320 786 593 844 contecta,
643 799 876 850 prorsus
925 800 1038 838 non
1091 784 1458 853 accipientes,
1492 783 1594 839 sed
1641 785 1952 842 inﬁdeliter

321 863 614 918 irridentes
641 863 879 933 (a);alii
942 881 1076 921 vero
1124 867 1386 937 quamvis
1443 883 1540 921 eas
1599 867 1951 938 accipiantet

317 943 613 1011 honorent,
648 944 792 999 illud
825 949 1018 1000 tamen
1061 947 1212 1018 quod
1273 948 1496 1002 dictum
1529 952 1638 1015 est,
1695 947 1944 1016 Crescite,

313 1031 359 1077 et
387 1025 859 1092 multiplicamini,
886 1043 997 1080 non
1022 1028 1346 1082 secundum
1369 1028 1663 1083 carnalem
1692 1028 1949 1084 fecundi-

310 1112 465 1159 tatem
481 1105 687 1160 volunt
705 1106 948 1176 intelligi
965 1109 1072 1177 (b);
1098 1107 1236 1178 quia
1264 1112 1315 1162 et
1340 1109 1659 1163 secundum
1687 1110 1944 1167 animam

304 1183 506 1256 legitur
566 1185 678 1240 tale
735 1185 953 1256 aliquid
1014 1187 1258 1254 dictum,
1322 1188 1722 1257 Multiplicabis
1769 1206 1856 1245 me
1886 1190 1947 1245 in

302 1267 481 1319 anima
497 1281 622 1320 mea
644 1267 842 1321 virtute
863 1271 958 1321 tua
983 1266 998 1299 ¹
1023 1268 1195 1338 (Psal.
1222 1285 1468 1331 cxxxvu,
1502 1269 1554 1339 4)
1585 1284 1598 1325 :
1626 1274 1687 1323 ut
1709 1269 1763 1324 id
1788 1272 1942 1341 quod

297 1346 350 1400 in
383 1346 894 1418 Genesisequitur,
912 1347 972 1400 Et
995 1347 1218 1419 implete
1250 1353 1455 1404 terram
1479 1359 1549 1415 et,
1572 1349 1946 1408 dominamini

293 1429 424 1498 eius,
463 1437 678 1484 terram
710 1429 1037 1500 intelligant
1094 1446 1345 1500 carnem,
1405 1448 1578 1502 quam
1636 1434 1944 1504 prasentia

293 1525 393 1564 sua
417 1509 626 1579 implet
653 1510 866 1577 anima,
891 1511 1137 1582 ejusque
1160 1512 1402 1567 maxime
1424 1513 1771 1584 dominatur,
1805 1531 1938 1571 cum

293 1589 346 1643 in
378 1589 592 1645 virtute
623 1590 1067 1661 multiplicatur.
1099 1592 1371 1648 Carnales
1403 1603 1596 1649 autem
1630 1594 1777 1649 fetus
1813 1594 1940 1651 sine

291 1668 551 1735 lidibine,
587 1686 714 1741 quas
741 1676 866 1738 post
903 1677 1199 1741 peccatum
1232 1678 1446 1739 exorta,
1479 1674 1762 1745 inspecta,
1797 1691 1938 1730 con-

290 1749 432 1816 fusa,
463 1750 656 1805 velata
686 1756 794 1817 est,
828 1768 932 1808 nec
962 1758 1102 1809 tunc
1133 1754 1291 1810 nasci
1327 1755 1601 1825 potuisse,
1653 1757 1801 1811 sicut
1833 1773 1936 1812 ne-

288 1847 394 1901 que
423 1847 585 1886 nunc
616 1841 894 1902 possunt;
937 1833 1118 1888 necin
1145 1836 1413 1904 paradiso
1456 1838 1680 1892 futuros
1729 1837 1932 1906 fuisse,

285 1912 377 1966 sed
413 1911 578 1978 foris,
611 1911 763 1968 sicut
794 1918 849 1968 et
906 1914 1122 1970 factum
1181 1920 1286 1970 est.
1346 1917 1487 1972 Nam
1548 1923 1928 1990 posteaquam

280 1991 411 2047 inde
443 1992 676 2049 dimissi
709 2000 870 2064 sunt,
895 1996 961 2051 ad
994 1996 1319 2068 gignendos
1341 1999 1492 2055 ﬁlios
1525 2000 1807 2068 coierunt,
1831 2016 1928 2057 eo-

280 2088 420 2143 sque
450 2080 806 2146 genuerunt.

277 2211 504 2267 CAPUT
533 2211 702 2269 XXII.
735 2242 804 2254 -ο
836 2213 907 2268 De
934 2215 1129 2284 copula
1157 2213 1442 2282 coniugali
1469 2230 1502 2269 a
1533 2215 1638 2270 Deo
1657 2215 1927 2286 primitus

692 2293 969 2361 instituta,
1001 2298 1164 2365 atque
1206 2293 1502 2349 benedicta.

341 2427 458 2483 Nos
491 2433 682 2484 autem
718 2427 878 2483 nullo
911 2427 1082 2482 modo
1115 2427 1457 2482 dubitamus
1479 2429 1801 2484 secundum
1827 2430 1923 2486 be-

271 2509 664 2564 nedictionem
698 2508 792 2562 Dei
826 2523 1079 2563 crescere
1109 2512 1166 2562 et
1206 2506 1583 2578 multiplicari
1621 2515 1677 2564 et
1714 2511 1919 2582 imple-

269 2605 329 2644 re
372 2598 610 2654 terram,
645 2589 862 2644 donum
897 2605 1024 2644 esse
1055 2587 1419 2657 nuptiarum,
1453 2606 1601 2660 quas
1633 2591 1782 2647 Deus
1812 2609 1914 2648 an-

265 2672 322 2722 te
358 2674 642 2741 pacatum
679 2668 932 2723 hominis
975 2671 1045 2724 ab
1091 2669 1256 2723 initio
1292 2671 1616 2736 constituit,
1665 2674 1912 2728 creando

263 2747 602 2803 masculum
637 2752 692 2803 et
726 2750 1000 2802 feminam
1031 2767 1044 2803 :
1078 2753 1179 2818 qui
1224 2764 1396 2802 sexus
1438 2750 1671 2806 evidens
1713 2752 1912 2823 utique

259 2828 316 2883 in
353 2846 531 2884 carne
562 2838 664 2884 est.
701 2829 845 2884 Huic
891 2830 1108 2901 quippe
1155 2829 1312 2900 operi
1365 2831 1461 2886 Dei
1506 2831 1681 2886 etiam
1734 2834 1909 2889 bene-

261 2907 440 2962 dictio
473 2909 599 2978 ipsa
629 2907 947 2976 subjuncta
978 2914 1081 2965 est.
1124 2909 1268 2963 Nam
1303 2925 1434 2964 curn
1483 2910 1779 2982 Scriptura
1823 2914 1906 2968 div

260 2987 459 3055 xissel,
495 2989 805 3045 Masculum
861 2993 912 3044 et
941 2992 1212 3056 feminam
1267 2989 1398 3059 fecit
1441 3007 1531 3045 eos
1572 3008 1593 3052 ,'
1626 2992 1902 3050 continuo

259 3067 541 3132 subdidit,
574 3069 636 3122 Et
669 3070 953 3124 benedixit
986 3085 1072 3122 eos
1103 3071 1262 3137 Deus,
1293 3069 1519 3124 dicens:
1558 3072 1819 3141 Crescite,
1849 3081 1902 3129 et

257 3150 735 3219 multiplicamini,
780 3160 834 3204 et
889 3149 1110 3219 implete
1147 3154 1379 3216 terram,
1438 3154 1491 3205 et
1531 3151 1901 3210 dominamini

258 3230 366 3300 ejus
397 3231 556 3301 (Gen.
589 3248 628 3298 ι,
659 3231 748 3297 27,
781 3230 895 3301 '28),
929 3237 984 3285 et
1029 3236 1256 3286 caetera.
1291 3231 1425 3294 Quae
1471 3234 1670 3288 omnia
1718 3251 1900 3304 quan-

259 3327 422 3381 quam
459 3328 573 3366 non
609 3312 1081 3366 inconvenienter
1122 3311 1347 3381 possint
1395 3315 1570 3366 etiam
1612 3314 1680 3367 ad
1726 3315 1896 3370 intel-

259 3389 459 3447 lectum
522 3391 888 3463 spiritualem
941 3391 1162 3456 referri,
1225 3391 1546 3446 masculum
1601 3403 1790 3449 tamen
1845 3401 1901 3451 et

262 3470 556 3538 feminam,
591 3488 702 3526 non
732 3473 884 3527 sicut
913 3472 1105 3526 simile
1133 3471 1351 3541 aliquid
1395 3472 1569 3527 etiam
1613 3474 1671 3528 in
1718 3475 1902 3529 homi-

263 3567 328 3605 ne
358 3569 473 3608 uno
499 3551 748 3622 intelligi
783 3556 989 3623 potest,
1022 3553 1161 3622 quia
1189 3551 1455 3606 videlicet
1504 3552 1564 3606 in
1615 3568 1681 3607 eo
1738 3553 1895 3610 aliud

257 3635 336 3686 est
370 3635 518 3700 quod
556 3631 724 3704 regit,
757 3632 915 3686 aliud
948 3631 1107 3702 quod
1139 3631 1358 3702 regitur
1388 3647 1403 3685 :
1449 3632 1547 3686 sed
1599 3633 1750 3688 sicut
1782 3634 1900 3689 evi-

259 3712 599 3768 dentissima
649 3715 891 3783 apparet
936 3711 994 3766 in
1051 3711 1262 3766 diversi
1309 3727 1484 3766 sexus
1531 3712 1898 3783 corporibus,

260 3793 578 3849 masculum
614 3799 670 3847 et
707 3793 982 3847 feminam
1033 3792 1112 3845 ita
1147 3795 1393 3857 creatos,
1439 3795 1503 3846 ut
1543 3793 1760 3862 prolem
1797 3811 1899 3864 ge-

258 3876 508 3930 nerando
541 3877 886 3941 crescerent,
919 3877 976 3927 et
1002 3872 1558 3942 multiplicarentur,
1593 3878 1650 3929 et
1679 3873 1897 3946 imple-

259 3962 378 4012 rent
427 3955 704 4021 terram”,
743 3971 966 4027 magnes
1019 3952 1394 4009 absurditatis
1452 3958 1541 4008 est
1603 3953 1896 4011 reluctari.

258 4035 439 4105 Neque
465 4035 627 4092 enim
664 4037 732 4089 de
767 4035 973 4106 spiritu
1007 4033 1103 4104 qui
1147 4034 1418 4103 imperat,
1463 4039 1520 4088 et
1557 4050 1729 4089 carne
1775 4052 1898 4105 quas

259 4117 658 4188 obtemperat;
693 4120 792 4170 aut
824 4115 894 4169 de
925 4115 1122 4169 animo
1171 4113 1438 4168 rationali
1482 4114 1578 4183 qui
1631 4115 1796 4184 regit,
1844 4121 1901 4171 et

260 4196 581 4254 irrationali
616 4196 932 4264 cupiditate
973 4210 1092 4263 quae
1135 4194 1389 4264 regitur;
1437 4199 1537 4247 aut
1581 4196 1647 4248 de
1690 4195 1899 4251 virtute

262 4277 706 4348 contemplativa
737 4292 860 4346 quze
893 4274 1143 4341 excellit,
1172 4275 1328 4328 etde
1369 4273 1556 4328 activa
1596 4291 1719 4344 quas
1761 4275 1897 4330 sub-

261 4358 438 4427 ditur;
475 4363 583 4413 aut
613 4360 681 4412 de
708 4356 1008 4412 intellectu
1045 4354 1278 4418 mentis,
1311 4359 1366 4409 et
1397 4370 1572 4409 sensu
1607 4356 1896 4423 corporis:

263 4441 350 4494 sed
379 4444 577 4510 aperte
621 4440 690 4493 de
719 4438 949 4492 vinculo
991 4435 1304 4506 conjugali,
1348 4452 1464 4506 quo
1506 4436 1748 4491 invicem
1785 4437 1897 4491 sibi

263 4527 494 4592 uterque
528 4535 700 4574 sexus
741 4516 1143 4587 obstringitur,
1188 4515 1471 4570 Dominus
1510 4515 1899 4585 interrogatus

263 4603 446 4656 utrum
482 4601 680 4656 liceret
711 4614 1076 4670 quacumque
1107 4613 1174 4654 ex
1204 4614 1381 4652 causa
1421 4597 1714 4653 dimittere
1764 4615 1900 4653 uxo-

319 4771 332 4804 ι
366 4767 450 4818 Sic
479 4769 602 4818 Mss.
629 4769 784 4830 juxta
811 4780 1055 4829 graecum
1078 4767 1220 4814 LXX.
1244 4767 1310 4815 At
1324 4765 1470 4823 editi,
1494 4765 1899 4828 Multiplieabis

258 4827 313 4877 in
341 4832 538 4880 anima
566 4827 686 4879 mea
718 4827 998 4879 virtutem.

318 4892 503 4957 2_Post,
536 4903 586 4941 et
632 4893 928 4957 implerent
978 4902 1192 4957 terram
1229 4891 1286 4938 in
1334 4890 1488 4957 editis
1529 4891 1770 4957 additum
1799 4893 1896 4950 est,

262 4953 358 5002 Cui
402 4951 731 5005 sententiae'
765 4966 878 5005 tam
941 4953 1209 5010 evidendi,
1244 4953 1386 5014 quod
1430 4951 1580 5002 abest
1629 4966 1662 5001 a
1710 4967 1897 5003 manu-

261 5019 478 5069 scriptis.

314 5034 710 5138 alitisianichaei
737 5082 955 5134 scilicet.
985 5079 1078 5142 qui
1111 5077 1311 5127 Veteris
1329 5077 1647 5142 Testamenti
1668 5079 1896 5142 scriptu-

259 5153 342 5190 ras
368 5145 694 5206 reﬁciebant.
726 5146 870 5194 Coni.
894 5140 1083 5193 lihfde
1111 5142 1349 5191 Utilitate
1378 5140 1638 5194 credendi.
1684 5143 1751 5190 ad
1773 5140 1888 5191 Ἠο-

261 5210 519 5259 noratum.
550 5221 604 5256 n.
636 5209 683 5255 4.

319 5267 389 5326 tb)
435 5270 722 5331 Redarguit
766 5283 855 5320 eos
897 5269 988 5332 qui
1035 5267 1385 5332 spiritualiter
1435 5266 1897 5332 haec‘verbajn-

263 5327 684 5394 terpretabantin'
711 5347 724 5391 ;
757 5327 932 5394 cujus'
954 5327 1142 5394 sensus
1185 5328 1622 5394 etiam‘meminit
1642 5330 1723 5394 ‘in
1760 5329 1897 5377 libro

261 5390 488 5458 de‘Bono
517 5390 836 5458 Coniugali.’
865 5408 919 5443 n.
960 5393 1006 5442 2.
1031 5395 1120 5458 AEt
1169 5392 1235 5440 ab
1281 5392 1464 5458 eadem
1494 5391 1758 5458 _opini_o_ne
1787 5403 1896 5439 non

265 5451 540 5520 longegfuit
561 5451 767 5507 alien'us
793 5456 1081 5520 aliquando
1108 5456 1239 5520 ipse,
1268 5456 1338 5520 _ut
1365 5456 1510 5520 patet
1545 5451 1621 5520 ex
1648 5454 1896 5520 his_qua_e

262 5513 465 5582 disserit
509 5522 619 5570 tum
672 5521 727 5568 in
769 5513 905 5569 libro
934 5521 1102 5582 primo
1127 5513 1233 5582 fde
1259 5513 1447 5582 Genesi
1483 5519 1704 5582 _contra_
1731 5513 1895 5564 Mani-

264 5578 462 5640 chaeos,
492 5597 543 5631 n.
575 5583 653 5639 30,
686 5586 801 5632 tum
842 5578 976 5631 libro
1027 5581 1228 5631 decimo
1271 5579 1427 5629 tertio
1474 5579 1894 5636 Confessionum,

266 5642 462 5709 (ηρ-,μμ
493 5659 505 5703 ;
536 5659 722 5709 verum
742 5647 841 5695 hoc
867 5645 1000 5709 loco,
1023 5646 1076 5695 et
1103 5646 1242 5694 recte
1261 5642 1494 5705 quidem,
1515 5643 1897 5707 interpretatur

264 5703 327 5753 ad
350 5705 597 5758 litteram.
634 5707 888 5763 Cocuues.

1487 328 1710 388 LIBER
1756 329 2124 401 QUARTUS
2175 335 2537 404 DECIMUS.

3591 373 3708 430 430

2067 475 2528 556 τθωηᾳυοηὶεω
2592 485 2824 554 propter
2863 485 3131 544 duritiam
3181 495 3368 550 cordis
3410 498 3706 556 Israelita-

2067 570 2194 647 ru‘m
2221 555 2440 647 il'loyses
2471 559 2592 647 dari
2619 562 2880 647 libellum
2907 570 3127 637 repudii
3157 575 3437 642 permisit,
3465 555 3705 647 respon-

2065 636 2148 689 dit
2179 642 2353 726 atque
2387 637 2465 692 ait
2494 656 2513 726 _:
2547 645 2665 726 Non
2698 643 2905 714 legistis
2938 636 3068 717 quia
3099 636 3196 720 qui
3222 654 3352 718 fecit
3382 636 3449 709 al)
3481 636 3703 726 initio‘,

2068 720 2366 800 masculum
2400 729 2449 773 et
2474 723 2744 789 feminam
2763 726 2890 794 [ecit
2922 743 3028 794 eos,
3053 735 3101 784 et
3133 733 3274 787 dixit
3298 751 3316 788 :
3348 736 3577 800 Propter
3608 720 3708 794 hoc

2064 797 2302 854 dimittet
2333 800 2488 856 homo
2515 810 2736 870 patrem
2763 811 2814 860 et
2845 818 3094 875 matrem,
3134 817 3184 866 et
3214 797 3513 872 adhaerebit
3541 820 3709 875 uxori

2063 893 2199 942 sua,
2231 889 2285 966 et
2322 887 2482 936 erunt
2530 883 2634 940 duo
2685 886 2742 938 in
2788 903 2954 944 carne
3011 908 3124 947 una
3151 895 3178 947 ?
3237 897 3422 966 Itaque
3442 899 3564 966 jam
3595 917 3705 954 non

2062 965 2191 1048 sunt
2224 961 2356 1028 duo,
2394 964 2486 1017 sed
2534 979 2646 1018 una
2689 981 2834 1022 caro.
2871 969 3021 1036 Quod
3050 989 3180 1040 ergo
3210 961 3350 1029 Drus
3387 961 3700 1048 conjunxit,

2064 1039 2218 1130 nomo
2247 1058 2353 1097 non
2383 1049 2598 1130 separet
2629 1045 2832 1130 (illaab.
2876 1066 2990 1116 Xix,
3027 1039 3178 1122 4-6).
3220 1057 3451 1110 Certum
3480 1039 3574 1112 est
3603 1039 3707 1130 igi;

2062 1124 2175 1190 tur,
2203 1125 2528 1208 masculum
2562 1131 2617 1180 et
2651 1127 2926 1185 feminam
2960 1133 3040 1186 ita
3073 1135 3344 1203 primitus
3373 1124 3702 1208 institutas,

2062 1209 2121 1254 ut
2151 1219 2304 1256 nunc
2340 1204 2606 1260 homines
2656 1207 2803 1263 duos
2857 1211 3067 1268 diversi
3118 1230 3289 1268 sexus
3332 1215 3600 1273 videmus
3646 1204 3702 1274 et

2061 1283 2324 1370 novimus
2360 1303 2372 1339 :
2411 1302 2590 1370 unum
2631 1293 2827 1370 autem
2888 1292 3020 1358 dici,
3054 1292 3141 1349 vel
3181 1302 3414 1368 propter
3451 1300 3696 1370 conjun-

2057 1361 2431 1446 ctionem,vel
2465 1373 2696 1434 propter
2726 1369 3008 1440 originem
3028 1361 3435 1446 feminaefquze
3459 1379 3529 1431 de
3553 1361 3698 1434 inas-

2055 1441 2170 1528 cu_li
2201 1441 2380 1498 latere
2410 1449 2601 1528 creata
2631 1451 2738 1502 est.
2784 1447 2926 1504 Nam
2977 1455 3033 1506 et
3083 1441 3395 1524 Apostolus
3445 1474 3547 1528 per
3588 1458 3695 1515 hoc

2053 1522 2301 1608 primum
2335 1526 2488 1595 quod
2521 1527 2635 1582 Deo
2660 1529 2993 1586 instituente
3019 1522 3315 1603 prmhessit
3339 1522 3694 1608 exemplum,

2051 1601 2307 1673 singulos
2339 1621 2603 1676 quosque
2636 1609 2929 1677 admonet,
2959 1601 3148 1667 utvviri
3183 1631 3386 1671 uxores
3427 1601 3566 1672 suas
3609 1601 3696 1673 di;

2049 1679 2234 1754 ligant
2264 1685 2484 1754 (Ephes.
2520 1703 2571 1751 v,
2604 1688 2674 1741 25
2703 1693 2756 1743 et
2791 1689 2988 1746 Coloss.
3024 1709 3110 1760 III,
3146 1693 3250 1764 19).

2044 1853 2275 1909 CAPUT
2304 1854 2498 1910 XXlIl.
2531 1887 2599 1898 —
2633 1860 2709 1912 An
2739 1858 2906 1914 etiam
2939 1861 2993 1914 in
3025 1862 3282 1930 paradiso
3311 1866 3688 1933 generandum

2112 1935 2328 2003 fuisset,
2355 1936 2403 1990 si
2427 1954 2584 1992 nemo
2612 1949 2918 2009 peccasset,
2969 1940 3060 1995 vel
3107 1947 3298 1999 utrum
3347 1952 3544 2002 contra
3593 1964 3686 2003 ac-

2111 2019 2236 2148 tumt
2254 2017 2512 2072 libidinis
2538 2024 2865 2088 pugnatura
2909 2021 3027 2075 illic
3063 2025 3261 2091 [uisset
3307 2026 3535 2083 traditio
3570 2044 3686 2084 eas-

2113 2103 2210 2149 ttta
2243 2096 2309 2149 is.

2113 2236 2157 2284 1.
2193 2230 2468 2302 Quisquis
2499 2236 2693 2288 autem
2727 2235 2869 2290 dicit
2898 2253 3012 2291 non
3049 2238 3226 2294 fuisse
3257 2240 3534 2309 coituros,
3569 2259 3674 2300 nec

2033 2321 2430 2381 generaturos,
2464 2313 2576 2367 nisi
2611 2320 2968 2384 peccassent,
3001 2319 3137 2388 quid
3168 2318 3328 2383 dicit,
3365 2321 3477 2376 nisi
3509 2340 3676 2396 prop-

2031 2393 2120 2444 ter
2148 2393 2629 2447 numerositatem
2673 2397 3006 2450 sauctorum
3052 2399 3445 2455 necessarium
3489 2393 3671 2458 homi-

2030 2469 2121 2525 nis
2150 2470 2326 2526 fuisse
2357 2473 2696 2541 peccatum?
2733 2474 2792 2528 Si
2841 2475 2998 2531 enim
3048 2494 3161 2532 non
3216 2482 3510 2549 peccando
3561 2483 3671 2539 soli

2027 2559 2414 2621 remanerent,
2474 2553 2612 2623 quia
2660 2554 2811 2608 sicut
2873 2560 3104 2627 putant,
3140 2558 3252 2613 nisi
3304 2569 3664 2630 peccassent,

2024 2647 2301 2702 generare
2351 2649 2461 2687 non
2511 2638 2786 2704 possent;
2840 2636 3091 2706 profecto
3120 2643 3180 2692 ut
3230 2655 3343 2695 non
3397 2642 3503 2697 soli
3551 2642 3667 2700 duo

2016 2711 2160 2781 justi
2211 2711 2469 2767 homines
2520 2719 2758 2784 possent
2800 2732 2944 2783 esse,
3005 2718 3104 2772 sed
3153 2720 3346 2786 multi,
3402 2738 3664 2780 necessa-

2021 2793 2168 2846 rium
2204 2797 2507 2864 peccatum
2566 2792 2695 2847 fuit.
2744 2795 2906 2859 Quod
2960 2797 3009 2851 si
3060 2799 3295 2854 credere
3343 2799 3661 2858 absurdum

2017 2880 2122 2937 est,
2157 2871 2297 2927 illud
2335 2873 2524 2944 potius
2557 2877 2646 2928 est
2694 2876 3068 2946 credendum,
3121 2881 3271 2949 quod
3326 2889 3662 2940 sanctorum

2014 2967 2294 3007 numerus
2327 2957 2580 3023 quantus
2609 2953 2964 3025 complenda:
3005 2955 3087 3012 illi
3137 2958 3356 3014 sufﬁcit
3395 2960 3658 3018 beatissi-

2013 3048 2121 3088 ma:
2149 3033 2388 3101 civitati,
2424 3039 2622 3090 tantus
2652 3035 2940 3103 existeret,
2974 3037 3080 3092 etsi
3127 3055 3298 3094 nemo
3344 3051 3654 3113 peccasset,

2009 3121 2264 3186 quantus
2299 3132 2452 3171 nunc
2484 3133 2585 3187 per
2615 3118 2716 3173 Dei
2747 3119 2995 3190 gratiam
3031 3120 3103 3175 de
3135 3121 3510 3178 multitudine
3543 3125 3656 3180 col-

2005 3194 2206 3267 ligitur
2235 3201 2623 3267 peccatorum,
2653 3215 2962 3271 quousque
2993 3199 3092 3254 ﬁlii
3129 3200 3308 3272 hujus
3339 3204 3532 3260 saeculi
3564 3220 3658 3277 ge-

2007 3282 2213 3331 nerant
2243 3282 2297 3331 et
2328 3284 2682 3349 generantur
2711 3279 2862 3348 (Luc.
2895 3296 2988 3341 xx,
3021 3280 3134 3350 34).

2076 3360 2130 3408 2.
2165 3356 2232 3410 Et
2261 3357 2390 3411 ideo
2421 3356 2531 3410 illae
2557 3358 2774 3427 nuptiae
2804 3359 2989 3425 dignm
3012 3361 3285 3416 felicitate
3305 3365 3579 3432 paradisi,
3605 3366 3651 3422 si

2007 3440 2306 3506 peccatum
2343 3452 2452 3490 non
2490 3438 2718 3505 fuisset,
2751 3441 2806 3490 et
2833 3438 3180 3506 diligentiam
3211 3444 3431 3510 prolem
3456 3446 3653 3514 gigne-

2009 3519 2156 3581 rent,
2185 3520 2240 3570 et
2270 3518 2601 3587 pudendam
2626 3517 2931 3572 libidinem
2959 3535 3071 3573 non
3107 3519 3388 3575 haberent
3418 3523 3512 3591 (a).
3538 3527 3650 3580 Sed

2007 3597 2300 3666 quomodo
2330 3598 2383 3650 id
2422 3599 2540 3652 ﬁeri
2577 3602 2792 3668 posset,
2820 3613 2974 3652 nunc
2996 3616 3106 3652 non
3132 3604 3221 3653 est
3243 3617 3355 3668 quo
3381 3603 3650 3658 demons-

2007 3679 2195 3730 tretur
2225 3675 2506 3747 exemplo.
2545 3677 2658 3731 Nec
2708 3677 2836 3732 ideo
2885 3677 3446 3735 tamenincredibile
3478 3681 3648 3738 debet

2007 3755 2215 3820 videri,
2243 3756 2412 3810 etiam
2439 3755 2578 3811 illud
2605 3772 2786 3810 unum
2811 3755 2934 3811 sine
2958 3757 3071 3812 ista
3093 3756 3333 3813 libidine
3362 3759 3646 3817 voluntati

2008 3834 2267 3906 potuisse
2291 3835 2522 3904 servire,
2547 3835 2635 3890 cui
2660 3841 2740 3889 tot
2768 3836 3029 3891 membra
3061 3854 3216 3893 nunc
3249 3840 3528 3895 serviunt.
3565 3843 3649 3896 An

2007 3932 2140 3970 vero
2174 3932 2382 3970 manus
2405 3919 2460 3970 et
2486 3917 2657 3987 pedes
2674 3932 3145 3983 movemus,cum
3179 3917 3558 3987 volumus,ad
3585 3937 3653 3978 ea

2008 4013 2131 4066 quae
2177 3995 2269 4050 his
2322 3997 2602 4052 membris
2646 3997 2870 4067 agenda
2924 4003 3083 4066 sunt,
3119 3999 3246 4054 sine
3278 3999 3397 4054 ullo
3432 4001 3645 4069 renisu,

2007 4079 2170 4133 tanta
2196 4076 2489 4144 facilitate,
2523 4085 2747 4148 quanta
2777 4082 2834 4132 et
2865 4079 2923 4134 in
2957 4080 3123 4134 nobis
3146 4085 3201 4134 et
3234 4080 3290 4134 in
3324 4079 3452 4134 aliis
3485 4081 3643 4135 vide-

2009 4173 2159 4220 mus,
2197 4157 2444 4212 maxime
2477 4158 2534 4211 in
2566 4157 2892 4213 artiﬁcibus
2941 4175 3298 4231 quorumque
3348 4160 3370 4193 ί
3399 4176 3644 4230 operum

2007 4237 2416 4308 corporalium,
2435 4238 2529 4292 ubi
2555 4239 2621 4292 ad
2640 4239 3011 4293 exercendam
3036 4239 3414 4295 inﬁrmiorem
3441 4241 3651 4296 tardio-

2007 4333 2246 4388 remque
2270 4325 2537 4372 naturam
2575 4318 2774 4388 agilior
2799 4319 3040 4374 accessit
3070 4321 3390 4386 industria;
3427 4326 3484 4375 et
3531 4337 3648 4378 non

2005 4399 2298 4454 credimus
2330 4402 2398 4452 ad
2438 4416 2587 4469 opus
2619 4401 3010 4470 generationis
3054 4400 3327 4470 ﬁliorum,
3362 4402 3412 4456 si
3465 4400 3646 4457 libido

2006 4496 2118 4534 non
2145 4481 2365 4546 fuisset,
2390 4497 2516 4551 quae
2542 4485 2776 4550 peccato
2807 4479 3212 4537 inobedientiee
3237 4481 3517 4537 retributa
3538 4487 3649 4553 est,

2004 4559 2340 4614 obedienter
2357 4558 2698 4614 hominibus
2715 4559 2782 4615 ad
2801 4559 3120 4615 voluntatis
3135 4567 3343 4617 nutum
3368 4561 3643 4617 similiter

2005 4644 2067 4694 ut
2090 4644 2291 4694 caetera
2311 4641 2566 4711 potuisse
2583 4639 2681 4696 illa
2705 4643 2969 4696 membra
2991 4642 3248 4696 servire?
3269 4642 3388 4697 Non
3402 4659 3469 4696 ne
3485 4641 3648 4696 Cice-

2001 4735 2064 4775 ro
2095 4719 2153 4773 in
2185 4717 2349 4775 libris
2381 4721 2449 4775 de
2482 4719 2818 4787 Republica,
2851 4737 2979 4775 cum
2996 4721 3066 4775 de
3098 4721 3475 4791 imperiorum
3492 4721 3649 4775 diffe-

2003 4801 2182 4855 rentia
2206 4800 2607 4870 disputaret,et
2628 4800 2806 4869 hujus
2823 4800 2898 4852 rei
2919 4799 3368 4853 similitudinem
3388 4815 3456 4852 ex
3476 4805 3647 4852 natu-

2002 4897 2065 4936 ra
2089 4881 2336 4937 hominis
2365 4883 2786 4944 assumeret,ut
2819 4876 2950 4930 ﬁliis
2975 4876 3118 4931 dixit
3156 4877 3431 4945 imperari
3456 4892 3652 4945 corpo-

2003 4961 2081 5016 ris
2126 4960 2400 5015 membris
2422 4964 2653 5029 propter
2671 4956 2976 5011 obediendi
2999 4956 3374 5021 facilitatem;
3409 4957 3646 5011 vitiosas

2001 5058 2131 5095 vero
2192 5039 2371 5093 animi
2433 5043 2627 5108 partes
2686 5044 2744 5090 ut
2804 5051 2998 5090 servos
3048 5037 3340 5104 asperiore
3399 5036 3639 5107 imperio

2001 5119 2294 5176 coerceri?
2337 5119 2404 5171 Et
2453 5118 2656 5187 utique
2685 5115 2887 5173 ordine
2920 5116 3173 5171 naturali
3223 5117 3454 5172 animus
3483 5121 3646 5172 ante-

2067 5329 2080 5361 ¹
2114 5325 2266 5373 Vind.
2305 5326 2418 5372 Am.
2454 5326 2503 5372 et
2542 5323 2646 5376 Er..
2697 5323 2794 5385 qui
2848 5323 2981 5382 fecit
3034 5323 3310 5371 hominem
3357 5321 3421 5368 ab
3463 5319 3646 5370 initio.

2000 5389 2130 5444 Vox,
2164 5387 2460 5442 hominem,
2493 5386 2644 5434 abest
2671 5399 2703 5434 a
2733 5387 2838 5434 Lov
2887 5388 2991 5434 eta
3025 5385 3420 5446 manuscriptis.
3444 5395 3650 5432 necnon

2001 5465 2033 5500 a
2065 5463 2248 5511 graeco
2274 5449 2548 5508 Evangelii
2578 5452 2746 5502 textu,
2775 5449 2883 5496 imo
2912 5451 2963 5497 et
2992 5462 3025 5497 a
3060 5448 3225 5497 latino
3280 5445 3336 5494 in
3364 5445 3648 5496 Corbeien-

2001 5514 2147 5562 sibus
2176 5512 2356 5560 Bibliis
2385 5511 2644 5560 versionis
2673 5511 2943 5572 Vulgatae.

2065 5579 2080 5612 ί
2140 5575 2286 5632 Lov.,
2353 5571 2847 5637 quorumcumque.
2905 5574 3043 5621 Editi
3101 5573 3195 5623 alii
3247 5575 3301 5624 ot
3353 5571 3477 5626 Mss.
3523 5587 3650 5635 quo-

2001 5651 2257 5700 rumque.

2064 5697 2287 5765 (a)'Vid.
2320 5700 2410 5749 lib.
2448 5701 2511 5751 de
2540 5700 2682 5752 Pecc.
2715 5700 2874 5763 Orig,
2905 5713 2994 5747 nn.
3029 5697 3088 5748 40
3110 5698 3170 5749 43
