4138 6192
427 335 545 398 431

429 479 667 550 ponitur
709 483 958 552 corpori,
1007 485 1066 536 et
1114 485 1309 537 tamen
1366 481 1489 552 ipse
1547 480 1782 548 animus
1829 479 2080 553 imperat

431 559 655 631 corpori
690 559 917 614 facilius
940 578 1114 633 quam
1149 563 1284 618 sibi.
1327 559 1748 616 Verumtamen
1792 560 1910 616 haec
1949 560 2078 616 libi-

431 642 524 707 do,
555 641 626 694 de
657 656 773 712 qua
803 657 958 696 nunc
998 642 1367 710 disserimus,
1410 659 1476 698 eo
1519 642 1703 713 magis
1740 643 2079 698 erubescen-

432 723 506 778 da
544 721 758 791 existit,
791 725 943 794 quod
977 727 1213 781 animus
1245 726 1302 780 in
1348 742 1418 781 ea
1465 742 1569 781 nec
1611 726 1723 780 sibi
1754 725 2071 782 efficaciter

432 803 691 874 imperat,
724 810 784 858 ut
814 806 1049 862 omnino
1083 824 1197 862 non
1231 806 1436 874 libeat;
1471 824 1576 862 nec
1596 807 1930 863 omnimodo
1953 824 2072 863 cor-

431 883 576 952 pori,
611 888 673 936 ut
703 882 971 952 pudenda
1034 887 1300 941 membra
1347 886 1612 941 voluntas
1654 886 1845 956 potius
1895 901 2068 956 quam

429 961 611 1016 libido
641 970 1037 1020 commoveat:
1071 970 1220 1037 quod
1255 966 1304 1022 si
1345 967 1420 1022 ita
1451 973 1626 1032 esset,
1663 967 1935 1038 pudenda
1957 983 2069 1022 non

430 1043 680 1096 essent‘.
714 1042 875 1100 Nunc
907 1061 1038 1101 vero
1089 1046 1266 1118 pudet
1313 1046 1574 1102 animum
1629 1047 1822 1102 resisti
1875 1046 1988 1102 sibi
2037 1062 2072 1101 a

427 1137 689 1195 corpore,
721 1126 873 1196 quod
910 1126 960 1182 ei
1009 1133 1219 1183 natura
1267 1128 1537 1184 inferiore
1586 1129 1913 1198 subjectum
1960 1131 2067 1183 est.

425 1203 488 1259 In
524 1205 654 1262 aliis
683 1205 896 1278 quippe
927 1207 1332 1265 affectionibus
1363 1224 1493 1264 cum
1527 1208 1639 1264 sibi
1663 1208 1907 1278 resistit,
1940 1209 2069 1264 ideo

427 1285 623 1340 minus
655 1288 853 1358 pudet,
887 1287 1021 1358 quia
1051 1305 1186 1344 cum
1217 1307 1251 1345 a
1278 1306 1340 1346 se
1364 1290 1491 1361 ipso
1531 1287 1805 1357 vincitur,
1850 1289 1976 1360 ipse
2010 1305 2068 1344 se

425 1366 770 1434 vincit;etsi
821 1368 1151 1425 inordinate
1199 1375 1371 1439 atque
1423 1369 1649 1436 vitiose,
1692 1370 1832 1440 quia
1872 1385 1939 1424 ex
1973 1367 2067 1426 his

426 1445 712 1518 partibus,
758 1463 884 1518 quae
931 1449 1138 1504 rationi
1195 1450 1410 1520 subjici
1470 1449 1720 1518 debent;
1789 1455 1985 1505 tamen
2037 1467 2070 1505 υ,

427 1527 690 1597 partibus
722 1527 865 1592 suis,
898 1543 966 1584 ac
996 1545 1099 1600 per
1125 1529 1254 1597 hoc,
1286 1535 1352 1584 ut
1383 1530 1603 1586 dictum
1645 1534 1753 1598 est,
1785 1548 1814 1584 a
1845 1546 1909 1586 se
1941 1529 2068 1601 ipso

425 1606 696 1662 vincitur.
733 1607 875 1663 Nam
911 1624 1042 1665 cum
1083 1611 1348 1666 ordinate
1397 1627 1458 1666 se
1489 1611 1722 1667 animus
1765 1611 1963 1678 vincit,
2006 1614 2069 1666 ut

435 1686 812 1742 irrationales
843 1698 1038 1744 motus
1070 1690 1198 1760 ejus
1228 1691 1406 1747 menti
1445 1691 1775 1762 rationique
1806 1691 2069 1745 subdan-

424 1772 519 1824 tur
544 1768 614 1838 (si
647 1774 842 1823 tamen
875 1775 932 1823 et
961 1770 1060 1825 illa
1089 1771 1205 1827 Deo
1235 1772 1466 1827 subdita
1496 1776 1630 1840 est),
1664 1772 1851 1826 laudis
1891 1778 2068 1843 atque

424 1849 657 1904 virtutis
687 1854 798 1904 est.
832 1849 1021 1906 Minus
1053 1860 1240 1906 tamen
1274 1854 1466 1922 pudet,
1501 1868 1634 1907 cum
1678 1853 1790 1908 sibi
1832 1852 2067 1908 animus

427 1945 495 1984 ex
537 1929 757 1985 vitiosis
802 1932 928 1987 suis
973 1935 1238 2003 partibus
1289 1950 1403 1989 non
1450 1935 1833 2005 obtemperat,
1888 1950 2066 2005 quam

425 2025 559 2065 cum
591 2010 641 2065 ei
684 2026 917 2082 corpus,
967 2013 1123 2083 quod
1175 2013 1426 2069 alterum
1477 2014 1548 2068 ab
1589 2014 1686 2069 illo
1735 2020 1844 2083 est,
1892 2022 2068 2085 atque

424 2089 579 2145 infra
608 2089 772 2146 illum
805 2101 912 2160 est,
943 2100 999 2147 et
1027 2096 1200 2162 cujus
1232 2095 1354 2149 sine
1385 2094 1483 2149 illo
1530 2095 1779 2150 natura'
1823 2109 1939 2150 non
1987 2093 2069 2150 vi-

422 2169 524 2240 vit,
557 2171 770 2226 volenti
795 2175 1140 2245 jubentique
1170 2190 1286 2229 non
1309 2175 1478 2229 cedit.

493 2253 602 2307 Sed
637 2269 770 2307 cum
802 2253 916 2308 alia
939 2257 1200 2310 membra
1228 2256 1558 2310 retinentur
1596 2253 1918 2310 voluntatis
1962 2254 2068 2310 im-

421 2333 602 2405 perio,
635 2335 755 2389 sine
786 2335 1002 2406 quibus
1033 2335 1131 2391 illa
1161 2352 1286 2407 quas
1317 2341 1518 2392 contra
1549 2335 1905 2393 voluntatem
1937 2335 2067 2390 libi-

420 2415 556 2471 dine
585 2418 968 2486 concitantur,
1004 2418 1060 2472 id
1096 2419 1250 2489 quod
1304 2424 1610 2490 appetunt,
1659 2419 1900 2488 implere
1949 2434 2063 2473 non

421 2502 670 2568 possunt
709 2512 722 2563 ;
775 2497 1055 2567 pudicitia
1099 2499 1450 2566 custoditur,
1492 2516 1606 2554 non
1651 2501 1890 2564 amissa,
1961 2499 2060 2555 sed

421 2592 538 2632 non
571 2575 858 2648 permissa
887 2576 1270 2634 delectatione
1303 2579 1545 2650 peccati.
1578 2582 1748 2635 Hunc
1775 2579 2060 2647 renisum,

419 2652 571 2711 hanc
625 2659 1096 2728 repugnantiam,
1138 2659 1288 2714 hanc
1337 2659 1654 2715 voluntatis
1698 2663 1754 2714 et
1804 2657 2064 2713 libidinis

419 2737 626 2806 rixam,
659 2739 744 2792 vel
777 2747 928 2794 certe
957 2739 1028 2795 ad
1061 2738 1376 2794 voluntatis
1408 2740 1846 2806 sufficientiam,
1871 2738 2064 2793 libidi-

420 2817 510 2872 nis
544 2817 954 2888 indigentiam,
989 2818 1187 2889 procul
1220 2819 1395 2874 dubio
1431 2819 1540 2874 nisi
1574 2817 1884 2889 culpabilis
1931 2818 2064 2873 ino-

419 2899 716 2955 bedientia
748 2898 956 2967 pmnali
987 2898 1381 2955 inobedientia
1414 2901 1780 2970 p!ecteretur,
1813 2898 1870 2953 iu
1897 2914 2060 2968 para-

419 2977 544 3032 diso
578 2978 789 3048 nuptias
825 2996 937 3034 non
983 2980 1284 3045 haberent,
1325 2981 1424 3034 sed
1465 2977 1749 3033 voluntati
1794 2978 2057 3031 membra

415 3055 536 3124 illa,
572 3063 631 3112 ut
663 3066 865 3114 caetera
895 3068 1124 3126 cuncta,
1159 3057 1498 3115 servirent".
1541 3058 1624 3113 Ita
1664 3056 1916 3129 genitale
1960 3074 2061 3111 ar-

414 3151 550 3191 vum
582 3138 807 3208 (Virgil.
842 3138 1028 3210 Georg.
1055 3141 1151 3196 lib.
1183 3142 1237 3199 3.
1261 3156 1400 3195 vers.
1429 3140 1552 3209 136)
1579 3140 1755 3194 vasin
1783 3137 1888 3194 hoc
1915 3153 2061 3209 opus

413 3224 675 3274 creatum
721 3221 1059 3288 seminaret,
1110 3224 1175 3275 ut
1220 3236 1372 3275 nunc
1428 3225 1645 3274 terram
1699 3234 1930 3272 manus.
1987 3217 2060 3272 Et

417 3297 570 3366 quod
609 3298 774 3354 modo
805 3297 876 3353 de
908 3298 1012 3354 hac
1045 3315 1104 3354 re
1135 3298 1302 3354 nobis
1343 3297 1673 3353 volentibus
1715 3295 2056 3369 diligentius

414 3377 735 3449 disputare,
766 3379 1117 3434 verecundia
1148 3377 1381 3446 resistit,
1414 3382 1471 3433 et
1501 3376 1794 3446 compellit
1825 3377 2054 3432 veniam

410 3456 628 3513 honore
645 3459 877 3529 praefato
901 3475 933 3513 a
964 3459 1192 3530 pudicis
1217 3459 1456 3514 auribus
1481 3473 1732 3527 poscere,
1760 3459 1936 3512 curid
1964 3458 2061 3512 fle-

414 3546 494 3594 ret
527 3539 688 3595 nulla
715 3556 894 3596 causa
923 3545 1115 3596 esset:
1149 3541 1248 3596 sed
1284 3540 1341 3594 in
1366 3539 1559 3596 omnia
1591 3555 1716 3610 quas
1749 3539 1820 3594 de
1853 3538 2054 3608 hujus-

416 3621 573 3675 modi
609 3620 887 3676 membris
919 3637 1156 3676 sensum
1190 3619 1499 3691 cogitantis
1530 3620 1905 3689 attingerent,
1931 3619 2058 3674 sine

412 3699 532 3756 ullo
555 3700 765 3756 timore
787 3700 1130 3756 obcenitatis
1150 3700 1295 3754 liber
1318 3715 1510 3754 sermo
1535 3699 1816 3754 ferretur:
1843 3714 1946 3753 nec
1972 3699 2056 3768 ip-

410 3799 475 3838 sa
505 3782 678 3838 verba
708 3791 1062 3853 essentque
1076 3785 1420 3837 vocarentur
1444 3782 1734 3849 obscena;
1768 3781 1868 3836 sed
1889 3779 2055 3850 quid-

407 3863 543 3934 quid
579 3864 710 3918 inde
739 3863 1047 3929 diceretur,
1074 3867 1194 3917 tam
1225 3863 1535 3918 honestum
1570 3867 1743 3928 esset,
1771 3878 1947 3932 quam
1981 3861 2057 3920 de

410 3944 540 3998 aliis
563 3959 697 3997 cum
723 3942 1019 4012 loquimur
1039 3942 1296 4013 corporis
1322 3941 1898 4014 partibus.0uisquis
1925 3955 2056 4006 ergo

409 4023 477 4079 ad
513 4024 615 4078 has
648 4024 862 4078 litteras
893 4024 1225 4095 impudicus
1264 4024 1508 4090 accedit,
1531 4023 1765 4092 culpam
1791 4021 2054 4091 refugiat,

411 4122 525 4161 non
561 4110 865 4171 naturam;
901 4105 1046 4160 facta
1078 4103 1313 4160 denotet
1344 4120 1461 4159 suae
1503 4101 1908 4174 turpitudinis,
1943 4117 2059 4157 non

410 4189 586 4243 verba
610 4193 820 4244 nostra;
854 4187 1251 4256 necessitatis;
1280 4188 1339 4244 in
1373 4189 1590 4260 quibus
1619 4186 1760 4242 mihi
1787 4185 2058 4240 facillime

412 4268 660 4338 pudicus
682 4276 734 4324 et
758 4268 1070 4340 religiosus
1095 4269 1274 4324 lector
1304 4268 1388 4323 vel
1414 4268 1644 4324 auditor
1673 4265 2060 4338 ignoscit,do-

413 4363 518 4404 nec
548 4349 949 4404 infidelitatem
983 4349 1265 4416 refellam,
1302 4366 1414 4404 non
1450 4350 1519 4404 de
1552 4349 1660 4404 [ide
1683 4364 1878 4403 rerum
1904 4347 2059 4402 inex-

409 4438 719 4500 pertarum,
738 4432 835 4485 sed
861 4431 929 4484 de
952 4447 1120 4484 sensu
1141 4435 1508 4500 expertarum
1525 4445 1662 4499 argu
1680 4432 2057 4486 mentantem.

416 4511 573 4581 Legit
607 4512 762 4566 enim
797 4512 914 4566 haec
945 4511 1068 4565 sine
1107 4511 1445 4576 offensione,
1487 4510 1586 4580 qui
1633 4526 1745 4567 non
1791 4510 2060 4566 exhorret

415 4591 755 4663 Apostolum
787 4591 1074 4647 horrenda
1108 4591 1454 4646 feminarum
1489 4590 1706 4661 ﬂagitia
1746 4590 2059 4662 reprehen-

420 4675 678 4742 dentem,
713 4690 838 4744 quae
872 4672 1306 4729 immutaverunt
1338 4675 1652 4728 naturalem
1683 4674 1914 4728 usumin
1937 4688 2059 4727 eum

419 4772 580 4812 usum
610 4757 708 4826 qui
737 4760 816 4810 est
846 4760 1042 4812 centra
1077 4759 1331 4810 naturam
1373 4755 1552 4826 (Rom.
1586 4771 1625 4826 ι,
1675 4756 1762 4825 26)
1797 4771 1810 4810 :
1858 4753 2062 4825 praeci-

421 4851 534 4908 pue
567 4836 706 4907 quia
739 4853 842 4891 nos
874 4853 985 4893 non
1020 4835 1413 4892 damnabilem
1439 4835 1855 4891 obscenitatem
1883 4848 2056 4902 nunc,

416 4918 570 4973 sicut
610 4917 706 4971 ille
758 4933 1286 4974 commemoramus
1337 4923 1512 4989 atque
1557 4914 2058 4988 reprehendimus,

417 4999 515 5054 sed
551 4997 607 5050 in
656 4998 1041 5067 explicandis,
1093 5003 1378 5068 quantum
1418 5012 1748 5068 possumus,
1790 4995 2060 5050 humanm

482 5293 496 5328 ί
528 5289 675 5348 Lov.,
705 5285 965 5349 pudenda
993 5282 1222 5335 omnino
1253 5299 1363 5333 non
1394 5293 1585 5332 essent.
1610 5283 1787 5337 Abest,
1811 5281 2060 5340 omnino,

415 5355 482 5403 ab
518 5355 637 5403 aliis
666 5353 833 5402 libris.

480 5419 500 5450 ²
529 5416 685 5468 Editi,
718 5415 839 5464 ulla
860 5423 1086 5462 natura.
1121 5411 1298 5471 Abest,
1334 5410 1478 5472 ulla,
1506 5424 1538 5461 Β
1565 5411 1688 5462 Mes.

483 5482 502 5512 3
534 5479 724 5529 Omnes
753 5479 896 5538 Mss,
930 5474 1169 5524 membra
1216 5482 1276 5521 ut
1325 5483 1538 5537 exnteror,
1590 5473 1667 5522 ita
1714 5479 1911 5523 cuncta
1951 5484 2062 5519 ser-

419 5541 620 5591 virent.

1497 342 1600 402 DE
1643 338 2000 401 CIVITATE
2045 339 2199 413 DEI,
2247 337 2311 398 S.
2359 336 2781 402 AUGUSTINI

3721 339 3838 401 432

2189 480 2578 550 generationis
2628 479 3187 551 eli‘ectibus‘,verba
3251 487 3467 548 tamen,
3515 481 3666 537 sicut
3714 480 3836 546 ille,

2188 560 2440 618 obscena
2472 561 2749 619 vitamus.

2186 722 2414 779 CAPUT
2443 721 2631 778 XXIV.
2660 755 2730 764 —
2760 722 2911 792 Quod
2953 723 3197 779 insontes
3247 722 3501 779 homines
3544 730 3594 779 et
3629 721 3827 778 merito

2251 804 2580 858 obedienliw
2610 803 2670 858 in
2717 802 2982 874 paradiso
3031 816 3426 874 permanentes,
3451 805 3529 859 ita
3559 803 3825 873 genitali-

2253 883 2348 937 bus
2383 885 2637 939 membris
2664 883 2900 955 fuissent
2945 887 3107 939 usuri
3145 885 3216 940 ad
3256 887 3666 956 generationem
3701 899 3826 954 pro-

2252 963 2340 1032 lis,
2374 967 2515 1020 sicut
2544 968 2755 1022 celeris
2785 967 2855 1021 ad
2893 967 3189 1021 arbitrium
3221 965 3544 1021 voluntatis.

2249 1101 2302 1154 2.
2327 1099 2653 1156 Seminaret
2680 1101 2860 1173 igitur
2877 1101 3097 1174 prolem
3121 1101 3229 1171 vir,
3255 1102 3580 1174 susciperet
3607 1100 3827 1156 femina

2179 1181 2530 1250 genitalibus
2561 1184 2838 1238 membris
2856 1185 3084 1254 quando
3108 1184 3164 1238 id
3183 1199 3329 1255 opus
3351 1191 3523 1251 esset,
3548 1189 3605 1237 et
3635 1198 3825 1254 quan-

2179 1265 2304 1314 tum
2329 1275 2474 1331 Opus
2494 1265 2661 1327 esset,
2684 1264 2976 1318 voluntate
2999 1262 3196 1332 motis,
3221 1279 3335 1318 non
3356 1260 3599 1318 libidine
3629 1260 3826 1317 conci-

2177 1339 2336 1394 tatis.
2371 1339 2568 1413 Neque
2597 1341 2756 1396 enim
2803 1357 2872 1398 ea
2913 1343 3042 1398 sola
3091 1345 3358 1397 membra
3404 1357 3709 1396 movemus
3751 1342 3824 1396 ad

2178 1425 2407 1485 nutum,
2443 1438 2570 1493 qua
2600 1423 2921 1493 compactis
2941 1422 3250 1478 articulata
3280 1427 3420 1478 sunt
3448 1422 3706 1488 ossibus,
3741 1423 3826 1477 si-

2177 1504 2275 1556 cut
2306 1503 2480 1570 pedes
2511 1508 2568 1557 et
2609 1519 2820 1559 manus
2866 1509 2924 1558 et
2965 1503 3214 1575 digitos;
3255 1519 3458 1559 verum
3498 1503 3673 1558 etiam
3722 1503 3826 1559 illa

2177 1596 2304 1650 quae
2337 1581 2604 1638 mollibus
2633 1583 2876 1639 remissa
2903 1588 3041 1639 sunt
3085 1583 3295 1650 nervis,
3343 1599 3477 1638 cum
3521 1581 3823 1651 volumus,

2178 1677 2479 1718 movemus
2508 1665 2803 1734 agitando,
2836 1669 2895 1719 et
2937 1664 3284 1736 porrigendo
3317 1663 3720 1733 producimus,
3764 1669 3824 1719 et

2175 1745 2497 1812 torquendo
2545 1744 2852 1811 ﬂectimus,
2906 1750 2964 1800 et
3003 1744 3457 1816 constringendo
3501 1745 3812 1813 duramus;

2176 1823 2322 1878 sicut
2353 1839 2415 1879 ea
2449 1831 2589 1880 sunt
2617 1841 2744 1896 quas
2777 1827 2834 1880 in
2867 1841 2965 1880 ore
2995 1841 3062 1882 ac
3093 1826 3257 1890 facie,
3292 1831 3581 1896 quantum
3610 1829 3821 1896 potest,

2173 1907 2442 1959 voluntas
2474 1913 2684 1961 movet.
2723 1905 3035 1961 Pulmones
3066 1905 3320 1976 denique
3368 1905 3479 1976 ipsi
3526 1904 3817 1972 omnium,

2175 1985 2283 2040 nisi
2319 1983 2728 2055 medullarum,
2765 1985 3089 2042 mollissimi
3123 1987 3436 2052 viscerum,
3484 1990 3542 2040 et
3589 1986 3662 2041 ob
3711 1985 3822 2040 hoc

2175 2072 2343 2120 antro
2373 2067 2622 2135 pectoris
2653 2067 3020 2131 communiti,
3055 2067 3124 2120 ad
3168 2067 3441 2137 spiritum
3484 2067 3818 2121 ducendum

2175 2159 2239 2198 ac
2271 2144 2685 2200 remittendum
2739 2161 3052 2216 vocemque
3075 2146 3432 2201 emitendam
3466 2162 3566 2203 seu
3597 2145 3822 2200 modifi-

2175 2226 2445 2293 candam,
2495 2225 2648 2280 sicut
2707 2224 2873 2280 folles
2934 2225 3230 2280 fabrorum
3289 2225 3374 2280 vel
3437 2241 3814 2297 organorum,

2174 2303 2390 2374 ﬂantis,
2416 2306 2780 2378 respirantis,
2815 2305 3124 2377 loquentis,
3145 2305 3475 2372 clamantis,
3499 2307 3813 2372 cantantis,

2175 2386 2434 2441 serviunt
2473 2387 2779 2442 voluntati.
2821 2387 3036 2442 Omitto
3095 2387 3252 2458 quod
3291 2386 3648 2442 animalibus
3688 2388 3813 2457 qui-

2175 2467 2424 2522 busdam
2466 2467 2797 2523 naturaliter
2843 2467 3094 2522 inditum
3145 2472 3255 2536 est,
3307 2472 3372 2523 ut
3424 2473 3654 2540 tegmen
3695 2483 3813 2538 quo

2173 2564 2386 2620 corpus
2415 2565 2588 2604 omne
2617 2547 2877 2615 vestitur,
2912 2548 2961 2602 si
2993 2547 3131 2619 quid
3174 2548 3230 2602 in
3274 2563 3646 2619 quocumque
3685 2547 3810 2604 loco

2171 2628 2298 2698 ejus
2345 2629 2636 2684 senserint
2682 2628 3058 2698 abigendum,
3111 2627 3189 2683 ibi
3241 2632 3468 2683 tantum
3521 2631 3808 2693 moveant,

2172 2710 2271 2764 ubi
2302 2710 2593 2779 sentiunt;
2621 2725 2726 2765 nec
2747 2708 2935 2766 solum
2978 2709 3302 2764 insidentes
3327 2725 3574 2778 muscas,
3605 2723 3808 2765 verum

2169 2790 2342 2846 etiam
2377 2791 2658 2846 haerentes
2701 2789 2904 2845 hastas
2938 2790 2959 2822 ²
2998 2791 3147 2844 culis
3187 2797 3432 2845 tremore
3471 2791 3809 2845 discutiant.

2170 2871 2465 2942 Numquid
2491 2873 2625 2942 quia
2649 2871 2704 2926 id
2729 2888 2843 2926 non
2866 2875 3054 2942 potest
3073 2871 3263 2935 homo,
3286 2870 3412 2926 ideo
3435 2871 3814 2942 Creatorqui-

2172 2951 2283 3006 bus
2305 2951 2487 3006 voluit
2518 2951 2918 3007 animantibus
2949 2951 3166 3007 donare
3197 2967 3310 3006 non
3337 2949 3566 3021 potuit?
3596 2951 3693 3006 Sic
3725 2967 3816 3006 er-

2169 3047 2238 3101 go
2270 3039 2322 3086 et
2353 3032 2479 3101 ipse
2511 3031 2684 3088 homo
2717 3030 2906 3103 potuit
2937 3032 3327 3087 obedientiam
3367 3031 3540 3086 etiam
3575 3031 3820 3086 inferio-

2168 3127 2298 3166 rum
2334 3112 2546 3167 habere
2581 3113 3000 3179 membrorum,
3049 3129 3228 3182 quam
3270 3129 3378 3166 sua
3417 3111 3820 3166 inobedientia

2168 3193 2450 3265 perdidit.
2494 3197 2692 3264 Neque
2726 3193 2881 3248 enim
2925 3193 3038 3248 Deo
3082 3191 3318 3248 difficile
3358 3193 3467 3248 fuit
3511 3193 3593 3246 sic
3643 3191 3814 3248 illum

2168 3273 2437 3342 condere,
2473 3280 2537 3330 ut
2566 3274 2624 3328 in
2657 3275 2784 3345 ejus
2814 3290 2984 3330 carne
3017 3273 3190 3328 etiam
3225 3273 3370 3328 illud
3406 3273 3641 3329 nonnisi
3683 3274 3817 3344 ejus

2163 3355 2462 3411 voluntate
2495 3361 2846 3422 moveretur,
2880 3356 3032 3427 quod
3063 3370 3217 3410 nunc
3249 3355 3363 3410 nisi
3405 3354 3648 3410 libidine
3693 3369 3812 3410 non

2165 3442 2452 3492 movetur.

2233 3514 2283 3572 2.
2317 3517 2462 3573 Nam
2495 3525 2548 3574 et
2581 3518 2886 3574 hominum
2921 3518 3314 3588 quorumdam
3359 3520 3601 3572 naturas
3640 3514 3810 3571 novi-

2165 3615 2300 3655 mus
2333 3601 2579 3655 multum
2613 3599 2832 3656 caeteris
2863 3599 3148 3670 dispares,
3181 3603 3238 3655 et
3267 3599 3394 3670 ipsa
3433 3600 3670 3654 raritate
3707 3597 3812 3654 mi-

2164 3679 2399 3748 rabiles,
2434 3679 2714 3736 nonnulla
2744 3685 2808 3735 ut
2836 3679 3040 3736 volunt
3070 3681 3140 3735 de
3170 3696 3406 3752 corpore
3445 3679 3806 3747 facientium,

2162 3776 2287 3830 qua:
2319 3761 2417 3816 alii
2451 3760 2610 3816 nullo
2653 3761 2821 3816 modo
2869 3765 3134 3831 possunt,
3172 3766 3227 3816 et
3273 3760 3476 3816 audita
3531 3761 3623 3814 vix
3681 3775 3809 3815 cre-

2164 3842 2329 3897 dunt.
2365 3842 2511 3897 Sunt
2531 3841 2686 3896 enim
2720 3841 2818 3912 qui
2850 3847 2906 3898 et
2937 3858 3110 3898 aures
3152 3850 3418 3898 moveant
3459 3842 3544 3896 vel
3593 3843 3805 3912 singu-

2165 3919 2273 3987 las,
2305 3921 2392 3977 vel
2436 3925 2638 3978 ambas
2678 3921 2878 3978 simul.
2931 3922 3076 3977 Sunt
3125 3922 3225 3994 qui
3278 3927 3456 3978 totum
3507 3921 3811 3977 caesariem

2165 4003 2352 4074 capite
2397 4003 2659 4069 immoto,
2693 4007 2979 4074 quantum
3031 4002 3221 4072 capilli
3271 4007 3577 4072 occupant,
3634 4003 3815 4072 depo-

2165 4090 2314 4140 nunt
2353 4084 2426 4140 ad
2466 4086 2732 4151 frontem,
2777 4089 3164 4155 revocantque
3212 4099 3346 4138 cum
3396 4082 3614 4138 volunt.
3665 4087 3819 4138 Sunt

2167 4164 2265 4234 qui
2295 4181 2496 4220 eorum
2541 4181 2665 4236 quae
2715 4164 3042 4220 voraverint
3091 4163 3511 4219 incredibiliter
3561 4163 3819 4232 plurima

2166 4251 2221 4300 et
2279 4245 2453 4312 varia,
2516 4244 2824 4316 paululum
2885 4244 3214 4314 praeordiis
3267 4245 3634 4300 contrectatis
3683 4249 3818 4299 tan-

2165 4342 2341 4397 quam
2386 4326 2457 4382 de
2514 4327 2742 4382 sacculo
2803 4327 2952 4395 quod
3011 4325 3291 4397 placuerit
3370 4326 3815 4398 integerrimum

2167 4407 2487 4477 proferunt.
2521 4407 2772 4470 Quidam
2833 4422 3000 4462 voces
3050 4406 3244 4462 avium
3303 4421 3696 4478 pecorumque
3752 4410 3820 4462 et

2167 4488 2416 4543 aliorum
2439 4489 2833 4558 quorumlibet
2858 4488 3157 4542 hominum
3183 4488 3267 4544 sic
3297 4487 3606 4542 imitantur
3629 4491 3816 4558 atque

2165 4567 2518 4640 exprimunt,
2552 4572 2613 4623 ut
2641 4567 2750 4624 nisi
2784 4567 3111 4634 videantur,
3146 4567 3399 4624 discerni
3423 4567 3662 4623 omnino
3690 4583 3814 4622 non

2167 4647 2407 4720 possint.
2441 4647 2720 4704 Nonnulli
2768 4649 2839 4703 ab
2891 4647 3006 4703 imo
3055 4647 3182 4704 sine
3231 4649 3458 4719 paedore
3492 4645 3515 4679 ³
3564 4646 3682 4703 ullo
3731 4648 3816 4703 ita

2166 4745 2508 4787 numerosos
2566 4745 2664 4800 pro
2715 4727 2954 4783 arbitrio
3009 4727 3238 4783 sonitus
3269 4727 3468 4789 edunt,
3505 4733 3568 4782 ut
3611 4743 3678 4782 ex
3710 4726 3818 4782 illa

2166 4813 2341 4869 etiam
2374 4815 2533 4884 parte
2565 4814 2800 4866 cantare
2830 4809 3155 4864 videantur.
3178 4809 3307 4879 ipse
3347 4825 3474 4862 sum
3514 4812 3818 4878 expertus,

2167 4895 2378 4949 sudare
2426 4891 2722 4947 hominem
2772 4889 2958 4945 solere
3006 4906 3138 4945 cum
3189 4888 3379 4945 vellet.
3429 4887 3648 4944 Notum
3697 4893 3816 4956 est,

2167 4975 2451 5044 quosdam
2485 4973 2621 5028 ﬂere
2667 4987 2797 5026 cum
2841 4971 3065 5037 volunt,
3109 4975 3282 5042 atque
3327 4967 3580 5024 ubertim
3621 4967 3817 5040 lacry-

2167 5070 2290 5109 mas
2340 5053 2599 5107 fundere.
2647 5050 2776 5106 Jam
2825 5049 2972 5105 illud
3023 5050 3209 5106 multo
3261 5054 3351 5105 est
3403 5047 3819 5105 incredibilius

2166 5135 2320 5207 quod
2348 5134 2602 5205 plerique
2635 5133 2837 5189 fratres
2870 5132 3153 5190 memoria
3177 5131 3585 5189 recentissima
3603 5146 3822 5204 exper-

2167 5217 2211 5273 ti
2242 5221 2398 5274 sunt.
2433 5215 2737 5288 Presbyter
2767 5215 2880 5271 fuit
2920 5215 3156 5288 quidam
3196 5213 3431 5272 nomine
3472 5211 3816 5270 Restitutus

2235 5411 2248 5445 1
2282 5407 2340 5456 In
2369 5406 2482 5456 sola
2508 5405 2736 5456 editione
2764 5407 2910 5466 Lov.,
2943 5404 3247 5470 aﬂectibus.

2231 5470 2252 5505 ³
2280 5471 2434 5518 Vind.
2465 5471 2578 5519 Am.
2611 5473 2664 5519 et
2691 5470 2794 5526 Er.,
2829 5469 3051 5518 aristas.

2234 5536 2254 5564 τι
2285 5534 2369 5584 Sic
2397 5534 2517 5584 Mss.
2550 5533 2684 5583 Editi
2713 5547 2855 5596 vero,
2877 5533 3108 5597 pudore.
