4138 6192
349 357 464 421 433

345 494 405 575 in
436 493 685 575 parmcia
716 494 1070 552 Calamensis
1101 498 1174 571 (a)
1212 497 1497 571 Ecclesiae,
1531 504 1628 574 qui
1662 507 1896 575 quando
1938 509 1992 564 ei

344 572 615 646 placebat
647 574 988 645 (rogabatur
1030 585 1219 633 autem
1275 584 1334 635 ut
1381 581 1489 637 hoc
1530 572 1742 639 faceret
1787 586 1858 640 ab
1907 588 1991 643 eis

343 654 441 725 qui
468 670 590 709 rem
624 654 946 710 mirabilem
975 673 1167 713 coram
1201 660 1349 715 scire
1381 661 1743 735 cupiebant),
1767 665 1841 721 ad
1865 666 1990 722 imi-

340 741 487 792 tatas
530 738 698 806 quasi
732 736 1103 795 lamentantis
1147 742 1465 812 cujuslibet
1502 745 1756 802 hominis
1799 765 1993 816 voces,

335 818 418 874 ita
448 834 511 874 se
541 820 838 875 auferebat
878 837 912 875 a
957 821 1250 891 sensibus,
1293 828 1349 879 et
1386 826 1613 894 jacebat
1661 829 1993 886 simillimus

336 908 590 983 mor-tuo,
623 908 684 955 ut
716 916 828 983 non
862 902 1423 983 solumivellicantes
1456 912 1627 979 atque
1661 916 1985 983 pungentes

1530 370 1753 431 LIBER
1801 373 2164 443 QUARTUS
2208 377 2574 441 DECIMUS.

3635 390 3749 451 434

2101 518 2337 608 CAl’UT
2376 520 2564 608 XXVI.
2600 555 2670 608 _—-
2716 525 2878 608 Quod
2905 526 3144 594 felicitas
3177 528 3236 583 in
3281 531 3541 596 paradiso
3572 535 3754 589 viven-

2171 600 2312 685 tium
2336 600 2458 685 sine
2487 604 2849 659 erubescendo
2880 610 3124 676 appetitu
3157 611 3463 676 generandi
3501 615 3751 685 ofﬁcium

2175 681 2444 738 credenda
2473 685 2545 739 sit
2571 686 2802 756 implere
2820 688 3077 757 potuisse.

2167 818 2410 875 Vivebat
2440 821 2636 893 itaque
2686 822 2861 879 homo
2895 825 2953 879 in
2987 826 3253 895 paradiso
3313 826 3465 882 sicut
3495 830 3743 902 volebat,

2096 903 2375 971 quamdiu
2408 902 2515 959 hoc
2546 904 2773 960 volebat
2806 908 2959 977 quod
2993 907 3148 963 Deus
3172 911 3433 977 jusserat
3465 925 3477 966 :
3512 910 3740 974 vivebat

333 978 578 1034 minime
608 980 869 1048 sentiret,
899 983 1001 1036 sed
1036 982 1351 1055 aliquando
1382 978 1558 1043 etiam
1604 978 1737 1059 igne
1784 978 1988 1047 urere—
2094 982 2290 1037 fruens
2324 988 2457 1051 υθο»
2490 1001 2557 1039 ex
2585 1002 2696 1055 ί]υο
2722 986 2871 1041 δοηο
2904 993 3027 1042 erat
3058 988 3246 1043 bonus
3281 1006 3293 1043 ἒ
3343 991 3573 1045 Vivebat
3616 994 3743 1050 Sine

333 1062 433 1142 tur
460 1060 719 1142 admoto,
752 1060 876 1117 sine
910 1062 1026 1118 ullo
1072 1064 1288 1121 doloris
1332 1083 1531 1137 sensu,
1574 1069 1687 1125 nisi
1734 1075 1987 1142 postmo-

334 1139 472 1195 dum
499 1156 570 1196 ex
598 1140 837 1197 vulnere
872 1159 885 1197 :
926 1160 1040 1198 non
1087 1150 1284 1201 autem
1338 1147 1675 1219 obnitendo,
1724 1139 1825 1207 sed
1870 1169 1983 1209 non

331 1219 636 1303 sentiendo
695 1238 811 1277 non
865 1238 1093 1279 movere
1153 1242 1385 1297 corpus,
1464 1244 1530 1284 eo
1599 1232 1979 1303 probabatur,

330 1302 485 1372 quod
518 1306 800 1373 tanquam
833 1303 891 1358 in
919 1304 1189 1361 defuncto
1216 1306 1413 1363 nullus
1443 1308 1848 1367 inveniebatur
1877 1302 1979 1369 an?

329 1381 549 1439 helitus
581 1400 595 1439 :
631 1383 936 1441 hominum
967 1390 1165 1443 tamen
1195 1404 1385 1455 voces,
1411 1390 1460 1445 si
1511 1390 1734 1448 clarius
1779 1393 1980 1464 loque-

327 1467 549 1543 rentur,
593 1468 874 1535 tanquam
928 1465 999 1519 de
1047 1464 1363 1541 longinquo
1413 1485 1474 1524 se
1522 1471 1725 1528 audire
1776 1480 1977 1543 postea

326 1542 628 1600 referebat.
662 1550 806 1599 Cum
838 1545 1034 1616 itaque
1065 1563 1274 1618 corpus
1299 1549 1476 1604 etiam
1527 1568 1681 1607 nunc
1725 1542 1973 1623 quihus-

324 1623 484 1692 dam,
517 1623 654 1680 licet
692 1623 750 1678 in
791 1640 965 1681 carne
1012 1627 1339 1698 coruptibili
1392 1628 1539 1685 hanc
1584 1648 1970 1688 aerumnosam

322 1702 672 1759 ducentibus
702 1704 902 1773 vitam,
935 1706 1015 1761 ita
1060 1706 1120 1761 in
1173 1708 1466 1780 plerisque
1516 1712 1866 1767 motionibus
1914 1719 1971 1768 et

320 1785 726 1841 affectionibus
757 1790 917 1841 extra
950 1786 1227 1843 usitatum
1258 1794 1475 1845 naturas
1510 1794 1744 1847 modum
1788 1794 1965 1849 mira-

318 1865 514 1921 biliter
544 1866 787 1933 serviat;
822 1867 957 1937 quid
991 1884 1179 1924 caussa
1220 1874 1326 1937 est,
1378 1874 1441 1925 ut
1495 1888 1607 1928 non
1658 1874 1963 1931 credamus

314 1950 447 2027 ante
477 1946 882 2003 inobedieutiaa
924 1955 1225 2020 peccatum
1278 1954 1781 2027 corruptionisque
1828 1973 1960 2027 sup-

310 2026 577 2098 plicium,
610 2029 679 2082 ad
728 2030 1160 2100 propagandam
1193 2032 1415 2102 prolem
1449 2034 1575 2089 sine
1606 2035 1722 2089 ulla
1767 2026 1960 2091 libidi-

310 2122 384 2162 ne
406 2109 622 2165 servire
654 2110 938 2164 voluntati
974 2111 1241 2166 humanas
1274 2112 1535 2169 humana
1569 2116 1831 2171 membra
1864 2134 1962 2187 po-

310 2188 545 2245 tuisse?
569 2190 831 2245 Donatus
884 2195 972 2246 est
1018 2194 1211 2262 itaque
1249 2193 1423 2250 homo
1456 2195 1589 2261 sibi,
1625 2196 1762 2266 quia
1794 2199 1959 2252 dese-

308 2270 429 2323 ruit
463 2274 640 2323 Deum
687 2268 966 2340 placendo
1010 2270 1168 2325 sibi:
1224 2277 1281 2327 et
1325 2290 1441 2329 non
1488 2275 1767 2330 obediens
1819 2276 1957 2347 Deo,

310 2364 432 2404 non
465 2349 655 2420 potuit
684 2351 917 2406 obedire
947 2366 1052 2407 nec
1082 2352 1215 2407 sibi.
1252 2353 1396 2409 Hinc
1430 2355 1745 2411 evidentior
1780 2358 1958 2413 mise-

305 2428 421 2495 ria,
457 2429 609 2500 qua1
641 2430 815 2486 homo
848 2448 960 2487 non
994 2432 1136 2487 vivit
1187 2438 1252 2488 ut
1281 2435 1425 2500 vult,
1458 2438 1605 2491 Nam
1639 2436 1688 2491 si
1733 2442 1797 2491 ut
1836 2438 1958 2494 vel-

304 2506 389 2564 let
413 2508 648 2575 viveret,
679 2511 913 2566 beatum
945 2528 1008 2568 se
1039 2516 1266 2580 putaret
1299 2530 1311 2568 :
1346 2516 1448 2570 sed
1483 2531 1589 2572 nec
1632 2517 1716 2572 sic
1753 2523 1950 2574 tamen

304 2592 484 2654 esset,
518 2589 567 2645 si
601 2591 849 2663 turpiter
880 2592 1118 2649 viveret.

303 2719 537 2777 CAPUT
566 2719 730 2776 XXV.
763 2751 831 2762 —-
859 2722 934 2777 De
972 2736 1102 2777 vera
1133 2723 1493 2793 beatitudine,
1527 2741 1687 2797 quam
1742 2731 1951 2798 tempo-

793 2802 931 2857 ralis
961 2802 1076 2857 vita
1107 2817 1214 2857 non
1238 2802 1458 2860 obtinet.

370 2927 714 3000 Quanquam
736 2926 782 2983 si
801 2927 1143 3000 diligentius
1163 2931 1559 3002 attendamus,
1579 2933 1691 2990 nisi
1717 2936 1945 3005 beatus,

294 3024 414 3065 non
445 3009 584 3064 vivit
606 3016 664 3063 ut
694 3008 857 3064 vult:
883 3015 940 3064 et
970 3009 1170 3065 nullus
1193 3012 1418 3079 beatus,
1453 3013 1567 3069 nisi
1593 3015 1810 3085 justus.
1836 3018 1943 3073 Sed

293 3090 467 3146 etiam
501 3089 851 3159 ipsejustus
886 3106 998 3146 non
1056 3090 1191 3147 vivit
1224 3095 1287 3147 ut
1309 3092 1450 3163 vult,
1486 3094 1598 3150 nisi
1650 3113 1716 3151 eo
1747 3113 1944 3168 perve-

295 3172 466 3239 nerit,
501 3171 599 3227 ubi
648 3174 818 3240 mori,
853 3170 997 3239 falli,
1031 3172 1245 3228 oii'endi
1290 3174 1526 3230 omnino
1560 3192 1671 3231 non
1705 3178 1893 3247 possit
1925 3195 1938 3233 :

289 3252 463 3324 eique
493 3251 571 3306 sit
602 3257 849 3319 certum,
883 3252 967 3307 ita
1022 3268 1257 3324 semper
1288 3254 1572 3309 futurum.
1635 3256 1751 3311 Hoc
1782 3258 1940 3313 enim

288 3337 497 3387 natura
520 3331 772 3402 expetit:
799 3348 903 3387 nec
939 3332 1106 3403 plene
1124 3338 1296 3405 atque
1328 3334 1579 3405 perfecte
1611 3335 1780 3392 beata
1810 3337 1939 3407 erit,

289 3412 406 3469 nisi
438 3413 648 3483 adepta
669 3413 821 3483 quod
854 3414 1089 3484 expetit.
1114 3413 1278 3468 Nunc
1312 3430 1441 3469 vero
1466 3416 1599 3485 quis
1634 3416 1939 3472 hominum

288 3497 480 3564 potest
512 3500 572 3548 ut
605 3492 727 3547 vult
749 3494 961 3561 vivere,
995 3494 1229 3565 quando
1260 3493 1458 3565 ipsum
1482 3496 1672 3549 vivere
1705 3512 1815 3550 non
1852 3501 1943 3552 est

286 3573 351 3629 in
383 3578 669 3644 potestate
689 3574 717 3629 ?
744 3575 948 3629 Vivere
979 3574 1133 3630 enim
1166 3577 1313 3645 vult,
1342 3574 1488 3630 mori
1513 3576 1763 3646 cogitur.
1789 3576 1941 3639 Quo-

288 3657 467 3712 modo
518 3673 652 3727 ergo
683 3657 825 3713 vivit
872 3665 933 3712 ut
977 3660 1120 3724 vult,
1156 3658 1252 3728 qui
1300 3674 1416 3712 non
1473 3658 1611 3711 vivit
1666 3659 1940 3728 quamdiu

283 3736 411 3791 vult
443 3736 471 3790 ?
531 3738 693 3801 Quod
735 3736 784 3792 si
826 3736 975 3793 mori
1005 3737 1276 3806 voluerit,
1307 3737 1600 3808 quomodo
1635 3743 1826 3807 potest
1876 3743 1941 3793 ut

290 3814 414 3871 vult
446 3817 661 3883 vivere,
693 3817 793 3888 qui
833 3833 945 3873 non
975 3817 1098 3872 vult
1131 3817 1321 3872 vivere
1350 3818 1378 3871 ?
1407 3817 1475 3872 Et
1523 3816 1571 3873 si
1605 3818 1732 3873 ideo
1793 3818 1940 3873 mori

286 3896 449 3966 velit,
482 3914 597 3952 nou
659 3914 773 3968 quo
828 3898 972 3953 nolit
1002 3899 1211 3965 vivere,
1248 3898 1349 3953 sed
1384 3902 1447 3952 ut
1501 3902 1632 3967 post
1690 3904 1939 3954 mortem

288 3977 505 4034 melius
534 3978 721 4035 vivat:
760 3980 1020 4035 nondum
1075 3995 1210 4049 ergo
1245 3983 1307 4033 ut
1336 3977 1458 4034 vult
1478 3978 1641 4040 vivit,
1675 3981 1771 4033 sed
1805 3996 1936 4035 cum

286 4059 361 4115 ad
395 4059 450 4114 id
479 4060 635 4132 quod
669 4060 808 4127 vult,
842 4061 1139 4117 moriendo
1183 4060 1525 4131 pervenerit.
1564 4062 1769 4115 Verum
1805 4077 1936 4117 ecce

270 4138 436 4195 vivat
468 4143 535 4194 ut
561 4139 705 4206 vult,
729 4141 1007 4212 quoniam
1032 4140 1140 4196 sibi
1169 4140 1407 4197 extorsit
1431 4139 1658 4207 sibique
1687 4141 1934 4212 impera-

274 4216 363 4275 vit
394 4236 511 4277 non
554 4219 700 4276 velle
744 4222 898 4292 quod
960 4238 1075 4276 non
1139 4227 1341 4294 potest,
1404 4225 1575 4292 atque
1624 4220 1731 4278 hoc
1791 4221 1935 4279 velle

281 4301 436 4371 quod
480 4305 671 4374 potest
703 4318 717 4370 ;
751 4302 905 4358 sicut
926 4302 1007 4359 ait
1036 4302 1364 4371 Terentius,

522 4432 785 4491 Quoniam
813 4445 923 4481 non
950 4433 1123 4495 potest
1149 4432 1205 4481 id
1230 4432 1350 4483 fieri
1379 4436 1522 4496 quod
1549 4435 1651 4492 vis,

333 4495 393 4545 Id
422 4495 562 4546 velis
590 4496 731 4559 quod
760 4495 930 4559 possit
953 4508 965 4543 :

764 4557 929 4622 (And.
962 4567 1069 4607 act.
1098 4557 1147 4620 2,
1177 4573 1318 4608 scen.
1352 4559 1399 4619 1,
1430 4576 1479 4612 υ.
1506 4561 1554 4619 5,
1582 4562 1673 4625 6.).

265 4691 411 4733 num
442 4676 572 4733 ideo
592 4677 800 4733 beatus
822 4681 926 4745 est,
952 4677 1090 4749 quia
1113 4677 1400 4749 patienter
1430 4679 1611 4737 miser
1631 4684 1759 4738 est?
1793 4684 1931 4738 Bea-

262 4766 325 4814 ta
354 4758 573 4830 quippe
605 4758 721 4814 vita
750 4757 802 4814 si
824 4774 941 4814 non
972 4764 1221 4825 amatur,
1249 4775 1359 4815 non
1386 4759 1651 4817 habetur.
1682 4764 1851 4819 Porro
1876 4764 1923 4819 si

266 4839 1079 4908 amaturethabetur,ca3teris
1091 4840 1358 4895 omnibus
1372 4842 1540 4897 rebus
1554 4842 1929 4900 excellentius

264 4937 512 4979 necesse
524 4926 878 4978 estametur:
900 4921 1174 4991 quoniam
1193 4927 1426 4992 propter
1439 4922 1587 4978 hanc
1605 4927 1927 4982 amandum

264 5007 358 5060 est
382 5002 674 5074 quidquid
699 5001 857 5059 aliud
882 5008 1134 5059 amatur.
1158 5006 1333 5059 Porro
1356 5002 1407 5058 si
1425 5008 1653 5060 tantum
1673 5014 1923 5075 amatur,

265 5086 565 5155 quantum
613 5083 799 5139 amari
845 5083 1023 5154 digna
1066 5086 1155 5138 est
1208 5084 1346 5155 (non
1380 5086 1538 5141 enim
1572 5087 1778 5143 beatus
1818 5096 1923 5157 est,

262 5180 302 5220 ι
331 5180 446 5236 quo
480 5164 607 5235 ipsa
665 5164 834 5220 beata
877 5164 999 5219 vita
1039 5180 1151 5220 non
1194 5169 1421 5221 amatur
1470 5170 1533 5221 ut
1579 5166 1757 5239 digna
1787 5172 1920 5240 est),

264 5243 395 5302 ﬁeri
418 5261 539 5301 non
561 5248 775 5316 potest,
799 5248 863 5301 ut
893 5262 1019 5301 eam
1055 5244 1147 5316 qui
1176 5246 1260 5303 sic
1292 5252 1470 5313 amat,
1496 5265 1611 5304 non
1644 5254 1920 5307 mternam

262 5325 428 5383 velit.
462 5325 630 5382 Tunc
662 5326 842 5398 igitur
873 5326 1041 5383 beata
1070 5328 1183 5382 erit
1210 5329 1445 5398 quando
1477 5333 1686 5383 aeterna
1717 5329 1845 5384 erit.

329 5481 343 5515 ί
380 5476 613 5527 Nonnuli
638 5477 783 5534 Mss,
814 5476 963 5540 quia.
994 5476 1057 5527 Et
1084 5478 1319 5540 quidam.
1352 5494 1480 5540 quo.

323 5541 407 5606 (a)
437 5540 672 5606 Calama,
690 5540 770 5606 Ade
799 5540 1019 5606 qu_a__hio
1045 5541 1301 5606 loquitur,
1332 5555 1458 5606 Anon
1500 5541 1798 5606 thuiciae
1830 5558 1917 5606 op-

298 5604 465 5665 idum
499 5604 597 5660 est,
643 5604 707 5652 ut
742 5603 963 5653 credidit
990 5604 1285 5653 Ludovicus
1330 5604 1505 5659 Vives,
1559 5604 1647 5653 sed
1692 5603 1915 5665 Africae,

315 5670 399 5717 ter
426 5664 722 5729 Hipponem
751 5668 803 5716 et
829 5666 1026 5715 Cirtam
1057 5667 1236 5719 situm.
1267 5667 1331 5715 de
1359 5680 1463 5729 quo
1493 5668 1916 5729 frequentissime

255 5728 609 5793 Augustinus.

2092 1061 2212 1116 ulla
2242 1070 2515 1135 egestate,
2541 1066 2621 1120 ita
2642 1083 2872 1138 semper
2894 1068 3082 1123 vivere
3105 1069 3327 1124 habens
3346 1070 3403 1124 in
3429 1076 3726 1140 potestate.

2089 1140 2265 1198 Cibus
2288 1145 2505 1213 aderat,
2531 1162 2601 1201 ne
2623 1149 2908 1215 csuriret;
2939 1153 3132 1219 potus,
3158 1165 3229 1204 ne
3253 1149 3477 1216 sitiret;
3509 1151 3732 1221 lignum

2085 1222 2236 1303 vitae,
2256 1225 2503 1281 neillum
2522 1233 2754 1283 senecta
2779 1229 3139 1285 dissolveret.
3161 1229 3317 1285 Nihil
3350 1233 3738 1303 corruptionis

2086 1302 2144 1357 in
2177 1321 2417 1376 corpore
2448 1307 2535 1362 vel
2559 1324 2627 1363 ex
2658 1325 2895 1380 corpore
2918 1310 3068 1367 ullas
3102 1310 3404 1367 molestias
3436 1302 3569 1367 ullis
3610 1315 3735 1383 ejus

2082 1384 2355 1442 sensibus
2404 1388 2725 1459 ingerebat.
2796 1390 3006 1445 Nullus
3063 1392 3412 1447 intrinsecus
3468 1394 3729 1462 morbus,

2079 1465 2282 1521 nullus
2312 1466 2467 1523 ictus
2499 1471 2869 1525 metuebatur
2920 1472 3306 1527 extrinsecus.
3365 1476 3609 1527 Summa
3666 1475 3724 1529 in

2078 1560 2252 1601 carne
2283 1548 2529 1613 sanitas,
2562 1550 2623 1603 in
2664 1550 2860 1605 anima
2891 1552 2905 1585 ¹
2958 1556 3077 1606 tota
3120 1552 3536 1623 tranquillitas.
3569 1554 3728 1609 Sicut

2074 1623 2135 1681 in
2171 1627 2439 1695 paradiso
2474 1628 2672 1684 nullus
2702 1635 2883 1686 aastus
2914 1636 3013 1686 aut
3045 1632 3253 1703 frigus,
3286 1632 3365 1686 ita
3387 1632 3441 1686 in
3471 1633 3598 1702 ejus
3630 1633 3723 1687 ha-

2072 1705 2321 1763 bitatore
2347 1708 2509 1764 nulla
2536 1720 2601 1764 ex
2634 1710 2948 1778 cupiditate
2989 1712 3074 1767 vel
3107 1714 3315 1767 timore
3361 1714 3669 1767 accedebat
3700 1714 3720 1748 ³

2068 1785 2235 1844 bonas
2257 1790 2574 1845 voluntatis
2601 1791 2863 1848 oil‘ensio.
2894 1792 3049 1846 Nihil
3084 1793 3323 1848 omnino
3355 1793 3539 1862 triste,
3574 1794 3718 1850 nihil

2067 1873 2189 1923 erat
2221 1870 2476 1925 inaniter
2506 1870 2702 1927 laetum
2733 1890 2745 1939 ;
2780 1874 3060 1944 gaudium
3106 1890 3307 1928 verum
3338 1873 3360 1906 ³
3410 1881 3717 1942 perpetua-

2068 1946 2239 2003 batur
2267 1965 2335 2004 ex
2370 1951 2502 2018 Deo,
2537 1950 2593 2004 in
2628 1968 2801 2023 quem
2834 1951 3117 2023 ﬂagrabat
3147 1953 3398 2007 charitas
3429 1952 3499 2007 de
3546 1956 3717 2010 corde

2067 2043 2211 2096 puro
2242 2033 2299 2084 et
2328 2031 2687 2086 conscientia
2740 2032 2893 2087 bona
2950 2040 3003 2087 et
3034 2033 3146 2087 fide
3194 2049 3309 2086 non
3345 2032 3543 2101 ﬁcta(l
3581 2034 3711 2091 Tim.

2065 2124 2106 2175 ι,
2138 2108 2194 2180 5)
2232 2125 2244 2162 :
2278 2114 2453 2181 atque
2486 2113 2636 2166 inter
2682 2128 2744 2166 se
2800 2114 3120 2181 conjugum
3179 2113 3295 2167 tida
3343 2128 3409 2166 ex
3466 2112 3711 2170 honesto

2063 2206 2262 2244 amore
2286 2192 2556 2259 societas,
2580 2208 2821 2248 concors
2840 2194 3055 2246 mentis
3088 2192 3461 2262 corporisque
3493 2192 3707 2261 vigilia,

2062 2272 2120 2323 et
2147 2270 2404 2323 mandati
2439 2271 2567 2325 sine
2598 2271 2797 2326 labore
2829 2272 3115 2326 custodia.
3150 2272 3273 2325 Non
3310 2270 3595 2325 lassitudo
3626 2274 3706 2325 fn-

2060 2349 2283 2422 tigabat
2305 2352 2581 2417 otiosum,
2606 2368 2721 2407 non
2746 2368 2987 2407 somnus
3015 2352 3315 2423 premebat
3336 2350 3581 2405 invitum
3607 2354 3702 2421 (a).

2060 2429 2123 2485 In
2160 2436 2321 2486 tanta
2380 2431 2659 2487 facilitate
2718 2449 2911 2488 rerum
2958 2440 3010 2487 et
3060 2430 3330 2487 felicitate
3378 2430 3702 2500 hominum,

2060 2510 2213 2564 absit
2244 2519 2305 2565 ut
2336 2513 2709 2583 suspicemur
2730 2529 2841 2567 non
2877 2512 3141 2583 potuisse
3173 2510 3392 2580 prolem
3427 2512 3540 2565 seri
3577 2514 3703 2567 sine

2056 2590 2315 2648 libidinis
2334 2594 2532 2649 morbo
2559 2610 2572 2647 :
2598 2594 2697 2649 sed
2722 2610 2787 2649 eo
2818 2592 3137 2648 voluntatis
3160 2596 3304 2647 nutu
3338 2597 3703 2649 moverentur

2054 2670 2155 2728 illa
2183 2675 2445 2729 membra
2471 2690 2585 2745 quo
2620 2678 2846 2741 caetera,
2869 2677 2926 2729 et
2955 2674 3083 2728 sine
3106 2671 3328 2727 ardoris
3359 2672 3698 2729 illecebroso

2053 2753 2292 2810 stimulo
2325 2770 2455 2810 cum
2489 2754 2913 2826 tranquillitate
2944 2753 3125 2809 animi
3156 2756 3213 2808 et
3243 2754 3503 2824 corporis
3537 2754 3696 2809 nulla

2054 2836 2420 2905 corruptione
2478 2836 2827 2906 integritatis
2858 2835 3269 2890 intenderetur
3302 2832 3525 2905 gremio
3560 2850 3692 2888 ma-

2050 2914 2200 2969 ritus
2233 2914 2425 2970 uxoris
2459 2916 2695 2987 (Ᾰῑηεὶά.
2731 2915 2825 2970 tib.
2858 2918 2913 2984 8,
2949 2930 3087 2971 vers.
3123 2915 3269 2985 406).
3302 2918 3502 2986 Neque
3540 2914 3695 2969 enim

2050 2994 2182 3066 quia
2202 2996 2557 3069 experientia
2571 2997 2803 3068 probari
2824 3013 2937 3052 non
2960 3000 3169 3068 potest,
3188 2996 3316 3052 ideo
3336 2996 3692 3051 credendum

2049 3091 2163 3130 non
2194 3081 2284 3133 est
2315 3100 2329 3145 ;
2363 3077 2597 3148 quando
2641 3075 2769 3131 illas
2799 3079 3059 3148 corporis
3101 3082 3292 3147 partes
3332 3091 3447 3131 non
3496 3081 3695 3147 ageret

2045 3156 2319 3211 turbidus
2352 3156 2533 3224 calor,
2565 3158 2664 3213 sed
2698 3162 3023 3226 spontanee
3056 3159 3334 3227 potestas,
3370 3156 3519 3210 sicut
3550 3172 3695 3226 opus

2045 3246 2214 3306 esset,
2248 3237 2583 3307 adhiberet;
2617 3239 2697 3293 ita
2738 3243 2877 3294 tunc
2910 3238 3171 3310 potuisse
3203 3242 3366 3292 utero
3426 3237 3693 3309 conjugis

2045 3316 2203 3371 salva
2256 3317 2591 3388 integritate
2646 3317 2881 3372 feminei
2939 3316 3208 3386 genitalis
3266 3315 3431 3370 virile
3487 3332 3685 3371 semen

2044 3394 2307 3465 immitti,
2338 3398 2489 3452 sicut
2520 3412 2673 3451 nunc
2702 3402 2893 3466 potest
2922 3397 3123 3451 eadem
3170 3394 3502 3463 integritate
3533 3397 3691 3450 salva

2044 3491 2113 3530 ex
2144 3480 2306 3530 utero
2364 3477 2608 3546 virginis
2642 3480 2829 3530 [luxus
2881 3474 3163 3529 menstrui
3196 3474 3418 3528 cruoris
3476 3475 3684 3528 emitti.

2047 3556 2261 3611 Eadem
2304 3556 2521 3626 quippe
2543 3556 2634 3609 via
2675 3560 2867 3625 posset
2896 3554 3038 3609 illud
3074 3552 3259 3623 injici,
3292 3569 3409 3623 qua
3439 3552 3548 3607 hoc
3590 3569 3691 3621 po-

2044 3639 2154 3690 test
2202 3634 2354 3704 ejici.
2391 3634 2462 3690 Ut
2509 3634 2665 3689 enim
2697 3637 2764 3688 ad
2801 3632 3147 3704 pariendum
3206 3647 3323 3685 non
3357 3632 3573 3686 doloris
3594 3647 3689 3700 ge-

2043 3716 2245 3784 mitus,
2279 3715 2380 3769 sed
2441 3714 2798 3770 maturitatis
2828 3713 3115 3784 impulsus
3168 3711 3417 3767 feminea
3464 3712 3688 3765 viscera

2043 3793 2320 3850 relaxaret
2351 3809 2365 3849 :
2400 3794 2484 3849 sic
2516 3794 2585 3848 ad
2622 3794 2920 3848 tetandum
2954 3798 3008 3846 et
3066 3790 3517 3860 concipiendum
3574 3805 3689 3845 non

2041 3874 2309 3930 libidinis
2339 3874 2656 3945 appetitus,
2692 3874 2793 3927 sed
2826 3871 3196 3927 voluntarius
3234 3886 3375 3924 usus
3416 3874 3688 3924 naturam

2042 3959 2352 4026 utramque
2383 3956 2783 4024 conjungeret.
2849 3953 2925 4007 De
2977 3951 3153 4005 rebus
3187 3948 3481 4021 loquimur
3532 3965 3689 4003 nunc

2041 4035 2331 4109 pudendis
2366 4051 2379 4091 :
2423 4040 2480 4090 et
2512 4035 2638 4091 ideo
2672 4033 2962 4106 quamvis,
2992 4037 3302 4103 antequam
3351 4046 3548 4085 earum
3583 4046 3692 4101 pu-

2038 4117 2221 4181 deret,
2282 4116 2484 4189 quales
2574 4132 2703 4171 esse
2788 4115 3111 4186 potuissent
3177 4110 3566 4182 conjiciamus
3628 4114 3692 4166 ut

2038 4216 2400 4271 possumus;
2432 4203 2625 4254 tamen
2658 4212 2896 4253 necesse
2927 4200 3017 4251 est
3056 4196 3118 4249 ut
3145 4201 3346 4249 nostra
3371 4192 3689 4263 disputatio

2038 4282 2221 4353 magis
2271 4282 2530 4337 frenetur
2570 4296 2639 4335 ea
2694 4295 2823 4351 quas
2890 4294 2996 4333 nos
3034 4282 3260 4332 revocat
3311 4274 3685 4343 verecundia,

2038 4380 2214 4436 quam
2243 4362 2597 4434 eloquentia,
2619 4377 2743 4431 quas
2777 4359 2947 4415 nobis
2970 4373 3178 4431 parum
3213 4356 3492 4429 suppetit,
3526 4356 3689 4427 adju-

2035 4452 2221 4502 vetur.
2279 4447 2426 4498 Nam
2474 4458 2609 4498 cum
2669 4441 2725 4497 id
2758 4441 2910 4511 quod
2947 4438 3096 4506 dico,
3131 4454 3238 4494 nec
3302 4436 3416 4509 ipsi
3467 4437 3686 4509 experti

2039 4525 2255 4581 fuerint
2286 4524 2383 4595 qui
2416 4521 2663 4594 experiri
2696 4525 3013 4593 potuerunt
3042 4519 3346 4592 (quoniam
3378 4535 3679 4589 praeoccu-

2036 4610 2211 4678 pante
2233 4611 2464 4677 peccato
2486 4602 2753 4658 exsilium
2774 4603 2845 4657 de
2869 4602 3139 4672 paradiso
3166 4604 3301 4655 ante
3324 4603 3685 4665 meruerunt,

2035 4704 2213 4760 quam
2245 4686 2357 4741 sibi
2391 4685 2448 4739 in
2483 4696 2654 4755 opere
2686 4683 2947 4739 serenda:
2977 4679 3317 4753 propaginis
3363 4678 3685 4760 tranquillo

2035 4758 2275 4825 arbitrio
2332 4765 2749 4835 convenirent),
2806 4763 3099 4834 quomodo
3162 4776 3320 4815 nunc
3382 4775 3514 4813 cum
3576 4758 3685 4812 ista

2034 4852 2589 4913 commemorantur,
2622 4844 2897 4901 sensibus
2933 4840 3187 4897 occurrit
3238 4837 3537 4906 humanis,
3567 4836 3683 4892 nisi

2035 4929 2390 5003 experientia
2421 4924 2682 4982 libidinis
2708 4922 2976 4991 turbidis,
3000 4936 3116 5003 non
3175 4920 3508 5003 conjectura
3558 4915 3685 4989 pla-

2030 4999 2172 5070 cida:
2203 5007 2567 5068 voluntatis?
2595 5006 2742 5063 Ilinc
2772 5010 2859 5061 est
2890 5004 3043 5076 quod
3077 5000 3316 5072 impedit
3346 4999 3680 5069 loquentem

2094 5358 2106 5392 ι
2140 5356 2255 5408 Ms.
2296 5354 2357 5403 in
2385 5354 2595 5403 animo.

2086 5421 2107 5454 2
2136 5420 2257 5467 Mss.
2268 5456 2281 5477 ,
2309 5416 2597 5467 accidebat.

2086 5484 2107 5516 ³
2138 5470 2389 5529 Nonnulli
2418 5481 2559 5534 Mss...
2598 5492 2739 5527 vero.
2773 5501 2831 5512 —
2858 5475 3046 5528 Nostri,
3076 5486 3288 5520 verum.
3314 5470 3382 5518 Μ.

2083 5545 2164 5601 (a)
2216 5543 2416 5606 Similis
2470 5532 2578 5606 est;
2604 5535 3161 5606 descriptio_pnrs_.disi
3217 5532 3481 5606 terrestris
3503 5532 3678 5606 “apud

2022 5595 2209 5655 divum
2238 5605 2509 5661 Basilium,
2541 5595 2863 5653 Homilia'de
2894 5595 3160 5652 Paradiso,
3204 5596 3444 5661 etiapud
3489 5595 3675 5661 divum

2019 5669 2277 5718 Joannem
2309 5657 2707 5721 Damascenum.
2741 5666 2832 5713 lib.
2864 5664 2893 5711 2
2922 5664 2986 5710 de
3032 5661 3154 5709 Fide
3186 5660 3414 5713 orthod.,
3446 5670 3561 5720 cap.
3594 5657 3672 5706 11.

2022 5732 2279 5786 Cocuucs.
