4138 6192
346 359 462 420 435

347 497 556 570 pudor,
583 495 693 553 etsi
723 511 839 550 non
889 493 1118 549 deﬁciat
1150 496 1293 551 ratio
1333 496 1706 568 cogitantem.
1750 499 1997 552 Verum-

346 583 542 633 tamen
569 577 951 646 omnipotenti
989 575 1126 639 Deo,
1159 593 1393 632 summo
1453 595 1516 631 ac
1559 594 1787 632 summe
1839 578 1989 631 bono

348 657 592 712 creatori
645 656 903 709 omnium
957 665 1322 723 naturarum,
1384 659 1750 712 voluntatum
1792 664 1987 712 autem

350 737 627 791 bonarum
654 735 902 804 adiutori
935 741 992 788 et
1017 739 1458 802 remuneratori,
1487 738 1766 793 malarum
1797 743 1988 792 autem

348 817 598 872 relictori
631 827 678 871 et
705 817 1060 882 damnatori,
1094 826 1477 890 utrarumque
1507 821 1849 888 ordinatori,
1875 837 1990 875 non

348 897 532 952 defuit
563 896 763 966 utique
794 897 1132 963 consilium,
1163 915 1277 970 quo
1308 907 1527 955 certum
1565 917 1870 955 numerum
1907 901 1990 955 ci-

343 977 502 1030 vium
554 976 613 1029 in
668 991 776 1030 sua
835 977 1125 1046 sapientia
1175 981 1647 1049 praedestinatum
1699 982 1871 1036 etiam
1924 997 1993 1036 ex

346 1058 618 1109 damnato
666 1071 877 1120 genere
934 1055 1194 1112 humano
1247 1075 1368 1114 sua:
1399 1061 1988 1132 civitatisimpleret:

347 1151 462 1189 non
486 1135 720 1205 eosjam
743 1137 988 1204 meritis,
1014 1139 1481 1211 quandoquidem
1509 1143 1774 1197 universa
1801 1158 1993 1197 massa

354 1219 637 1286 tanquam
669 1215 727 1269 in
761 1216 957 1271 vitiata
994 1220 1186 1273 radice
1218 1221 1495 1275 damnata
1535 1227 1644 1287 est,
1677 1224 1775 1276 sed
1809 1223 1995 1292 gratia

347 1293 722 1362 discernens;
755 1302 811 1350 et
837 1297 1094 1352 liberatis
1128 1315 1242 1353 non
1275 1299 1464 1354 solum
1499 1302 1568 1355 de
1596 1302 1761 1371 ipsis,
1795 1320 1988 1358 verum

351 1374 528 1429 etiam
560 1375 628 1429 de
680 1391 793 1430 non
825 1374 1106 1445 liberatis,
1162 1379 1301 1448 quid
1344 1381 1429 1434 eis
1478 1379 1774 1452 largiatur,
1808 1389 1993 1438 osten-

355 1453 517 1510 dens.
549 1457 672 1508 Non
718 1455 872 1510 enim
905 1455 1120 1525 debita,
1155 1459 1253 1513 sed
1287 1461 1540 1529 gratuita
1571 1462 1832 1517 bonitate
1855 1467 1992 1518 tunc

348 1550 411 1590 se
441 1534 692 1606 quisque
722 1537 987 1607 agnoscit
1015 1546 1245 1594 erutum
1275 1541 1462 1606 malis,
1505 1559 1637 1598 cum
1672 1545 1742 1598 ab
1791 1561 1993 1601 eorum

355 1613 657 1669 hominum
689 1617 982 1673 consortio
1016 1619 1075 1672 ﬁt
1119 1619 1425 1688 immunis,
1469 1639 1601 1678 cum
1661 1625 1875 1695 quibus
1906 1625 1989 1681 illi

345 1695 508 1764 justa
527 1699 681 1750 esset
713 1713 881 1767 poena
910 1699 1258 1755 communis.
1293 1700 1408 1755 Cur
1437 1719 1570 1772 ergo
1614 1720 1730 1759 non
1775 1710 1993 1760 crearet

351 1776 524 1845 Deus,
575 1791 721 1846 quos
782 1783 1118 1847 peccaturos
1184 1796 1313 1836 esse
1369 1783 1696 1853 prescivit;
1732 1786 1990 1854 quando-

359 1855 588 1925 quidem
621 1856 680 1911 in
703 1857 787 1912 eis
818 1863 875 1912 et
906 1874 974 1912 ex
994 1859 1100 1926 eis,
1134 1865 1190 1915 et
1212 1862 1349 1932 quid
1382 1878 1584 1918 eorum
1614 1865 1781 1935 culpa
1812 1882 1993 1921 mere-

353 1941 530 2004 retur,
563 1940 619 1992 et
650 1937 786 2008 quid
822 1955 929 1994 sua
970 1940 1160 2011 gratia
1191 1942 1525 2010 donaretur,
1560 1957 1751 2016 posset
1799 1953 1993 2002 osten-

350 2016 503 2082 dere,
535 2033 640 2072 nec
671 2020 781 2072 sub
812 2018 910 2075 illo
944 2026 1202 2076 creatore
1236 2039 1300 2077 ac
1331 2025 1677 2094 dispositore
1720 2043 1992 2098 perversa

348 2094 704 2153 inordinatio
744 2099 1211 2170 delinquentium
1253 2111 1474 2160 rectum
1510 2094 1853 2176 perverteret
1893 2125 1995 2164 or—

258 2183 260 2186 '
349 2175 544 2231 dinem
579 2192 772 2233 rerum
805 2177 832 2232 ‘I

347 2335 582 2393 CAPUT
613 2338 830 2395 XXVII.
860 2371 928 2382 -ο
959 2343 1032 2398 De
1060 2345 1437 2413 peccatoribus
1482 2350 1533 2400 et
1571 2350 1778 2418 angelis
1814 2359 1865 2406 et
1893 2351 1991 2406 ho-

417 2417 684 2489 minibus,
716 2437 947 2492 quorum
972 2426 1300 2494 perversitas
1329 2443 1441 2481 non
1473 2417 1759 2497 perturbat
1807 2433 1994 2502 provi-

418 2501 664 2557 dentiam
698 2503 806 2558 Dei.

422 2634 666 2691 Proinde
698 2641 1052 2707 peccatores,
1084 2643 1140 2694 et
1195 2642 1410 2712 angeli,
1442 2648 1494 2698 et
1546 2644 1812 2706 homines
1845 2649 1990 2706 nihil

353 2724 554 2782 agunt,
589 2731 703 2786 quo
760 2717 1160 2788 impediantur
1197 2721 1396 2792 Magna
1429 2740 1596 2795 opera
1629 2728 1867 2797 Domini,
1902 2749 1994 2789 ex-

351 2793 565 2862 quisita
595 2797 651 2847 in
684 2810 865 2851 omnes
895 2797 1213 2854 voluntates
1251 2803 1367 2872 ejus
1398 2793 1567 2872 (Psal.
1607 2823 1695 2875 cx,
1729 2809 1804 2880 2).
1839 2793 1992 2874 Quo-

352 2870 510 2960 niam
535 2874 628 2942 qui
649 2876 1013 2943 providenter
1030 2883 1199 2963 atque
1213 2870 1304 2936 om
1317 2899 1348 2936 n
1361 2886 1370 2936 i
1383 2870 1642 2952 potenter
1658 2870 1992 2963 s'ua'cuique

352 2951 674 3017 distribuit,
699 2971 809 3008 non
832 2959 1014 3012 solum
1035 2961 1221 3028 bonis,
1243 2951 1442 3019 verum
1459 2966 1629 3022 etiam
1657 2971 1824 3025 malis
1850 2951 1992 3030 bene

351 3030 438 3118 uti
469 3032 644 3089 novit.
675 3035 756 3118 Ac
788 3051 885 3118 per
906 3036 1014 3092 hoc
1039 3048 1271 3109 propter
1295 3048 1563 3099 meritum
1597 3051 1794 3118 primas
1827 3054 1990 3108 mala:

347 3109 669 3202 voluntatis
723 3115 818 3202 ila-
859 3117 1134 3202 damnato
1185 3126 1358 3192 atque
1425 3109 1706 3183 obdurato
1788 3134 1990 3202 angelo

349 3191 527 3255 malo,
563 3199 625 3246 ut
651 3194 770 3262 jam
807 3196 1014 3251 bonam
1049 3191 1403 3259 voluntatem
1458 3205 1698 3264 ulterius
1733 3191 1991 3269 ncuba—

346 3270 527 3357 heret,
563 3273 705 3357 bene
739 3281 906 3357 utens
941 3279 1106 3347 Deus,
1132 3297 1237 3336 cur
1261 3301 1373 3340 non
1429 3290 1787 3357 permitteret
1819 3298 1879 3348 ut
1919 3296 1990 3351 ab

345 3348 448 3405 illo
489 3354 716 3422 primus
741 3355 933 3424 homo,
967 3359 1066 3428 qui
1105 3369 1315 3430 rectus,
1349 3348 1455 3420 hoc
1485 3372 1570 3421 est
1603 3370 1762 3425 home
1790 3374 1990 3431 volun-

348 3432 507 3521 tatis,
544 3441 776 3524 creatu-s
837 3438 1040 3505 fuerat,
1089 3446 1462 3524 tentaretur?
1511 3448 1988 3524 Quandoquidem

347 3510 430 3594 sic
462 3519 588 3594 erat
619 3513 943 3586 institutus,
979 3525 1061 3588 ut,
1099 3523 1147 3576 si
1209 3523 1278 3578 de
1309 3510 1595 3594 adjutorio
1632 3531 1726 3586 Dei
1768 3510 1990 3593 luderet

347 3590 540 3648 bonus
571 3593 766 3660 homo,
808 3597 1026 3654 malum
1060 3603 1334 3672 angelum
1359 3590 1615 3663 vinceret
1647 3628 1662 3679 ;
1713 3614 1761 3666 si
1792 3620 1985 3672 autem

347 3677 884 3762 creatorem-atque
944 3681 1267 3762 adjutorem
1335 3686 1514 3743 Deum
1575 3677 1824 3762 superbe
1873 3697 1982 3752 sibi

346 3750 625 3820 placendo
668 3755 976 3825 desereret,
1030 3761 1406 3820 vinceretur:
1448 3750 1721 3826 meritu‘m
1765 3773 1982 3831 bonum

344 3828 564 3921 habens
596 3832 653 3924 in
687 3836 888 3904 adjuta
919 3839 1192 3896 divinitus
1222 3844 1516 3924 voluntate
1547 3856 1724 3919 recta,
1761 3828 1983 3924 malum

342 3925 474 3967 vero
505 3913 563 3966 in
613 3915 912 3972 deserente
970 3924 1154 3974 Deum
1187 3923 1482 3982 voluntate
1514 3913 1802 3998 perversa.
1837 3913 1985 3998 Quia

349 3993 611 4082 e'tipsu-m
637 3994 916 4082 ﬁderede
939 3999 1229 4070 adjutorio
1252 3993 1762 4077 Dei,non_quidem
1789 3993 1982 4082 posset

339 4072 464 4125 sine
497 4072 788 4141 adjutorio
825 4077 916 4132 Dei
946 4094 958 4132 :
1002 4095 1104 4135 nec
1144 4086 1335 4138 tamen
1371 4085 1497 4140 ideo
1529 4072 1598 4143 ab
1630 4089 1723 4145 his
1772 4072 1976 4150 divina:

340 4152 537 4231 gratias
559 4153 854 4212 beneﬁciis
878 4158 989 4212 sibi
1011 4160 1289 4228 placando
1310 4167 1572 4220 recedere
1598 4185 1707 4222 non
1731 4169 1981 4231 habebat

337 4229 423 4310 in,
455 4239 757 4300 potestate.
792 4236 936 4292 Nam
972 4239 1123 4294 sicut
1179 4241 1238 4297 in
1288 4242 1396 4300 hac
1427 4262 1598 4300 carne
1629 4248 1817 4304 vivere
1852 4254 1977 4310 sine

333 4308 687 4377 adjumentis
717 4316 1129 4374 alimentorum
1163 4319 1218 4374 in
1253 4328 1534 4392 potestate
1568 4342 1681 4382 non
1716 4335 1823 4399 est,
1860 4350 1971 4388 non

330 4395 522 4477 autem
575 4393 630 4446 in
682 4410 749 4449 ea
779 4397 964 4452 vivere
996 4399 1052 4452 in
1090 4405 1373 4470 potestate
1405 4410 1493 4459 est
1527 4407 1720 4477 ;quod
1753 4393 1974 4470 faciunt

333 4469 434 4537 qui
467 4487 526 4525 se
558 4473 716 4544 ipsos
747 4482 989 4532 necant:
1025 4469 1100 4532 ita
1129 4481 1272 4536 bene
1303 4483 1493 4540 vivere
1524 4469 1649 4542 sine
1681 4492 1970 4560 adjutorio

329 4547 448 4643 Dei.
482 4553 657 4610 etiam
689 4556 770 4643 in
799 4559 1086 4628 paradiso,
1123 4578 1235 4643 non
1268 4569 1392 4620 erat
1415 4567 1469 4621 in
1496 4547 1780 4638 potestate
1813 4547 1970 4643 ;erat

328 4635 520 4688 autem
575 4638 630 4691 in
680 4642 966 4708 potestate
1024 4642 1175 4697 male
1231 4645 1442 4716 vivere,
1477 4635 1570 4702 sed
1611 4635 1967 4712 beatitudine

326 4725 437 4793 non
500 4730 907 4787 permansura,
963 4724 1019 4776 et
1070 4738 1237 4793 poena
1280 4725 1614 4793 justissima
1671 4738 1961 4790 secutura.

324 4788 468 4846 Cum
501 4793 680 4864 igitur
737 4795 914 4868 hujus
975 4788 1155 4858 futuri
1189 4788 1361 4860 cas'us
1396 4806 1635 4864 humani
1663 4810 1815 4866 Deus
1847 4831 1961 4871 non

322 4877 473 4926 esset
508 4873 760 4943 ignarus,
795 4894 893 4933 cur
950 4896 1077 4937 eum
1115 4900 1225 4940 non
1291 4885 1503 4943 sineret
1558 4890 1733 4944 invidi
1774 4894 1959 4961 angeli

322 4952 690 5042 malignitate
723 4960 979 5013 tentari?
1005 4963 1167 5042 nullo
1191 4967 1362 5022 modo
1385 4970 1620 5038 quidem
1656 4974 1806 5042 quod
1840 4952 1959 5029 vin-

321 5038 547 5088 ceretur
585 5033 875 5107 incertus;
921 5041 1021 5095 sed
1075 5033 1456 5104 nihilominus
1496 5033 1770 5120 prtescius
1802 5057 1952 5126 quod

1396 365 1494 424 DE
1538 361 1906 424 CIVITA'I‘E
1952 361 2106 432 DEI,
2159 364 2217 424 S.
2267 365 2686 429 AUGUSTINI

3624 380 3740 442 436

2108 495 2338 585 abejus
2380 501 2601 557 semine
2661 503 2857 573 adjuto
2887 520 2994 562 sua
3040 507 3228 580 gratia
3265 508 3421 568 idem
3465 510 3590 585 ipse
3620 515 3744 571 dia-

2102 576 2269 632 bolus
2304 581 2491 636 fuerat
2523 594 2857 638 sanctorum
2914 576 3095 654 gloria
3127 591 3344 658 majore
3401 576 3741 655 Vincendus.

2104 660 2185 711 Ita
2220 661 2429 716 factum
2463 670 2550 717 est
2585 667 2643 717 ut
2676 681 2778 719 nec
2809 665 2991 721 Deum
3025 668 3240 738 aliquid
3296 672 3620 729 futurorum
3656 677 3748 732 la-

2107 743 2272 800 teret,
2328 757 2433 796 nec
2490 745 2844 812 praesciendo
2897 764 3245 819 quemquam
3309 768 3543 821 peccare
3585 774 3745 812 com-

2104 819 2378 889 pelleret;
2405 828 2460 876 et
2483 824 2617 894 quid
2645 826 2949 882 interesset
2974 831 3125 884 inter
3146 819 3439 904 propriam
3465 839 3748 910 cujusque

2103 904 2617 972 praesumptionem
2661 910 2717 959 et
2774 923 2942 963 suam
2986 910 3317 980 tuitionem,
3363 904 3749 988 angelicae-et

2103 979 2375 1035 humanae
2399 983 2978 1058 rationalicreature,
2996 979 3374 1061 consequenti
3395 979 3748 1067 efperientia

2102 1059 2542 1120 demonstraret.
2591 1065 2730 1129 Quis
2789 1068 2941 1122 enim
2976 1059 3483 1141 audeat—credere;
3533 1083 3632 1132 aut
3665 1080 3749 1133 di-

2101 1155 2250 1205 cere,
2293 1145 2358 1195 ut
2389 1159 2578 1214 neque
2627 1145 2891 1216 angelus,
2947 1165 3136 1220 neque
3183 1150 3354 1208 horno
3401 1159 3652 1224 caderet,
3689 1159 3746 1214 in

2103 1219 2510 1309 Deipotestate
2543 1241 2656 1309 non
2691 1227 2865 1284 fuisse
2897 1229 2925 1282 ?
2952 1231 3058 1284 Sed
3095 1231 3204 1286 hoc
3244 1249 3440 1291 eorum
3477 1219 3748 1309 potestati

2103 1300 2314 1356 maluit
2360 1319 2478 1357 non
2509 1306 2775 1385 auferre;
2828 1313 3001 1379 atque
3053 1309 3133 1365 ita
3189 1318 3247 1368 et
3278 1300 3562 1385 quantum
3608 1319 3746 1375 mali

2103 1394 2304 1435 eorum
2337 1383 2630 1454 superbia,
2690 1391 2746 1441 et
2794 1394 3078 1457 quantum
3109 1392 3240 1447 boni
3273 1383 3382 1450 sua
3428 1397 3617 1467 gratia
3658 1416 3746 1456 va-

2104 1459 2264 1530 leret,
2299 1465 2620 1521 ostendere.

2104 1597 2334 1656 CAPUT
2363 1600 2609 1659 XXVIII.
2635 1633 2703 1646 —~
2745 1607 2819 1660 De
2863 1608 3130 1677 qualitate
3168 1610 3403 1669 duarum
3433 1617 3746 1689 civitatum,

2563 1691 2803 1744 terrena
2841 1698 3000 1760 atque
3032 1691 3280 1748 caelestis.

2173 1818 2455 1875 Fecerunt
2476 1822 2667 1895 itaque
2691 1826 2953 1882 civitates
2975 1830 3122 1886 duas
3153 1848 3380 1890 amores
3403 1836 3554 1904 duo;
3578 1842 3749 1896 terre-

2103 1914 2236 1954 nam
2271 1901 2493 1957 scilicet
2521 1921 2684 1960 amor
2735 1907 2827 1961 sui
2863 1924 3046 1979 usque
3074 1912 3145 1966 ad
3191 1901 3589 1985 contemptum
3627 1920 3744 1988 Dei,

2103 1979 2394 2035 cmlestem
2430 1999 2560 2038 vero
2590 2002 2752 2040 amor
2783 1986 2883 2042 Dei
2918 2006 3104 2061 usque
3128 1994 3196 2047 ad
3231 1979 3629 2066 contemptum
3654 1979 3744 2056 sui

2101 2059 2201 2150 (ᾳ).
2236 2060 2495 2152 Denique
2535 2064 2634 2152 illa
2665 2071 2722 2120 in
2780 2085 2844 2122 se
2871 2059 3025 2152 ipsa,
3069 2070 3191 2128 haec
3221 2073 3279 2129 in
3340 2059 3587 2133 Domino
3627 2081 3746 2152 glo-

2104 2140 2306 2229 riatur.
2364 2143 2465 2198 Illa
2496 2146 2652 2229 θρίω
2703 2152 2907 2217 quaem
2947 2151 3017 2205 ab
3079 2152 3414 2210 hominibus
3443 2140 3685 2229 gloriati)
3724 2178 3739 2217 :

2104 2220 2239 2276 huic
2270 2228 2466 2278 autem
2520 2225 2673 2281 Deus
2706 2231 3078 2286 conscientia;
3110 2236 3291 2302 testis,
3354 2220 3598 2294 mavxima
3647 2247 3741 2297 est

2102 2299 2308 2384 gloria:
2338 2301 2441 2357 Illa
2480 2305 2536 2358 in
2575 2305 2760 2376 gloria
2791 2326 2896 2364 sua
2926 2311 3137 2368 exaltat
3167 2299 3342 2384 caput
3372 2333 3537 2373 suum
3575 2320 3740 2376 :haac

2103 2381 2247 2436 dicit
2285 2382 2401 2438 Deo
2451 2403 2578 2451 suo,
2603 2388 2796 2444 Gloria
2827 2406 2970 2457 mea,
3000 2399 3052 2447 et
3084 2381 3340 2451 exultans
3367 2405 3532 2469 caput
3564 2417 3742 2458 meum

2101 2461 2382 2546 (Psal.m,
2436 2466 2626 2533 4).]Ili
2676 2469 2774 2524 tiu
2807 2471 3170 2542 principibus
3217 2477 3368 2546 ejus,
3415 2461 3503 2534 vel
3553 2481 3610 2534 in
3661 2482 3743 2538 eis

2103 2557 2251 2610 quas
2282 2543 2560 2614 subjugat
2591 2549 2929 2606 nationibus
2954 2543 3293 2610 dominandi
3327 2543 3507 2613 libido
3549 2561 3742 2617 domi-

2107 2627 2329 2678 natur:
2365 2625 2421 2679 in
2471 2627 2578 2682 hac
2636 2629 2900 2686 serviunt
2950 2632 3196 2690 invicem
3250 2639 3306 2692 in
3351 2639 3654 2707 charitate,
3690 2647 3745 2698 et

2105 2704 2420 2789 praepositi
2453 2709 2833 2778 consulendo,
2885 2717 2942 2766 et
2987 2716 3206 2771 subditi
3265 2704 3740 2789 obtemperan'do.

2102 2784 2206 2839 Illa
2240 2786 2295 2838 in
2331 2786 2453 2842 suis
2484 2790 2823 2858 potentibus
2854 2793 3047 2861 diligit
3075 2796 3343 2854 virtutem
3377 2784 3542 2856 suam
3575 2819 3588 2856 :
3627 2806 3744 2861 haec

2101 2865 2245 2920 dicit
2277 2866 2542 2953 Deo_s_uo,
2575 2872 2816 2953 Diligam
2851 2878 2925 2945 te,
2955 2877 3204 2944 Domine,
3225 2880 3398 2934 virtus
3418 2898 3539 2937 mea
3568 2886 3742 2953 (Psal.

2101 2961 2239 3010 xvn,
2271 2948 2349 3016 2).
2386 2948 2635 3020 Ideoque
2670 2951 2724 3005 in
2780 2951 2876 3009 illa
2911 2956 3203 3026 sapientes
3242 2963 3368 3027 eius
3415 2948 3746 3020 secundum

2103 3025 2398 3081 hominem
2427 3028 2705 3098 viventes,
2731 3039 2831 3087 aut
2853 3025 3110 3105 corporis
3132 3044 3232 3092 aut
3256 3025 3429 3095 animi
3454 3044 3547 3096 sui
3571 3046 3744 3110 bona,

2103 3109 2206 3160 aut
2239 3109 2546 3178 utriusque
2587 3113 2790 3166 sectati
2823 3124 2955 3168 sunt
2992 3141 3005 3181 ;
3037 3124 3138 3171 aut
3169 3119 3262 3186 qui
3315 3129 3623 3189 potuerunt
3654 3109 3749 3179 co-

2099 3200 2375 3256 gnoscere
2406 3187 2610 3258 Deum,
2643 3209 2752 3246 non
2772 3201 2830 3246 ut
2855 3195 3021 3250 Deum
3047 3187 3470 3268 honorque—runt,
3495 3205 3579 3257 vel
3613 3222 3749 3275 gra-

2098 3269 2206 3321 tias
2234 3274 2482 3338 egerunt,
2508 3291 2527 3337 ;
2556 3272 2647 3326 sed
2675 3287 3020 3332 evanuerunt
3050 3281 3106 3332 in
3139 3284 3568 3348 cogitationibus
3606 3269 3742 3354 suis,

2098 3356 2150 3400 ct
2179 3351 2526 3405 obscuratum
2556 3361 2632 3407 est
2690 3355 2957 3425 insipiens
3015 3375 3112 3412 cor
3161 3376 3347 3415 eorum
3370 3379 3388 3416 ,ο
3421 3363 3658 3420 dicentes
3688 3351 3751 3422 se

2099 3443 2212 3482 esse
2238 3429 2532 3500 sapientes,
2579 3434 2632 3486 id
2668 3440 2780 3495 est,
2824 3434 3162 3494 dominante
3211 3441 3320 3496 sibi
3368 3447 3637 3513 superbia
3682 3448 3740 3500 in

2099 3523 2204 3563 sua
2233 3510 2517 3580 sapientia
2559 3528 2684 3567 sese
2733 3515 3091 3585 extollentes,
3124 3510 3589 3591 stulti/aerisaut
3621 3544 3641 3588 ;
3690 3535 3746 3581 et

2099 3590 2525 3647 immutaverunt
2550 3594 2792 3663 gloriam
2810 3598 3256 3669 incorruptibilis
3283 3590 3380 3658 Dei
3402 3605 3458 3657 in
3480 3604 3746 3659 similitu-

2096 3668 2281 3724 dinem
2321 3674 2585 3740 imaginis
2613 3677 2993 3746 corruptibilis
3021 3668 3283 3749 liominis,
3331 3691 3384 3739 et
3434 3687 3741 3753 volucrum,

2094 3757 2145 3804 et
2189 3751 2622 3832 quadrupedum,
2670 3763 2720 3809 et
2767 3760 3106 3826 serpentium
3149 3777 3168 3816 .·
3217 3763 3285 3816 ad
3330 3751 3742 3832 hujuscemodi

2094 3830 2246 3883 enim
2274 3831 2590 3888 simulacra
2615 3835 2912 3891 adoranda
2937 3840 3018 3893 vel
3051 3843 3226 3895 duces
3262 3830 3630 3914 populorum,
3652 3849 3738 3903 vel

2093 3915 2410 3966 sectatores
2456 3915 2687 3968 fuerunt
2732 3921 2828 3971 :et
2875 3919 3164 3975 coluerunt
3218 3930 3382 3994 atque
3428 3928 3741 3983 servierunt

2091 3993 2357 4048 creatura?
2384 3994 2569 4064 patius
2591 4013 2756 4067 quam
2783 3999 3049 4065 Creatori,
3086 4002 3185 4073 qui
3215 3993 3297 4058 est
3326 4006 3638 4061 benedictus
3674 4008 3740 4062 in

2090 4074 2288 4126 secula
2331 4074 2503 4144 (Rom.
2557 4093 2597 4142 ι,
2643 4078 2846 4148 21-25).
2897 4082 2959 4134 In
3031 4080 3136 4135 hac
3186 4090 3378 4138 autem
3435 4087 3598 4140 nulla
3649 4093 3742 4144 est

2090 4153 2342 4209 hominis
2394 4158 2700 4228 sapientia,
2763 4161 2876 4215 nisi
2937 4163 3140 4230 pietas.
3175 4181 3290 4235 qua
3345 4174 3494 4221 recte
3524 4171 3741 4225 colitur

2086 4248 2256 4286 verus
2293 4235 2461 4301 Deus,
2513 4236 2567 4291 id
2621 4246 2964 4306 exspectans
3001 4245 3297 4307 praemium
3347 4247 3400 4298 in
3453 4248 3738 4305 societate

2085 4321 2441 4378 sanctorum,
2465 4331 2575 4370 non
2611 4321 2797 4372 solum
2834 4320 3163 4388 hominum,
3189 4341 3383 4379 verum
3418 4332 3591 4380 etiam
3619 4332 3742 4383 An-

2085 4391 2367 4462 gelorum,
2401 4402 2460 4449 ut
2489 4396 2560 4450 sit
2593 4397 2734 4452 Deus
2780 4403 2965 4456 omnia
2998 4401 3057 4456 in
3086 4405 3342 4459 omnibus
3371 4407 3443 4474 (Ι.
3479 4411 3600 4463 Cor.
3636 4425 3735 4480 xv,

2079 4473 2192 4537 28).

2143 4629 2159 4662 ι
2194 4627 2317 4678 Sola
2344 4630 2505 4680 editio
2534 4632 2678 4692 Lov.,
2714 4633 2848 4683 Illa.

2137 4692 2210 4746 (α)
2243 4693 2300 4765 In
2327 4692 2464 4765 libro
2493 4695 2771 4765 undecimo
2800 4699 2863 4747 de
2911 4699 3099 4765 Genesi
3141 4703 3206 4750 ad
3251 4703 3521 4763 Litteram,
3562 4721 3614 4756 n.
3648 4707 3734 4765 20,

2074 4767 2203 4814 opus
2231 4756 2295 4804 de
2324 4755 2550 4806 Civitate
2590 4759 2794 4826 DeiLhis
2839 4762 3013 4810 verbis
3046 4765 3393 4826 pollicebatur
3424 4782 3436 4826 ;
3471 4755 3736 4822 (Biduo

2072 4833 2097 4860 «
2128 4830 2353 4895 amores,
2381 4834 2608 4895 quorum
2643 4823 2779 4895 alter
2805 4828 3020 4895 sanctus
3043 4823 3167 4895 :est,
3217 4829 3350 4877 alter
3385 4823 3734 4895 immundus;

2071 4897 2096 4922 α
2125 4880 2261 4930 alter
2288 4880 2497 4947 socialis
2525 4884 2660 4933 alter
2703 4887 3000 4947 privatus...
3029 4880 3387 4940 distinxerunt
3403 4895 3645 4943 conditas
3673 4880 3736 4946 in

2070 4961 2094 4983 α
2126 4946 2581 5016 ερηφινᾳηὶιιιιηαῃρ
2630 4946 2875 5016 civitates
2916 4951 3105 5016 duas...
3160 4953 3229 5001 De
3276 4955 3470 5016 quibus
3517 4958 3735 5009 duabus

2065 5022 2091 5048 «
2123 5006 2430 5072 civitatibus
2458 5010 2621 5058 latius
2649 5011 2872 5061 fortasse
2892 5013 2999 5062 alio
3027 5015 3160 5072 loco,
3193 5016 3236 5063 si
3267 5006 3522 5068 Dominus
3544 5006 3731 5070 votae:

2064 5085 2089 5111 α
2122 5067 2207 5123 rit,
2239 5069 2574 5121 disseremus.
2611 5089 2631 5118 ›
