4138 6192
306 356 416 416 437

1504 370 1738 431 LIBER
1785 372 2127 442 QUINTUS
2170 380 2535 445 DECIMUS.

357 497 2498 537 -——.__..__.....__..____________________

3592 406 3707 469 438

2509 528 3592 556 ___________________

768 607 1337 748 LIBER
1454 612 2286 790 QUINTUS
2390 630 3236 778 DECIMUS.

301 812 585 911 Ρίξῗξξξὲξξλ
607 814 1901 911 ἐξίξηξξξῇξξξξὶξηξῗξῖᾶθηιίδυξυιὶὺτὶἕ
1921 831 1986 911 de
2028 832 2585 911 civitatnmduarum,
2635 845 2874 894 terrenae
2919 861 2980 896 ac
3013 851 3240 902 caelestis
3281 858 3488 911 exortu.
3541 859 3707 910 libros

357 875 579 924 totidem
607 877 670 925 de
699 875 1315 931 eorumdem—civitatum

1345 899 1599 952 procursu
1631 890 1904 952 subjungit
1937 895 2013 942 Au

2019 897 2473 979 gns‘t‘ipusbidque
2517 897 2886 979 argumentum
2936 897 3243 979 certatione

355 939 640 998 praecipua
668 940 846 1001 capita
874 955 1054 991 sacrae
1083 939 1546 996 historiae-eodem
1577 939 2472 1023 Spectantia'pertr’aTEtetTprimii;
2508 939 2908 1021 εἶέἱῗίἒὲξωιίῖηῒο
2936 939 3262 1027 ῡὲθοιίέδυιίιυο
3297 939 3614 1029 Ἕξωωίω*
3644 939 3704 996 Ψ

360 1000 549 1044 Genesi
577 1002 831 1044 lemmtnr
858 1017 890 1044 Α
923 1005 1049 1044 Cain
1081 1009 1133 1044 et.
1172 1008 1291 1044 Aha]
1324 1023 1492 1044 ιιςηηα
1522 1014 1585 1044 ιιιῖ
1617 1015 1878 1044 annm“...
2721 985 2752 1031 q
3267 993 3293 1029 θ
3399 996 3457 1030 ΓΟ
3486 998 3622 1044 quae
3646 1000 3704 1035 111

360 1000 549 1049 Genesi
576 1000 831 1062 leguntur
858 1017 890 1052 a
923 1005 1052 1054 Cain
1081 1009 1134 1054 et
1166 1008 1294 1056 Abel
1324 1023 1493 1072 usque
1521 1014 1588 1060 ad
1608 1000 1898 1064 diluvium.

1763 1162 2233 1212 WW'

286 1304 520 1361 CAPUT
550 1306 858 1364 PRIMUM.
883 1341 952 1350 —
973 1311 1047 1365 De
1076 1310 1287 1367 duobus
1312 1314 1606 1370 ordinibus
1636 1320 1945 1384 generatio-

356 1386 450 1441 nis
497 1386 752 1444 humanm
803 1390 866 1444 in
912 1391 1154 1447 diversos
1195 1393 1336 1462 ﬁnes
1381 1395 1448 1450 ab
1498 1396 1661 1452 initio
1707 1415 1946 1470 procur-

355 1469 551 1523 rantis.

355 1601 406 1655 1.
430 1600 828 1684 _De__felicitate
861 1606 1140 1676 paradisi,
1173 1607 1262 1666 vel
1295 1611 1365 1666 de
1395 1610 1522 1682 ipso
1555 1615 1845 1684 paradiso,
1879 1621 1939 1673 et

279 1680 353 1737 de
391 1681 501 1736 vita
530 1681 610 1737 ibi
671 1685 997 1756 primorum
1050 1687 1372 1756 hominum,
1422 1680 1752 1766 eorumque
1799 1713 1936 1768 pec-

280 1767 410 1844 cato
444 1771 619 1835 atque
648 1766 959 1838 supplicio,
985 1769 1153 1824 multi
1182 1769 1369 1826 multa
1390 1781 1718 1844 senserunt,
1755 1766 1940 1833 multa

279 1841 574 1911 dixerunt,
609 1847 791 1901 multa
821 1847 1029 1905 litteris
1061 1852 1502 1908 mandaverunt.
1541 1855 1656 1911 Nos
1705 1841 1938 1930 quoque

276 1925 603 2007 secundum
633 1927 962 1996 Scripturas
993 1936 1245 1999 sanctas,
1281 1933 1365 1987 vel
1401 1937 1552 2004 quod
1588 1936 1647 1991 in
1681 1925 1764 1992 eis
1797 1925 1936 2007 legi-

278 2018 435 2065 mus.
473 2004 553 2060 vel
596 2008 750 2077 quod
802 2025 872 2064 ex
899 2009 982 2064 eis
1021 2011 1344 2082 intelligere
1394 2016 1706 2085 potuimus,
1739 2004 1938 2076 earum

280 2090 670 2166 congruentes
692 2089 1041 2154 auctoritati,
1057 2092 1126 2145 de
1145 2091 1236 2147 bis
1261 2094 1513 2150 rebusin
1537 2097 1938 2166 superioribus

278 2161 448 2245 libris
471 2165 746 2222 diximus.
771 2168 1138 2225 Enucleatius
1162 2178 1354 2228 autem
1381 2176 1428 2229 si
1454 2176 1564 2230 ista
1587 2161 1936 2245 quaerantur,

278 2244 641 2327 multiplices
701 2253 876 2319 atque
938 2251 1313 2308 multimodas
1371 2256 1610 2324 pariunt
1668 2244 1936 2327 disputa?

276 2326 510 2408 tiones,
533 2342 656 2397 qua;
687 2328 956 2398 pluribus
987 2331 1308 2388 intexendee
1335 2345 1470 2390 sunt
1517 2326 1935 2408 voluminibus,

279 2421 466 2484 quam
501 2406 607 2461 hoc
637 2423 783 2474 Opus
816 2417 1164 2482 tempusque
1196 2414 1476 2484 deposcit.
1509 2417 1668 2481 Quod
1704 2434 1816 2472 non
1857 2406 1938 2475 ita

274 2482 508 2556 largum
526 2485 838 2567 habemus,
864 2494 926 2543 ut
950 2489 1006 2544 in
1034 2482 1306 2548 omnibus
1328 2512 1457 2565 qua:
1482 2501 1725 2564 possunt
1749 2499 1935 2567 requi-

275 2579 406 2618 rere
456 2566 628 2621 otiosi
675 2573 731 2622 ct
777 2570 1181 2641 scrupulosi‘,
1216 2576 1530 2643 paratiores
1573 2578 1642 2630 ad
1685 2566 1938 2634 interro—

275 2645 560 2714 gandum,
596 2662 767 2716 quam
820 2651 1154 2720 capaciores
1204 2654 1271 2708 ad
1323 2653 1795 2727 intelligendum,
1830 2675 1936 2714 nos

272 2729 541 2793 oporteat
593 2727 914 2782 immorari.
949 2731 1208 2786 Arbitror
1257 2741 1448 2789 tamen
1489 2737 1631 2791 satis
1672 2754 1778 2793 nos
1813 2741 1934 2808 jam

275 2805 487 2861 fecisse
519 2809 748 2878 magnis
765 2814 819 2863 et
840 2809 1203 2866 difficillimis
1234 2817 1654 2885 quaestionibus
1675 2820 1744 2874 de
1767 2805 1933 2876 initio

269 2886 358 2942 vel
423 2888 687 2955 mundi’,
739 2891 825 2946 vel
876 2894 1107 2959 animae,
1153 2896 1233 2949 vel
1286 2896 1476 2966 ipsius
1537 2900 1767 2970 generis
1827 2901 1933 2956 hu-

270 2967 472 3022 mani:
523 2970 677 3040 quod
723 2971 782 3024 in
834 2971 947 3026 duo
998 2988 1210 3042 genera
1257 2967 1711 3048 distribuimus;
1743 2995 1927 3035 unum

269 3063 475 3104 eorum
529 3049 627 3120 qui
678 3051 1006 3106 secundum
1058 3052 1381 3121 hominem,
1415 3057 1662 3113 alterum
1728 3075 1926 3115 eorum

266 3129 361 3198 qui
409 3131 734 3186 secundum
783 3135 961 3186 Deum
1015 3133 1230 3188 vivunt.
1273 3136 1427 3200 Quas
1472 3137 1642 3193 etiam
1683 3140 1927 3211 mystice

263 3208 635 3280 appellamus
684 3211 944 3268 civitates
971 3212 1138 3277 duas,
1175 3214 1282 3270 hoc
1315 3221 1402 3271 est
1431 3219 1575 3274 duas
1621 3208 1926 3276 societates

225 3286 573 3368 ’hominum
603 3307 617 3346 :
649 3307 894 3361 quarum
945 3298 1034 3347 est
1080 3311 1192 3349 una
1235 3312 1361 3367 quae
1395 3298 1805 3368 predestinata
1836 3305 1926 3355 est

260 3367 316 3424 in
365 3374 654 3426 aeternum
705 3388 946 3442 regnare
992 3389 1124 3429 cum
1176 3382 1338 3442 Deo;
1382 3367 1583 3444 altera,
1639 3384 1920 3435 aeternum

261 3450 620 3521 supplicium
657 3452 853 3507 subire
885 3470 1016 3508 cum
1051 3454 1304 3512 diabolo.
1338 3459 1445 3512 Sed
1495 3458 1602 3512 iste
1651 3458 1786 3512 finis
1838 3463 1921 3514 est

260 3545 493 3590 earum.
526 3532 597 3586 de
646 3548 760 3602 quo
805 3538 934 3603 post
984 3532 1341 3605 loquendum
1374 3541 1479 3591 est.
1512 3539 1677 3591 Nunc
1724 3542 1919 3594 autem

261 3611 542 3682 quoniam
577 3611 647 3667 de
675 3617 871 3667 exortu
905 3630 1127 3683 earum,
1153 3615 1270 3672 sive
1297 3618 1350 3670 in
1385 3616 1642 3686 Angelis,
1667 3634 1919 3687 quorum

261 3706 550 3746 numerus
590 3692 898 3763 ignoratur
926 3711 960 3748 a
992 3693 1176 3763 nobis,
1211 3697 1332 3750 sive
1361 3695 1418 3749 in
1453 3697 1680 3750 duobus
1713 3696 1917 3766 primis

262 3769 634 3838 hominibus,
684 3773 829 3828 satis
887 3773 1102 3828 dictum
1165 3781 1268 3839 est,
1309 3777 1433 3846 jam
1496 3776 1631 3831 mihi
1695 3777 1918 3832 videtur

258 3866 466 3906 earum
498 3854 924 3924 aggrediendus
972 3871 1278 3919 excursus,
1311 3872 1378 3910 ex
1409 3871 1520 3926 quo
1554 3854 1637 3910 illi
1668 3857 1782 3912 duo
1814 3873 1916 3928 ge—

259 3949 469 3990 nerare
517 3939 838 4006 eruperunt,
873 3937 1058 3993 donec
1109 3939 1373 3994 homines
1415 3954 1690 4009 generare
1725 3954 1916 3994 cessa-

258 4013 429 4070 bunt.
467 4013 586 4070 Hoc
624 4016 779 4070 enim
816 4018 1147 4073 universum
1183 4027 1428 4089 tempus,
1463 4018 1582 4072 sive
1612 4019 1913 4087 saeculum,

258 4095 314 4151 in
348 4111 468 4166 quo
499 4096 712 4150 cedunt
746 4097 1081 4167 morientes,
1111 4101 1552 4169 succeduntque
1584 4105 1910 4170 nascentes,

255 4176 509 4232 istarum
545 4176 790 4233 duarum
815 4179 1140 4249 civitatum,
1165 4181 1236 4236 de
1267 4181 1483 4252 quibus
1515 4182 1910 4253 disputamus,

256 4272 546 4313 excursus
577 4261 684 4314 est.

322 4339 375 4394 2.
411 4338 599 4393 Natus
631 4346 712 4393 est
743 4339 918 4410 igitur
954 4341 1108 4410 prior
1137 4341 1275 4398 Cain
1309 4358 1375 4398 ex
1407 4343 1525 4398 illis
1555 4344 1784 4400 duobus
1815 4359 1912 4415 ge-

258 4420 414 4475 neris
468 4418 712 4476 humani
754 4421 1116 4490 parentibus,
1150 4423 1444 4492 pertinens
1493 4425 1562 4478 ad
1603 4424 1912 4480 hominum

255 4497 594 4564 civitatem;
633 4500 916 4566 posterior
954 4502 1115 4568 Abel,
1152 4505 1223 4558 ad
1263 4503 1556 4559 civitatem
1597 4505 1716 4562 Dei.
1752 4509 1915 4563 Sicut

257 4579 415 4661 enim
453 4581 510 4635 in
547 4595 660 4635 uno
695 4581 948 4650 homine,
983 4583 1138 4652 quod
1187 4583 1333 4638 dixit
1371 4585 1702 4654 Apostolus,
1735 4603 1911 4661 expe-

259 4659 454 4716 rimur
482 4661 622 4731 quia
641 4676 752 4716 non
779 4663 1023 4732 primum
1053 4665 1193 4734 quod
1221 4664 1510 4735 spirituale
1537 4675 1634 4732 est,
1657 4668 1749 4723 sed
1775 4659 1914 4738 quod

257 4742 528 4808 animale,
554 4751 736 4812 postea
757 4741 1054 4812 spirituale
1072 4745 1118 4814 (Ι
1144 4745 1262 4799 Cor.
1289 4763 1378 4809 xv,
1401 4747 1487 4815 46)
1513 4763 1525 4800 :
1556 4748 1708 4801 unde
1732 4765 1914 4804 unus-

260 4821 536 4893 quisque,
561 4824 838 4894 quoniam
869 4840 939 4878 ex
960 4825 1238 4880 damnata
1258 4825 1281 4859 ³
1307 4827 1617 4897 propagine
1639 4829 1908 4896 exoritur,

257 4902 451 4970 primo
500 4905 576 4959 sit
627 4920 864 4960 necesse
895 4911 983 4960 est
1012 4923 1078 4960 ex
1123 4907 1305 4961 Adam
1361 4909 1550 4963 malus
1582 4918 1756 4979 atque
1785 4926 1910 4965 car-

256 4982 448 5051 nalis;
475 4983 633 5055 quod
662 4985 708 5039 si
742 4985 799 5040 in
833 4986 1132 5041 Christum
1157 4986 1178 5018 ⁴
1201 4989 1550 5043 renascendo
1585 4990 1908 5059 profecerit,

255 5068 388 5131 post
408 5065 522 5119 erit
543 5066 732 5121 bonus
754 5071 813 5121 et
835 5064 1158 5138 spiritualis
1183 5085 1196 5123 :
1222 5067 1301 5124 sic
1327 5069 1382 5124 in
1409 5071 1677 5125 universo
1701 5087 1911 5141 genere

315 5323 330 5386 ξ
364 5320 543 5386 podex
570 5320 683 5386 258,
714 5323 1036 5386 scripulosi.
1077 5326 1143 5374 M.

313 5383 334 5416 ²
365 5384 516 5458 Ito»,
541 5384 611 5458 de
643 5385 807 5458 initio
822 5383 922 5458 _v_e_l
970 5389 1031 5458 de
1063 5391 1187 5458 ﬁne
1227 5391 1444 5458 mundi.
1478 5393 1661 5458 Abest-,7
1687 5395 1750 5441 de
1776 5399 1906 5458 ﬁne,

252 5446 528 5518 ab‘editis
541 5447 698 5495 Vind.
725 5450 840 5496 Am.
873 5449 1040 5518 Eruet
1063 5446 1372 5518 melioribus
1401 5446 1792 5518 manuscriptis',
1824 5446 1910 5508 de;

253 5509 453 5571 betqne
481 5509 680 5568 abesse,
713 5525 832 5560 cum
861 5512 925 5561 de
954 5511 1062 5561 fine
1086 5514 1413 5574 Augustinus
1442 5521 1559 5578 post
1587 5509 1909 5582 loquendum

258 5584 375 5621 esse
409 5585 533 5621 mox
566 5574 724 5622 dicat.

258 5584 375 5621 0880
409 5585 533 5621 mox
566 5584 724 5623 αιθαι.

323 5635 344 5668 ³
376 5635 628 5685 Nonnulli
656 5636 800 5695 Mss,
830 5651 898 5685 ex
927 5636 1108 5686 Adam
1135 5648 1288 5691 nata.

327 5695 350 5730 ‘
381 5695 506 5748 Sola
533 5699 696 5751 editio
725 5700 870 5756 Lov.,
909 5699 965 5749 in
1002 5699 1232 5751 Christo.

2055 1322 2313 1414 humano
2375 1346 2508 1386 cum
2561 1335 2818 1414 primum
2877 1339 3003 1392 duae
3063 1341 3187 1396 ista;
3243 1351 3544 1414 cmperunt
3591 1363 3700 1401 na-

2052 1405 2270 1493 scendo
2307 1411 2480 1479 atque
2515 1413 2816 1493 moriendo
2858 1433 3194 1487 procurrere
3227 1405 3512 1485 civitates,
3545 1425 3702 1493 prior

2050 1487 2140 1537 est
2169 1489 2342 1540 natus
2373 1491 2511 1544 civis
2548 1491 2718 1562 hujus
2749 1496 2938 1549 seculi
2966 1515 2980 1562 ;
3017 1501 3301 1565 posterior
3347 1487 3559 1556 autem-
3588 1504 3699 1558 isto

2050 1565 2390 1651 peregrinus
2417 1568 2478 1651 in
2511 1573 2744 1637 saeculo,
2768 1580 2825 1628 et
2847 1578 3140 1645 pertinens
3161 1581 3227 1633 ad
3254 1581 3543 1637 civitatem
3575 1584 3695 1651 Dei,

2043 1643 2231 1729 gratia
2281 1649 2745 1729 praedestinatus,
2792 1643 2978 1725 gratia
3025 1658 3258 1726 electus,
3301 1662 3481 1728 gratia
3533 1643 3698 1729 pere;

2043 1724 2269 1811 grinus_
2299 1727 2588 1811 deorsum,
2621 1724 2814 1804 gratia
2851 1737 2990 1790 civis
3041 1724 3471 1795 sursurtham
3516 1724 3696 1811 quan-

2042 1805 2492 1892 tum_ad_ipsum
2521 1813 2748 1880 attinet,
2781 1830 2848 1869 ex
2876 1817 3077 1872 eadem
3113 1835 3306 1874 massa
3336 1805 3546 1888 oritur,
3567 1839 3695 1892 que

2044 1883 2407 1972 originaliter
2436 1894 2520 1944 est
2549 1896 2666 1946 tota
2696 1895 2969 1949 damnata
3000 1913 3012 1950 :
3047 1899 3146 1952 sed
3178 1903 3452 1969 tanquam
3483 1883 3695 1972 figulus

2047 1963 2193 2051 Deus
2224 1967 2398 2031 (hanc
2431 1974 2586 2025 enim
2639 1974 3086 2031 similitudinem
3123 1995 3233 2032 non
3268 1963 3688 2051 imprudenter,

2043 2045 2143 2098 sed
2190 2049 2867 2131 prudenteriintroducit
2905 2057 2978 2127 (ιι)
3011 2045 3450 2131 Αροεῐοιυε)’θχ
3491 2045 3691 2119 eadem

2045 2139 2242 2206 massa
2298 2127 2432 2182 fecit
2487 2130 2644 2186 aliud
2688 2149 2788 2188 vas
2837 2136 2892 2189 in
2945 2137 3244 2206 honorem,
3276 2127 3432 2194 aliud
3464 2141 3521 2195 in
3554 2158 3694 2196 con-

2041 2204 2341 2259 tumeliam
2393 2209 2568 2277 (Rom.
2618 2229 2692 2277 xx,
2741 2214 2854 2282 21).
2901 2215 3070 2268 Prius
3118 2204 3306 2271 autem
3361 2219 3576 2273 factum
3609 2228 3695 2274 est

2042 2296 2144 2336 vas
2185 2282 2242 2337 in
2289 2289 2726 2357 contumeliam,
2764 2299 2890 2363 post
2933 2311 3066 2349 vero
3104 2296 3339 2350 alterum
3392 2299 3450 2351 in
3506 2299 3692 2353 bono-

2042 2377 2203 2444 rem:
2238 2365 2378 2434 quia
2406 2374 2459 2421 et
2488 2369 2547 2423 in
2588 2371 2714 2440 ipso
2748 2389 2885 2436 uno,
2917 2374 3068 2426 sicut
3092 2376 3214 2444 jam
3251 2376 3390 2440 dixi,
3425 2378 3688 2444 homine,

2044 2442 2219 2526 prius
2246 2452 2336 2499 est
2382 2450 2709 2516 reprobum,
2742 2454 2896 2508 unde
2930 2442 3166 2508 necesse
3196 2460 3285 2510 est
3317 2442 3691 2526 incipiamus,

2041 2529 2094 2576 et
2129 2524 2222 2576 ubi
2269 2542 2382 2580 non
2427 2532 2514 2582 est
2562 2547 2798 2586 necesse
2831 2541 2889 2586 ut
2921 2549 3368 2601 remaneamus;
3405 2524 3693 2607 posterius

2041 2619 2171 2658 vero
2221 2611 2491 2677 probum,
2520 2628 2636 2682 quo
2687 2613 3056 2682 proﬁcientes
3101 2617 3427 2682 veniamus,
3473 2624 3530 2672 et
3581 2634 3694 2689 quo

2043 2689 2439 2769 pervenientes
2456 2709 2820 2749 maneamus.
2842 2696 3086 2750 Proinde
3109 2714 3221 2752 non
3249 2699 3480 2769 quidem
3502 2702 3692 2754 omnis

2044 2765 2216 2821 homo
2270 2772 2459 2826 malus
2507 2773 2615 2827 erit
2661 2775 2872 2842 bonus,
2907 2791 3076 2830 nemo
3121 2765 3311 2832 tamen
3355 2779 3464 2832 erit
3504 2780 3692 2834 bonus

2043 2849 2140 2916 qui
2173 2863 2287 2903 non
2321 2857 2444 2905 erat
2470 2853 2659 2908 malus
2685 2871 2697 2907 :
2723 2856 2820 2909 sed
2846 2861 3064 2926 quanto
3086 2857 3334 2928 quisque
3355 2857 3527 2912 citius
3559 2874 3692 2912 mu-

2038 2929 2193 2979 tatur
2224 2928 2298 3007 rin
2349 2930 2579 2998 melius,
2630 2932 2734 2986 hoc
2780 2934 2836 2987 in
2885 2949 2945 2987 se
2993 2935 3131 2988 facit
3190 2935 3477 2990 nominari
3535 2937 3688 3007 quod

2036 3006 2421 3084 apprehendit
2469 3010 2737 3079 celerius,
2770 3018 2827 3066 et
2871 3014 3190 3082 posteriore
3233 3017 3490 3084 occperit
3521 3006 3693 3070 vnea-

2037 3080 2237 3166 bulum
2286 3088 2466 3157 prius.
2516 3091 2810 3162 Scriptum
2854 3080 2943 3147 est
2993 3094 3189 3164 itaque
3226 3097 3294 3149 de
3339 3080 3499 3161 Cain,
3534 3096 3688 3166 quod

2036 3164 2355 3220 condiderit
2387 3169 2678 3225 civitatem
2707 3172 2863 3242 (Gen.
2900 3190 2972 3240 1v,
3009 3175 3133 3244 17):
3167 3175 3304 3229 Abel
3332 3180 3522 3230 autem
3553 3164 3690 3228 tan-

2033 3258 2204 3312 quam
2258 3250 2602 3320 peregrinus
2647 3267 2761 3305 non
2802 3254 3086 3308 condidit.
3119 3255 3380 3324 Superna
3411 3260 3499 3309 est
3529 3257 3685 3310 enim

2031 3333 2363 3380 sanctorum
2415 3329 2636 3398 civitas,
2688 3333 2954 3400 quamvis
3013 3333 3110 3387 hic
3159 3334 3342 3402 pariat
3401 3334 3573 3400 cives,
3625 3335 3682 3389 in

2031 3403 2244 3483 quibus
2313 3408 2734 3477 peregrinatur,
2795 3413 2976 3464 donec
3043 3412 3203 3479 regni
3271 3415 3398 3479 ejus
3457 3422 3686 3483 tempus

2029 3481 2318 3550 adveniat,
2351 3500 2479 3539 cum
2508 3492 2931 3556 congregatura
2962 3494 3051 3542 est
3082 3506 3285 3543 omnes
3319 3491 3374 3543 in
3403 3492 3524 3544 suis
3558 3481 3685 3544 cor-

2029 3561 2270 3628 poribus
2293 3573 2685 3636 resurgentes,
2706 3567 2942 3636 quando
2970 3569 3052 3621 eis
3076 3569 3423 3636 promissum
3450 3569 3686 3623 dabitur

2028 3657 2288 3713 regnum,
2335 3647 2432 3700 ubi
2477 3663 2611 3702 cum
2669 3665 2775 3702 suo
2827 3649 3089 3718 principe
3138 3649 3290 3720 Rege
3335 3649 3679 3704 saeculorum

2025 3723 2149 3778 sine
2183 3724 2298 3780 ullo
2331 3727 2610 3797 temporis
2641 3729 2756 3783 ﬁne
2787 3731 3127 3799 regnabunt.

2024 3885 2256 3942 CAPUT
2286 3887 2352 3942 Il.
2387 3918 2451 3926 —
2487 3891 2560 3945 De
2588 3890 2724 3960 ﬁliis
2765 3893 2975 3958 rarm’s,
3018 3897 3070 3948 el
3106 3893 3243 3962 ﬁliis
3281 3894 3675 3963 promissionis.

2095 4037 2316 4094 Umbra
2363 4052 2500 4092 sane
2545 4038 2812 4106 quaedam
2872 4037 3120 4093 civitatis
3169 4037 3344 4109 hujus
3386 4042 3442 4092 et
3484 4036 3678 4106 imago

2022 4119 2362 4191 prophetica
2405 4119 2456 4174 ei
2507 4119 2906 4189 significandis
2961 4121 3151 4190 potius
3200 4135 3375 4190 quam
3429 4133 3675 4189 praesen-

2023 4201 2217 4255 tandaa
2247 4197 2482 4254 servivit
2513 4201 2571 4254 in
2604 4199 2797 4264 terris,
2833 4216 2948 4271 quo
2975 4215 3102 4254 eam
3146 4205 3405 4269 tempore
3437 4198 3678 4252 demon-

2023 4281 2198 4336 strari
2256 4282 2579 4352 oportebat,
2629 4285 2685 4334 et
2728 4281 2883 4335 dicta
2930 4285 3022 4336 est
3068 4280 3241 4335 etiam
3291 4280 3417 4349 ipsa
3475 4279 3675 4335 civitas

2020 4367 2226 4416 sancta
2257 4362 2461 4416 merito
2494 4361 2883 4432 signiﬁcantis
2908 4361 3203 4432 imaginis,
3229 4376 3342 4416 non
3366 4377 3672 4430 expressae,

2022 4443 2173 4497 sicut
2231 4441 2427 4495 futura
2473 4446 2580 4507 est,
2632 4441 2914 4497 veritatis.
2965 4447 3045 4496 De
3094 4443 3199 4496 hac
3249 4441 3500 4511 imagine
3547 4457 3671 4496 ser-

2022 4523 2233 4588 viente,
2269 4526 2325 4574 et
2370 4521 2442 4575 de
2491 4520 2588 4574 illa
2638 4538 2814 4590 quam
2856 4521 3151 4592 significat
3189 4521 3370 4577 libera
3415 4522 3671 4590 civitate,

2022 4602 2106 4656 sic
2160 4601 2475 4670 Apostolus
2531 4602 2602 4656 ad
2655 4601 2892 4657 Galatas
2942 4603 3235 4672 loquitur:
3280 4603 3454 4656 Dicite
3506 4603 3669 4667 mihi,

2022 4681 2234 4753 inquit,
2277 4683 2378 4736 sub
2428 4683 2540 4750 lege
2582 4684 2817 4737 volentes
2845 4698 2972 4744 esse,
3008 4683 3185 4753 legem
3218 4696 3327 4735 non
3353 4681 3583 4735 audistis
3607 4685 3622 4716 ί
3645 4683 3673 4734 ?

2023 4763 2301 4835 Scriptum
2325 4767 2405 4818 est
2445 4765 2594 4818 enim
2624 4763 2767 4832 quod
2798 4764 3075 4816 Abraham
3120 4762 3252 4814 duos
3278 4762 3421 4826 ﬁlios
3451 4761 3670 4828 habuit,

2021 4862 2190 4900 unum
2222 4844 2287 4900 de
2315 4843 2542 4908 ancilla,
2575 4848 2624 4897 et
2670 4859 2844 4896 unum
2890 4842 2954 4896 de
3005 4843 3201 4894 libera.
3251 4840 3354 4894 Sed
3400 4838 3503 4893 ille
3553 4838 3672 4907 qui-

2018 4927 2139 4981 dem
2187 4925 2284 4997 qui
2339 4925 2403 4979 de
2450 4923 2684 4990 ancilla,
2733 4921 3025 4975 secundum
3072 4935 3290 4974 carnem
3338 4921 3502 4973 nalus
3550 4926 3670 4978 est:

2021 5007 2118 5078 qui
2154 5016 2336 5060 autem
2365 5006 2428 5060 de
2460 5004 2654 5066 libera,
2687 5017 2787 5073 per
2841 5001 3353 5072 repromissionem:
3385 5015 3504 5069 quae
3543 5000 3669 5052 sunt

2023 5089 2080 5142 in
2131 5087 2400 5154 allegoria
2455 5085 2555 5156 (ὁ).
2599 5083 2718 5138 Hec
2757 5080 2908 5138 enim
2954 5086 3085 5138 sunt
3139 5079 3246 5135 duo
3303 5083 3671 5139 testamenta:

2086 5270 2102 5303 ί
2127 5263 2940 5332 AAliquotJmanuscriptidjuxta
2993 5260 3292 5323 Vulgatam,
3342 5259 3518 5332 legerit
3535 5272 3671 5332 .non

2022 5321 2284 5392 legistis-ﬁ?
2329 5329 2434 5376 Alii
2482 5341 2601 5377 cum
2657 5321 2829 5382 editis,
2883 5325 3056 5387 legem
3103 5321 3214 5392 non.
3266 5321 3554 5392 audistis?
3607 5322 3670 5370 In

2021 5383 2204 5454 graeco
2241 5395 2338 5449 est,
2374 5395 2463 5437 (on
2495 5405 2697 5454 nomon
2745 5403 2844 5454 ouc
2891 5383 3298 5454 aequet‘ei‘hoq
3345 5388 3444 5444 est,
3495 5383 3671 5454 legeris

2020 5447 2128 5504 ἦοη
2160 5447 2400 5504 audistis
2423 5455 2446 5499 ρ
2478 5481 2539 5488 -
2572 5453 2648 5500 Ex
2675 5453 2888 5502 nostris.
2938 5452 3032 5499 Ms.
3071 5447 3196 5498 2050
3224 5448 3368 5498 solus
3396 5459 3516 5499 cum
3544 5447 3669 5495 Vul-

2017 5522 2141 5578 gata
2169 5517 2447 5567 consentit.
2480 5516 2545 5563 M.

2083 5582 2152 5642 (αι)
2191 5580 2313 5628 Sive
2337 5579 2514 5642 potius
2542 5578 2818 5642 mutuatus
2847 5577 2926 5624 est
2953 5576 3021 5624 ab
3049 5575 3206 5638 Isaia,
3238 5588 3354 5629 xw,
3399 5573 3447 5633 9,
3500 5575 3554 5624 et
3588 5573 3667 5624 Je-

2022 5639 2205 5698 remia.
2237 5639 2383 5702 xvxn,
2414 5641 2445 5691 3
2473 5639 2903 5704 seqq.__000ngsus.

2082 5707 2156 5765 (b)
2183 5707 2330 5755 Conf.
2361 5699 2447 5754 hic
2473 5699 2564 5752 lib’.
2579 5699 2654 5750 ’15
2682 5703 2746 5752 de
2773 5700 2979 5759 Trinit.,
3001 5713 3056 5755 ιι,
3089 5699 3165 5751 15.
