4138 6192
305 359 422 422 439

311 518 488 558 unum
541 497 767 572 quidem
812 514 846 552 a
893 503 1076 552 monte
1111 495 1252 553 Sina
1282 493 1300 530 ¹
1333 494 1393 550 in
1446 496 1762 550 servitutem
1809 503 1963 560 gene-

315 601 467 648 rans,
538 580 679 653 quod
741 587 816 634 est
885 579 1029 648 Agar
1069 579 1112 631 ³.
1185 577 1318 632 Sina
1367 579 1513 632 enim
1563 581 1640 630 est
1696 587 1850 626 mons
1904 572 1966 626 in

311 663 542 728 Arabia,
603 661 698 732 qui
759 660 1079 727 conjunctus
1116 662 1197 712 est
1249 657 1270 690 ³
1329 656 1457 711 huic
1513 671 1629 727 qua
1683 668 1830 707 nunc
1885 655 1967 705 est

308 741 643 798 Jerusalem:
685 738 850 792 servit
895 742 1040 793 enim
1083 754 1206 792 cum
1249 736 1388 805 ﬁliis
1431 736 1568 790 suis.
1613 736 1740 802 Qum
1786 738 1964 786 autem

307 839 526 878 sursum
549 819 956 887 estJerusalem,
977 820 1149 874 libera
1169 831 1268 887 est,
1285 835 1402 890 quae
1422 821 1498 872 est
1520 821 1695 871 mater
1715 812 1964 869 omnium

311 911 560 959 nostrum
593 900 634 955 ⁴.
666 900 945 969 Scriptum
993 909 1072 956 est
1117 902 1285 966 enim,
1327 901 1552 961 Laetare,
1588 895 1814 960 sterilis,
1844 907 1964 963 quae

313 999 422 1038 non
449 983 605 1051 paris
627 997 647 1042 ;
676 996 900 1051 erumpe
930 990 978 1036 et
1001 981 1198 1045 clama,
1224 994 1348 1050 qua?
1378 994 1485 1034 non
1514 977 1764 1048 parturis
1785 991 1803 1028 :
1825 987 1964 1044 quo—

312 1063 468 1115 niam
499 1060 661 1115 multi
683 1061 793 1130 ﬁlii
821 1062 1070 1126 desertae,
1103 1063 1278 1128 magis
1311 1077 1474 1130 quam
1503 1059 1616 1128 ejus
1647 1069 1771 1126 qua?
1809 1051 1966 1110 habet

314 1142 514 1196 virum.
549 1141 652 1195 Nos
681 1148 885 1209 autem,
916 1143 1150 1211 fratres,
1179 1139 1475 1194 secundum
1523 1138 1675 1192 Isaac
1726 1133 1965 1199 promis-

308 1223 485 1276 sionis
515 1220 623 1288 ﬁlii
653 1238 860 1275 sumus.
896 1221 996 1276 Sed
1026 1222 1168 1274 sicut
1217 1225 1348 1274 tunc
1386 1219 1487 1290 qui
1513 1215 1811 1272 secundum
1838 1229 1962 1268 car-

311 1319 440 1358 nem
480 1305 643 1358 natus
686 1303 902 1372 fuerat,
931 1301 1352 1373 persequebatur
1391 1315 1513 1354 eum
1545 1299 1640 1368 qui
1669 1293 1965 1351 secundum

309 1381 617 1452 spiritum;
651 1382 728 1437 ita
777 1387 828 1438 et
879 1398 1045 1436 nunc.
1105 1380 1213 1436 Sed
1268 1379 1398 1451 quid
1445 1380 1574 1433 dicit
1625 1375 1965 1445 Scriptura?

307 1464 453 1534 Ejice
503 1462 764 1516 ancillam
793 1465 841 1516 et
871 1461 1054 1530 ﬁlium
1099 1464 1259 1528 ejus:
1291 1475 1400 1515 non
1443 1461 1594 1516 enim
1643 1457 1818 1513 haeres
1860 1456 1966 1509 erit

309 1541 468 1614 ﬁlius
514 1541 742 1598 ancillas
783 1557 908 1595 cum
953 1541 1069 1609 ﬁlio
1117 1541 1328 1596 liberae.
1362 1543 1472 1594 Nos
1501 1546 1704 1602 autem,
1737 1537 1960 1604 fratres,

309 1639 419 1678 non
477 1639 665 1678 sumus
714 1622 938 1677 ancilla:
983 1621 1113 1692 ﬁlii,
1161 1621 1255 1675 sed
1303 1621 1520 1683 liberae,
1561 1634 1668 1690 qua
1718 1616 1966 1670 libertate

315 1703 564 1760 Christus
591 1718 687 1757 nos
718 1702 974 1758 liberavit
1025 1702 1223 1773 (Galat.
1257 1718 1334 1769 ιν,
1364 1699 1579 1769 21-31).
1609 1700 1738 1753 Haec
1783 1697 1965 1750 forma

307 1784 664 1854 intelligendi
716 1785 787 1838 de
836 1783 1154 1854 apostolica
1201 1781 1546 1838 auctoritate
1602 1776 1962 1833 descendens

311 1866 503 1922 locum
583 1863 751 1920 nobis
824 1863 1028 1935 aperit,
1090 1863 1574 1935 quemadmodum
1635 1859 1965 1929 Scripturas

312 1948 562 2003 duorum
613 1947 1138 2012 Testamentorum,
1173 1943 1396 1999 Veteris
1428 1947 1484 1997 et
1517 1941 1655 1996 Novi
1704 1939 1966 2009 accipere

312 2028 665 2084 debeamus.
721 2026 862 2082 Pars
910 2027 1064 2081 enim
1115 2026 1380 2096 quaedam
1433 2028 1670 2078 terrenae
1721 2019 1967 2075 civitatis

317 2109 509 2180 imago
549 2106 800 2163 caelestis
850 2106 1100 2162 civitatis
1128 2107 1332 2160 ell‘ecta
1361 2108 1466 2169 est,
1501 2119 1614 2158 non
1647 2118 1708 2157 se
1739 2100 1966 2172 signiﬁ-

317 2187 526 2256 cando,
560 2191 659 2244 sed
710 2187 995 2254 alteram;
1035 2190 1091 2241 et
1137 2187 1265 2241 ideo
1315 2183 1592 2241 serviens.
1641 2183 1766 2238 Non
1809 2181 1965 2236 enim

318 2274 554 2342 propter
582 2285 642 2324 se
671 2268 882 2340 ipsam,
915 2268 1013 2322 sed
1047 2270 1282 2338 propter
1311 2265 1476 2320 aliam
1519 2263 1964 2334 signiﬁcandam

315 2354 402 2408 est
443 2349 749 2416 instituta;
782 2356 836 2403 el
866 2349 1225 2419 praecedente
1275 2344 1388 2401 alia
1435 2343 1864 2415 signiﬁcatione
1910 2344 1966 2397 et

306 2431 436 2500 ipsa
491 2430 870 2501 praaﬁgurans
918 2429 1286 2500 praeﬁgurata
1343 2434 1449 2482 est.
1499 2425 1762 2496 Namque
1817 2424 1967 2492 Agar

311 2508 522 2566 ancilla
551 2510 762 2578 Sarra,
787 2511 1033 2579 ejusque
1067 2507 1245 2572 ﬁlius,
1268 2508 1460 2578 imago
1492 2505 1757 2578 quedam
1789 2503 1965 2572 hujus

312 2590 589 2662 imaginis
619 2589 745 2644 fuit.
782 2591 848 2643 Et
877 2590 1152 2659 quoniam
1185 2587 1518 2642 transitum
1548 2588 1716 2640 erant
1746 2584 1964 2639 umbras

311 2673 440 2728 luce
489 2671 770 2736 veniente,
804 2670 932 2725 ideo
964 2670 1109 2724 dixit
1140 2668 1321 2724 libera
1348 2672 1540 2735 Sarra,
1574 2683 1702 2739 quae
1743 2665 1966 2736 signiﬁ-

313 2753 484 2807 cabat
541 2750 780 2805 liberam
840 2749 1153 2815 civitatem,
1205 2749 1298 2804 cui
1359 2765 1565 2803 rursus
1621 2746 1732 2802 alio
1794 2745 1964 2800 modo

311 2831 708 2902 signiﬁcanda:
755 2830 928 2884 etiam
964 2829 1064 2884 illa
1094 2829 1302 2884 umbra
1345 2829 1655 2883 serviebat:
1693 2827 1836 2896 Ejice
1865 2841 1964 2880 an-

311 2909 520 2975 cillam,
552 2912 603 2963 et
632 2908 813 2978 ﬁlium
843 2911 964 2978 ejus
983 2924 1004 2969 ,°
1029 2925 1140 2964 non
1173 2908 1323 2964 enim
1352 2908 1524 2962 heres
1551 2907 1657 2962 erit
1685 2907 1837 2976 ﬁlius
1866 2922 1966 2960 an-

310 2989 460 3046 cillae
487 3005 611 3043 cum
639 2989 754 3059 ﬁlio
787 3004 924 3044 meo.
960 2989 1139 3054 Isaac,
1172 2990 1321 3057 quod
1367 2988 1449 3042 ait
1477 2987 1809 3057 Apostolus,
1839 3001 1963 3040 cum

306 3070 422 3142 ﬁlio
453 3071 660 3127 liberae.
686 3070 1014 3125 Invenimus
1045 3085 1177 3140 ergo
1207 3070 1265 3122 in
1303 3073 1533 3123 terrena
1563 3067 1788 3122 civitate
1817 3067 1962 3121 duas

309 3151 566 3216 formas;
601 3167 777 3205 unam
824 3167 988 3204 suam
1033 3150 1400 3219 praesentiam
1442 3148 1959 3213 demonstrantem,

310 3231 553 3287 alteram
589 3230 803 3286 cmlesti
836 3231 1056 3284 civitati
1091 3227 1488 3297 signiﬁcanda:
1520 3243 1629 3281 sua
1663 3226 1962 3296 praesentia

309 3312 680 3368 servientem.
704 3312 856 3366 Parit
883 3316 1076 3364 autem
1110 3309 1260 3362 cives
1293 3315 1528 3362 terrena
1560 3307 1808 3363 civitatis
1840 3324 1964 3376 pec-

314 3399 442 3448 cato
487 3395 689 3448 vitiata
739 3401 987 3456 natura;
1029 3390 1280 3444 cmlestis
1326 3405 1460 3444 vero
1509 3388 1759 3444 civitatis
1807 3389 1961 3446 cives

312 3473 468 3543 parit
497 3490 530 3527 a
563 3479 799 3544 peccato
832 3478 1100 3526 naturam
1135 3470 1394 3526 liberans
1424 3469 1606 3542 gratia
1633 3487 1645 3524 :
1679 3469 1833 3525 unde
1862 3470 1964 3526 illa

311 3559 593 3610 vocantur
613 3569 750 3608 vasa
773 3553 902 3621 irae;
928 3553 1060 3618 ista,
1083 3568 1216 3607 vasa
1248 3551 1660 3608 misericordia:
1686 3551 1856 3622 (Rom.
1884 3568 1961 3619 1x,

305 3635 396 3701 22,
428 3635 538 3704 23).
568 3634 972 3706 Signiﬁcatum
1005 3638 1093 3688 est
1124 3631 1232 3688 hoc
1265 3631 1439 3688 etiam
1471 3633 1528 3687 in
1560 3632 1791 3686 duobus
1823 3631 1961 3687 ﬁliis

301 3714 565 3782 Abrahae,
593 3715 752 3786 quod
779 3730 932 3769 unus
955 3714 1026 3768 de
1049 3712 1283 3778 ancilla,
1312 3730 1442 3784 quis
1473 3711 1773 3768 dicebatur
1792 3716 1958 3784 Agar,

306 3797 630 3852 secundum
684 3811 916 3851 carnem
968 3804 1138 3850 natus
1187 3800 1277 3850 est
1325 3795 1551 3859 Ismael,
1582 3793 1728 3849 alter
1764 3802 1959 3849 autem

305 3877 376 3932 de
406 3879 582 3932 Sarra
622 3875 803 3933 libera
849 3875 1174 3931 secundum
1224 3876 1739 3946 repromissionem
1788 3878 1960 3930 natus

307 3957 491 4013 Isaac.
547 3961 798 4028 Uterque
853 3956 1086 4028 quidem
1139 3955 1210 4010 de
1257 3955 1480 4011 semine
1527 3954 1814 4010 Abrahaa:
1857 3955 1958 4010 sed

308 4037 470 4094 illum
525 4039 729 4106 genuit
776 4037 1188 4090 demonstrans
1249 4037 1608 4090 consuetudo
1667 4040 1958 4097 naturam,

305 4118 482 4174 istum
518 4135 650 4172 vero
683 4117 837 4172 dedit
871 4116 1180 4187 promissio
1213 4115 1560 4184 signiﬁcans
1581 4116 1846 4185 gratiam.
1874 4117 1957 4173 lbi

303 4199 597 4254 humanus
633 4216 776 4254 usus
807 4195 1160 4263 ostenditur,
1191 4194 1286 4250 hic
1317 4194 1579 4251 divinum
1613 4197 1956 4256 beneficium

307 4278 771 4333 commendatur.

311 4436 544 4492 CAPUT
569 4435 666 4490 lli.
700 4464 763 4477 —
799 4435 875 4490 De
903 4433 1196 4490 sterilitate
1223 4433 1429 4505 Sarrae,
1453 4451 1616 4508 quam
1646 4435 1746 4494 Dei
1771 4439 1957 4509 gratia

966 4515 1294 4586 fecundavit.
1749 4539 1754 4546 ο

378 4656 548 4712 Sarra
579 4653 796 4728 quippe
825 4654 1041 4714 sterilis
1069 4663 1210 4721 erat,
1234 4659 1292 4711 et
1321 4656 1723 4728 desperatione
1755 4656 1952 4728 prolis,

302 4737 510 4796 saltem
542 4739 613 4796 de
643 4737 854 4795 ancilla
899 4755 1008 4794 sua
1054 4738 1475 4809 concupiscens
1525 4738 1752 4806 habere,
1800 4739 1953 4810 quod

303 4822 375 4877 de
404 4836 468 4877 se
496 4819 623 4892 ipsa
650 4836 766 4876 non
798 4835 861 4878 se
892 4833 1060 4890 posse
1091 4820 1382 4888 cernebat,
1419 4820 1575 4875 dedit
1600 4835 1726 4875 eam
1758 4820 1950 4874 tetan-

309 4902 441 4959 dam
493 4902 632 4970 viro,
667 4902 737 4958 de
775 4917 889 4972 quo
936 4916 1139 4972 parere
1186 4901 1467 4964 voluerat,
1513 4915 1617 4956 nec
1663 4902 1949 4970 potuerat.

371 5207 390 5243 ι
424 5207 503 5256 lta
530 5220 714 5257 omnes
741 5207 887 5260 editi.
929 5207 1085 5268 juxta
1117 5218 1384 5267 graecum,
1432 5220 1530 5268 apo
1577 5220 1742 5253 orous
1760 5204 1912 5268 Sina
1934 5219 1952 5251 :

303 5281 400 5320 nec
427 5269 583 5320 aliter
624 5267 972 5330 manuscripti
1019 5270 1063 5316 si
1106 5282 1301 5331 paucos
1346 5267 1630 5331 exceperis,
1680 5267 1772 5330 qui
1797 5267 1952 5329 juxta

306 5331 587 5393 Vulgatam
617 5332 832 5387 habent.
857 5332 916 5379 in
946 5338 1128 5377 monte
1157 5331 1318 5381 Sina.

369 5394 391 5428 ²
422 5395 507 5444 Sic
536 5396 657 5443 Mss.
689 5395 826 5442 Editi
856 5406 998 5447 vero.
1031 5407 1172 5454 quae
1200 5403 1277 5441 est
1310 5393 1481 5454 Agar.

371 5457 568 5519 3Lov.,
615 5473 757 5519 quae
804 5456 1106 5515 conjuncta
1141 5463 1219 5502 est
1255 5471 1266 5514 ;
1315 5455 1750 5504 dissentientibus
1795 5455 1951 5504 editis

306 5517 507 5582 aliis‘et
534 5517 799 5582 plerisque
830 5519 1220 5582 manuscriptis.

368 5579 804 5644 fSichindfet
850 5581 1052 5644 aliquot
1098 5579 1445 5644 manuscripti
1489 5583 1643 5644 juxta
1685 5594 1947 5642 graecum

305 5641 406 5689 etis
436 5642 537 5689 esti
567 5652 738 5690 meter
759 5641 969 5706 panton
1002 5659 1173 5692 emon.
1209 5645 1277 5692 At
1311 5641 1393 5692 Er.
1434 5641 1659 5698 et'lmvu
1692 5641 1832 5706 quae
1876 5641 1950 5690 est

298 5712 476 5751 mater
505 5713 690 5750 nostra
703 5739 716 5754 .

1365 361 1469 420 DD
1516 352 1880 419 CIVITATE
1920 350 2074 425 DEI,
2124 352 2187 412 S.
2235 355 2661 420 AUGUSTINI

3604 359 3722 420 MO

2075 487 2277 560 Exegit
2323 491 2519 564 itaque
2569 493 2742 550 etiam
2775 495 2858 551 sic
2889 493 3151 551 debitum
3182 493 3253 551 de
3283 493 3516 562 marito,
3547 498 3721 551 utens

2066 567 2200 639 jure
2247 587 2353 626 suo
2406 573 2463 627 in
2513 579 2674 629 utero
2715 575 2924 632 alieno.
2957 575 3142 630 Natus
3174 580 3260 630 est
3300 591 3436 646 ergo
3487 574 3724 643 Ismael,

2075 649 2231 705 sicut
2261 663 2580 710 nascuntur
2627 655 2916 726 homines,
2949 658 3334 727 permixtione
3371 671 3542 710 sexus
3575 656 3726 712 utri-

2077 745 2285 801 usque,
2320 736 2534 790 usitata
2582 734 2704 805 lege
2737 744 2973 793 naturae.
3009 737 3140 792 Ideo
3172 737 3390 791 dictum
3422 741 3509 792 est
3535 752 3730 791 secun-

2074 809 2205 866 dum
2234 829 2456 870 carnem
2477 833 2496 870 :
2525 833 2641 871 non
2673 819 2822 888 quod
2858 818 2966 872 ista
2988 817 3269 873 beneﬁcia
3299 817 3400 872 Dei
3435 833 3547 872 non
3580 817 3726 883 sint,

2076 898 2176 947 aut
2207 911 2322 950 non
2353 895 2452 952 illa
2490 904 2762 968 operetur
2793 899 2966 968 Deus,
3000 898 3164 970 cujus
3203 899 3394 970 cpil'ex
3432 898 3728 969 sapientia

2073 976 2317 1046 attingit,
2351 977 2498 1033 sicut
2543 979 2827 1050 scriptum
2875 986 2983 1045 est,
3013 997 3046 1034 a
3075 981 3183 1049 ﬁne
3228 995 3396 1051 usque
3437 980 3516 1035 ad
3552 981 3724 1049 ﬁnem

2072 1054 2310 1124 fortiter,
2335 1061 2383 1110 et
2414 1057 2656 1129 disponit
2687 1062 2879 1115 omnia
2908 1062 3145 1114 suaviter
3173 1059 3325 1130 (Sap.
3358 1075 3476 1130 vni,
3505 1061 3595 1131 1):
3621 1061 3725 1116 sed

2075 1133 2174 1188 ubi
2223 1135 2670 1206 signiﬁcandum
2720 1141 2906 1194 fuerat
2935 1139 3036 1194 Dei
3067 1139 3312 1208 donum,
3345 1141 3499 1211 quod
3551 1140 3724 1195 inde-

2073 1213 2259 1269 bitum
2293 1213 2632 1274 hominibus
2664 1221 2848 1290 gratis
2877 1219 3063 1289 gratia
3095 1220 3423 1292 largiretur,
3445 1221 3526 1276 sic
3556 1237 3728 1291 opor-

2074 1294 2189 1349 tuit
2220 1295 2342 1350 dari
2385 1297 2593 1365 ﬁlium,
2625 1301 3121 1369 quemadmodum
3156 1307 3373 1356 natura;
3405 1317 3520 1357 non
3549 1300 3731 1356 debe-

2074 1373 2248 1430 batur
2276 1379 2640 1434 excursibus.
2667 1379 2846 1452 Negat
2875 1381 3028 1436 enim
3062 1385 3268 1436 natura
3286 1381 3412 1452 jam
3445 1380 3597 1438 ﬁlios
3621 1381 3726 1436 tali

2073 1458 2471 1514 commixtioni
2515 1461 2695 1514 maris
2734 1468 2791 1515 et
2835 1460 3082 1530 feminis,
3114 1461 3307 1532 qualis
3346 1478 3472 1518 esse
3503 1465 3728 1533 poterat

2072 1533 2310 1590 Abrahaa
2341 1542 2397 1594 et
2426 1538 2612 1593 Sarra:
2643 1540 2701 1594 in
2734 1539 2835 1596 illa
2862 1541 2979 1611 iam
3023 1545 3207 1609 aetate,
3239 1542 3412 1598 etiam
3463 1543 3729 1599 mulieris

2074 1617 2385 1672 accedente
2435 1619 2754 1689 sterilitate,
2787 1636 2915 1692 quae
2949 1636 3054 1676 nec
3084 1626 3224 1678 tunc
3268 1638 3469 1692 parere
3517 1623 3729 1694 potuit,

2075 1696 2304 1765 quando
2339 1715 2452 1754 non
2502 1705 2643 1756 astas
2692 1701 3057 1767 fecunditati,
3089 1703 3186 1757 sed
3218 1701 3371 1758 stati
3405 1703 3733 1759 fecunditas

2075 1774 2279 1833 defuit.
2305 1777 2468 1841 Quod
2501 1795 2635 1851 ergo
2669 1785 2890 1836 natura
2922 1781 3007 1837 sic
3038 1781 3252 1837 aﬁ‘ectaa
3287 1783 3511 1838 fructus
3543 1788 3734 1854 poste-

2076 1854 2268 1912 ritatis
2314 1875 2429 1914 non
2479 1860 2821 1929 debebatur,
2855 1860 3151 1933 signiﬁcat
3193 1863 3347 1934 quod
3382 1868 3591 1918 natura
3621 1879 3726 1936 ge-

2076 1937 2230 1992 neris
2282 1937 2526 1995 humani
2587 1946 2818 2012 peccato
2873 1943 3092 2010 vitiata,
3155 1959 3220 1998 ac
3274 1959 3376 2015 per
3436 1943 3540 2000 hoc
3590 1945 3726 2015 jure

2074 2016 2370 2086 damnata,
2415 2020 2561 2075 nihil
2602 2037 2746 2077 verae
2797 2021 3085 2077 felicitatis
3115 2024 3176 2078 in
3209 2028 3502 2094 posterum
3536 2040 3730 2079 mere-

2073 2098 2266 2154 batur.
2303 2099 2476 2157 Recte
2524 2101 2700 2170 igitur
2745 2102 3042 2175 signiﬁcat
3089 2105 3244 2160 Isaac
3284 2120 3382 2174 per
3411 2105 3732 2176 repromiso

2075 2178 2297 2235 sionem
2348 2187 2522 2237 natus
2569 2182 2721 2238 filios
2763 2183 2985 2254 gratiae,
3018 2182 3169 2240 cives
3217 2183 3467 2240 civitatis
3508 2186 3727 2244 liberae.

2076 2261 2264 2316 socios
2304 2262 2465 2332 pacis
2509 2268 2762 2330 natorum,
2797 2265 2894 2319 ubi
2927 2264 3003 2320 sit
3033 2281 3147 2321 non
3179 2283 3345 2321 amor
3383 2265 3625 2338 proprias
3658 2282 3731 2323 ac

2075 2341 2309 2414 privatas
2342 2345 2773 2415 quodammodo
2803 2345 3137 2416 voluntatis,
3169 2347 3268 2403 sed
3303 2346 3598 2403 communi
3628 2363 3727 2402 eo-

2073 2421 2324 2494 demque
2355 2425 2711 2480 immutabili
2743 2426 2894 2482 bono
2925 2427 3207 2498 gaudens,
3231 2433 3404 2499 atque
3425 2444 3493 2482 ex
3523 2427 3726 2482 multis

2075 2519 2257 2558 unum
2308 2521 2406 2559 cor
2449 2506 2688 2572 faciens,
2721 2506 2780 2561 id
2821 2511 2911 2563 est
2949 2507 3197 2578 perfecte
3244 2524 3484 2564 concors
3515 2511 3556 2574 ¹,
3590 2507 3726 2564 obe-

2074 2583 2295 2639 dientia
2325 2585 2644 2643 charitatis.

2073 2746 2303 2804 CAPUT
2333 2748 2426 2804 IV.
2450 2779 2518 2789 —
2543 2751 2619 2806 De
2645 2754 2886 2886 terrenis
2913 2753 3160 2809 civitatis
3192 2753 3274 2810 vel
3303 2754 3730 2821 concertatione,

2762 2848 2826 2886 ve
2879 2849 3024 2886 υαεσ.

2762 2848 2849 2887 vet
2874 2849 3024 2905 paco.

2142 2969 2386 3020 Terrena
2429 2980 2598 3038 porro
2628 2967 2855 3037 civitas,
2889 2987 3016 3042 quas
3060 2969 3412 3041 sempiterna
3450 2986 3566 3026 non
3614 2970 3732 3024 erit

2071 3047 2280 3118 (neque
2312 3047 2465 3104 enim
2518 3065 2649 3104 cum
2700 3051 2756 3106 in
2804 3057 3058 3108 extremo
3108 3050 3395 3123 supplicio
3448 3053 3731 3107 damnata

2069 3126 2264 3193 fuerit,
2305 3129 2429 3200 jam
2479 3130 2680 3186 civitas
2724 3131 2875 3204 erit),
2923 3133 3019 3188 hic
3068 3132 3241 3188 habet
3274 3133 3490 3187 bonum
3527 3149 3729 3198 suum,

2069 3210 2242 3278 cujus
2272 3213 2543 3267 societate
2564 3210 2810 3280 laetatur,
2839 3213 3031 3284 qualis
3061 3229 3189 3268 esse
3212 3213 3282 3268 de
3307 3214 3521 3269 talibus
3553 3213 3730 3268 rebus

2069 3288 2276 3346 latitia
2312 3297 2520 3364 potest.
2557 3293 2626 3349 Et
2656 3295 2930 3366 quoniam
2969 3311 3082 3350 non
3115 3299 3205 3349 est
3235 3296 3353 3350 tale
3384 3295 3624 3363 bonum,
3660 3299 3727 3350 ut

2072 3371 2266 3427 nullas
2294 3374 2598 3444 angustias
2631 3377 2802 3430 faciat
2830 3377 3189 3431 amatoribus
3211 3376 3355 3442 suis,
3378 3376 3504 3432 ideo
3524 3377 3725 3431 civitas

2071 3450 2184 3507 ista
2232 3453 2512 3510 adversus
2551 3471 2612 3508 se
2650 3455 2837 3525 ipsam
2891 3455 3227 3528 plerumque
3276 3456 3557 3512 dividitur
3601 3455 3722 3510 liti-

2073 3533 2289 3602 gando,
2315 3533 2608 3603 bellando,
2633 3541 2808 3606 atque
2831 3535 3162 3608 pugnando,
3189 3540 3244 3592 et
3267 3544 3358 3590 aut
3383 3536 3732 3604 mortiferas,

2070 3618 2172 3669 aut
2221 3623 2372 3670 certe
2418 3617 2693 3671 mortales
2739 3617 3013 3672 victorias
3064 3617 3435 3688 requirendo.
3475 3615 3619 3672 Nam
3664 3634 3734 3673 ex

2073 3710 2448 3768 quacumque
2477 3696 2568 3752 sui
2595 3701 2758 3769 parte
2791 3699 3073 3753 adversus
3105 3698 3341 3752 alteram
3375 3697 3464 3753 sui
3498 3703 3724 3770 partem

2070 3775 2338 3832 bellando
2383 3779 2725 3845 surrexerit,
2757 3777 2959 3849 quaerit
3006 3794 3135 3834 esse
3182 3778 3385 3833 victrix
3435 3779 3727 3850 gentium,

2068 3871 2199 3911 cum
2231 3859 2306 3912 sit
2335 3859 2562 3930 captiva
2592 3859 2886 3914 vitiorum.
2913 3860 2980 3914 Et
3001 3860 3050 3915 si
3075 3860 3309 3931 quidem
3333 3875 3464 3915 cum
3499 3859 3720 3929 vicerit,

2066 3937 2376 4008 superbius
2406 3939 2724 4007 extollitur,
2746 3941 2919 3995 etiam
2944 3940 3235 3996 mortifera
3257 3941 3313 4007 ²;
3340 3940 3387 3995 si
3421 3956 3552 3995 vero
3585 3955 3724 3995 con-

2066 4015 2347 4072 ditionem
2381 4018 2637 4087 cogitans
2676 4033 2961 4088 casusque
3013 4034 3378 4086 communes,
3411 4019 3720 4090 magisque

2062 4098 2323 4153 accidere
2363 4104 2607 4169 possunt
2652 4100 2908 4155 adversis
2955 4100 3206 4170 angitur,
3239 4115 3416 4171 quam
3460 4099 3544 4154 eis
3589 4116 3719 4171 quis

2064 4179 2434 4250 provenerint
2455 4178 2478 4213 ³
2508 4181 2780 4236 secundis
2810 4181 2984 4236 rebus
3016 4180 3272 4248 inﬂatur,
3307 4181 3720 4237 tantummodo

2063 4259 2324 4314 mortalis
2353 4264 2444 4314 est
2474 4260 2590 4315 ista
2619 4261 2880 4316 victoria.
2912 4261 3112 4334 Neque
3140 4262 3294 4317 enim
3331 4277 3566 4332 semper
3613 4263 3719 4318 do-

2063 4338 2274 4394 minari
2308 4339 2518 4410 poterit
2548 4341 2940 4411 permanando
2961 4344 3048 4398 eis
3070 4359 3218 4413 quos
3241 4342 3480 4413 potuerit
3509 4341 3722 4412 subju-

2065 4435 2205 4493 gare
2236 4420 2535 4476 vincendo.
2568 4420 2691 4476 Non
2724 4428 2914 4478 autem
2964 4427 3115 4478 recte
3163 4423 3435 4479 dicuntur
3465 4439 3532 4478 ea
3564 4423 3724 4478 bona

2063 4517 2180 4557 non
2211 4515 2360 4568 esse,
2394 4517 2520 4572 quae
2553 4502 2917 4574 concupiscit
2947 4502 3069 4558 haec
3098 4503 3322 4570 civitas,
3356 4501 3594 4572 quando
3629 4509 3721 4558 est

2061 4585 2118 4636 et
2144 4580 2272 4651 ipsa
2302 4581 2362 4636 in
2391 4595 2496 4636 suo
2527 4597 2738 4652 genere
2778 4581 3036 4638 humano
3079 4581 3304 4638 melior.
3337 4582 3723 4654 Concupiscit

2061 4662 2217 4718 enim
2249 4666 2536 4718 terrenam
2563 4662 2876 4734 quamdam
2901 4679 3006 4734 pro
3027 4663 3202 4719 rebus
3228 4663 3445 4718 inﬁmis
3469 4678 3674 4736 pacem
3703 4680 3717 4719 :

2059 4744 2132 4799 ad
2166 4759 2292 4800 eam
2318 4758 2565 4813 namque
2587 4744 2885 4800 desiderat
2917 4745 3213 4814 pervenire
3243 4743 3534 4801 bellando.
3561 4745 3720 4810 Quo-

2059 4823 2219 4880 niam
2250 4823 2298 4880 si
2331 4823 2551 4893 vicerit,
2586 4832 2637 4878 et
2669 4823 2768 4895 qui
2800 4823 3036 4879 resistat
3066 4840 3182 4880 non
3214 4823 3406 4891 fuerit,
3441 4841 3552 4895 pax
3582 4825 3720 4897 erit,

2058 4921 2233 4976 quam
2287 4921 2400 4961 non
2448 4903 2740 4959 habebant
2789 4908 2980 4974 partes
3020 4903 3269 4961 invicem
3314 4903 3715 4975 adversantes,

2057 4993 2112 5042 et
2141 5002 2244 5057 pro
2277 4986 2369 5041 his
2401 4985 2573 5040 rebus
2601 5000 2750 5056 quas
2799 4984 2974 5040 simul
3026 4984 3238 5041 habere
3284 5002 3399 5040 non
3443 4989 3718 5057 poterant

2057 5065 2273 5121 infelici
2321 5069 2576 5137 egestate
2623 5068 2929 5122 certantes.
2969 5066 3124 5121 Hanc
3158 5081 3351 5135 pacem
3403 5065 3716 5137 requirunt

2057 5145 2342 5202 laboriosa
2372 5145 2521 5200 bella
2548 5162 2561 5212 ;
2599 5144 2745 5200 hanc
2777 5145 3122 5217 adipiscitur
3145 5163 3275 5218 quas
3308 5149 3548 5218 putatur
3579 5147 3712 5218 glo-

2057 5226 2209 5282 riosa
2255 5223 2512 5281 victoria.
2565 5225 2807 5288 Quando
2853 5231 3049 5282 autem
3098 5227 3338 5282 vincunt
3381 5227 3483 5299 qui
3527 5243 3713 5284 causa

2120 5516 2134 5549 ¹
2172 5513 2326 5563 Vind.
2357 5515 2472 5561 Am.
2510 5513 2563 5560 et
2598 5511 2702 5568 Er.,
2726 5517 2970 5573 perfecte
2995 5517 3148 5574 facta
3180 5527 3420 5562 concors.

2115 5575 2319 5651 2.E_diti,
2367 5575 2536 5623 etiam
2577 5574 2658 5622 sic
2706 5575 3016 5636 mortifera.
3063 5577 3243 5633 Abest,
3291 5577 3390 5634 sic,
3439 5590 3472 5626 a
3517 5590 3710 5629 manu-

2053 5651 2077 5678 ς

2054 5642 2432 5757 εθξηῖκξξὲοδί,
2457 5709 2857 5760 provenerunt.
2897 5701 2961 5749 Μ.
