4138 6192
279 363 384 426 Ml

271 499 516 573 justiore
549 501 904 570 pugnabant,
938 502 1070 576 quis
1103 503 1323 560 dubitet
1355 504 1770 576 gratulandum
1802 523 1928 565 esse

272 581 597 650 victoriam,
648 590 699 636 et
749 585 1088 652 provenisse
1135 585 1448 655 optabilem
1502 588 1756 657 pacem?
1797 588 1929 646 Haec

276 660 426 717 bona
473 667 627 729 sunt,
661 668 715 716 et
764 662 890 717 sine
947 663 1125 720 dubio
1175 666 1279 720 Dei
1327 668 1475 721 dona
1520 672 1678 722 sunt.
1713 668 1823 723 Sed
1852 670 1923 739 si,

276 740 555 811 neglectis
602 740 960 807 melioribus,
993 759 1119 810 quae
1151 744 1221 798 ad
1266 759 1586 815 supernam
1638 748 1927 816 pertinent

275 820 592 886 civitatem,
640 820 737 875 ubi
788 824 899 878 erit
946 822 1187 878 victoria
1231 823 1289 878 in
1340 834 1549 881 aeterna
1596 831 1652 880 et
1699 844 1929 885 summa

278 915 413 972 pace
461 916 685 971 secura,
718 901 872 958 bona
918 903 1028 958 ista
1075 905 1156 959 sic
1195 907 1713 977 concupiscuntur,
1748 916 1808 962 ut
1837 910 1925 967 vel

272 978 397 1037 sola
429 996 559 1037 esse
590 983 921 1051 credantur,
947 983 1032 1038 vel
1057 984 1144 1039 bis
1165 1002 1292 1056 quae
1319 985 1559 1042 meliora
1587 989 1923 1060 creduntur,

273 1061 524 1133 amplius
579 1062 940 1135 diligantur;
993 1081 1230 1121 necesse
1286 1071 1371 1122 est
1428 1066 1662 1123 miseria
1722 1085 1924 1127 conse-

272 1150 507 1220 quatur,
541 1148 597 1201 et
626 1160 751 1217 quae
782 1147 970 1203 inerat
996 1152 1295 1219 augeatur.

268 1304 509 1386 CAPUT
539 1305 603 1361 V.
636 1335 705 1348 —-
735 1308 813 1362 De
838 1307 1023 1379 primo
1050 1312 1278 1366 terrena
1298 1312 1539 1367 civitatis
1561 1320 1787 1369 auctare
1804 1316 1921 1386 fra-

336 1385 566 1454 tricida,
592 1387 748 1468 cujus
772 1389 1049 1457 impietati
1074 1391 1327 1448 Romane
1355 1393 1508 1448 urbis
1527 1394 1775 1451 conditor
1795 1411 1923 1468 ger-

335 1470 497 1524 mani
523 1467 667 1526 caede
704 1470 1063 1540 responderit.

333 1607 565 1664 Primus
597 1609 793 1682 itaque
816 1610 925 1667 fuit
953 1615 1191 1668 terrenae
1224 1613 1472 1671 civitatis
1493 1616 1764 1673 conditor
1795 1616 1912 1673 fra-

263 1688 513 1744 tricida:
550 1706 682 1745 nam
717 1706 891 1747 suum
933 1692 1170 1748 fratrem
1197 1693 1378 1750 civem
1411 1696 1662 1753 civitatis
1694 1707 1914 1754 eterna:

261 1768 319 1848 in
345 1769 455 1825 hac
480 1773 632 1825 terra
649 1772 1115 1843 peregrinantem
1133 1773 1451 1831 invidentia
1474 1777 1658 1833 victus
1681 1778 1912 1848 occidit,

262 1847 428 1905 Unde
461 1849 795 1907 mirandum
817 1869 931 1908 non
954 1858 1063 1921 est,
1089 1857 1242 1926 quod
1266 1860 1425 1912 tanto
1448 1863 1579 1928 post
1600 1859 1657 1913 in
1681 1875 1749 1915 ea
1779 1847 1915 1915 civi-

261 1932 383 1984 tate
415 1931 734 1999 condenda,
770 1949 895 2004 quas.
924 1933 1116 1990 fuerat
1159 1935 1333 2005 hujus
1365 1941 1608 1993 terrenae
1640 1938 1910 2009 civitatis,

260 2010 332 2092 de
365 2026 479 2081 qua
508 2010 817 2082 loquimur,
852 2019 1026 2084 caput
1064 2016 1276 2085 futura,
1308 2022 1364 2073 et
1395 2023 1515 2073 tam
1552 2019 1751 2077 multis
1778 2038 1913 2092 gen-

258 2089 423 2147 tibus
455 2098 791 2163 regnatura,
828 2093 961 2150 huic
1007 2094 1194 2167 primo
1226 2098 1485 2168 exemplo
1516 2103 1591 2167 et,
1636 2106 1700 2155 ut
1730 2089 1911 2157 Graeci

256 2173 575 2243 appellant,
610 2171 905 2249 ἀρχετύπῳ
928 2179 1189 2246 quadam
1224 2178 1316 2235 sui
1347 2181 1577 2251 generis
1608 2181 1804 2253 imago
1829 2197 1911 2237 re-

256 2255 524 2324 Spondit.
562 2254 706 2310 Nam
737 2259 796 2309 et
835 2254 975 2322 illic,
1010 2257 1159 2313 sicut
1190 2258 1383 2329 ipsum
1418 2261 1641 2316 facinus
1671 2263 1909 2332 quidam

258 2339 444 2405 poeta
471 2334 945 2390 commemoravit
966 2335 1224 2407 illorum,

604 2487 763 2553 primi
790 2488 1113 2553 maduerunt
1139 2490 1397 2553 sanguine
1424 2492 1580 2542 muri.

694 2551 933 2613 (Lucan.
967 2551 1060 2603 lib.
1097 2552 1121 2601 1
1155 2551 1446 2613 Pharsal.,
1482 2571 1531 2607 υ.
1561 2555 1663 2618 95.)

321 2487 578 2537 Fraterno

250 2706 350 2764 Sic
380 2707 540 2763 enim
591 2709 824 2765 condita
853 2715 940 2765 est
980 2710 1185 2778 Roma,
1234 2712 1470 2783 quando
1502 2712 1762 2769 occisum
1796 2715 1906 2771 Re-

250 2803 418 2844 mum
445 2804 480 2843 a
506 2788 647 2845 fatre
668 2789 909 2845 Romulo
938 2790 1193 2846 Romana
1216 2795 1463 2846 testatur
1484 2792 1759 2851 historia:
1792 2794 1905 2851 nisi

247 2869 405 2941 quod
439 2868 538 2924 isti
570 2878 807 2925 terrente
838 2870 1093 2926 civitatis
1124 2871 1293 2927 ambo
1323 2871 1478 2927 cives
1503 2879 1689 2928 erant.
1719 2876 1901 2931 Ambo

246 2949 500 3021 gloriam
533 2951 603 3006 de
626 2952 898 3007 Romanae
931 2951 1263 3019 reipublicae
1296 2951 1661 3009 institutione
1692 2970 1908 3026 quaere-

248 3030 414 3086 bant:
443 3033 543 3086 sed
578 3032 751 3086 ambo
782 3047 911 3087 eam
943 3035 1186 3100 tantam,
1223 3040 1522 3103 quantam,
1556 3035 1605 3089 si
1640 3051 1793 3090 unus
1818 3051 1902 3091 es-

244 3119 347 3180 set,
382 3110 602 3167 habere
634 3127 749 3167 non
796 3115 1085 3183 poterant.
1129 3111 1235 3175 Qui
1269 3114 1424 3167 enim
1464 3114 1692 3169 volebat
1722 3115 1901 3170 domi-

244 3192 444 3247 nando
485 3190 742 3260 gloriari,
777 3193 972 3247 minus
1004 3192 1205 3262 utique
1246 3192 1665 3263 dominaretur,
1697 3196 1744 3249 si
1771 3196 1901 3265 ejus

243 3276 509 3340 potestas
555 3270 682 3326 vivo
714 3280 978 3326 consorte
1023 3274 1400 3329 minueretur.
1438 3275 1507 3331 Ut
1536 3290 1670 3345 ergo
1710 3279 1893 3331 totam

240 3350 703 3407 dominationem
753 3350 994 3407 haberet
1036 3369 1212 3416 unus.
1248 3353 1477 3410 ablatus
1522 3360 1611 3410 est
1649 3356 1845 3411 socius
1879 3373 1893 3411 :

233 3437 287 3488 et
325 3432 552 3488 scelere
584 3433 761 3488 crevit
808 3432 868 3488 in
922 3435 1109 3506 pejus,
1143 3435 1291 3505 quod
1337 3435 1669 3491 innocentia
1702 3438 1898 3494 minus

237 3518 395 3571 esset
428 3518 487 3569 et
525 3513 758 3569 melius.
795 3513 859 3569 ili
911 3524 1102 3571 autem
1137 3515 1308 3571 fatres
1337 3515 1475 3570 Cain
1518 3520 1574 3570 et
1613 3517 1747 3571 Abel
1780 3534 1895 3573 non

234 3592 536 3650 habebant
563 3594 736 3650 ambo
760 3594 909 3651 inter
938 3612 997 3651 sc
1027 3595 1277 3652 similem
1312 3611 1502 3652 rerum
1534 3599 1895 3652 terrenarum

236 3675 630 3747 cupiditatem
662 3695 676 3744 ;
712 3690 817 3732 nec
847 3677 905 3730 in
948 3676 1056 3733 hoc
1089 3676 1237 3732 alter
1284 3676 1451 3732 alteri
1481 3676 1706 3745 invidit,
1740 3677 1896 3749 quod

236 3756 362 3827 ejus
396 3755 741 3812 dominatus
773 3756 935 3813 ﬁeret
980 3758 1308 3829 angustior,
1338 3757 1437 3828 qui
1469 3755 1715 3812 alterum
1749 3757 1896 3813 occi-

234 3836 337 3903 dit,
368 3836 421 3893 si
460 3836 633 3893 ambo
665 3836 1108 3893 dominarentur
1153 3836 1317 3910 (Abel
1349 3837 1565 3909 quippe
1595 3853 1708 3892 non
1743 3853 1897 3910 quaa-

234 3918 396 3974 rebat
432 3917 895 3974 dominationem
916 3917 976 3973 in
1009 3933 1075 3973 ea
1100 3919 1354 3987 civitate,
1379 3934 1510 3989 quae
1541 3918 1895 3973 condebatur

233 4014 263 4053 ι
288 3998 467 4065 fatre)
502 4014 515 4052 :
549 3999 649 4054 sed
674 3998 1113 4053 invidentiailla
1145 3998 1453 4067 diabolica,
1485 4014 1603 4069 qua
1632 3997 1893 4053 invident

230 4077 398 4135 bonis
453 4077 611 4147 mali,
644 4078 811 4134 nulla
842 4078 957 4134 alia
1005 4094 1183 4134 causa
1214 4077 1255 4147 ί,
1286 4078 1399 4133 nisi
1450 4078 1584 4149 quia
1618 4077 1702 4133 illi
1752 4078 1891 4134 boni

232 4169 385 4229 sunt,
447 4158 535 4214 iili
580 4158 740 4216 mali.
780 4158 951 4215 Nullo
982 4159 1137 4215 enim
1180 4160 1350 4216 modo
1396 4159 1460 4214 fit
1491 4159 1683 4214 minor
1729 4175 1891 4216 acce-

235 4238 404 4296 dente
469 4254 572 4294 seu
622 4242 992 4309 permanente
1032 4243 1301 4295 consorte
1342 4240 1632 4309 possessio
1667 4239 1889 4295 bonita-

232 4318 347 4393 tis;
401 4320 529 4376 imo
584 4322 878 4392 possessio
938 4320 1191 4388 bonitas,
1248 4335 1424 4391 quam
1477 4323 1635 4375 tanto
1694 4319 1889 4389 latius,

236 4406 460 4471 quanto
481 4401 826 4456 concordius
848 4399 1147 4456 individua
1160 4403 1453 4456 sociorum
1476 4401 1737 4473 passidet
1757 4401 1892 4458 cha-

234 4479 373 4537 ritas
404 4482 454 4536 ³.
496 4480 620 4535 Non
653 4480 895 4536 habebit
932 4481 1183 4553 denique
1226 4481 1398 4536 istam
1431 4481 1887 4552 possessionem,

233 4562 327 4633 qui
357 4578 494 4619 eam
526 4562 777 4618 noluerit
806 4560 1021 4617 habere
1051 4578 1419 4618 communem
1444 4580 1459 4630 ;
1488 4569 1545 4619 et
1569 4566 1731 4619 tanto
1757 4578 1885 4619 eam

231 4643 484 4715 reperiet
530 4640 897 4712 ampliorem,
939 4646 1154 4714 quanto
1207 4642 1462 4713 amplius
1507 4642 1589 4698 ibi
1635 4643 1890 4713 potuerit

230 4738 428 4779 amare
460 4730 810 4779 consortem.
862 4721 1012 4779 Illud
1056 4722 1233 4793 igitur
1263 4722 1419 4794 quod
1449 4723 1599 4779 inter
1637 4723 1885 4781 Remum

231 4807 284 4857 et
314 4802 637 4859 Romulum
666 4809 932 4859 exortum
952 4806 1060 4871 est,
1086 4804 1579 4874 quemadmodum
1604 4804 1886 4862 adversus

237 4897 295 4938 se
325 4884 523 4957 ipsam
564 4886 796 4939 terrena
827 4882 1029 4939 civitas
1060 4882 1372 4954 dividatur,
1413 4883 1698 4939 ostendit:
1733 4887 1883 4955 quod

236 4968 434 5020 autem
465 4963 620 5019 inter
647 4963 785 5019 Cain
809 4971 862 5019 et
882 4963 1046 5033 Abel,
1078 4962 1228 5019 inter
1244 4963 1394 5020 duas
1417 4964 1575 5035 ipsas
1598 4964 1882 5036 civitates,

234 5040 329 5099 Dei
348 5047 407 5100 et
431 5042 765 5114 hominum,
783 5042 1126 5100 inimicitias
1149 5044 1593 5102 demonstravit.
1614 5048 1885 5118 Pugnant

294 5236 309 5269 ί
345 5233 502 5284 Vind.
535 5236 650 5284 Am.
682 5235 787 5291 Er.,
824 5233 986 5285 nulla
1015 5234 1136 5283 alia
1162 5249 1329 5285 causa
1377 5244 1473 5285 est.
1504 5235 1750 5296 Verbum,
1782 5243 1880 5297 est,

230 5310 509 5408 pergerem
558 5298 798 5373 additum
828 5314 841 5358 ;
877 5311 1007 5372 nam
1054 5297 1328 5372 auferendi
1375 5311 1499 5369 casu
1544 5300 1718 5372 posita
1756 5302 1882 5349 sunt

230 5372 323 5408 ver
360 5374 396 5408 a
424 5360 520 5408 illa
545 5374 836 5408 superiora.
868 5361 1191 5408 mmdentm
1220 5361 1327 5408 illa
1354 5361 1659 5408 diabolica:
1678 5363 1876 5408 sunnle.

229 5360 520 5468 vertigine
545 5361 836 5424 superiora,
868 5360 1191 5409 inuidentia
1220 5361 1327 5410 illa
1354 5360 1659 5419 diabolica,-
1678 5363 1876 5424 supple.

231 5436 352 5468 ιηυι
394 5438 416 5468 ι
447 5458 460 5468 .

231 5423 460 5471 invidit.

289 5484 311 5518 ²
343 5484 433 5535 Sic
450 5500 644 5549 (omnes
671 5499 833 5549 prepe
869 5486 990 5541 Mss.
1040 5487 1108 5549 At
1152 5485 1307 5533 Vind.
1362 5485 1480 5533 Am.
1528 5486 1582 5534 et
1626 5484 1730 5546 Er.,
1764 5485 1877 5549 imo

225 5547 491 5612 possessio
514 5546 789 5598 bonitati;
805 5557 957 5597 tanto
992 5550 1055 5612 ﬁt
1088 5546 1277 5607 latior,
1309 5556 1515 5612 quanto
1556 5548 1876 5612 concordior

226 5622 348 5658 eam
380 5610 680 5661 individua
706 5610 999 5661 sociorum‘
1005 5612 1246 5672 possidet
1275 5611 1536 5659 charitas.
1573 5610 1717 5673 Lov.,
1764 5612 1875 5660 imo

218 5674 621 5739 possessionem
649 5675 913 5725 bonitatis
943 5682 1097 5724 tanta
1118 5672 1307 5732 latius,
1328 5682 1536 5735 quanto
1556 5674 1873 5739 concordius

229 5733 547 5800 individua,
582 5740 681 5789 etc.

1462 372 1699 433 LIBER
1742 373 2088 445 QUINTUS
2129 378 2495 449 DECIMUS.

3567 410 3685 471 442

2037 537 2172 616 ergo
2203 525 2353 616 inter
2382 546 2445 616 se
2477 532 2708 616 mallet
2737 538 2869 594 mali
2905 555 2917 595 :
2950 539 3085 597 item
3116 552 3379 616 pugnant
3426 550 3579 607 inter
3620 569 3683 609 se

2037 602 2170 705 bo‘ni
2202 611 2259 662 et
2307 610 2464 667 mali.
2500 613 2640 670 Boni
2689 634 2820 674 vero
2860 624 2913 675 et
2959 602 3131 691 boni;
3163 602 3679 705 sinerl'ectiﬂsunt,

2038 692 2190 774 inter
2217 705 2279 743 se
2312 708 2570 763 pugnare
2602 713 2715 753 non
2759 706 3007 770 possunt
3040 720 3053 758 :
3085 692 3451 774 proficientes
3483 692 3675 769 autem

2038 768 2415 861 nondumque
2449 776 2683 842 perfecti
2716 768 2795 834 ita
2825 768 3102 849 possunt,
3125 791 3185 838 ut
3216 785 3401 842 bonus
3435 792 3681 861 quisque

2035 860 2103 900 ex
2123 856 2373 934 eaparte
2396 861 2612 934 pugnet
2630 864 2830 914 contra
2852 860 3122 928 alterum,
3146 881 3264 934 qua
3285 856 3681 928 etiam'contra

2033 930 2434 1019 semetipsum.
2468 933 2535 988 Et
2567 936 2623 1019 in
2668 955 2781 994 uno
2810 941 3021 1013 quippe
3058 930 3292 1000 homine
3330 964 3454 1003 caro
3484 966 3681 1007 concu-

2029 1010 2191 1093 piscit
2220 1010 2478 1067 adversus
2507 1018 2787 1085 spiritum,
2821 1022 2871 1076 et
2899 1010 3130 1093 spiritus
3171 1026 3427 1083 adversus
3460 1047 3680 1088 carnem

2030 1085 2231 1181 (quiat.
2258 1108 2312 1157 ν,
2344 1093 2453 1165 17).
2479 1085 2961 1169 Concupiscentia
2983 1118 3117 1172 ergo
3137 1107 3460 1177 epiritualis
3478 1085 3678 1168 contra

2029 1167 2272 1260 alterius
2303 1184 2490 1260 potest
2526 1167 2783 1250 pugnare
2806 1167 3123 1250 carnalem,
3155 1167 3242 1241 vel
3268 1193 3676 1260 concupiscen-

2028 1251 2111 1304 tia
2140 1251 2391 1310 carnalis
2422 1262 2622 1313 contra
2653 1260 2888 1318 alterius
2912 1264 3298 1334 spiritualem,
3335 1251 3486 1325 sicut
3526 1272 3674 1328 inter

2028 1343 2090 1386 se
2122 1338 2388 1425 pugnant
2418 1336 2560 1425 boni
2587 1344 2644 1395 et
2667 1342 2852 1425 mali:
2887 1344 2971 1400 vel
3007 1350 3160 1402 certe
3191 1348 3329 1420 ipsa:
3361 1353 3672 1425 concupis-

2024 1414 2227 1503 centiae
2260 1418 2520 1503 carnales
2549 1420 2697 1475 inter
2716 1438 2778 1503 se
2799 1424 3045 1480 duorum
3074 1414 3383 1498 bonorum,
3413 1414 3669 1489 nondum

2026 1494 2665 1583 utiqueperfectorum,
2697 1502 2852 1559 sicut
2882 1506 3033 1561 inter
3063 1524 3123 1563 se
3161 1494 3425 1580 pugnant
3457 1512 3590 1566 mali
3616 1517 3673 1568 et

2023 1570 2184 1664 mali,
2217 1573 2397 1664 donec
2428 1592 2629 1664 eorum
2664 1583 2761 1651 qui
2787 1591 3068 1641 curantur
3098 1570 3178 1643 ad.
3202 1570 3466 1647 ultimam
3499 1592 3671 1647 victo-

2022 1654 2170 1708 riam
2203 1654 2426 1713 sanitas
2457 1661 2830 1729 perducatur.

2274 1831 2368 1923 VI.
2400 1864 2469 1875 —
2500 1840 2582 1923 De
2600 1838 2983 1923 languoribus,
3004 1858 3133 1913 quos
3166 1858 3235 1898 ea:
3263 1861 3426 1914 pana
3454 1850 3664 1918 peccati

2090 1915 2255 1998 etiam
2291 1915 2434 1971 cives
2470 1917 2708 1974 civitatis
2740 1920 2835 1975 Dei
2874 1923 2933 1975 in
2965 1922 3131 1994 hujus
3178 1927 3298 1981 vita:
3333 1915 3664 1998 peregrina-

2090 1994 2235 2127 tione
2269 1999 2591 2065 patiuntur,
2633 2006 2684 2055 et
2729 2017 2763 2055 a
2811 2004 3003 2074 quibus
3033 2005 3139 2061 Deo
3188 1994 3430 2065 mede-nte
3465 1994 3654 2066 ‘sana-

2117 2088 2206 2128 ur.

2091 2224 2358 2306 Languor
2389 2232 2476 2284 est
2507 2230 2716 2300 quippe
2743 2232 2871 2301 iste,
2916 2232 2974 2287 id
3005 2238 3094 2289 est
3122 2234 3221 2290 illa
3252 2234 3661 2306 inobedientia,

2020 2305 2404 2387 quainlihro
2436 2310 2868 2378 quartodecimo
2890 2313 3273 2369 disseruimus
3296 2316 3481 2387 (Capp.
3514 2318 3561 2381 1,
3600 2320 3659 2373 11

2016 2391 2074 2439 et
2102 2385 2283 2455 alibi),
2318 2386 2517 2458 primas
2565 2389 2970 2447 inobedientia:
3002 2392 3358 2464 supplicium
3428 2385 3495 2451 et
3532 2396 3660 2454 ideo

2018 2480 2135 2545 non
2170 2472 2399 2533 natura,
2433 2469 2532 2524 sed
2567 2468 2769 2525 vitium
2808 2486 2821 2524 :
2852 2476 3088 2542 propter
3118 2475 3267 2543 quod
3295 2474 3506 2530 dicitur
3530 2492 3659 2545 pro-

2018 2544 2350 2625 ﬁrcientibus
2408 2547 2593 2611 bonis,
2642 2553 2699 2604 et
2727 2565 2796 2604 ex
2827 2550 2937 2605 ﬁde
2969 2552 3030 2606 in
3064 2552 3169 2607 hac
3201 2544 3661 2625 peregrinatione

2013 2624 2360 2693 viventibus,
2393 2629 2631 2683 Invicem
2651 2644 2822 2684 onera
2843 2639 3021 2685 vestra
3039 2641 3273 2702 portate,
3295 2624 3359 2688 et
3376 2636 3458 2689 sic
3484 2634 3661 2691 adim-

2012 2704 2236 2775 ptebitis
2291 2707 2463 2777 legem
2505 2707 2709 2763 Christi
2737 2709 2940 2780 (Gatat.
2988 2727 3067 2780 vr,
3099 2713 3154 2777 2)
3198 2714 3292 2783 (a).
3330 2713 3471 2769 Item
3524 2716 3659 2772 alibi

2014 2785 2191 2840 dicitu
2203 2802 2255 2840 r:
2282 2788 2552 2858 Corripite
2575 2790 2863 2859 inquietos,
2878 2791 3212 2846 consolamin
3224 2792 3244 2846 ἱ
3251 2793 3397 2863 pusil
3404 2795 3523 2849 iani
3529 2811 3657 2863 mes,

2010 2865 2274 2935 suscipite
2311 2867 2581 2937 inﬁrmos,
2623 2870 2900 2936 patientes
2936 2879 3105 2926 estote
3133 2872 3207 2926 ad
3236 2887 3441 2928 omnes.
3486 2874 3660 2932 Videte

2009 2962 2081 3000 ne
2111 2948 2233 3017 quis
2283 2948 2493 3001 malum
2532 2964 2630 3017 pro
2659 2949 2805 3005 malo
2835 2950 3009 3004 alicui
3037 2950 3229 3006 reddat
3258 2954 3300 3020 (Ι
3338 2954 3476 3008 Tess.
3511 2970 3565 3022 v,
3592 2955 3657 3009 14

2012 3028 2118 3099 15).
2154 3030 2296 3084 Item
2322 3028 2435 3084 alio
2464 3030 2591 3086 loco
2617 3046 2630 3084 :
2665 3030 2724 3084 Si
2752 3036 3156 3101 praeoccupatus
3194 3034 3367 3103 fuerit
3398 3035 3554 3090 homo
3583 3034 3647 3090 in

2006 3108 2189 3179 aliquo
2218 3109 2428 3178 delicto,
2462 3126 2549 3166 vos
2586 3112 2684 3181 qui
2718 3112 3043 3182 spirituates
3071 3117 3221 3178 estis,
3255 3113 3514 3169 instruite
3545 3116 3653 3170 hu-

1998 3190 2244 3260 jusmodi
2262 3190 2322 3245 in
2352 3193 2555 3261 spiritu
2574 3192 3033 3261 mansuetudinis,
3062 3195 3357 3249 intendens
3376 3197 3429 3249 te
3448 3194 3651 3266 ipsum,

2004 3284 2075 3324 ne
2100 3277 2151 3325 et
2183 3274 2241 3325 tu
2271 3271 2499 3327 tenteris
2537 3273 2742 3343 (Gatat.
2778 3290 2855 3340 vr,
2891 3274 2963 3345 1).
2998 3273 3065 3328 Et
3093 3274 3230 3328 alibi
3265 3290 3277 3329 :
3304 3273 3397 3329 Sol
3426 3292 3538 3331 non
3567 3291 3649 3331 oc-

2003 3349 2154 3403 cidat
2195 3366 2361 3420 super
2411 3353 2775 3407 iracundiam
2832 3359 3068 3408 vestram
3122 3354 3345 3424 (Ephes.
3400 3371 3477 3422 ιν,
3535 3356 3648 3425 26).

2006 3428 2075 3483 Et
2102 3428 2160 3482 in
2192 3430 2501 3501 Evangelio
2536 3447 2549 3485 :
2585 3432 2644 3485 Si
2663 3437 2970 3501 peccaverit
2993 3434 3050 3485 in
3073 3444 3130 3487 te
3157 3436 3338 3501 frater
3363 3440 3511 3499 tuus,
3534 3451 3653 3489 cor-

2005 3508 2128 3578 ripe
2148 3523 2273 3562 eum
2302 3510 2449 3564 inter
2476 3515 2526 3565 te
2550 3514 2602 3564 et
2633 3512 2810 3579 ipsum
2840 3512 3018 3565 solum
3050 3510 3069 3543 ί
3104 3511 3313 3581 (Matth.
3345 3528 3502 3578 xvm,
3539 3513 3649 3584 15).

2006 3587 2148 3643 Item
2183 3588 2253 3643 de
2285 3589 2561 3659 peccatis,
2593 3590 2651 3644 in
2684 3590 2901 3660 quibus
2933 3589 3250 3644 multorum
3295 3595 3530 3644 cavetur
3558 3594 3644 3645 of-

2003 3667 2206 3735 fensio,
2230 3667 2543 3737 Apostolus
2575 3668 2713 3723 dicit
2737 3685 2750 3722 :
2774 3670 3060 3724 Peccantes
3075 3685 3258 3723 coram
3288 3669 3539 3724 omnibus
3560 3686 3651 3723 ar-

1998 3763 2123 3819 gue,
2152 3756 2210 3802 ut
2238 3755 2292 3801 et
2313 3749 2497 3802 caeteri
2528 3746 2783 3803 timorem
2810 3749 3043 3804 habeant
3064 3749 3108 3817 (Ι
3135 3749 3264 3802 Tim.
3290 3764 3343 3813 v,
3372 3749 3486 3819 20).
3511 3749 3645 3804 Pro-

2003 3833 2130 3900 pter
2160 3827 2268 3883 hoc
2298 3832 2355 3883 et
2386 3827 2455 3882 de
2486 3829 2651 3883 venia
2696 3829 2944 3885 invicem
2977 3828 3187 3896 danda,
3241 3827 3425 3883 multa
3453 3829 3648 3897 praeci-

2000 3909 2263 3980 piuntur,
2288 3913 2343 3963 et
2375 3924 2588 3978 magna
2628 3925 2787 3973 cura,
2826 3913 3055 3980 propter
3090 3907 3399 3963 tenendam
3425 3924 3642 3978 pacem,

2001 3988 2126 4045 sine
2154 4006 2270 4061 qua
2302 4005 2469 4044 nemo
2503 3991 2711 4059 poterit
2738 3990 2929 4046 videre
2962 3988 3146 4043 Deum
3179 3988 3356 4056 (Hebr.
3388 4005 3490 4057 χιι,
3516 3989 3641 4057 14);

2000 4071 2098 4126 ubi
2134 4070 2231 4126 ille
2262 4076 2449 4126 terror
2496 4075 2601 4136 est,
2636 4070 2871 4142 quando
2909 4070 3153 4141 jubetur
3201 4085 3400 4124 servus
3448 4070 3643 4125 decem

1999 4150 2254 4207 millium
2288 4150 2639 4208 talentorum
2664 4151 2863 4206 redere
2892 4150 3109 4218 debita,
3140 4167 3267 4222 quae
3299 4149 3380 4205 illi
3413 4150 3643 4206 fuerant

1997 4234 2277 4303 relaxata,
2326 4233 2599 4305 quoniam
2650 4233 2913 4289 debitum
2971 4232 3346 4287 denariorum
3406 4236 3639 4287 centum

1996 4327 2270 4369 conservo
2302 4330 2408 4370 suo
2441 4330 2553 4370 non
2603 4312 2894 4369 relaxavit.
2938 4314 3060 4379 Qua
3092 4312 3474 4368 similitudine
3506 4329 3639 4384 pro-

1996 4393 2206 4463 posita,
2240 4393 2516 4449 Dominus
2544 4394 2717 4450 Jesus
2749 4392 2983 4464 adjecit,
3016 4398 3191 4465 atque
3219 4393 3316 4458 ait,
3350 4392 3440 4448 Sic
3466 4400 3518 4450 et
3541 4409 3639 4450 vo-

1996 4474 2077 4529 bis
2137 4475 2311 4542 faciet
2370 4476 2531 4530 Pater
2578 4478 2755 4530 vester
2806 4474 3052 4539 caelestis,
3086 4474 3135 4529 si
3165 4489 3271 4530 non
3302 4472 3631 4529 dimiseritis

1996 4553 2549 4626 unusquisque/miri
2568 4570 2667 4610 suo
2686 4553 2751 4608 de
2768 4554 3024 4611 cordibus
3046 4556 3234 4610 vestris
3257 4553 3635 4625 (Matth.xv1n,

1992 4635 2107 4706 35).
2142 4635 2259 4690 Hoc
2292 4636 2462 4691 modo
2510 4639 2790 4691 curantur
2819 4635 2973 4691 cives
3002 4634 3260 4691 civitatis
3295 4635 3388 4690 Dei
3419 4634 3478 4688 in
3528 4633 3640 4689 hac

1992 4713 2187 4770 terra'
2218 4715 2679 4786 peregrinantes,
2721 4720 2779 4772 et
2810 4713 2937 4785 paci
2971 4729 3240 4785 supernis
3273 4712 3465 4780 patriae
3493 4727 3633 4767 sus-

1992 4797 2271 4868 pirantes.
2313 4796 2565 4869 Spiritus
2598 4804 2793 4853 autem
2842 4799 3081 4851 sanctus
3114 4799 3389 4862 operatur
3419 4792 3630 4847 intrin—

1992 4895 2182 4948 secus,
2222 4882 2288 4935 ut
2329 4878 2514 4934 valeat
2543 4876 2761 4949 aliquid
2795 4874 3108 4941 medicina,
3151 4889 3277 4944 quas
3324 4872 3635 4928 adhibetur

1990 4959 2373 5017 extrinsecus.
2404 4958 2674 5031 Alioquin
2702 4953 2933 5012 etiamsi
2955 4954 3109 5009 Deus
3139 4954 3258 5023 ipse
3280 4957 3454 5008 utens
3484 4966 3636 5007 crea-

1987 5044 2121 5098 tura
2150 5040 2260 5096 sibi
2301 5040 2533 5097 subdita
2578 5038 2635 5094 in
2668 5036 2865 5109 aliqua
2895 5035 3085 5107 specie
3118 5034 3373 5089 humana
3420 5047 3631 5089 sensus

1988 5120 2322 5193 alloquetur
2364 5120 2677 5189 humanos,
2712 5118 2828 5175 sive
2859 5116 3002 5173 istos
3040 5113 3320 5187 corporis,
3352 5112 3470 5168 sive
3498 5111 3630 5193 illos

1987 5191 2142 5273 quos
2165 5201 2295 5258 istis
2326 5200 2658 5257 simillimos
2694 5198 2983 5254 habemus
3013 5196 3072 5252 in
3115 5194 3358 5263 somnis,
3401 5207 3506 5249 nec
3538 5191 3628 5248 in-

1984 5284 2195 5340 teriore
2223 5282 2413 5356 gratia
2455 5286 2711 5338 mentem
2744 5283 2906 5352 regat
2935 5282 3107 5349 atque
3133 5284 3284 5349 agat,
3319 5273 3460 5356 nihil
3497 5289 3627 5345 pro-

1984 5363 2110 5420 dest
2143 5353 2366 5419 homini
2413 5361 2606 5419 omnis
2638 5359 2968 5434 praedicatio
3008 5358 3288 5415 veritatis.
3326 5353 3482 5412 Facit
3525 5369 3626 5411 au-

2046 5616 2061 5648 ι
2096 5612 2271 5670 Abest,
2301 5611 2502 5668 solum,
2535 5624 2566 5660 a
2596 5610 2991 5672 manuscriptis.

2042 5674 2063 5708 ²
2093 5674 2217 5725 Sola
2248 5675 2407 5725 editio
2434 5676 2587 5731 Lov.,
2620 5674 2683 5722 in
2713 5674 2814 5722 hac
2845 5681 3085 5721 terrena.

2044 5738 2117 5801 (α)
2146 5738 2293 5788 Conf.
2325 5739 2417 5788 lib.
2451 5740 2515 5790 de
2543 5738 2752 5798 Quaest.
2784 5734 2863 5793 83,
2894 5749 2983 5798 qu.
3018 5734 3096 5783 71.
