4138 6192
352 345 470 406 443

359 482 476 533 tem
513 479 619 535 hoc
650 480 801 534 Deus
832 495 865 532 a
896 478 1050 534 vasis
1083 480 1494 537 misericordia
1520 483 1616 539 ira:
1643 501 1780 540 vasa
1799 485 2007 540 discer-

361 575 526 623 nens,
549 558 989 629 dispensatione
1011 577 1125 630 qua
1145 561 1269 632 ipse
1292 563 1453 618 novit
1477 564 1727 620 multum
1756 565 2001 631 occulta,

361 641 455 694 sed
484 649 670 693 tamen
693 641 873 704 justa.
903 642 1031 709 Ipso
1057 643 1273 714 quippe
1295 645 1610 713 adjuvante
1636 647 2005 701 mirabilibus

357 723 414 774 et
461 719 778 774 latentibus
826 721 1036 789 modis,
1069 739 1200 777 cum
1238 731 1559 794 peccatum,
1594 730 1748 799 quod
1782 728 2005 783 habitat

360 799 416 854 in
447 799 722 880 membris
763 801 997 867 nostris,
1035 819 1159 872 quae
1201 806 1395 872 potius
1418 807 1540 876 jam
1590 825 1757 878 paena
1784 809 2004 880 peccati

360 883 465 944 est,
493 878 643 931 sicut
680 879 991 948 Apostolus
1025 882 1301 953 praecipit,
1337 903 1450 940 non
1483 893 1685 957 regnat
1715 878 2002 942 invnostro

361 957 603 1038 mortali
622 973 858 1027 corpore
877 961 947 1013 ad
971 963 1358 1019 obediendum
1381 967 1686 1021 desideriis
1717 969 1866 1038 ejus,
1901 983 2003 1023 nec

357 1036 408 1090 ei
433 1036 691 1091 membra
717 1047 913 1094 nostra
939 1043 1092 1096 velut
1116 1043 1445 1113 iniquitatis
1473 1063 1637 1101 arma
1659 1036 2002 1102 exhibemus

359 1115 534 1182 (Rom.
568 1132 644 1182 v1,
691 1117 778 1184 12,
828 1119 934 1189 13),
967 1128 1323 1177 convertitur
1353 1126 1421 1178 ad
1458 1132 1708 1181 mentem
1745 1144 1858 1181 non
1892 1126 2003 1182 sibi

357 1196 425 1249 ad
471 1196 640 1262 mala,
687 1196 801 1253 Deo
835 1206 1092 1269 regente,
1135 1205 1594 1260 consentientem
1625 1225 1638 1273 ;
1673 1211 1728 1261 et
1757 1224 1880 1262 eam
1916 1223 2002 1263 re-

355 1281 585 1349 gentem
631 1281 1009 1350 tranquillius
1043 1298 1195 1338 nunc
1234 1284 1489 1352 habebit,
1527 1293 1722 1357 postea
1756 1290 2003 1344 sanitate

356 1358 608 1439 perfesta
643 1361 655 1393 ¹
691 1364 866 1430 atque
897 1362 1339 1420 immortalitate
1371 1373 1636 1439 percepta
1668 1368 1842 1425 homo
1874 1369 2002 1426 sine

356 1437 475 1494 ullo
497 1444 730 1508 peccato
760 1442 819 1496 in
853 1447 1069 1500 aeterna
1101 1462 1242 1516 pace
1274 1437 1559 1518 regnabit;

360 1622 600 1678 CAPUT
632 1622 750 1678 VII.
782 1656 852 1664 —
884 1624 954 1678 De
981 1641 1144 1681 causa
1177 1633 1229 1681 et
1257 1627 1568 1698 pertinacia
1593 1629 1814 1684 sceleris
1841 1629 1998 1698 Cain,

433 1718 592 1773 quem
662 1720 695 1758 a
753 1705 1000 1775 [acinore
1062 1717 1317 1779 concepto
1349 1724 1444 1763 nec
1476 1709 1568 1764 Dei
1622 1726 1796 1765 sermo
1850 1726 1999 1767 revo-

439 1783 604 1838 cavit.

427 1947 476 2000 1.
512 1946 622 2002 Sed
656 1947 765 2003 hoc
797 1947 1014 2018 ipsum,
1039 1951 1190 2021 quod
1223 1951 1377 2008 sicut
1409 1953 1707 2023 potuimus
1739 1956 2003 2027 exposui-

355 2043 505 2094 mus,
558 2045 691 2083 cum
724 2029 873 2084 Deus
920 2030 1151 2086 locutus
1181 2038 1331 2087 esset
1360 2035 1429 2088 ad
1463 2033 1604 2091 Cain
1636 2052 1701 2090 eo
1757 2054 1916 2092 more
1955 2038 1998 2085 ²ν

355 2125 470 2180 quo
495 2125 629 2189 cum
665 2110 869 2180 primis
901 2109 1238 2168 horninibus
1270 2131 1366 2183 per
1395 2120 1722 2172 creaturam
1768 2120 1996 2189 subjec-

354 2193 474 2244 tam
506 2188 660 2244 velut
697 2205 897 2246 eorum
946 2193 1138 2248 socius
1183 2195 1368 2250 forma
1414 2211 1675 2267 congrua
1721 2188 1998 2270 loqueba-

352 2273 446 2325 tur
478 2273 576 2341 (a),
618 2270 756 2341 quid
798 2271 848 2325 ei
897 2273 1161 2344 profuit?
1192 2291 1383 2330 nonne
1421 2283 1764 2348 conceptum
1809 2280 1999 2336 scelus

354 2349 412 2405 in
447 2353 699 2406 necando
733 2352 874 2406 fatre
907 2353 1081 2408 etiam
1116 2359 1246 2424 post
1280 2357 1514 2411 verbum
1549 2358 1761 2415 divina:
1798 2362 1998 2416 admo-

357 2431 598 2486 nitionis
646 2431 950 2503 implevit?
981 2434 1125 2489 Nam
1171 2453 1300 2492 cum
1348 2438 1630 2494 sacriﬁcia
1655 2442 1998 2498 decrevisset

357 2510 686 2577 amborum,
736 2512 794 2566 in
846 2511 1002 2568 illius
1040 2516 1377 2585 respiciens,
1428 2517 1600 2588 hujus
1647 2520 1997 2590 despiciens,

357 2592 512 2673 quod
545 2608 659 2646 non
691 2593 1074 2650 dubitandum
1109 2601 1198 2650 est
1229 2598 1487 2668 potuisse
1521 2601 1792 2668 cognosci
1832 2605 1998 2673 signo

355 2671 553 2742 aliquo
584 2677 893 2730 attestante
920 2675 1132 2730 visibili
1157 2695 1170 2745 ;
1204 2683 1260 2732 et
1282 2677 1388 2732 hoc
1414 2679 1541 2734 ideo
1569 2681 1802 2736 fecisset
1823 2671 1996 2748 De—us,

357 2754 499 2824 quia
519 2757 673 2810 mala
695 2766 856 2810 erant
879 2773 1055 2828 Opera
1077 2758 1276 2828 hujus,
1301 2759 1492 2814 fratris
1515 2778 1645 2816 vero
1668 2765 1793 2832 ejus
1816 2764 1995 2819 bona:

357 2834 738 2890 contristatus
784 2841 871 2892 est
917 2836 1054 2892 Cain
1080 2839 1268 2905 valde,
1293 2844 1348 2893 et
1370 2841 1621 2895 concidit
1645 2843 1818 2898 facies
1847 2845 1994 2913 ejus,

351 2913 442 2969 Sic
472 2914 626 2969 enim
679 2916 960 2987 scriptum
1003 2923 1127 2972 est:
1161 2923 1227 2974 Et
1256 2921 1401 2975 dixit
1430 2921 1692 2976 Dominus
1725 2923 1794 2977 ad
1827 2925 1992 2994 Cain,

353 2995 532 3063 Quare
562 2994 737 3050 tristis
776 2999 953 3067 factus
984 3013 1062 3066 es,
1101 3003 1153 3053 et
1188 3016 1354 3069 quare
1391 3003 1625 3057 concidit
1663 3003 1836 3073 facies
1865 3010 2000 3061 tua?

349 3079 542 3156 Nonne
565 3078 616 3130 si
644 3079 785 3132 recte
826 3079 1045 3150 oﬂeras.
1079 3085 1221 3135 recte
1249 3090 1431 3136 autem
1468 3100 1576 3139 non
1601 3084 1842 3144 dividas.
1875 3104 1994 3156 pec-

350 3157 491 3210 casti
509 3155 536 3210 ?
585 3157 804 3224 Quiesce
825 3175 843 3210 :
878 3158 946 3213 ad
989 3167 1038 3214 te
1068 3159 1215 3214 enim
1245 3166 1528 3218 conversio
1557 3166 1691 3235 ejus,
1737 3169 1785 3220 et
1819 3155 1881 3221 tu?
1908 3167 2000 3222 do-

351 3237 654 3291 minaberis
683 3238 842 3292 illius
872 3238 1025 3309 (Cen.
1052 3257 1127 3308 ιν,
1158 3241 1214 3307 6,
1244 3243 1298 3309 7,
1320 3259 1426 3297 sec.
1454 3243 1650 3315 LXX).
1687 3248 1746 3300 In
1773 3245 1881 3303 hac
1903 3248 1998 3302 ad-

353 3316 673 3400 monitione
706 3333 881 3400 quam
914 3320 1068 3376 Deus
1104 3322 1338 3390 protulit
1369 3325 1440 3379 ad
1482 3327 1640 3394 Cain,
1678 3326 1822 3381 illud
1866 3331 1996 3400 qui-

349 3397 480 3452 dem
516 3399 670 3468 quod
701 3399 922 3456 dictum
957 3407 1065 3468 est,
1099 3402 1285 3458 Nonne
1317 3406 1365 3459 si
1408 3411 1552 3461 recte
1596 3406 1822 3479 offeras,
1855 3397 1999 3465 recte

347 3487 531 3533 autem
561 3494 668 3534 non
697 3480 929 3546 dividas,
953 3485 1187 3554 peccasti
1207 3485 1390 3555 ?quia
1431 3503 1540 3542 non
1575 3487 1762 3542 elucet
1793 3506 1897 3543 cur
1914 3490 1997 3544 vel

353 3560 504 3613 unde
538 3559 616 3615 sit
644 3561 888 3629 dictum,
925 3565 1134 3619 multos
1168 3581 1375 3620 sensus
1411 3569 1628 3637 peperit
1649 3570 1773 3638 ejus
1795 3570 2002 3626 obscu-

348 3639 510 3707 ritas,
536 3657 668 3696 cum
693 3643 1026 3699 divinarum
1061 3644 1490 3716 Scripturarum
1525 3650 1775 3720 quisque
1797 3656 2000 3706 tracta-

349 3722 441 3802 t_or
471 3722 793 3777 secundum
837 3725 971 3779 ﬁdei
1017 3726 1277 3795 regulam
1313 3728 1366 3780 id
1412 3735 1656 3783 conatur
1692 3746 1998 3802 exponere.

353 3798 524 3854 Recte
555 3802 773 3873 quippe
794 3805 1035 3859 offertur
1056 3806 1434 3872 sacriﬁcium,
1460 3822 1588 3862 cum
1619 3798 1857 3866 oﬁertur
1885 3811 2000 3868 Deo

351 3895 502 3945 vero,
538 3882 628 3935 cui
665 3883 766 3937 uni
795 3887 1202 3938 tantummodo
1243 3885 1686 3942 sacriﬁcandum
1723 3898 1829 3945 est.
1877 3891 1999 3947 Non

350 3965 544 4013 autem
578 3966 729 4015 recte
759 3961 1062 4026 dividitur,
1097 3964 1235 4016 dum
1264 3980 1376 4018 non
1409 3965 1819 4025 discernuntur
1851 3977 2001 4028 recte

352 4039 438 4095 vel
473 4041 618 4106 loca,
652 4040 737 4095 vel
765 4045 1044 4108 tempora,
1080 4043 1167 4097 vel
1202 4060 1292 4098 res
1327 4045 1466 4117 ipsa)
1497 4066 1624 4119 qua:
1657 4051 1996 4117 offeruntur,

351 4119 439 4175 vel
463 4121 560 4190 qui
593 4120 868 4200 offert,et
897 4120 989 4174 cui
1019 4122 1276 4192 offertur,
1311 4126 1398 4182 vel
1432 4127 1489 4182 hi
1522 4132 1736 4200 quibus
1769 4134 1837 4186 ad
1872 4149 2000 4188 ves-

354 4201 601 4254 cendum
637 4199 1016 4256 distribuitur
1046 4205 1198 4274 quod
1235 4207 1490 4263 oblatum
1526 4199 1644 4264 est:
1675 4217 1737 4266 ut
1768 4212 1999 4268 divisio-

353 4294 488 4359 nem
534 4279 640 4359 hic
673 4280 1076 4359 discretionem
1122 4285 1550 4359 intelligamus;
1585 4293 1704 4346 sive
1735 4309 1865 4347 cum
1916 4296 1999 4348 of-

353 4358 556 4423 fertur,
592 4358 689 4440 ubi
723 4377 835 4414 non
870 4370 1117 4432 oportet,
1145 4358 1420 4438 autquod
1459 4387 1574 4425 non
1598 4371 1700 4440 ibi,
1731 4375 1832 4428 sed
1864 4375 1998 4429 alibi

353 4441 608 4522 oportet;
643 4439 760 4495 sive
783 4457 911 4496 cum
939 4444 1192 4516 offertur,
1228 4450 1464 4518 quando
1491 4467 1605 4506 non
1632 4458 1879 4522 oportet,
1903 4460 2004 4510 aut

354 4517 508 4587 quod
541 4534 655 4572 non
689 4523 847 4588 tunc,
891 4523 989 4577 sed
1033 4523 1178 4581 alias
1221 4517 1482 4598 oportet;
1515 4530 1635 4586 sive
1665 4517 1796 4587 cum
1830 4517 1884 4588 id
1918 4535 1999 4589 of-

354 4597 555 4682 fertur,
577 4600 729 4682 quod
767 4617 1058 4674 nusquam
1092 4610 1149 4660 et
1181 4597 1481 4678 nunquam
1516 4612 1748 4682 penitus
1769 4613 1999 4682 debuit;

352 4679 468 4760 sive
499 4695 630 4735 cum
655 4680 929 4738 electiora
951 4685 1061 4740 sibi
1092 4688 1353 4758 ejusdem
1375 4679 1608 4760 generis
1633 4710 1825 4749 rerum
1852 4679 2005 4750 tenet

352 4758 554 4840 homo,
599 4779 772 4833 quam
825 4769 964 4821 sunt
1024 4783 1089 4822 ea
1137 4785 1265 4840 quae
1313 4758 1482 4826 offert
1522 4773 1667 4840 Deo;
1701 4774 1820 4828 sive
1868 4790 2000 4830 cum

353 4839 478 4922 ejus
509 4841 587 4896 rei
620 4859 746 4914 quas
778 4844 972 4901 oblata
1001 4853 1110 4915 est,
1155 4839 1219 4904 ﬁt
1250 4851 1534 4922 particeps
1577 4839 1870 4922 profanus.
1904 4860 2005 4910 aut

353 4920 601 5000 quilibet
624 4941 794 4994 quem
825 4929 906 4981 fas
932 4944 1043 4982 non
1067 4935 1155 4983 est
1179 4930 1321 4983 ﬁeri.
1347 4931 1404 4983 In
1435 4920 1546 5000 quo
1570 4920 1765 4988 autem
1795 4934 2001 4992 horum

359 4999 475 5056 Deo
507 5002 864 5074 displicuerit
914 5009 1072 5073 Cain,
1126 5010 1290 5066 facile
1337 4999 1461 5066 non,
1505 5018 1688 5082 potest
1738 5015 1999 5073 inveniri.

421 5295 618 5368 1.V:ind.
653 5299 707 5346 et
743 5299 879 5353 Αω..
922 5308 984 5368 _et
1015 5316 1136 5350 eam
1184 5318 1380 5364 regens
1427 5306 1804 5368 tranquillius
1853 5325 2004 5359 nunc

353 5357 775 5434 habebippostea
803 5361 1102 5434 agnitatcni
1144 5357 1469 5434 Perfectam.
1520 5357 1680 5419 Paulo
1723 5374 1842 5434 post
1868 5357 2000 5431 loco,

355 5422 609 5514 "iisti:
641 5422 1483 5514 νθὲαιξετῖιθίὲξξῑίῖ.ἓρῖεηειαδθιν

467 5484 767 5551 ΥἱρᾱηΑεῃ.
800 5487 882 5551 Er.
915 5488 1202 5551 etialiquot
1229 5492 1370 5546 Mss..
1401 5484 1662 5546 comedo.

350 5601 380 5650 3
411 5544 662 5656 gemmas.
693 5550 786 5599 lib.
817 5550 931 5601 8de
961 5544 1104 5601 Gen:
1121 5555 1188 5601 ad
1219 5544 1368 5612 Litt;
1394 5568 1446 5604 n.
1494 5555 1574 5614 37,
1623 5544 1678 5608 et
1704 5559 1795 5610 lib.
1827 5559 1876 5617 9,
1906 5574 1999 5612 nn.

1411 352 1509 410 DE
1554 352 1922 413 CIVITATE
1967 353 2119 426 DEI,
2169 354 2231 413 S.
2281 354 2702 416 AUGUSTINI

3643 363 3759 422 “4

2116 486 2225 541 Sed
2259 487 2536 557 quoniam
2567 488 2824 544 Joannes
2871 489 3194 559 apostolus,
3244 506 3379 545 cum
3412 490 3483 545 de
3532 490 3625 546 his
3658 492 3764 546 fra-

2114 567 2300 621 tribus
2342 567 2692 637 loqueretur,
2739 569 2854 623 Non.
2883 569 3026 624 sicut
3076 571 3236 637 Cain,
3286 571 3498 642 inquit,
3539 574 3637 642 qui
3693 589 3764 628 ea:

2115 648 2363 714 maligno
2409 656 2546 714 erat,
2587 653 2636 702 et
2667 649 2862 703 occidit
2905 649 3143 720 fratrem
3176 667 3337 705 suum
3363 669 3381 705 :
3413 657 3464 705 et
3494 654 3652 718 cuius
3681 654 3766 706 rei

2115 730 2308 798 gratia
2351 729 2553 781 occidit
2583 745 2706 783 eum
2727 732 2752 781 .9
2781 728 2918 796 Quia
2950 746 3115 799 opera
3149 730 3306 784 illius
3343 733 3608 802 maligna
3639 731 3764 801 fue-

2114 815 2243 862 rant
2272 808 2467 875 [ratris
2495 820 2677 862 autem
2709 811 2864 864 iuius
2896 812 3041 877 iusta
3071 813 3114 872 (Ι
3138 813 3297 867 Joan.
3326 828 3410 876 ιιι,
3438 813 3554 881 12);
3591 813 3764 868 datur

2114 887 2355 957 intelligi
2391 896 2690 959 propterea
2736 891 2913 944 De-um
2950 908 3060 944 non
3106 894 3427 959 respexisse
3459 893 3513 944 in
3546 910 3764 948 munus

2114 960 2260 1028 ejus,
2295 960 2432 1030 quia
2471 961 2578 1016 hoc
2609 963 2736 1032 ipso
2770 964 2917 1016 male
2949 963 3264 1026 dividebat,
3308 965 3456 1017 dans
3495 963 3610 1018 Deo
3659 966 3765 1019 ali-

2115 1041 2250 1112 quid
2285 1059 2480 1109 suum,
2515 1043 2628 1096 sibi
2674 1050 2864 1098 autem
2898 1059 2957 1098 se
2997 1043 3212 1114 ipsum.
3248 1044 3408 1107 Quod
3442 1061 3647 1100 omnes
3683 1047 3766 1100 fa-

2113 1123 2275 1177 ciunt
2301 1123 2402 1194 qui
2435 1140 2546 1178 non
2585 1123 2708 1190 Dei,
2733 1125 2832 1179 sed
2866 1140 3028 1179 suam
3063 1129 3355 1180 sectantes
3376 1127 3760 1194 voluntatem,

2113 1199 2170 1260 id
2202 1211 2307 1271 est,
2343 1222 2454 1260 non
2484 1209 2658 1272 recto,
2693 1207 2790 1261 sed
2818 1223 3082 1277 perverso
3105 1207 3275 1262 corde
3303 1207 3582 1276 viventes,
3624 1209 3765 1265 οπε-

2114 1290 2252 1340 runt
2279 1290 2474 1341 tamen
2510 1291 2619 1341 Deo
2663 1302 2900 1353 munus,
2935 1303 3051 1358 quo
3092 1291 3301 1358 putant
3345 1304 3476 1343 eum
3527 1290 3761 1358 redimi,

2115 1369 2178 1420 ut
2208 1381 2406 1421 eorum
2444 1383 2554 1420 non
2590 1367 2911 1437 opituletur
2941 1368 3222 1423 sanandis
3253 1369 3453 1440 pravis
3474 1370 3761 1439 cupidita-

2112 1445 2290 1513 tibus,
2324 1447 2424 1501 sed
2457 1445 2776 1518 explendis.
2809 1448 2879 1502 Et
2925 1447 3029 1502 hoc
3063 1452 3154 1502 est
3186 1448 3487 1520 proprium
3521 1458 3763 1506 terrena

2113 1526 2384 1595 civitatis,
2417 1527 2597 1583 Deum
2626 1528 2711 1583 vel
2757 1528 2895 1583 deos
2927 1528 3135 1595 colere,
3181 1529 3395 1600 quibus
3430 1530 3763 1599 adjuvanti-

2114 1606 2221 1662 bus
2251 1616 2449 1679 regnet
2482 1609 2539 1664 in
2563 1607 2822 1663 victoriis
2847 1613 2903 1662 et
2917 1613 3317 1679 paceterrena,
3343 1626 3458 1664 non
3480 1611 3763 1667 cbaritate

2113 1687 2473 1754 consulendi,
2506 1689 2606 1744 sed
2641 1689 2982 1744 dominandi
3013 1690 3346 1760 cupiditate.
3375 1690 3515 1745 Boni
3547 1691 3764 1764 quippe

2112 1768 2185 1824 ad
2209 1768 2314 1824 hoc
2348 1773 2583 1824 utuntur
2617 1769 2854 1834 mundo,
2891 1774 2950 1824 ut
2991 1770 3254 1825 fruantur
3294 1771 3447 1825 Deo:
3483 1771 3618 1826 mali
3651 1789 3760 1826 au-

2112 1852 2230 1903 tem
2261 1853 2482 1916 contra,
2527 1853 2590 1903 ut
2640 1849 2908 1903 fruantur
2940 1850 3178 1914 mundo,
3214 1850 3298 1904 uti
3341 1849 3544 1904 volunt
3601 1850 3759 1907 Deo:

2111 1929 2210 2000 qui
2242 1939 2432 1984 tamen
2471 1945 2602 1984 eum
2646 1929 2731 1983 vel
2765 1945 2910 1993 esse,
2961 1929 3045 1984 vel
3098 1946 3188 1984 res
3231 1930 3518 1984 humanas
3556 1947 3762 1988 curare

2107 2011 2227 2080 jam
2261 2010 2520 2064 credunt.
2555 2010 2705 2064 Sunt
2736 2009 2892 2063 enim
2941 2008 3124 2063 multo
3156 2010 3490 2076 deteriores,
3523 2011 3618 2080 qui
3653 2027 3758 2066 nec

2110 2090 2218 2146 hoc
2248 2092 2482 2162 quidem
2514 2089 2778 2145 credunt.
2810 2089 3050 2159 Cognito
3081 2089 3274 2157 itaque
3305 2090 3440 2144 Cain
3474 2091 3622 2160 quod
3665 2109 3760 2144 su-

2111 2187 2213 2243 per
2243 2173 2371 2240 ejus
2402 2170 2661 2240 germani
2694 2170 3068 2236 sacriﬁcium,
3116 2185 3222 2224 nec
3253 2187 3431 2241 super
3471 2173 3594 2239 ejus
3626 2186 3756 2241 ger-

2112 2253 2267 2306 mani
2292 2251 2664 2316 sacriﬁcium,
2690 2266 2792 2303 nec
2815 2266 2993 2320 super
3014 2266 3188 2304 suum
3214 2255 3543 2321 respexerat
3573 2250 3754 2316 Deus,

2112 2331 2310 2402 utique
2342 2331 2577 2385 fratrem
2611 2330 2826 2385 bonum
2862 2334 3122 2383 mutatus
3155 2329 3451 2398 imitatari,
3485 2346 3597 2384 non
3630 2329 3752 2386 ela-

2108 2416 2201 2468 tus
2231 2412 2432 2466 debuit
2461 2409 2740 2465 aemulari.
2777 2411 2882 2464 Sed
2917 2411 3297 2465 contristatus
3327 2416 3436 2476 est,
3477 2420 3530 2465 et
3559 2412 3754 2467 conci-

2109 2494 2190 2548 dit
2219 2491 2391 2548 facies
2424 2492 2570 2561 ejus.
2602 2491 2715 2545 Hos
2750 2497 3050 2561 peccatum
3085 2490 3334 2546 maxime
3355 2493 3546 2562 arguit
3576 2491 3754 2561 Deus,

2106 2575 2398 2629 tristitiam
2439 2577 2507 2628 de
2547 2572 2788 2627 alterius
2821 2573 3094 2638 bonitate,
3143 2577 3199 2628 et
3237 2572 3346 2628 hoc
3391 2573 3602 2628 fratris.
3639 2573 3753 2628 Hoc

2109 2656 2325 2726 quippe
2358 2652 2650 2720 arguendo
2683 2653 3061 2723 interrogavit
3091 2652 3289 2708 dicens
3313 2653 3492 2721 Quare
3521 2655 3754 2708 contris-

2109 2742 2252 2791 tatus
2273 2751 2346 2801 es,
2379 2741 2431 2788 et
2462 2749 2632 2805 quare
2656 2733 2896 2788 concidit
2922 2734 3095 2802 [acies
3115 2738 3206 2787 tua
3226 2737 3251 2786 .9
3279 2733 3423 2798 Quia
3453 2734 3609 2788 enim
3645 2735 3756 2789 fra-

2109 2817 2178 2870 tri
2205 2814 2518 2884 invidebat,
2562 2813 2715 2868 Deus
2745 2813 2998 2883 videbat,
3034 2817 3092 2868 et
3136 2815 3238 2868 hoc
3268 2813 3566 2883 arguebat.
3604 2814 3753 2869 Nam

2107 2895 2467 2961 hominibus,
2520 2893 2733 2964 quibus
2783 2893 3190 2948 absconditum
3220 2897 3308 2947 est
3353 2909 3450 2948 cor
3481 2892 3756 2964 alterius,

2106 2992 2234 3031 esse
2265 2981 2450 3045 posset
2473 2975 2834 3046 ambiguum,
2869 2978 2925 3028 et
2957 2973 3521 3044 prorsusincertum,
3546 2979 3755 3030 utrum

2107 3055 2207 3111 illa
2236 3054 2474 3109 tristitia
2506 3053 2922 3121 malignitatem
2956 3071 3146 3117 suam,
3183 3053 3238 3108 in
3273 3071 3388 3125 qua
3408 3071 3470 3109 se
3503 3055 3617 3109 Deo
3641 3055 3758 3109 dis-

2107 3135 2379 3208 plicuisse
2421 3134 2722 3200 didicerat,
2768 3151 2839 3188 an
2891 3135 3086 3190 fratris
3127 3133 3376 3190 doluerit
3408 3135 3754 3204 bonitatem,

2107 3231 2236 3287 qua:
2268 3215 2380 3270 Deo
2423 3213 2662 3284 placuit,
2696 3230 2828 3268 cum
2862 3213 2918 3268 in
2969 3213 3318 3270 sacriﬁcium
3352 3217 3479 3284 ejus
3507 3219 3754 3284 aspexit.

2107 3296 2216 3352 Sed
2254 3293 2535 3349 rationem
2585 3293 2738 3349 Deus
2779 3295 3048 3360 reddens,
3093 3310 3193 3349 cur
3231 3296 3359 3363 ejus
3401 3294 3759 3350 oblationem

2108 3376 2366 3446 accipere
2401 3373 2672 3436 noluerit,
2708 3377 2769 3428 ut
2789 3374 2899 3428 sibi
2934 3373 3057 3445 ipse
3091 3374 3282 3445 potius
3317 3377 3547 3444 merito,
3579 3391 3756 3441 quam

2106 3458 2155 3513 ei
2179 3458 2351 3512 frater
2382 3455 2675 3510 immerito
2707 3454 3041 3525 displiceret
3075 3458 3115 3521 ¹,
3142 3471 3274 3509 cum
3309 3461 3461 3510 esset
3499 3456 3760 3525 injustus

2108 3555 2222 3594 non
2257 3543 2410 3591 recte
2444 3537 2770 3600 dividendo,
2806 3535 2913 3590 hoc
2943 3540 3033 3590 est
3063 3552 3178 3590 non
3213 3540 3363 3590 recte
3402 3536 3669 3600 vivendo,
3703 3540 3761 3590 et

2109 3618 2384 3689 indignus
2433 3617 2598 3686 cujus
2646 3615 3070 3686 approbaretur
3107 3614 3344 3682 oblatio,
3377 3632 3550 3686 quam
3604 3623 3761 3670 esset

2107 3698 2399 3770 injustior,
2452 3697 2602 3768 quod
2638 3697 2873 3750 fratrem
2912 3697 3140 3764 justum
3183 3695 3367 3764 gratis
3399 3695 3637 3762 odisset,
3671 3711 3763 3750 os-

2108 3778 2313 3833 tendit.

2177 3859 2231 3912 2.
2256 3857 2379 3912 Non
2403 3860 2598 3911 tamen
2617 3871 2748 3911 eum
2771 3855 3070 3911 dimittens
3089 3855 3214 3910 slne
3235 3856 3509 3910 mandato
3533 3859 3766 3924 sancto,

2101 3940 2264 4011 justo
2295 3942 2351 3992 et
2381 3939 2552 4004 bono,
2587 3937 2828 4006 Quiesce,
2861 3935 3088 4008 inquit;
3121 3936 3190 3991 ad
3221 3941 3271 3990 te
3302 3937 3453 3990 enim
3483 3938 3765 3991 conversio

2108 4020 2310 4091 ejus,et
2329 4023 2389 4072 tu
2409 4019 2776 4073 (tominaberis
2797 4018 2977 4075 illius.
3001 4017 3292 4084 Numquid
3320 4016 3556 4071 fratris?
3577 4017 3768 4072 Absit.

2107 4101 2289 4170 Cujus
2323 4099 2523 4170 igitur,
2561 4098 2670 4152 nisi
2705 4098 2966 4167 peccati?
2998 4099 3232 4154 Dixerat
3255 4097 3434 4163 enim,
3473 4096 3720 4151 Peccasti
3743 4114 3770 4153 :

2109 4187 2229 4234 tum
2275 4181 2484 4234 deinde
2517 4178 2763 4247 addidit,
2817 4178 3079 4246 Quiesce;
3109 4178 3178 4233 ad
3208 4188 3256 4234 te
3299 4180 3451 4231 enim
3479 4179 3768 4233 conversio

2106 4262 2242 4328 eius,
2273 4265 2323 4315 et
2356 4265 2416 4314 tu
2449 4259 2820 4314 cii-minaberis
2853 4259 3026 4314 illius.
3069 4259 3255 4313 Potest
3288 4257 3523 4329 quidem
3567 4260 3642 4312 ita
3676 4258 3767 4312 in-

2109 4341 2289 4411 telligi
2311 4343 2376 4394 ad
2402 4339 2594 4410 ipsum
2618 4339 2914 4394 hominem
2940 4340 3375 4394 conversionem
3401 4354 3526 4394 6386
3548 4339 3768 4394 debere

2111 4420 2352 4492 peccati,
2385 4425 2448 4473 ut
2475 4420 2618 4474 nulli
2646 4419 2741 4473 alii
2767 4436 2940 4492 quam
2975 4419 3080 4474 sibi
3100 4421 3242 4475 sciat
3263 4420 3520 4474 tribuere
3551 4419 3764 4474 debere

2111 4503 2264 4574 quod
2302 4505 2517 4572 peccat.
2546 4500 2673 4556 Haec
2697 4506 2785 4555 est
2805 4501 2960 4556 enim
2983 4501 3231 4556 salubris
3265 4499 3617 4571 pcenitentiaa
3643 4515 3765 4554 me-

2109 4583 2324 4647 dicina,
2360 4587 2416 4638 et
2446 4584 2622 4637 venia:
2657 4581 2858 4653 petitio
2902 4599 3014 4637 non
3050 4582 3386 4651 incongrua,
3421 4585 3484 4635 ut
3525 4581 3622 4636 ubi
3654 4579 3761 4650 ait,

2111 4664 2196 4720 Ad
2227 4668 2278 4721 te
2303 4664 2453 4720 enim
2495 4663 2776 4718 conversio
2807 4663 2955 4731 eius,
2991 4679 3105 4717 non
3148 4662 3554 4726 subaudiatur,
3601 4660 3762 4728 Erit;

2110 4747 2232 4811 sed,
2283 4745 2414 4805 Sit;
2467 4743 2851 4814 praecipientis
2897 4741 3184 4808 videlicet,
3233 4759 3346 4797 non
3390 4741 3762 4812 pra-dicentis

2113 4826 2307 4880 modo.
2336 4824 2500 4880 Tunc
2522 4823 2678 4878 enim
2711 4822 3110 4878 dominabitur
3131 4823 3378 4894 quisque
3413 4826 3670 4891 peccato,
3703 4828 3762 4882 si

2111 4905 2169 4960 id
2201 4905 2313 4960 sibi
2337 4921 2452 4959 non
2479 4902 2838 4958 defendendo
2873 4903 3269 4972 praposuerit,
3295 4904 3390 4957 sed
3429 4901 3766 4969 paenitendo

2111 4986 2472 5052 subjecerit:
2515 4982 2775 5052 alioquin
2816 4989 2872 5038 et
2922 4983 3002 5036 illi
3062 4985 3275 5037 serviet
3325 4980 3674 5047 dominanti,
3708 4981 3768 5035 si

2111 5068 2501 5140 patrocinium
2548 5066 2876 5121 adhibuerit
2924 5065 3207 5121 accidenti
3230 5066 3270 5118 ³.
3321 5065 3428 5120 Sed
3459 5069 3525 5119 ut
3555 5080 3770 5134 pecca-

2110 5153 2234 5203 tum
2281 5149 2641 5217 intelligatur
2690 5146 3163 5217 concupiscentia
3197 5145 3328 5217 ipsa
3360 5145 3632 5212 carnalis,
3691 5145 3774 5202 de

2111 5245 2228 5300 qua
2269 5229 2411 5283 dicit
2456 5226 2790 5298 Apostolus,
2825 5227 2960 5284 Caro
2991 5225 3328 5297 concupiscit
3365 5226 3626 5281 adversus
3655 5228 3774 5298 spi-

2109 5311 2282 5364 ritum
2331 5309 2526 5370 (Galat.
2561 5324 2614 5375 v,
2660 5309 2778 5375 l7);
2813 5308 2870 5361 in
2909 5310 3077 5376 cuius
3121 5307 3320 5363 carnis
3368 5306 3656 5362 fructibus
3704 5311 3770 5364 et

2155 5501 2189 5570 ,ι
2338 5498 2514 5570 nostri
2539 5497 2761 5548 codices.
2793 5498 2851 5545 In
2881 5496 2958 5555 B.,
2990 5511 3156 5560 quam
3189 5496 3242 5544 ei
3280 5495 3554 5545 immerito
3575 5497 3772 5556 frater

2107 5559 2435 5621 displiceret.
2467 5561 2532 5608 M.
2667 5623 2678 5634 .
2794 5622 2824 5634 Η
3008 5559 3013 5560 ⁷
3135 5621 3146 5632 .
3291 5622 3301 5634 ,

2171 5623 2192 5655 ²
2222 5622 2368 5679 Lov.,
2401 5622 2696 5673 accedenti.
2726 5623 2830 5672 A111
2858 5621 3000 5678 llhrl.
3031 5622 3319 5672 accidenti.
