4138 6192
281 389 392 450 445

273 521 547 577 invidiam
581 525 1020 592 commemorat,
1052 538 1161 594 qua
1184 521 1383 590 utique
1409 520 1548 575 Cain
1581 519 1921 575 stimulaba-

273 607 385 668 tur,
417 607 473 657 et
516 605 942 658 accendebatur
972 604 1032 658 in
1066 604 1254 658 fratris
1283 603 1528 657 exitium
1565 618 1578 656 :
1624 603 1768 656 bene
1813 618 1914 656 su-

271 683 564 749 bauditur,
599 685 736 753 Erit,
765 686 820 740 id
854 691 963 751 est,
990 686 1075 739 Ad
1095 690 1150 739 le
1170 688 1316 738 enim
1347 681 1623 739 conversio
1646 684 1762 754 ejus
1783 682 1912 746 erit,

269 770 318 819 et
343 769 403 818 tu
442 766 810 821 dominaberis
843 766 1015 820 illius.
1050 765 1191 820 Cum
1227 767 1377 819 enim
1413 767 1702 819 commota
1744 762 1917 816 fuerit

270 860 396 914 pars
431 844 561 915 ipsa
593 845 863 910 carnalis,
897 862 1072 916 quam
1120 851 1424 916 peccatum
1458 843 1705 914 appellat
1742 848 1918 912 Apos-

267 925 442 990 tolus,
491 924 590 978 ubi
634 925 794 991 dicit,
828 930 948 982 Non
978 941 1074 993 ego
1104 941 1301 995 operor
1331 925 1491 993 illud,
1523 923 1613 978 sed
1643 921 1781 994 quod
1821 921 1916 974 lia-

269 1003 402 1060 bilat
435 1007 494 1060 in
531 1022 618 1060 me
643 1011 925 1078 peccatum
953 1008 1127 1076 (Rom.
1163 1023 1262 1070 vn,
1306 1007 1392 1078 17)
1430 1022 1442 1058 :
1477 1021 1652 1076 quam
1697 1009 1912 1072 partem

267 1085 448 1139 animi
473 1087 651 1139 etiam
694 1086 1018 1156 phiIOsophi
1053 1086 1253 1142 dicunt
1291 1102 1418 1142 esse
1463 1085 1752 1150 vitiosam,
1797 1097 1911 1136 non

266 1178 390 1233 quae
426 1171 676 1219 mentem
729 1165 933 1220 debeat
965 1166 1211 1232 trahere,
1257 1166 1359 1221 sed
1389 1164 1482 1220 cui
1516 1180 1678 1220 mens
1711 1161 1916 1217 debeat

264 1245 574 1317 imperare,
607 1263 855 1319 eamque
893 1247 964 1303 ab
1009 1247 1230 1304 illicitis
1261 1247 1532 1319 cperibus
1562 1245 1782 1300 ratione
1816 1260 1911 1298 co-

262 1325 462 1382 hibere
495 1344 508 1382 :
556 1343 684 1382 cum
738 1345 873 1399 ergo
905 1334 1197 1384 commota
1228 1331 1399 1384 fuerit
1429 1330 1498 1383 ad
1533 1327 1751 1398 aliquid
1788 1341 1912 1396 per—

258 1423 455 1478 peram
507 1409 986 1475 commitendum,
1030 1412 1081 1466 si
1122 1411 1490 1482 quiescatur‘
1526 1414 1584 1464 et
1613 1411 1909 1475 obtempe-

260 1493 420 1544 retur
470 1488 685 1545 dicenti
741 1490 1036 1562 Apostolo,
1097 1491 1201 1546 Nec
1251 1490 1619 1547 exhibuerilis
1665 1486 1909 1543 membra

256 1577 434 1625 uestra
462 1586 629 1625 arma
657 1573 974 1643 iniquitatis
1004 1583 1223 1643 peccato
1256 1573 1340 1645 (Id
1367 1590 1445 1641 v1,
1482 1572 1568 1642 13)
1596 1590 1610 1638 ;
1646 1570 1712 1626 ad
1748 1584 1908 1623 men-

258 1657 371 1705 tem
411 1651 636 1707 domita
681 1658 737 1706 et
781 1653 932 1707 victa
969 1654 1344 1720 convertitur,
1381 1659 1439 1708 ut
1486 1651 1731 1709 subditae
1763 1649 1906 1705 ratio

258 1729 612 1787 dominetur.
665 1732 784 1789 Hoc
823 1734 1082 1805 praecipit
1135 1735 1287 1790 Deus
1335 1735 1495 1803 huic,
1529 1733 1629 1805 qui
1681 1730 1904 1788 facibus

257 1809 492 1866 invidia:
522 1813 997 1870 inﬂammabatur
1025 1816 1085 1870 in
1117 1817 1370 1883 fratrem,
1404 1824 1458 1872 et
1489 1831 1663 1886 quem
1697 1814 1906 1867 debue-

255 1896 342 1946 rat
373 1890 612 1958 imitari,
663 1895 928 1964 cupiebat
960 1897 1198 1952 auferri.
1239 1899 1490 1964 Quiesce,
1522 1896 1708 1966 inquit
1739 1913 1752 1950 :
1780 1910 1904 1948 ma;-

251 1986 368 2028 nus
389 1973 463 2028 ab
488 1974 706 2030 scelere
737 1977 1002 2044 contine;
1028 1995 1141 2032 non
1166 1985 1366 2049 regnet
1390 1983 1688 2048 peccatum
1715 1976 1772 2030 in
1806 1981 1901 2030 tuo

249 2053 483 2107 mortali
513 2070 750 2126 corpore
781 2057 850 2111 ad
885 2058 1276 2113 obediendum
1309 2059 1592 2113 desideris
1615 2059 1764 2127 ejus,
1799 2070 1903 2110 nec

247 2132 531 2189 exhibeas
560 2138 822 2191 membra
841 2143 942 2193 tua
975 2139 1302 2208 iniquitatis
1333 2155 1497 2193 arma
1521 2142 1782 2209 peccato.
1813 2135 1901 2189 Ad

245 2218 299 2267 te
343 2213 496 2268 enim
541 2218 817 2272 conversio
860 2220 980 2287 ejus
1008 2236 1027 2272 :
1060 2220 1201 2274 dum
1244 2235 1357 2274 non
1405 2219 1712 2288 adiuvatur
1748 2217 1895 2272 rela-

243 2294 470 2358 xando,
501 2295 600 2350 seh
643 2298 996 2366 quiescendo
1037 2299 1318 2356 frenatur.
1352 2302 1414 2355 Et
1443 2303 1502 2354 tu
1536 2298 1904 2354 dominaberis

252 2371 458 2426 illius:
521 2379 584 2428 ut
635 2391 766 2430 cum
816 2377 1140 2434 forinsecus
1185 2396 1298 2434 non
1350 2379 1706 2449 permittitur
1762 2394 1905 2449 ope-

241 2451 388 2516 rari,
421 2453 530 2508 sub
590 2459 872 2524 potestate
906 2458 1127 2513 mentis
1152 2461 1407 2531 regentis
1428 2465 1484 2515 et
1507 2457 1904 2515 bonevolentis

239 2536 546 2586 assuescat
576 2534 754 2588 etiam
784 2535 1139 2593 intrinsecus
1165 2556 1274 2593 non
1301 2540 1536 2595 moveri.
1565 2539 1791 2593 Dictum
1818 2544 1904 2592 est

241 2609 356 2664 tale
387 2610 613 2682 aliquid
648 2613 708 2668 in
752 2619 948 2672 eodem
1000 2618 1196 2675 divino
1245 2620 1395 2676 libro
1426 2627 1484 2676 et
1532 2621 1603 2676 de
1637 2618 1899 2684 muliere,

243 2692 486 2774 quando
531 2699 660 2762 post
693 2703 991 2766 peccatum
1025 2700 1140 2756 Deo
1170 2702 1566 2773 interrogante
1599 2709 1770 2774 atque
1811 2704 1904 2773 ju-

239 2771 478 2826 dicante
496 2773 912 2853 damnationis
938 2781 1256 2836 sententias
1287 2771 1654 2853 acceperunt,
1679 2771 1741 2837 in
1775 2771 1900 2838 ser-

239 2861 412 2920 pente
452 2852 742 2924 diabolus,
776 2863 834 2912 et
865 2858 920 2912 in
955 2876 1019 2914 se
1050 2861 1197 2931 ipsis
1228 2862 1329 2917 illa
1363 2852 1713 2918 etimaritue.
1752 2868 1894 2918 Cum

239 2932 398 2986 enim
435 2934 678 2990 dixisset
710 2938 782 3004 ei,
815 2939 1189 3010 Mulliplicans
1219 2943 1607 3014 multiplicabo
1634 2946 1895 2999 tristitias

240 3019 363 3098 tua:
413 3025 467 3072 et
512 3020 778 3088 gemitum
808 3026 981 3087 tuum,
1031 3029 1086 3078 et
1116 3028 1176 3080 in
1223 3030 1468 3083 tristiliis
1495 3031 1676 3098 paries
1701 3028 1846 3097 ﬁlios
1872 3044 1893 3083 :

239 3096 454 3177 deinde
477 3099 720 3169 addidit,
752 3101 816 3155 Et
842 3102 911 3156 ad
940 3106 1122 3160 virum
1143 3111 1300 3161 tuum
1321 3096 1602 3163 conversio
1625 3096 1739 3175 tua,
1773 3111 1891 3177 ipse

237 3176 622 3234 dominabitur
652 3184 736 3236 tui
774 3183 928 3254 (Gen.
973 3202 1056 3252 ιιι,
1095 3188 1199 3258 l6).
1235 3190 1393 3254 Quod
1439 3191 1658 3246 dictum
1703 3176 1886 3246 estad

238 3258 372 3314 Cain
410 3261 483 3314 de
517 3270 773 3332 peccato,
799 3266 886 3321 vel
917 3267 987 3322 de
1018 3269 1222 3324 vitiosa
1252 3273 1443 3326 carnis
1477 3273 1890 3343 concupiscen-

235 3339 332 3405 tia,
366 3342 484 3396 hoc
504 3344 616 3398 isto
647 3343 772 3401 loco
805 3349 876 3402 de
908 3352 1224 3420 peccatrice
1255 3353 1472 3408 femina
1504 3371 1516 3408 :
1554 3339 1888 3409 ubiintelli—

233 3425 495 3491 gendum
534 3429 620 3478 est
674 3428 857 3482 virum
891 3431 958 3483 ad
1013 3433 1322 3502 regendam
1377 3449 1637 3497 uxorem,
1687 3434 1884 3488 animo

232 3517 468 3558 carnem
540 3507 759 3577 regenti
823 3510 1072 3566 similem
1125 3528 1253 3568 esse
1312 3519 1592 3582 oportere.
1643 3514 1887 3583 Propter

231 3583 389 3654 quod
425 3584 565 3639 dicit
595 3587 906 3657 Apostolus
939 3607 953 3646 :
999 3593 1102 3660 Qui
1139 3592 1328 3661 diligit
1357 3608 1584 3648 uxorem
1617 3610 1796 3659 suam,
1828 3609 1885 3647 se

230 3663 412 3731 ipsum
437 3664 666 3733 diligit:
697 3685 856 3725 nemo
883 3675 1034 3727 enim
1064 3690 1309 3744 unquam
1336 3691 1564 3729 carnem
1589 3689 1744 3728 suam
1764 3674 1884 3729 odio

229 3741 424 3824 habuit
454 3747 669 3816 (Ephes.
703 3767 756 3813 v,
789 3751 858 3804 28
887 3757 939 3807 et
968 3754 1080 3824 29).
1109 3741 1382 3810 sananda
1404 3759 1537 3810 sunt
1559 3756 1712 3809 enim
1738 3755 1881 3820 haec,

229 3823 379 3904 sicut
436 3835 672 3893 nostra;
721 3847 836 3886 non
889 3823 1047 3888 sicut
1095 3834 1306 3904 aliena,
1366 3837 1718 3891 damnanda.
1769 3836 1879 3891 Sed

228 3902 385 3986 illud,
406 3905 509 3960 Dei
555 3915 902 3981 praeceptum
937 3914 1074 3968 Cain
1108 3916 1256 3969 sicut
1287 3902 1688 3986 praevaricator
1719 3931 1881 3971 acce-

228 3983 327 4063 pit.
368 3985 769 4045 Invalescente
799 3994 1013 4063 quippe
1056 3983 1380 4050 invidentia:
1413 3995 1568 4061 vitio,
1603 3997 1834 4051 fratrem
1861 3998 1882 4030 ²

227 4060 548 4122 insidiatus
579 4060 996 4128 occidit—Talis
1025 4079 1150 4128 erat
1181 4082 1420 4130 terrenae
1451 4060 1716 4131 conditor
1738 4076 1877 4133 civi-

226 4144 380 4202 tatis.
423 4147 725 4211 Quomodo
756 4157 949 4206 autem
985 4154 1395 4225 significaverit
1425 4156 1594 4211 etiam
1629 4157 1876 4225 Iudaeos,

228 4237 257 4275 ιι
283 4226 506 4294 quibus
549 4229 812 4285 Christus
845 4234 1073 4290 occisus
1105 4241 1194 4290 est
1226 4243 1423 4305 pastor
1463 4238 1652 4291 ovium
1691 4240 1873 4294 homi-

228 4319 389 4373 num,
429 4324 601 4378 quem
656 4321 852 4379 pastor
891 4314 1085 4369 ovium
1140 4332 1409 4386 pecorum
1466 4318 1874 4389 przefigurabat

224 4386 383 4454 Abel,
424 4389 564 4471 quia
610 4391 666 4446 in
713 4393 982 4463 allegoria
1038 4397 1373 4468 prophetica
1422 4386 1515 4453 res
1563 4386 1666 4467 est,
1701 4417 1874 4471 parco

225 4480 373 4544 nunc
425 4469 638 4538 dicere,
690 4479 746 4528 et
789 4477 1046 4544 quaedam
1091 4478 1224 4534 hinc
1273 4482 1553 4538 adversus
1595 4469 1871 4539 Faustum

224 4542 616 4607 Manicheum
647 4542 860 4609 dixisse
895 4571 984 4610 me
1018 4558 1204 4614 recolo
1233 4560 1333 4632 (a).

219 4702 453 4762 CAPUT
503 4707 656 4765 Vill.
689 4741 760 4753 —
817 4713 944 4780 Quae
989 4718 1134 4771 ratio
1188 4717 1384 4789 fuerit,
1417 4729 1475 4774 ut
1532 4718 1669 4774 Cain
1727 4723 1873 4777 inter

285 4789 573 4858 principia
602 4795 820 4858 generis
841 4795 1075 4851 humani
1101 4799 1358 4854 conderet
1386 4803 1687 4856 civitatem.

286 4921 759 5010 1..Nunc_autem
784 4930 1147 4986 defendenda
1181 4933 1321 4989 mihi
1350 4934 1578 4990 videtur
1599 4936 1864 5010 historia,

220 5013 284 5082 ne
314 5001 394 5056 sit
427 5001 728 5074 Scriptura
773 5011 1151 5080 incredibilis,
1185 5030 1310 5082 quae
1355 5015 1494 5071 dicit
1523 5001 1865 5078 aedificatam

215 5080 284 5171 ab
320 5099 439 5139 uno
500 5085 738 5143 homine
797 5090 1088 5147 civitatem
1139 5080 1523 5168 eotempore,
1570 5117 1685 5171 quo
1749 5119 1863 5158 non

215 5157 343 5228 plus
399 5180 574 5235 quam
637 5168 742 5224 viri
792 5176 1056 5239 quatuor,
1091 5174 1174 5230 vel
1223 5157 1418 5248 potius
1473 5157 1611 5249 tres‘,
1635 5187 1861 5253 postea-

273 5443 291 5511 ξ
441 5439 728 5511 Ms_s._l:lditi
769 5449 1351 5511 vero,jacquiesca-tur.

270 5504 292 5564 ἓ
319 5500 541 5564 Aliquot
575 5505 720 5564 Mss,
749 5500 946 5564 fratri.

268 5561 348 5623 (α)
377 5561 588 5619 scilicet
617 5561 715 5620 lib.
744 5561 821 5629 l2,
852 5585 965 5637 cap.
996 5571 1027 5620 9
1055 5574 1108 5623 et
1137 5587 1280 5638 seq!!-

1460 387 1690 448 LIBER
1733 387 2074 457 QUINTUS
2119 387 2484 449 DECIMUS.

3555 398 3674 459 446

2032 537 2205 592 quam
2271 522 2492 576 fratrem
2549 523 2742 589 frater,
2775 522 3005 590 occidit,
3055 525 3234 583 fuisse
3291 529 3555 586 videntur
3612 533 3672 587 in

2029 604 2218 668 terra;
2247 600 2302 654 id
2335 607 2445 666 est,
2479 602 2700 672 primus
2731 603 2903 657 homo
2939 607 3100 674 pater
3131 608 3414 674 omnium,
3446 616 3502 664 et
3550 611 3672 681 ipse

2026 681 2185 748 Cain,
2220 686 2274 736 et
2314 683 2440 750 ejus
2501 681 2656 737 filius
2688 684 2898 746 Enoch,
2933 700 3000 738 ex
3048 686 3217 754 cujus
3267 690 3497 744 nomine
3545 692 3674 761 ipsa

2027 761 2229 814 civitas
2261 767 2598 832 nuncupata
2629 771 2732 817 est.
2767 764 2877 819 Sed
2917 765 3024 820 hoc
3058 783 3200 838 quos
3235 775 3440 833 movet,
3469 787 3669 840 parum

2023 840 2416 906 considerant,
2451 859 2562 897 non
2623 860 2825 900 omnes
2876 845 3158 910 homines,
3211 850 3311 918 qui
3355 855 3494 905 tunc
3545 868 3670 907 esse

2023 924 2365 990 potuerunt,
2403 924 2742 992 scriptorem
2794 942 2967 980 sacrae
3018 926 3194 997 hujus
3257 931 3504 984 historiae
3566 949 3668 986 ne-

2021 1015 2182 1055 cesse
2213 1001 2486 1056 habuisse
2520 1005 2849 1072 nominare;
2883 1009 2980 1060 sed
3013 1023 3110 1061 eos
3144 1010 3320 1077 solos,
3356 1028 3500 1080 quos
3528 1028 3669 1080 Ope--

2023 1080 2104 1134 ris
2163 1083 2419 1153 suscepti
2459 1085 2596 1138 ratio
2650 1086 3004 1155 postulabat.
3041 1089 3413 1158 PrOpositum
3457 1093 3668 1162 quippe

2021 1161 2322 1231 scriptoris
2381 1163 2539 1217 illius
2591 1165 2722 1230 fuit,
2758 1184 2857 1236 pt'r
2897 1183 3070 1238 quem
3117 1169 3369 1237 Spiritus
3426 1161 3668 1227 sanctus

2021 1238 2076 1293 id
2111 1242 2340 1311 agebat,
2389 1260 2490 1314 per
2547 1248 2950 1302 successiones
3005 1255 3296 1304 certarum
3345 1252 3669 1320 generatio—

2021 1336 2161 1376 num
2199 1338 2269 1377 ex
2321 1341 2435 1378 uno
2484 1325 2716 1380 homine
2764 1334 3212 1399 prOpagatarum
3265 1332 3564 1401 pervenire
3595 1332 3666 1386 ad

2020 1401 2330 1482 abrraham,
2363 1421 2428 1459 ac
2472 1407 2680 1461 deinde
2717 1423 2785 1461 ex
2838 1410 2965 1477 ejus
3011 1410 3233 1464 semine
3284 1411 3356 1466 ad
3389 1412 3664 1482 populum

2017 1480 2118 1536 Dei
2152 1499 2166 1537 :
2200 1483 2256 1537 in
2291 1501 2405 1554 quo
2439 1485 2721 1540 distincto
2761 1506 2792 1541 a
2825 1492 3047 1544 caeteris
3078 1491 3352 1560 gentibus
3391 1480 3667 1562 praefigu-

2015 1570 2282 1616 rarentur
2325 1574 2379 1618 et
2439 1567 2969 1634 pramuntiarentur
3013 1569 3205 1623 omnia
3261 1587 3387 1640 quae
3420 1571 3489 1625 de
3524 1572 3662 1626 civi-

2013 1644 2151 1705 tate,
2183 1643 2354 1711 cujus
2399 1652 2678 1699 aeternum
2710 1648 2817 1701 erit
2847 1664 3114 1719 regnum,
3149 1659 3200 1703 et
3242 1651 3311 1704 de
3352 1655 3506 1720 Rege
3538 1653 3665 1718 ejus

2012 1721 2330 1800 eodemque
2373 1725 2671 1780 conditore
2728 1727 2956 1782 Christo
2989 1729 3046 1782 in
3107 1729 3328 1797 Spiritu
3388 1731 3662 1800 praevide-

2014 1798 2226 1854 bantur
2257 1817 2383 1857 esse
2413 1810 2696 1872 ventura;
2730 1805 2811 1861 ita
2832 1812 2895 1862 ut
2927 1824 3032 1862 nec
3059 1810 3130 1862 de
3171 1808 3354 1863 altera
3385 1798 3661 1865 societate

2014 1878 2641 1951 hominumtacerctur,
2674 1903 2845 1957 quam
2900 1893 3184 1943 terrenam
3234 1889 3484 1944 dicimus
3529 1890 3663 1944 civi-

2010 1963 2208 2029 tatem,
2242 1970 2530 2032 quantum
2562 1965 2613 2020 ei
2663 1969 3189 2023 commemorandis
3219 1969 3357 2023 satis
3389 1974 3563 2035 esset,
3598 1974 3662 2026 ut

2010 2039 2215 2094 civitas
2262 2041 2361 2096 Dei
2414 2045 2588 2098 etiam
2644 2061 2762 2100 sua:
2821 2049 3159 2102 adversariae
3231 2049 3660 2118 comparatione

2011 2116 2313 2175 clarescat.
2347 2120 2488 2176 Cum
2524 2123 2704 2193 igitur
2746 2125 3045 2195 Scriptura
3092 2127 3303 2196 divina,
3341 2116 3434 2181 ubi
3465 2133 3522 2182 et
3555 2143 3660 2182 nu-

2011 2213 2234 2254 merum
2270 2217 2578 2269 annorum,
2606 2221 2751 2274 quos
2778 2205 2859 2260 illi
2895 2205 3160 2261 homines
3188 2207 3470 2273 vixerunt,
3504 2221 3660 2262 com-

2011 2284 2316 2346 memorat,
2349 2279 2430 2334 ita
2461 2283 2780 2350 concludat,
2820 2289 2880 2338 ut
2911 2285 3066 2339 dicat
3097 2287 3166 2340 de
3198 2285 3295 2340 illo
3327 2286 3396 2339 de
3423 2301 3538 2356 quo
3577 2285 3661 2340 lo-

2011 2357 2319 2426 quebatur,
2355 2361 2415 2414 Et
2443 2362 2632 2429 genuit
2671 2362 2814 2431 ﬁlios
2841 2372 2892 2418 et
2919 2365 3086 2434 ﬁlias,
3117 2370 3167 2419 et
3214 2368 3441 2433 [uerunt
3470 2381 3656 2420 omnes

2009 2437 2126 2492 dies
2174 2438 2348 2506 illius,
2381 2442 2469 2495 vel
2521 2441 2697 2507 illius,
2734 2461 2877 2512 quos
2910 2447 3070 2514 vixit,
3105 2448 3241 2499 anni
3284 2450 3386 2512 tot,
3418 2454 3470 2499 et
3508 2461 3654 2500 mar-

2007 2527 2134 2595 luus
2159 2527 2236 2573 est
2274 2517 2426 2590 (Gen.
2458 2537 2511 2589 v,
2537 2523 2590 2586 ἰι,
2622 2523 2678 2590 5,
2708 2528 2760 2578 et
2791 2523 2951 2595 alibi)
2986 2539 2998 2578 :
3031 2523 3308 2593 numquid
3353 2523 3490 2594 quia
3528 2540 3654 2579 cos-

2006 2594 2138 2651 dem
2159 2597 2308 2653 ﬁlios
2325 2604 2382 2653 et
2403 2600 2554 2656 filias
2578 2618 2690 2656 non
2717 2594 2998 2669 nominat,
3035 2603 3160 2658 ideo
3180 2602 3502 2673 intelligere
3540 2619 3654 2659 non

2005 2676 2289 2732 debemus
2340 2696 2440 2750 per
2498 2687 2615 2735 tam
2659 2682 2872 2738 multos
2921 2700 3129 2750 annos,
3163 2683 3374 2754 quibus
3420 2690 3559 2738 tunc
3592 2683 3649 2738 in

2005 2759 2199 2813 saeculi
2235 2760 2414 2830 hujus
2447 2763 2633 2832 prima
2664 2770 2828 2818 aetate
2873 2764 3168 2831 vivebant,
3195 2764 3354 2819 nasci
3396 2764 3652 2835 potuisse

2004 2837 2292 2908 plurimos
2320 2843 2610 2910 homines,
2643 2861 2890 2914 quorum
2925 2849 3171 2902 coetibus
3216 2848 3387 2901 condi
3419 2852 3652 2917 possent

2001 2917 2170 2973 etiam
2206 2920 2468 2989 plurima;
2518 2923 2827 2980 civitates?
2876 2926 2976 2981 sed
3022 2927 3299 2996 pertinuit
3339 2927 3410 2980 ad
3442 2926 3650 2994 Deum,

1999 3012 2111 3066 quo
2145 2998 2252 3053 ista
2292 3000 2616 3072 inspirante
2652 3004 2981 3076 conscripta
3010 3010 3170 3070 sunt,
3224 3005 3326 3059 has
3373 3005 3518 3060 duas
3550 3023 3647 3060 so-

1995 3077 2236 3134 cietates
2267 3081 2390 3136 suis
2437 3083 2682 3139 diversis
2713 3086 3192 3156 generationibus
3246 3086 3514 3156 primitus
3553 3085 3647 3140 di-

1993 3171 2189 3225 gerere
2241 3164 2413 3228 atque
2452 3161 2810 3234 distinguere
2861 3182 2875 3220 :
2920 3171 2980 3220 ut
3022 3182 3280 3221 seorsum
3315 3165 3644 3232 hominum,

1993 3234 2101 3292 hoc
2132 3242 2222 3292 est
2274 3245 2594 3297 secundum
2643 3243 2942 3300 hominem
2983 3245 3321 3313 viventium,
3374 3261 3641 3300 seorsum

1992 3321 2188 3372 autem
2241 3319 2494 3376 filiorum
2547 3323 2668 3387 Dei,
2713 3323 2772 3377 id
2821 3333 2907 3379 est
2957 3325 3264 3380 hominum
3314 3325 3640 3379 secundum

1991 3392 2170 3448 Deum
2205 3397 2543 3467 viventium,
2568 3404 2970 3471 generationes
2993 3409 3430 3458 contexerentur
3458 3419 3644 3474 usque

1989 3473 2058 3527 ad
2111 3475 2416 3546 diluvium,
2474 3481 2569 3533 ubi
2621 3481 2930 3535 ambarum
2974 3484 3312 3536 societatum
3363 3473 3638 3537 discretio

1990 3555 2398 3626 concretioque
2457 3566 2727 3614 narratur
2785 3576 2798 3614 :
2861 3561 3133 3614 discretio
3176 3561 3434 3630 quidem,
3485 3563 3635 3626 quod

1989 3635 2294 3690 ambarum
2328 3645 2637 3707 separatim
2663 3641 3061 3710 generationes
3081 3645 3630 3705 commemorantur,

1989 3712 2166 3767 unius
2198 3715 2502 3772 fratricida
2533 3720 2696 3785 Cain,
2729 3719 2973 3774 alterius
3005 3724 3200 3773 autem
3235 3720 3335 3789 qui
3395 3718 3632 3772 vocaba-

1987 3799 2081 3850 tur
2127 3795 2304 3864 Seth;
2340 3804 2512 3853 natus
2544 3800 2757 3870 quippe
2807 3801 2995 3854 fuerat
3025 3805 3082 3854 et
3128 3800 3253 3870 ipse
3299 3801 3367 3853 de
3416 3799 3622 3868 Adam,

1986 3891 2089 3945 pro
2149 3875 2248 3930 illo
2293 3893 2465 3947 quem
2515 3879 2690 3933 frater
2730 3879 2944 3934 occidit
2995 3895 3007 3934 :
3067 3878 3358 3933 concretio
3407 3883 3622 3944 autem,

1985 3956 2143 4026 quia,
2178 3956 2346 4011 bonis
2378 3958 2433 4012 in
2459 3958 2711 4015 deterius
2743 3959 3193 4028 declinantibus,
3214 3959 3355 4014 tales
3380 3958 3630 4013 universi

1985 4036 2122 4090 tacti
2166 4037 2415 4106 fuerant,
2453 4047 2513 4095 ut
2560 4040 2777 4095 diluvio
2820 4040 3169 4107 delerentur,
3220 4043 3456 4109 excepto
3514 4055 3630 4094 uno

1977 4114 2161 4184 justo,
2195 4119 2289 4171 cui
2342 4135 2550 4174 nomen
2600 4126 2724 4174 erat
2765 4121 2903 4186 Noe,
2957 4124 3016 4174 et
3066 4120 3192 4190 eius
3239 4120 3501 4187 conjuge,
3564 4123 3622 4173 et

1984 4195 2175 4251 tribus
2217 4199 2372 4268 ﬁliis,
2434 4201 2795 4272 totidemque
2860 4202 3124 4266 nuribus,
3177 4201 3270 4269 qui
3358 4197 3624 4255 homines

1981 4282 2108 4332 octo
2171 4295 2237 4334 ex
2287 4280 2386 4335 illa
2446 4282 2704 4336 omnium
2766 4283 3086 4337 vastatione
3142 4279 3463 4335 mortalium
3524 4295 3626 4351 per

1981 4373 2176 4412 arcam
2201 4361 2440 4415 evadere
2475 4371 2835 4418 meruerunt.

2049 4440 2100 4491 2.
2135 4440 2294 4503 Quod
2353 4441 2528 4512 igitur
2576 4443 2858 4515 scriptum
2918 4448 3026 4511 est,
3069 4445 3131 4498 Et
3175 4443 3423 4514 cognovit
3483 4439 3621 4495 Cain.

1976 4533 2206 4572 uxorem
2243 4537 2422 4589 suam,
2453 4532 2504 4578 et
2549 4524 2863 4595 concipiens
2910 4528 3123 4595 peperit
3177 4524 3386 4586 linoch;
3418 4531 3466 4578 el
3503 4525 3618 4578 erat

1973 4598 2252 4669 mdiﬁcans
2292 4601 2570 4660 civitatem
2613 4607 2672 4660 in
2730 4605 2955 4661 nomine
2982 4605 3093 4676 ﬁlii
3120 4605 3212 4660 sui
3251 4604 3430 4660 Enoch
3452 4621 3471 4658 :
3504 4620 3616 4658 non

1974 4683 2064 4733 est
2119 4681 2350 4750 quidem
2382 4699 2770 4756 consequens,
2805 4692 2866 4741 ut
2909 4688 3082 4741 istum
3133 4686 3383 4754 primum
3429 4682 3615 4736 tilium

1972 4763 2246 4829 genuisse
2296 4766 2576 4818 credatur.
2611 4765 2805 4837 Neque
2835 4766 2986 4821 enim
3039 4766 3146 4818 hoc
3195 4782 3262 4818 ex
3313 4781 3378 4818 eo
3413 4768 3618 4832 putan-

1971 4841 2110 4894 dum
2143 4845 2249 4909 est,
2285 4842 2420 4914 quia
2451 4844 2643 4899 dictus
2672 4851 2757 4900 est
2778 4845 3116 4916 cognovisse
3151 4861 3383 4898 uxorem
3418 4861 3614 4911 suam,

1971 4924 2135 4992 quasi
2172 4930 2307 4979 tunc
2338 4941 2400 4980 se
2451 4925 2532 4981 illi
2565 4927 2833 4997 primitus
2864 4927 3307 4981 concumbendo
3342 4926 3616 4981 miscuis-

1970 5009 2080 5058 set.
2115 5006 2255 5058 Nam
2289 5010 2345 5059 et
2374 5007 2445 5061 de
2472 5007 2599 5078 ipso
2624 5013 2786 5077 patre
2812 5006 3075 5061 omnium
3111 5007 3294 5058 Adam
3328 5021 3441 5059 non
3478 5010 3614 5061 tunc

1968 5083 2157 5139 solum
2190 5085 2298 5140 hoc
2329 5087 2547 5142 dictum
2581 5095 2687 5156 est,
2723 5090 2956 5159 quando
2987 5090 3304 5157 conceptus
3334 5092 3422 5140 est
3451 5086 3611 5154 Cain,

1966 5180 2139 5236 quem
2201 5166 2655 5237 primogenitum
2711 5170 2939 5224 videtur
3011 5168 3282 5224 habuisse
3346 5183 3359 5221 :
3409 5184 3612 5222 verum

1965 5246 2138 5302 etiam
2169 5246 2456 5318 posterius
2487 5249 2688 5304 eadem
2735 5249 3058 5321 Scriptura,
3090 5249 3368 5320 Cognovit,
3403 5249 3609 5318 inquit,

1963 5327 2134 5382 Adam
2184 5343 2414 5383 uxorem
2455 5344 2616 5384 suam
2666 5331 2865 5394 Evam,
2915 5334 2965 5383 et
3010 5332 3274 5399 concepit,
3306 5335 3355 5385 et
3403 5327 3611 5400 peperit

1961 5407 2164 5476 ﬁlium,
2187 5411 2236 5462 el
2265 5407 2573 5463 nominavit
2596 5425 2794 5464 nomen
2825 5410 2978 5464 illius
3001 5409 3122 5464 Selh
3144 5410 3243 5478 (ld.
3271 5427 3345 5476 ιν,
3379 5412 3464 5478 17,
3493 5410 3605 5481 25).

1964 5485 2126 5542 Unde
2166 5487 2616 5560 intelligiturita
2638 5489 2823 5546 solere
2854 5490 3014 5545 illam
3047 5491 3401 5559 Scripturam
3426 5491 3604 5561 loqui,

1961 5567 2228 5644 quamvis
2275 5585 2387 5624 non
2422 5585 2654 5644 semper
2685 5587 2817 5627 cum
2854 5571 2912 5625 in
2956 5587 3023 5626 ea
3056 5570 3270 5640 legitur
3302 5573 3482 5628 factos
3512 5570 3609 5640 ho-
