4136 6190
425 350 544 410 447

430 486 661 541 minum
694 486 877 542 fuisse
934 490 1275 558 conceptus,
1328 502 1444 543 non
1492 489 1685 541 tamen
1718 485 1909 541 solum
1950 501 2083 541 cum

432 569 683 639 primum
726 569 838 624 sibi
866 585 1034 625 sexus
1064 575 1312 641 uterque
1342 569 1643 626 miscetur.
1675 573 1785 624 Nec
1816 567 1959 623 illud
1985 583 2086 623 ne-

432 650 684 706 cessario
735 653 825 705 est
891 655 1264 722 argumento,
1316 655 1375 706 ut
1436 650 1886 722 primogenitum
1936 650 2086 720 patri

431 728 830 785 existimemus
868 730 1082 798 Enocb,
1115 733 1268 802 quod
1315 734 1444 802 ejus
1475 732 1711 786 nomine
1740 729 1938 785 civitas
1975 729 2076 785 illa

431 814 768 880 nuncupata
797 815 907 866 est.
934 810 1061 865 Non
1094 812 1249 866 enim
1286 810 1358 866 ab
1382 827 1443 865 re
1477 814 1587 878 est,
1612 814 1676 865 ut
1707 814 1941 879 propter
1981 809 2081 865 ali-

433 904 602 958 quam
635 905 889 957 causam,
925 907 1056 947 cum
1092 896 1149 945 et
1184 892 1329 947 alios
1363 891 1618 957 haberet,
1651 889 1916 961 diligeret
1946 906 2077 946 eum

430 974 590 1039 pater
637 971 860 1027 caeteris
909 972 1187 1043 amplius.
1221 973 1415 1043 Neque
1454 974 1610 1029 enim
1658 980 1713 1027 et
1742 972 1926 1027 Judas
1958 972 2075 1044 pri-

431 1050 754 1119 mogenitus
793 1052 918 1119 fuit,
952 1070 985 1109 a
1017 1069 1127 1123 quo
1174 1053 1376 1109 Judaaa
1422 1054 1835 1124 cognominata
1878 1056 1990 1118 est,
2024 1055 2082 1108 et

428 1129 635 1186 Judaei.
679 1132 792 1186 Sed
856 1133 1081 1189 etiamsi
1130 1133 1413 1190 conditori
1463 1133 1713 1188 civitatis
1765 1132 1923 1188 illius
1970 1132 2080 1188 iste

430 1208 585 1264 illius
625 1212 848 1282 primus
905 1221 991 1269 est
1040 1218 1236 1282 natus,
1283 1230 1397 1270 non
1438 1215 1566 1270 ideo
1616 1214 1942 1285 putandum
1992 1216 2082 1268 est

428 1294 574 1345 tunc
612 1308 644 1346 a
675 1297 838 1363 patre
868 1294 1116 1350 condita;
1146 1294 1365 1350 civitati
1413 1310 1623 1351 nomen
1670 1295 1798 1364 ejus
1839 1293 2079 1363 imposi-

429 1373 578 1439 tum,
610 1374 844 1443 quando
876 1378 1049 1430 natus
1069 1378 1193 1443 est;
1228 1375 1364 1446 quia
1393 1391 1498 1431 nec
1530 1374 1805 1430 constitui
1840 1378 1977 1428 tunc
2008 1374 2079 1428 ab

430 1467 548 1506 uno
580 1458 803 1523 poterat
850 1454 1076 1525 civitas,
1111 1472 1238 1527 quae
1270 1455 1416 1511 nihil
1463 1455 1617 1511 aliud
1650 1459 1739 1512 est
1778 1470 1950 1525 quam
1981 1453 2083 1509 ho-

430 1532 656 1588 minum
703 1534 1016 1591 multitudo
1061 1535 1257 1607 aliquo
1319 1536 1613 1591 societatis
1652 1535 1883 1589 vinculo
1914 1533 2081 1590 colli-

430 1616 566 1684 gata
615 1628 629 1668 :
682 1616 781 1670 sed
832 1631 965 1670 cum
1006 1614 1166 1672 illius
1217 1615 1476 1672 hominis
1526 1616 1749 1670 familia
1786 1618 1949 1670 tanta
1979 1630 2083 1669 nu-

430 1693 763 1750 merositate
811 1704 1113 1762 cresceret,
1146 1704 1204 1753 ut
1235 1696 1474 1751 haberet
1500 1698 1623 1767 jam
1668 1696 1867 1767 populi
1898 1711 2082 1765 quan-

426 1771 676 1841 titatem,
700 1777 842 1830 tunc
872 1776 1063 1847 potuit
1094 1776 1291 1845 utique
1320 1775 1467 1844 fieri,
1502 1780 1566 1831 ut
1590 1780 1645 1831 et
1676 1776 2077 1841 constitueret,

427 1857 484 1908 et
513 1869 722 1909 nomen
755 1855 1124 1926 primogeniti
1159 1856 1251 1910 sui
1283 1856 1615 1911 constitutas
1649 1856 1976 1927 imponeret
2004 1854 2081 1909 ci-

428 1934 618 1992 vitati.
651 1936 796 1991 Tam
854 1935 1029 2009 longa
1059 1936 1273 2009 quippe
1330 1937 1448 1992 vita
1486 1936 1720 1992 illorum
1772 1937 2078 1992 hominum

428 2014 562 2081 fuit,
597 2019 659 2070 ut
688 2014 808 2071 illic
855 2022 1335 2083 memoratarum,
1368 2032 1621 2088 quorum
1653 2024 1705 2072 et
1746 2016 1883 2071 anni
1922 2015 2081 2071 taciti

428 2112 545 2152 non
595 2100 755 2166 sunt,
781 2096 881 2169 qui
932 2099 1242 2154 minimum
1287 2097 1432 2153 vixit
1480 2101 1614 2152 ante
1663 2096 1970 2161 diluvium,
2005 2097 2078 2152 ad

428 2176 831 2250 septingentos
863 2178 1281 2250 quinquaginta
1300 2182 1423 2234 tres
1455 2179 1779 2250 perveniret
1809 2177 1907 2249 (a).
1930 2178 2077 2233 Nam

422 2260 620 2331 plures
650 2265 972 2330 nongentos
1014 2276 1201 2316 annos
1253 2260 1422 2315 etiam
1453 2258 1834 2325 transierunt,
1867 2273 2076 2329 quam-

420 2340 507 2395 vis
537 2356 703 2395 nemo
736 2341 806 2397 ad
842 2339 1003 2395 mille
1032 2339 1376 2411 pervenerit.
1419 2338 1559 2406 Quis
1609 2339 1804 2411 itaque
1843 2338 2077 2394 dubita-

420 2420 570 2477 verit
601 2437 700 2491 per
733 2420 909 2476 unius
940 2420 1196 2476 hominis
1247 2424 1477 2476 aetatem
1519 2424 1745 2474 tantum
1797 2416 2079 2490 multipli-

417 2501 537 2557 cari
566 2502 827 2571 potuisse
856 2517 1040 2572 genus
1068 2500 1417 2567 humanum,
1452 2503 1512 2555 ut
1551 2503 1706 2555 esset
1728 2500 1883 2554 unde
1913 2514 2079 2554 cons-

416 2581 732 2637 titueretur
763 2580 781 2615 ί
832 2597 946 2637 non
999 2598 1137 2647 una,
1170 2582 1269 2636 sed
1332 2579 1598 2650 plurimas
1656 2580 1918 2635 civitates
1950 2577 2076 2651 (b)?

417 2660 581 2728 Quod
611 2677 678 2716 ex
730 2661 836 2717 hoc
867 2661 1076 2732 conjici
1128 2660 1401 2717 facillime
1434 2664 1651 2731 potest,
1684 2659 1821 2730 quia
1862 2675 1931 2714 ex
1961 2673 2074 2713 uno

414 2741 711 2799 Abraham
745 2757 858 2796 non
893 2742 1071 2797 multo
1121 2741 1375 2814 amplius
1427 2740 1875 2812 quadringentis
1905 2740 2075 2795 annis

418 2822 809 2877 numerositas
838 2822 1084 2877 Hebraeae
1127 2824 1320 2895 gentis
1349 2826 1506 2878 tanta
1550 2826 1841 2891 procreata
1871 2825 1973 2889 est,
2009 2825 2075 2877 ut

415 2899 481 2956 in
542 2900 696 2955 exitu
755 2901 1018 2971 ejusdem
1080 2902 1279 2973 populi
1363 2919 1432 2958 ex
1496 2902 1741 2973 [Egypto
1799 2907 2073 2956 sexcenta

418 2979 604 3036 millia
633 2981 943 3038 hominum
976 2984 996 3018 ²
1038 2983 1221 3040 fuisse
1260 2984 1588 3039 referantur
1619 2981 1835 3037 bellicae
1860 2982 2064 3051 juven-

414 3061 773 3133 tutis(E:cod.
805 3078 905 3131 xu,
934 3064 1044 3131 37),
1077 3069 1140 3119 ut
1162 3064 1499 3119 omittamus
1521 3067 1756 3134 gentem
1789 3061 2071 3116 Idummo-

412 3158 545 3199 rum
593 3159 707 3199 non
764 3143 1156 3214 pertinentem
1192 3145 1262 3197 ad
1324 3144 1614 3213 pupulum
1662 3140 1863 3208 lsrael,
1893 3157 2066 3211 quam

411 3224 619 3296 genuit
647 3226 824 3281 frater
854 3227 982 3296 ejus
1014 3226 1190 3293 Esau,
1225 3240 1402 3295 nepos
1436 3223 1701 3289 Abrahae,
1737 3230 1794 3278 et
1820 3223 1964 3279 alias
1997 3224 2069 3297 (c)

415 3309 582 3361 natas
612 3322 680 3361 ex
718 3306 943 3361 semine
992 3304 1178 3375 ipsius
1224 3302 1490 3371 Abrahae,
1529 3320 1643 3359 non
1704 3320 1805 3375 per
1837 3305 2068 3361 Sarram

413 3387 722 3457 conjugem
756 3393 1103 3457 procreatas.
1308 3388 1319 3395 ’

414 3553 649 3612 CAPUT
708 3555 795 3613 IX.
852 3584 915 3597 —
965 3556 1037 3612 De
1078 3555 1241 3625 longa
1288 3555 1402 3609 vita
1449 3553 1757 3621 hominum,
1786 3569 1906 3625 quae
1960 3554 2071 3624 [uit

490 3642 617 3693 ante
653 3636 949 3707 dituoium,
980 3646 1030 3693 et
1059 3636 1125 3693 de
1150 3636 1418 3709 ampliore
1457 3637 1832 3693 humanorum
1879 3650 2064 3707 corpo-

488 3734 609 3774 rum
638 3717 845 3788 forma.

486 3854 875 3918 Quamobrem
928 3854 1126 3911 nullus
1157 3855 1417 3927 prudens
1477 3869 1669 3910 rerum
1713 3852 2073 3909 existimator

415 3934 784 4005 dubitaverit,
836 3936 998 4003 Cain,
1052 3952 1167 3991 non
1249 3936 1439 3991 solum
1527 3936 1805 4006 aliquam,
1867 3947 2071 3989 verum

419 4016 596 4073 etiam
639 4032 910 4088 magnam
945 4015 1209 4087 potuisse
1233 4016 1484 4072 condere
1501 4015 1812 4082 civitatem,
1837 4012 2071 4084 quando

416 4096 476 4152 in
508 4100 628 4151 tam
662 4096 901 4168 longum
932 4099 1164 4165 tempus
1197 4095 1655 4165 protendebatur
1679 4094 1799 4148 vita
1844 4098 2070 4149 morta-

418 4175 559 4231 lium
603 4175 681 4247 (d)
727 4193 740 4232 :
792 4174 908 4232 nisi
957 4175 1099 4229 forte
1131 4173 1460 4229 infidelium
1507 4172 1801 4243 quispiam
1849 4187 1917 4225 ex
1948 4173 2073 4242 ipsa

418 4256 842 4311 numerositate
874 4269 1163 4310 annorum
1195 4253 1365 4308 nobis
1396 4254 1622 4323 ingerat
1661 4249 2070 4322 questionem,

418 4348 533 4402 qua
560 4332 773 4388 vixisse
804 4339 945 4387 tunc
977 4330 1247 4386 homines
1279 4334 1566 4402 scriptum
1600 4337 1687 4386 est
1725 4331 1784 4385 in
1817 4330 2073 4384 auctori-

416 4410 527 4465 bus
585 4410 797 4466 nostris
834 4409 906 4477 3;
958 4418 1011 4464 et
1053 4407 1160 4464 hoc
1191 4418 1359 4482 neget
1400 4426 1529 4466 esse
1575 4410 1953 4466 credendum.
1988 4408 2072 4465 Ita

418 4488 635 4561 quippe
668 4505 782 4545 non
814 4491 1062 4546 credunt
1091 4488 1261 4545 etiam
1296 4489 1730 4562 magnitudines
1760 4506 2069 4561 corporum

418 4571 592 4643 longe
639 4570 953 4642 ampliores
1003 4574 1145 4624 tunc
1201 4572 1379 4627 fuisse
1455 4588 1633 4642 quam
1706 4588 1861 4628 nunc
1911 4576 2068 4629 sunt.

422 4651 586 4710 Unde
629 4659 683 4708 et
734 4649 1138 4709 nobilissimus
1186 4667 1387 4708 eorum
1444 4656 1617 4724 poeta
1661 4651 1967 4724 Virgilius,
1999 4652 2072 4708 de

482 4846 498 4881 1
528 4842 673 4898 Msa,
703 4850 767 4891 ut
796 4848 932 4890 esset
961 4839 1453 4891 constituerentur.

476 4907 504 4981 3_
528 4907 720 4981 Iriostri,
748 4913 1005 4981 sexcenta
1012 4904 1317 4981 flaminum.
1349 4902 1560 4981 millia,
1574 4904 1805 4981 excepto
1833 4903 1929 4954 cod
1947 4901 2072 4953 2050

416 4971 509 5034 qui
538 4970 686 5031 legit,
712 4977 972 5017 sexcenta
1001 4968 1103 5015 LX
1135 4968 1421 5016 hominum
1458 4967 1665 5017 millia.
1700 4967 1766 5015 M.

482 5035 503 5068 ³
530 5033 685 5105 Vind.
720 5033 835 5080 Am.
882 5032 966 5079 Er.
1016 5036 1065 5078 et
1109 5030 1288 5092 plures
1334 5032 1483 5094 Mss.,
1536 5034 1595 5078 in
1643 5028 2069 5079 auctoritatibus

417 5104 677 5219 πῗιέῖἷῖἰο
705 5158 785 5206 est
812 5133 1052 5219 Lamech,
1102 5156 1392 5204 secundum
1439 5156 1777 5218 septuaginta
1817 5156 2071 5218 interpre-

419 5221 700 5346 ωῗὶξιξιῗίι
712 5218 1037 5346 Υῐίοὲἒιίοινιιῑι)
1065 5280 1194 5346 adeo
1222 5282 1434 5346 patrum
1469 5282 1722 5346 memoria
1754 5282 1906 5346 vicus
1940 5295 2071 5346 pene

420 5342 633 5397 centum
688 5346 966 5394 domorum
1012 5342 1069 5390 in
1115 5342 1384 5404 Hispania,
1433 5344 1584 5405 cujus
1636 5358 1817 5394 omnes
1866 5342 2072 5394 incolae

421 5412 574 5458 erant
620 5422 652 5458 a
685 5421 808 5457 sene
848 5406 1098 5469 quodam,
1128 5406 1221 5467 qui
1272 5407 1446 5455 adhuc
1496 5406 1729 5468 vivebat,
1787 5406 2068 5469 progeniti,

417 5470 497 5520 ita
522 5473 584 5520 ut
631 5468 1045 5533 propinquitatis
1085 5480 1280 5533 nomen
1328 5469 1450 5533 iam,
1482 5469 1703 5527 deesset,
1740 5468 1846 5532 quo
1894 5482 1927 5518 a
1969 5483 2069 5519 no-

416 5533 577 5583 minis
605 5531 747 5581 n’atu'
786 5531 1066 5582 vocaretur
1096 5542 1109 5578 :
1142 5531 1326 5594 lingua
1369 5531 1513 5580 enim
1542 5534 1726 5582 nostra
1752 5531 1913 5594 supra
1938 5532 2070 5583 aba—

425 5608 556 5644 vum
583 5607 693 5643 non
722 5594 975 5644 ascendit.
1009 5594 1123 5643 Lua.
1156 5591 1323 5642 VIVIB.

485 5656 555 5714 (ο)
586 5654 796 5717 supple,
827 5663 1031 5717 gentes.

484 5717 569 5778 (ἆ)
603 5716 718 5765 vm.
752 5716 889 5768 run.
920 5717 1010 5765 lib.
1043 5716 1072 5765 7
1102 5718 1236 5768 Hist.
1267 5720 1400 5775 nat..
1431 5730 1580 5781 capp.
1612 5718 1691 5774 49,
1722 5716 1801 5766 50.

1486 352 1584 411 I‘E
1628 350 1990 413 CIVITATE
2034 351 2187 424 DEI,
2235 350 2300 410 S.
2347 349 2775 412 AUGUSTINI

3726 352 3849 412 448

2196 486 2417 556 ingenti
2449 485 2664 557 lapide,
2705 501 2875 558 quem
2926 486 2985 541 in
3032 502 3308 558 agrorum
3352 485 3538 543 limite
3595 486 3848 545 inﬁxum

2195 565 2282 621 vir
2312 566 2477 621 fortis
2511 570 2527 602 ¹
2578 567 2810 621 illorum
2844 578 3178 638 temporum
3217 584 3485 638 pugnans
3517 571 3573 624 et
3625 569 3847 640 rapuit,

2196 650 2253 702 ct
2284 647 2562 712 cucurrit,
2596 653 2651 702 et
2681 647 2932 712 intorsit,
2967 653 3025 703 et
3058 647 3237 717 misit,

2254 772 2355 819 Vix
2382 771 2537 821 illum
2559 772 2580 805 2
2610 773 2828 835 (inquit)
2867 774 2988 823 lecti
3030 776 3110 824 bis
3149 788 3242 824 sex
3274 775 3476 825 cervice
3505 776 3776 832 subirent.

2254 835 2443 893 Qualia
2476 849 2619 886 nunc
2652 837 2926 885 hominum
2947 838 3198 947 (producit
3224 851 3443 900 corpora
3472 839 3633 889 tellus
3659 854 3673 889 :

2750 900 2943 947 (ίΕηεί
2987 939 2997 947 .
3033 901 3123 947 lib.
3158 900 3233 947 12.
3266 917 3315 947 υ.
3344 900 3595 947 899-900.)

2750 900 2997 962 (zEneid.
3033 901 3123 951 lib.
3158 900 3233 959 12,
3266 917 3315 950 υ.
3344 900 3595 963 899-900.)

2193 1013 2536 1084 significans
2592 1017 2811 1085 majora
2854 1024 2987 1071 tunc
3028 1033 3268 1086 corpora
3301 1018 3615 1087 producere
3659 1018 3854 1076 solere

2193 1094 2477 1151 tellurem.
2510 1098 2735 1163 Quanto
2777 1098 2965 1169 magis
3015 1098 3188 1167 igitur
3234 1099 3595 1169 temporibus
3647 1117 3853 1157 recen-

2192 1174 2440 1231 tioribus
2490 1177 2715 1245 mundi,
2749 1185 2878 1233 ante
2919 1177 3059 1233 illud
3111 1177 3304 1234 nobile
3352 1179 3851 1251 diii‘amatumque

2193 1252 2535 1311 diluvium?
2592 1257 2702 1312 Sed
2751 1258 2820 1313 de
2875 1273 3180 1328 corporum
3247 1260 3646 1328 magnitudine
3717 1260 3851 1332 ple-

2193 1350 2438 1406 rumque
2468 1337 2795 1393 incredulos
2825 1339 3045 1394 nudata
3075 1354 3177 1410 per
3212 1342 3551 1395 vetustatem
3584 1341 3708 1397 sive
3743 1355 3855 1412 per

2190 1416 2308 1471 vim
2354 1418 2660 1474 ﬂuminum
2697 1421 3007 1490 variosque
3051 1436 3221 1475 casus
3280 1420 3548 1490 sepulcra
3604 1424 3854 1479 convin-

2191 1501 2353 1564 cunt,
2387 1498 2486 1553 ubi
2519 1505 2938 1571 apparuerunt,
2972 1499 3056 1555 vel
3097 1501 3253 1555 unde
3280 1502 3618 1557 ceciderunt
3650 1502 3853 1560 incre-

2191 1578 2388 1636 dibilis
2450 1581 2871 1653 magnitudinis
2917 1598 3049 1637 ossa
3105 1586 3496 1638 mortuorum.
3533 1584 3664 1638 Vidi
3726 1587 3852 1656 ipse

2192 1676 2307 1715 non
2334 1660 2515 1730 solus,
2558 1662 2658 1717 sed
2705 1662 2925 1734 aliquot
2973 1677 3205 1717 mecum
3246 1662 3305 1717 in
3353 1662 3610 1719 Uticensi
3653 1664 3851 1723 littore

2189 1740 2470 1796 molarem
2503 1741 2760 1797 hominis
2800 1743 3033 1798 dentem
3066 1746 3182 1797 tam
3231 1742 3547 1815 ingentem,
3592 1749 3657 1799 ut
3696 1745 3749 1801 si
3790 1746 3849 1801 in

2190 1829 2522 1878 nostrorum
2574 1820 2835 1877 dentium
2885 1821 3151 1877 modulos
3199 1823 3530 1880 minutatim
3566 1824 3852 1880 concide-

2190 1907 2369 1971 retur,
2402 1908 2635 1960 centum
2670 1904 2837 1959 nobis
2868 1903 3163 1959 videretur
3193 1903 3379 1960 facere
3410 1906 3693 1975 potuisse.
3729 1905 3851 1961 Sed

2188 1982 2355 2038 illum
2415 1984 2669 2055 gigantis
2727 1983 2979 2055 alicujus
3037 1984 3221 2040 fuisse
3273 1985 3639 2041 crediderim.
3691 1991 3849 2042 Nam

2191 2070 2398 2135 printer
2429 2066 2584 2137 quod
2625 2069 2790 2120 erant
2838 2064 3102 2120 omnium
3154 2065 3336 2122 multo
3386 2068 3625 2137 majora,
3658 2084 3849 2140 quam

2188 2148 2410 2211 nostra,
2441 2151 2581 2199 tunc
2612 2160 2872 2215 corpora,
2901 2145 3168 2214 gigantes
3212 2144 3385 2217 longe
3414 2147 3633 2202 caeteris
3658 2152 3846 2203 ante-

2187 2221 2374 2278 ibant.
2426 2224 2589 2279 Sicut
2635 2224 2766 2279 aliis
2814 2225 3023 2279 deinde
3089 2225 3423 2297 nostrisque
3470 2228 3845 2298 temporibus

2186 2318 2315 2359 rara
2357 2305 2616 2373 quidem,
2640 2306 2741 2360 sed
2774 2321 3076 2375 nunquam
3112 2307 3290 2362 ferme
3337 2306 3665 2375 defuerunt,
3699 2323 3836 2377 qua:

2187 2384 2426 2440 modum
2461 2384 2711 2440 aliorum
2747 2383 3061 2455 plurimum
3093 2386 3455 2442 excederent.
3489 2386 3714 2442 Plinius
3744 2390 3841 2441 Se-

2185 2466 2439 2531 cundus,
2471 2466 2843 2522 doctissimus
2892 2466 3086 2533 homo,
3122 2472 3340 2538 quanto
3388 2467 3575 2538 magis
3609 2469 3837 2540 magis—

2184 2560 2297 2615 que
2330 2547 2585 2617 praeterit
2614 2545 2814 2601 saeculi
2845 2562 3145 2613 excursus,
3181 2547 3411 2602 minora
3456 2563 3702 2618 corpora
3731 2565 3835 2603 na-

2181 2629 2373 2680 turam
2415 2626 2563 2682 ferre
2594 2628 2866 2682 testatur.
2901 2626 3063 2691 Quod
3113 2627 3280 2682 etiam
3328 2627 3644 2682 Homerum
3680 2644 3834 2684 com-

2183 2710 2472 2762 memorat
2512 2723 2664 2779 saape
2713 2705 2969 2762 carmine
3024 2707 3205 2762 fuisse
3262 2712 3679 2779 conquestum,
3711 2725 3828 2764 non

2180 2786 2303 2843 haec
2333 2786 2492 2843 velut
2522 2787 2747 2859 poetica
2778 2787 3058 2858 ﬁgmenta
3087 2787 3381 2857 deridens,
3415 2789 3516 2844 sed
3551 2789 3610 2843 in
3646 2788 3827 2845 histo-

2180 2868 2361 2925 ricam
2404 2869 2579 2924 fidem
2643 2876 2923 2941 tanquam
2988 2868 3405 2925 miraculorum
3470 2869 3826 2926 naturalium

2178 2954 2425 3022 scriptor
2481 2967 2792 3007 assumens
2851 2952 3011 3023 (Hist.
3056 2960 3251 3007 natur.
3308 2951 3406 3006 lib.
3440 2950 3499 3019 7,
3530 2968 3651 3023 cap.
3714 2952 3821 3021 16).

2176 3035 2418 3097 Verum,
2450 3034 2515 3086 ut
2562 3030 2706 3098 dixi,
2738 3033 3115 3103 antiquorum
3161 3032 3597 3103 magnitudines
3628 3048 3828 3104 corpo-

2177 3129 2304 3169 rum
2362 3112 2594 3167 inventa
2642 3112 2981 3184 plerumque
3030 3128 3180 3179 ossa,
3213 3112 3493 3183 quoniam
3542 3114 3826 3169 diuturna

2177 3198 2336 3260 sunt,
2370 3193 2540 3248 etiam
2577 3193 2762 3249 multo
2811 3192 3230 3265 posterioribus
3278 3192 3510 3249 saeculis
3548 3194 3824 3265 produnt.

2173 3277 2477 3332 Annorum
2531 3282 2726 3329 autem
2777 3273 3164 3330 numerositas
3222 3275 3508 3345 cujusque
3566 3274 3825 3330 hominis

2177 3358 2279 3429 qui
2307 3357 2330 3391 ³
2362 3356 2723 3430 temporibus
2761 3354 2879 3411 illis
2924 3355 3048 3422 fuit,
3084 3353 3263 3409 nullis
3294 3371 3450 3410 nunc
3481 3354 3689 3409 talibus
3721 3355 3824 3410 do-

2177 3434 2696 3494 cumentis‘venire
2737 3438 2793 3492 in
2854 3437 3307 3506 experimentum
3343 3441 3548 3507 potest.
3581 3436 3698 3492 Nec
3745 3440 3827 3491 ta-

2178 3535 2308 3575 men
2344 3520 2473 3576 ideo
2505 3519 2650 3574 fides
2684 3533 2861 3573 sacrae
2891 3517 3026 3572 huic
3052 3515 3308 3571 historia:
3355 3517 3690 3587 deroganda
3718 3520 3823 3579 est,

2175 3602 2349 3673 cujus
2403 3604 2565 3656 tanto
2614 3599 3011 3672 impudentius
3064 3607 3293 3654 narrata
3334 3615 3446 3653 non
3505 3599 3823 3665 credimus,

2176 3685 2397 3751 quanto
2440 3680 2668 3753 impleri
2718 3679 2933 3736 certius
2975 3678 3368 3750 prrenuntiata
3414 3679 3822 3750 conspicimus.

2176 3762 2329 3818 Dicit
2384 3766 2579 3817 tamen
2629 3759 2807 3816 etiam
2865 3760 3018 3815 idem
3076 3758 3299 3815 Plinius
3345 3760 3448 3830 (a),
3471 3774 3599 3815 esse
3636 3759 3826 3814 adhuc

2176 3848 2427 3915 gentem,
2458 3842 2557 3897 ubi
2607 3843 2891 3897 ducentos
2931 3857 3117 3896 annos
3168 3839 3395 3896 vivitur.
3428 3840 3484 3895 Si
3531 3856 3669 3910 ergo
3714 3842 3825 3895 hu—

2177 3940 2484 3981 manarum
2518 3923 2764 3978 vitarum
2800 3921 3238 3988 diuturnitates,
3272 3937 3419 3992 quas
3448 3921 3671 3993 experti
3711 3938 3822 3976 non

2176 4021 2405 4071 sumus,
2468 4002 2637 4059 hodie
2684 4002 2899 4057 habere
2946 4001 3267 4056 creduntur
3314 4002 3607 4074 incognita
3654 4000 3824 4055 nobis

2176 4086 2323 4151 loca,
2356 4101 2461 4141 cur
2492 4101 2605 4140 non
2659 4082 2933 4139 habuisse
2964 4081 3270 4137 credantur
3301 4087 3358 4137 et
3387 4085 3646 4152 tempera
3674 4081 3702 4136 ‘2
3732 4085 3819 4137 An

2175 4182 2307 4222 vero
2356 4171 2441 4222 est
2490 4163 2767 4220 credibile
2800 4162 3015 4219 alicubi
3070 4179 3199 4219 esse
3231 4164 3383 4234 quod
3443 4162 3536 4217 hic
3568 4178 3684 4217 non
3716 4169 3821 4228 est,

2174 4252 2234 4303 et
2263 4245 2603 4303 incredibile
2634 4250 2724 4302 est
2762 4244 3072 4316 aliquando
3104 4245 3286 4301 fuisse
3319 4244 3474 4317 quod
3516 4261 3673 4301 nunc
3705 4261 3820 4299 non

2174 4334 2262 4385 est
2280 4328 2309 4382 ?

2174 4486 2408 4545 CAPUT
2437 4484 2503 4541 Χ.
2535 4517 2601 4528 -
2634 4488 2707 4543 De
2735 4487 3058 4559 diﬂerentia
3088 4502 3195 4558 qua
3218 4486 3367 4541 inter
3385 4485 3625 4541 hebraeos
3653 4488 3705 4540 et
3733 4500 3825 4541 no-

2245 4577 2383 4624 stros
2412 4567 2621 4624 codices
2671 4570 2928 4625 videntur
2956 4582 3232 4623 annorum
3270 4568 3493 4623 numeri
3520 4566 3821 4622 dissonare.

2246 4706 2527 4775 Quocirca
2582 4706 2694 4763 etsi
2763 4706 2916 4763 inter
2963 4704 3225 4762 hebraeos
3280 4709 3338 4760 et
3384 4708 3618 4760 nostros
3674 4702 3825 4759 codi-

2173 4803 2269 4846 ces
2301 4788 2377 4860 (b)
2408 4789 2478 4844 de
2508 4788 2636 4858 ipso
2667 4803 2910 4844 numero
2960 4800 3247 4842 annorum
3278 4784 3561 4841 nonnulla
3598 4783 3824 4840 videtur

2174 4885 2306 4927 esse
2330 4869 2634 4936 distantia,
2662 4868 2817 4939 quod
2848 4868 3052 4940 ignoro
3074 4884 3188 4939 qua
3217 4866 3443 4922 ratione
3460 4865 3540 4921 sit
3563 4866 3776 4923 factum
3802 4881 3816 4921 :

2176 4967 2290 5006 non
2319 4956 2516 5006 tamen
2563 4954 2723 5005 tanta
2754 4952 2863 5016 est,
2897 4952 2963 5003 ut
2995 4946 3127 5004 illas
3157 4946 3422 5003 homines
3463 4950 3583 5002 tam
3614 4944 3822 5018 longa-

2238 5151 2254 5184 ί
2289 5146 2413 5199 Sola
2443 5148 2604 5198 editio
2632 5148 2756 5197 Lov.
2786 5145 3155 5206 fortissimus.

2235 5212 2257 5247 ²
2286 5210 2371 5265 Er.
2401 5214 2455 5261 et
2486 5212 2611 5261 Lov.
2655 5210 2761 5257 Vix
2809 5209 2975 5257 illud.
3022 5211 3090 5258 At
3137 5210 3264 5260 editi
3305 5210 3399 5260 alii
3448 5213 3502 5261 et
3535 5209 3659 5260 Mss.
3713 5208 3824 5259 Vix

2174 5277 2363 5327 illum.
2391 5275 2567 5323 Potest
2593 5273 2777 5323 referri
2805 5274 2899 5322 aut
2935 5272 3001 5321 ad
3035 5286 3237 5333 saxum,
3268 5276 3364 5323 aut
3403 5274 3471 5323 ad
3506 5273 3734 5324 limitem
3759 5273 3824 5322 de

2172 5353 2277 5404 quo
2307 5339 2548 5404 proxime
2576 5338 2699 5386 ante
2727 5336 2995 5404 Virgilius.

2237 5405 2257 5439 ³
2287 5398 2370 5452 Er.
2408 5404 2459 5450 et
2488 5401 2630 5457 Mss,
2663 5398 3227 5462 quaer—MolinaM.

2236 5467 2308 5528 (α)
2344 5464 2496 5513 Vind.
2528 5461 2787 5528 Plin.’lib.
2816 5461 2848 5510 7
2876 5461 3008 5509 Hist.
3027 5463 3172 5528 _na_t.,
3203 5473 3317 5528 cap.
3349 5461 3433 5528 49=

2236 5521 2303 5590 (bl
2359 5528 2588 5590 Nastros
2637 5525 2841 5573 codices
2891 5523 3140 5590 appellat,
3180 5521 3376 5590 quibus
3414 5521 3646 5590 Ecclesia
3679 5525 3825 5590 tunc

2171 5583 2423 5640 utebatur
2442 5589 2643 5646 latinis,
2674 5601 2741 5637 ex
2770 5583 3413 5649 graeca—interpretatione
3442 5583 3823 5649 Septuaginta:

2172 5654 2376 5702 codices
2408 5665 2531 5701 vero
2561 5647 2840 5705 habraeos,
2875 5649 2967 5711 qui
2995 5662 3063 5698 ex
3102 5647 3648 5711 hebraicaSAcriptura
3675 5650 3827 5699 erant

2175 5716 2332 5766 versi.
2366 5714 2511 5764 Coni.
2543 5714 2635 5761 lib.
2665 5712 2695 5761 2
2723 5713 2787 5762 de
2816 5709 2958 5763 Dect.
2990 5711 3194 5769 christ,
3229 5724 3323 5763 nn.
3356 5709 3433 5772 16,
3461 5709 3541 5758 22.
