4138 6192
248 351 361 410 449

249 499 345 539 vos
395 481 580 538 fuisse
633 479 1000 537 dissentiant.
1049 479 1194 536 Nam
1245 479 1373 552 ipse
1431 480 1603 536 homo
1663 481 1891 554 primus

1432 346 1667 408 LIBER
1712 349 2058 421 QUINTUS
2099 349 2462 411 DECIMUS.
3529 345 3648 407 450

2001 501 2116 556 quo
2147 482 2532 540 Mathusalem
2569 485 2745 538 natus
2774 485 2863 538 est
2893 495 3076 551 usque
3123 481 3192 536 ad
3226 497 3445 538 annum
3494 479 3652 537 dilu-

252 564 450 633 Adam,
499 569 812 632 antequam
870 560 1132 634 gigneret
1180 560 1367 616 ﬁlium
1410 563 1507 631 qui
1567 562 1891 633 appellatus
1999 565 2097 620 vii.
2130 564 2345 620 Omnes
2385 567 2574 620 autem
2609 561 2746 617 anni
2777 562 2906 616 vitae
2937 559 3322 617 Mathusalem
3374 559 3650 633 nongenti

252 649 337 702 est
376 643 539 713 Seth,
566 644 846 699 ducentos
878 641 1113 711 triginta
1143 657 1325 699 annos
1354 642 1570 698 vixisse
1611 645 1895 713 reperitur

255 727 310 781 in
338 723 644 779 codicibus
674 721 912 789 nostris,
944 722 1003 776 in
1036 722 1281 777 hebraeis
1312 725 1504 777 autem
1538 726 1772 778 centum
1801 722 1900 778 tri-

255 807 409 880 ginta
441 803 780 875 perhibetur
831 800 983 873 (Gen.
1016 819 1070 867 v,
1103 803 1179 872 3).
1213 803 1322 858 Sed
1363 807 1737 871 posteaquam
1771 819 1901 858 eum

256 885 473 958 genuit,
507 883 912 955 septingentos
947 882 1163 938 vixisse
1195 883 1405 955 legitur
1435 883 1491 937 in
1534 884 1770 950 nostris,
1802 897 1904 938 oc-

255 967 548 1037 tingentos
575 978 708 1018 vero
735 962 792 1017 in
826 961 944 1018 illis
973 962 1165 1033 (llud,
1195 964 1273 1030 4).
1306 965 1490 1034 Atque
1535 963 1617 1018 ita
1643 963 1703 1018 in
1734 962 1906 1018 utris-

257 1060 368 1118 que
399 1043 745 1100 universatis
795 1059 1031 1100 summa
1060 1045 1394 1100 concordat.
1427 1048 1507 1098 Ae
1553 1044 1769 1098 deinde
1802 1058 1906 1118 per

258 1133 676 1196 consequentes
704 1123 1116 1194 generationes
1146 1127 1462 1195 antequam
1495 1124 1773 1195 gignatur
1803 1117 1904 1192 qui

256 1205 413 1278 gigni
445 1211 952 1268 commemoratur,
985 1204 1184 1260 minus
1213 1205 1426 1260 vixisse
1455 1205 1610 1276 apud
1643 1203 1905 1260 hebrzeos

258 1291 423 1358 pater
460 1285 586 1355 ejus
638 1283 932 1338 invenitur
957 1287 1192 1340 centum
1243 1299 1427 1340 annos
1486 1299 1500 1340 :
1551 1283 1651 1339 sed
1686 1286 1908 1354 postea-

257 1381 436 1438 quam
475 1370 565 1420 est
593 1365 828 1436 genitus
877 1363 1028 1418 idem
1063 1364 1206 1434 ipse,
1230 1369 1464 1420 centum
1506 1363 1706 1419 minus
1735 1377 1905 1432 quam

257 1447 316 1501 in
347 1445 592 1500 hebraeis
639 1444 1017 1499 inveniuntur
1044 1443 1103 1499 in
1157 1445 1392 1500 nostris.
1416 1445 1600 1514 Atque
1631 1443 1713 1498 ita
1768 1441 1907 1496 hinc

260 1531 316 1582 et
353 1525 492 1581 inde
525 1525 754 1580 numeri
795 1524 1143 1580 universitas
1189 1529 1490 1581 consonat.
1519 1525 1579 1579 In
1611 1528 1773 1580 sexta
1804 1538 1908 1577 au-

259 1611 376 1662 tem
419 1607 792 1678 generatione
831 1622 1124 1678 nusquam
1160 1608 1388 1677 utrique
1430 1605 1658 1661 codices
1700 1604 1909 1659 discre-

262 1693 424 1760 pant.
456 1687 521 1740 In
544 1687 793 1758 septima
821 1701 978 1751 vero,
1013 1685 1108 1742 ubi
1134 1685 1229 1742 ille
1255 1687 1354 1758 qui
1382 1692 1552 1741 natus
1581 1693 1667 1741 est
1688 1685 1908 1751 Enoeh,

263 1784 376 1823 non
425 1772 717 1834 mortuus,
760 1767 855 1821 sed
903 1768 1055 1838 quod
1093 1771 1206 1822 beo
1254 1765 1538 1838 placuerit
1594 1763 1914 1820 translatus

262 1863 392 1904 esse
425 1851 714 1914 narratur,
755 1846 956 1902 eadem
998 1846 1366 1902 dissonantia
1405 1851 1516 1915 est,
1550 1861 1678 1916 quae
1726 1845 1784 1899 in
1816 1858 1914 1898 su-

265 1929 597 2000 perioribus
626 1928 886 2000 quinque
916 1929 985 1982 de
1024 1933 1258 1983 centum
1290 1928 1462 1983 annis
1494 1931 1807 1998 antequam
1838 1923 1914 1993 gi-

261 2017 466 2081 gneret
495 2025 628 2064 eum
661 2010 759 2080 qui
801 2008 882 2063 ibi
926 2015 1415 2064 commemoratus
1454 2013 1540 2064 est
1573 2007 1798 2061 ﬁlium:
1834 2009 1918 2059 at-

264 2105 381 2160 que
410 2089 492 2144 ita
523 2088 582 2143 in
615 2104 851 2144 summa
883 2088 1096 2143 similis
1127 2088 1533 2145 consonantia.
1565 2085 1717 2140 Vixit
1753 2083 1914 2139 enim

260 2185 470 2236 annos,
499 2177 815 2239 antequam
846 2168 1270 2234 transferretur,
1286 2165 1608 2222 secundum
1642 2170 1918 2231 utrosque

261 2250 520 2312 codices,
535 2253 824 2302 trecentos
845 2246 1144 2318 sexaginta
1165 2255 1219 2302 et
1236 2244 1697 2319 quinque(lbid.,
1712 2242 1918 2312 2l-23).

263 2329 479 2384 Octava
527 2329 820 2400 generatio
861 2329 1032 2383 habet
1063 2328 1294 2398 quidem
1346 2327 1644 2383 nonullam
1681 2323 1924 2379 diversi-

264 2413 474 2476 tatem,
511 2408 610 2462 sed
674 2408 980 2475 minorem,
1011 2424 1079 2463 ac
1120 2407 1470 2462 dissimilem
1523 2404 1768 2461 caeteris.
1800 2403 1928 2458 Ma-

262 2487 569 2543 thusalem
613 2486 631 2520 ί
665 2489 901 2559 quippe,
935 2503 1105 2559 quem
1136 2488 1340 2560 genuit
1370 2486 1587 2552 Enocb,
1612 2491 1926 2556 antequam

265 2569 538 2640 gigneret
568 2583 704 2622 eum
755 2567 856 2639 qui
884 2569 942 2624 in
975 2569 1102 2640 ipso
1153 2568 1357 2623 ordine
1397 2567 1684 2638 sequitur,
1729 2580 1930 2621 secun-

268 2649 410 2703 dum
478 2647 740 2703 hebraeos
783 2664 896 2703 non
973 2652 1209 2703 centum
1274 2647 1490 2714 minus,
1551 2645 1654 2702 sed
1725 2643 1928 2716 viginti

273 2727 536 2799 amplius
567 2728 708 2783 vixit
740 2745 926 2784 annos
961 2745 974 2783 :
1009 2729 1107 2800 qui
1141 2744 1346 2784 rursus
1379 2729 1437 2782 in
1472 2727 1685 2782 nostris
1708 2732 1928 2798 postea-

278 2826 453 2882 quam
488 2825 620 2864 eum
669 2810 886 2882 genuit,
919 2810 1294 2880 reperiuntur
1342 2810 1546 2876 additi,
1584 2815 1641 2864 et
1671 2809 1729 2863 in
1764 2808 1930 2862 utris-

274 2907 384 2962 que
477 2891 588 2945 sibi
684 2906 917 2946 summa
1009 2889 1267 2946 universi
1362 2888 1591 2944 numeri
1681 2887 1933 2944 occurrit

275 2972 439 3043 (Ibid.
469 2970 685 3041 25-27).
722 2971 784 3025 ln
831 2969 955 3026 sola
1003 2987 1158 3025 noua
1207 2971 1604 3041 generatione,
1644 2969 1700 3022 id
1736 2972 1825 3022 est
1873 2967 1929 3020 in

275 3053 451 3107 annis
483 3051 719 3106 Laniech
754 3050 854 3105 lilii
889 3049 1299 3118 Mathusalem,
1337 3049 1517 3121 patris
1556 3051 1750 3104 autem
1792 3045 1929 3112 Noe,

272 3149 502 3188 summa
539 3130 932 3187 universitatis
961 3130 1274 3203 discrepat,
1309 3130 1409 3184 sed
1445 3145 1560 3184 non
1594 3126 1929 3200 plurimum.

276 3211 504 3285 Viginti
554 3212 709 3267 enim
742 3217 798 3267 et
831 3215 1080 3282 quatuor
1109 3227 1295 3266 annos
1326 3208 1452 3281 plus
1482 3208 1696 3264 vixisse
1740 3207 1797 3262 in
1831 3206 1931 3262 he-

277 3294 454 3349 braeis
504 3309 680 3364 quam
722 3293 782 3348 in
832 3292 1045 3348 nostris
1095 3291 1394 3348 codicibus
1442 3290 1752 3345 invenitur.
1787 3291 1934 3342 Nam

277 3379 602 3445 antequam
651 3372 910 3444 gigneret
965 3371 1152 3427 filium
1207 3371 1304 3444 qui
1361 3376 1598 3426 vocatus
1647 3375 1737 3424 est
1794 3372 1937 3434 Noe,

277 3471 369 3510 sex
435 3454 635 3509 minus
692 3454 868 3509 habet
924 3454 984 3509 in
1040 3452 1290 3509 hebraeis
1319 3466 1494 3521 quam
1557 3451 1617 3505 in
1667 3449 1934 3504 nostris:

278 3544 488 3606 postea
536 3550 666 3590 vero
723 3550 900 3605 quam
956 3548 1090 3590 eum
1139 3532 1362 3604 genuit,
1395 3529 1636 3600 triginta
1684 3527 1939 3598 amplius

276 3618 332 3673 in
356 3616 590 3672 eisdem
624 3630 795 3687 quam
830 3616 888 3671 in
947 3614 1162 3670 nostris
1192 3611 1346 3683 (Ibid.
1378 3609 1597 3680 23-31).
1631 3607 1793 3664 Unde
1837 3621 1942 3687 sex

278 3696 394 3752 illis
458 3685 755 3762 detractis,
789 3699 1012 3752 restant
1057 3691 1262 3765 viginti
1301 3693 1358 3746 et
1395 3693 1660 3760 quatuor,
1706 3691 1771 3742 ut
1818 3685 1940 3740 dic-

278 3783 399 3834 tum
445 3782 556 3834 est.

276 3935 520 3995 CAPUT
549 3937 648 3993 XI.
681 3967 751 3980 --
804 3939 882 3992 De
936 3934 1108 3991 armis
1159 3933 1542 3998 Mathusalem,
1599 3931 1753 4000 cujus
1808 3929 1945 3985 alas

346 4018 778 4092 quatuordecim
807 4021 972 4074 annis
1001 4018 1277 4074 diluvium
1308 4015 1519 4072 videtur
1547 4011 1826 4069 excedere.

360 4159 474 4214 Per
515 4157 668 4211 hanc
699 4161 898 4213 autem
959 4153 1412 4226 discrepantiam
1447 4151 1816 4206 hebraearum
1850 4164 1948 4204 co-

290 4237 491 4293 dicum
529 4242 706 4308 atque
747 4244 1102 4300 nostrorum,
1135 4234 1394 4291 exoritur
1423 4232 1525 4287 illa
1557 4230 1952 4308 famosissima

293 4318 567 4389 quaestio,
601 4307 701 4372 ubi
752 4315 1140 4372 Mathusalem
1175 4311 1615 4387 quatuordeeim
1648 4326 1834 4366 annos
1863 4307 1954 4363 vi-

291 4400 446 4454 xisse
482 4403 620 4471 post
640 4397 926 4452 diluvium
960 4402 1333 4468 computatur
1363 4395 1467 4466 (a),
1501 4409 1623 4448 eum
1656 4393 1956 4462 Scriptura

295 4495 359 4534 ex
388 4479 674 4536 omnibus
705 4479 804 4550 qui
833 4480 892 4534 in
942 4483 1096 4535 terra
1135 4482 1276 4533 tunc
1331 4477 1581 4543 fuerant,
1614 4473 1770 4530 solos
1828 4475 1956 4527 octo

295 4559 563 4616 homines
587 4561 644 4615 in
669 4576 802 4616 arca
824 4559 1067 4614 exitium
1127 4560 1546 4613 commemoret
1575 4554 1831 4610 evasisse
1863 4552 1958 4606 di-

298 4639 436 4694 luvii
471 4641 519 4711 (l
553 4643 702 4696 Petr.
759 4657 846 4707 ιιι,
875 4640 991 4710 20),
1027 4639 1086 4693 in
1117 4637 1330 4709 quibus
1391 4633 1780 4690 Mathusalem
1829 4647 1958 4711 non

299 4718 428 4777 fuit.
475 4710 810 4775 Secundum
850 4719 1076 4775 codices
1096 4718 1254 4774 enim
1289 4720 1514 4771 nostros
1546 4710 1958 4777 Mathusalem,

300 4799 647 4871 priusquam
679 4800 939 4872 gigneret
971 4799 1132 4854 illum
1187 4812 1363 4868 quem
1395 4794 1617 4848 vocavit
1685 4789 1962 4855 Lamech,

300 4880 438 4935 vixit
470 4897 659 4937 annos
681 4885 917 4937 centum
964 4881 1264 4950 sexaginta
1299 4885 1518 4946 septem
1556 4891 1568 4928 :
1603 4872 1814 4928 deinde
1844 4872 1964 4942 ipse

306 4959 578 5029 Lamecb,
612 4965 928 5034 antequam
960 4977 1025 5016 ex
1057 4959 1155 5014 illo
1215 4963 1388 5013 natus
1429 4959 1584 5011 esset
1630 4955 1767 5023 Noe,
1825 4951 1968 5007 vixit

305 5064 498 5104 annos
537 5048 774 5100 centum
800 5043 1096 5114 octoginta
1118 5044 1267 5109 octo,
1329 5038 1428 5110 qui
1463 5036 1639 5092 simul
1673 5035 1821 5090 ﬁunt
1851 5038 1966 5114 tres

307 5128 460 5184 centi
495 5125 925 5200 quinquaginta
943 5113 1225 5194 quinque.
1268 5121 1366 5175 His
1397 5119 1693 5174 adduntur
1714 5113 1969 5200 sexcenti

307 5209 449 5276 Noe,
485 5197 665 5282 quoto
687 5211 814 5278 ejus
846 5222 1001 5263 anno
1026 5203 1311 5259 diluvium
1343 5202 1548 5256 factum
1577 5204 1665 5282 est
1695 5197 1847 5270 (Gen.
1871 5212 1967 5262 vn,

307 5288 365 5362 6)
401 5306 415 5344 :
450 5281 553 5361 qui
585 5287 732 5344 ﬁunt
762 5285 1038 5359 nongenti
1087 5284 1514 5357 quinquaginta
1572 5281 1852 5352 quinque,
1902 5291 1972 5332 ex

379 5460 396 5492 ί
435 5458 502 5506 In
528 5459 674 5512 Mss..
705 5455 1100 5506 Mathusalam.
1137 5454 1323 5502 Postea
1353 5453 1409 5499 in
1439 5449 1554 5499 sola
1581 5447 1972 5512 editione__I_.ov..

313 5507 682 5595 quippercum'.
727 5520 929 5583 genuit
975 5517 1182 5568 Enoch.
1211 5515 1399 5565 Verius
1439 5513 1496 5560 in
1543 5512 1760 5562 caeteris
1805 5507 1974 5566 libris,

315 5598 743 5648 ςαιρλίζςααςῖη-

379 5632 619 5709 (ἅῐγίᾶο
647 5632 1046 5709 Hieronymum.
1079 5643 1144 5693 de
1191 5637 1596 5699 Quaestionibus
1616 5635 1877 5686 bebraicis
1921 5632 1977 5681 in

319 5707 592 5761 Genesim.

2007 645 2307 716 sexaginta
2335 660 2542 700 novem
2581 647 2993 713 computantur
3025 659 3039 696 :
3071 642 3208 712 quia
3254 658 3386 696 cum
3421 640 3659 697 vixisset

2004 743 2190 782 annos
2210 730 2442 781 centum
2459 725 2759 796 sexaginta
2781 732 3019 794 septem,
3041 729 3098 779 et
3119 724 3410 795 genuisset
3440 721 3653 785 illium,

2005 807 2106 878 qui
2135 811 2226 862 est
2255 804 2582 876 appellatus
2615 805 2884 869 Lamech,
2912 808 3040 874 post
3062 819 3196 858 eum
3223 803 3483 872 genitum
3517 799 3658 856 vixit

2005 903 2191 943 annos
2219 885 2575 954 octingintos
2633 886 2812 952 duos;
2863 884 2962 955 qui
3006 899 3229 948 omnes,
3263 886 3324 936 ut
3377 881 3656 946 diximus,

2009 967 2292 1038 nongenti
2329 966 2637 1038 sexaginta
2685 980 2890 1020 novem
2925 965 3072 1019 ﬁunt
3124 963 3281 1034 (Gen.
3340 979 3394 1028 v,
3450 962 3660 1030 25-27).

2007 1049 2171 1105 Unde
2201 1048 2482 1104 detractis
2506 1049 2818 1120 nongentis
2841 1046 3276 1118 quinquaginta
3298 1045 3560 1115 quinque
3591 1042 3662 1097 ab

2007 1137 2134 1184 ortu
2185 1127 2575 1183 Mathusalem
2635 1142 2820 1199 usque
2853 1127 2922 1180 ad
2985 1125 3295 1193 diluvium,
3357 1125 3666 1178 remanent

2006 1210 2470 1283 quatuordeeim,
2505 1209 2719 1280 quibus
2767 1207 2978 1262 vixisse
3030 1205 3280 1262 creditur
3341 1207 3472 1275 post
3507 1200 3664 1257 dilu-

2005 1290 2190 1344 vium.
2224 1289 2461 1360 Propter
2485 1289 2640 1359 quod
2660 1303 2794 1343 eum
2812 1284 3100 1353 nonnulli,
3135 1283 3244 1340 etsi
3276 1283 3466 1339 nonin
3490 1289 3664 1349 terra,

2009 1371 2107 1426 ubi
2144 1386 2379 1427 omnem
2411 1385 2670 1436 carnem,
2715 1383 2893 1439 quam
2923 1367 3111 1422 vivere
3142 1366 3199 1421 in
3233 1365 3402 1436 aquis
3453 1370 3664 1418 natura

2008 1467 2124 1507 non
2149 1450 2311 1516 sinit,
2345 1455 2573 1506 constat
2605 1451 2785 1505 fuisse
2823 1449 3098 1514 deletam,
3152 1461 3280 1501 cum
3341 1447 3506 1516 patre
3554 1456 3661 1497 suo

2009 1532 2108 1602 qui
2133 1530 2454 1586 translatus
2506 1531 2694 1586 fuerat
2723 1529 3089 1599 aliquantum
3149 1528 3350 1592 fuisse,
3383 1529 3552 1594 atque
3584 1521 3668 1578 ibi

2008 1615 2193 1668 donec
2223 1611 2506 1667 diluvium
2540 1608 3106 1678 praeteriret,vixisse
3149 1606 3535 1670 arbitrantur;
3563 1619 3668 1658 no-

2008 1693 2193 1749 lentes
2223 1693 2500 1765 derogare
2534 1692 2705 1746 tldem
2737 1689 3057 1754 codicibus,
3091 1704 3238 1758 quos
3303 1687 3363 1740 in
3409 1682 3669 1740 auctori-

2013 1779 2189 1830 tatem
2226 1773 2597 1830 celebriorem
2652 1770 2910 1841 suscepit
2959 1769 3238 1836 Ecclesia,
3280 1771 3336 1822 et
3365 1767 3667 1821 credentes

2012 1855 2343 1911 Iudaeorum
2378 1854 2570 1924 potius
2597 1869 2772 1923 quam
2821 1851 2966 1906 istos
2998 1867 3111 1905 non
3146 1849 3356 1903 habere
3387 1847 3543 1916 quod
3568 1861 3664 1901 ve-

2017 1951 2148 1992 rum
2172 1939 2280 1990 est.
2307 1932 2432 1990 Non
2453 1934 2610 1989 enim
2645 1931 2982 1996 admittunt,
3007 1931 3160 2002 quod
3206 1926 3391 1997 magis
3424 1926 3515 1982 hic
3545 1940 3671 1980 esse

2019 2016 2273 2088 potuerit
2296 2031 2456 2070 error
2486 2015 2895 2085 interpretum,
2927 2027 3101 2082 quam
3131 2011 3188 2064 in
3228 2025 3294 2064 ea
3324 2008 3525 2079 lingua
3542 2021 3675 2062 esse

2022 2097 2259 2163 falsum,
2295 2095 2450 2150 unde
2498 2094 2557 2148 in
2618 2097 2877 2148 nostram
2920 2106 3020 2160 per
3069 2105 3313 2161 graecam
3380 2088 3675 2156 Scriptura

2023 2180 2145 2247 ipsa
2169 2173 2454 2230 translata
2484 2178 2590 2228 est.
2624 2173 2731 2227 Sed
2765 2171 3061 2242 inquiunt,
3095 2185 3211 2223 non
3243 2183 3370 2223 esse
3399 2165 3679 2222 credibile

2025 2255 2406 2326 Septuaginta
2449 2255 2818 2324 interpretes,
2880 2251 2976 2321 qui
3039 2266 3154 2304 uno
3197 2247 3372 2302 simul
3422 2254 3679 2315 tempore

2027 2354 2263 2408 unoque
2285 2353 2459 2392 sensu
2490 2333 2860 2406 interpretati
2885 2336 3044 2400 sunt,
3064 2346 3256 2385 errare
3276 2328 3552 2400 potuisse,
3577 2328 3680 2381 aut

2030 2417 2128 2473 ubi
2161 2407 2304 2472 nihil
2329 2432 2528 2472 eorum
2556 2417 2851 2483 intererat,
2882 2411 3136 2468 voluisse
3161 2409 3424 2474 mentiri;
3448 2407 3685 2462 Judmos

2031 2516 2186 2567 vero,
2219 2499 2356 2553 dum
2391 2496 2558 2552 nobis
2584 2495 2868 2562 invident,
2919 2492 3075 2564 quod
3125 2492 3240 2546 Lex
3269 2495 3324 2546 et
3380 2487 3678 2559 Propheta

2031 2580 2104 2636 ad
2137 2596 2241 2635 nos
2271 2577 2707 2650 interpretando
2752 2573 3115 2639 transierint,
3151 2579 3406 2626 mutasse
3436 2569 3677 2650 quidam

2036 2662 2090 2716 in
2125 2661 2366 2716 codibus
2407 2648 2554 2724 suis,
2591 2664 2649 2713 ut
2684 2655 2897 2712 nostris
2948 2653 3312 2708 minueretur
3343 2648 3690 2707 auctoritas.

2033 2743 2192 2797 Hane
2223 2741 2553 2811 Opinionem
2586 2737 2672 2793 vel
2715 2734 3108 2806 suspicionem
3166 2731 3407 2811 accipiat
3435 2729 3687 2811 quisque

2039 2826 2102 2876 ut
2134 2807 2452 2891 puta—verit:
2493 2821 2713 2873 certum
2747 2820 3080 2880 esttamen,
3129 2828 3242 2866 non
3302 2808 3512 2864 vixisse
3563 2807 3685 2861 Ma-

2036 2888 2326 2956 thu'salem
2385 2907 2509 2969 post
2561 2895 2876 2959 diluvium,
2925 2893 3022 2948 sed
3067 2893 3269 2946 eodem
3292 2905 3444 2946 anno
3505 2888 3688 2942 luisse

2034 2981 2394 3046 defunctum,
2427 2978 2473 3032 si
2506 2992 2704 3032 verum
2738 2981 2826 3030 est
2850 2973 3004 3044 quod
3029 2971 3101 3026 de
3126 2986 3366 3026 numero
3397 2981 3687 3023 annorum

2033 3061 2092 3116 in
2128 3059 2370 3115 hebraeis
2401 3056 2696 3112 codicibus
2728 3053 3047 3110 invenitur.
3078 3051 3156 3107 De
3188 3050 3513 3106 illisautem
3539 3047 3691 3117 Sep-

2034 3143 2301 3213 tuaginta
2324 3139 2746 3211 interpretibus
2777 3135 2916 3208 quid
2964 3133 3104 3189 mihi
3145 3133 3426 3213 videatur,
3460 3145 3566 3184 suo
3601 3128 3682 3182 lo-

2033 3242 2098 3281 co
2141 3212 2480 3295 diligentius
2532 3218 2913 3276 inserendum
2964 3221 3071 3282 est,
3105 3230 3236 3270 cum
3271 3213 3342 3295 ad
3377 3212 3504 3282 ipsa
3542 3215 3690 3295 tem-

2037 3322 2198 3377 pora,
2250 3289 2543 3376 quantum
2595 3300 2911 3356 necessitas
2965 3297 3144 3377 hujus
3179 3294 3368 3365 operis
3407 3289 3688 3377 postulat,

2039 3367 2573 3446 commemoranda,
2595 3381 2910 3449 adjuvante
2933 3376 3196 3443 Domino,
3225 3371 3558 3428 venerimus
3591 3367 3688 3440 (a).

2041 3463 2316 3520 Praesenti
2348 3463 2500 3518 enim
2533 3459 2750 3515 sufﬁcit
2780 3457 3088 3528 quasstioni
3149 3453 3468 3509 secundum
3501 3454 3690 3504 utros-

2043 3562 2153 3618 que
2174 3543 2400 3600 codices
2454 3551 2566 3596 tam
2599 3541 2804 3609 longas
2850 3537 3120 3591 habuisse
3179 3533 3323 3586 vitas
3382 3529 3700 3618 illius-aevi

2044 3606 2326 3690 homines,
2363 3627 2426 3678 ut
2458 3624 2651 3692 posset
2680 3606 2728 3654 Γ
2755 3620 2918 3671 aetate
2966 3631 3141 3678 unus,
3177 3611 3278 3692 qui
3335 3606 3690 3692 deduobus,

2044 3722 2192 3779 quos
2224 3688 2380 3758 solos
2408 3688 2560 3757 terra
2581 3704 2720 3753 tunc
2741 3695 2948 3779 habuit
2977 3691 3318 3779 parentibus
3351 3688 3573 3779 primus
3604 3691 3692 3779 est

2045 3764 2240 3852 natus,
2276 3783 2350 3840 ad
2378 3779 2850 3839 constituendam
2873 3764 3051 3832 etiam
3079 3772 3369 3828 civitatem
3397 3764 3692 3836 multipli-

2047 3869 2166 3926 cari
2195 3882 2380 3940 genus
2412 3863 2756 3919 humanum.

2050 4027 2281 4087 CAPUT
2309 4025 2440 4083 XII.
2475 4055 2538 4065 —
2584 4023 2656 4079 De
2688 4017 2944 4093 opinione
2981 4031 3189 4080 eorum,
3240 4012 3338 4084 qui
3381 4006 3694 4093 primorum

2123 4119 2433 4183 temporum
2463 4089 2857 4163 homines-tam
2886 4099 3171 4168 longaevos,
3205 4109 3369 4166 quam
3417 4089 3705 4156 scribitur,

2124 4194 2296 4265 fuisse
2314 4207 2425 4248 non
2453 4185 2699 4245 credunt.

2132 4352 2182 4406 1.
2215 4349 2411 4420 Neque
2427 4345 2581 4403 enim
2607 4341 2724 4399 ullo
2764 4339 2938 4396 modo
2969 4335 3242 4394 audiendi
3275 4329 3559 4420 sunt,qui
3594 4345 3705 4420 pd:

2059 4437 2185 4489 tant
2213 4408 2378 4486 aliter
2421 4442 2603 4482 annos
2644 4423 2761 4480 illis
2810 4420 3171 4494 temporibus
3219 4417 3613 4494 computatos,
3647 4408 3706 4464 id

2061 4516 2148 4569 est
2179 4517 2349 4566 tantae
2383 4504 2704 4571 brevitatis,
2730 4507 2794 4558 ut
2831 4491 2984 4558 unus
3015 4514 3210 4555 annus
3265 4499 3459 4552 noster
3509 4491 3709 4547 decem

2064 4592 2192 4648 illos
2225 4589 2502 4644 habuisse
2525 4586 2814 4641 credatur.
2841 4584 3222 4652 Quapropter,
3257 4574 3554 4646 inquiunt,
3576 4584 3712 4626 cum

2066 4670 2313 4730 audierit
2340 4668 2586 4739 quisque
2610 4664 2696 4720 vel
2725 4664 2931 4735 legerit
2951 4663 3277 4732 nongentos
3308 4671 3494 4739 annos
3516 4666 3713 4739 quem-

2067 4767 2242 4824 quam
2275 4730 2512 4811 vixisse;
2546 4745 2714 4801 debet
2741 4730 3096 4812 intelligere
3121 4734 3472 4824 nonaginta:
3515 4730 3716 4824 decem

2069 4811 2287 4904 quippe
2308 4829 2390 4884 illi
2423 4826 2555 4882 anni
2600 4840 2758 4879 unus
2816 4826 2907 4877 est
2939 4811 3256 4904 nosterpet
3276 4813 3475 4904 decem
3509 4811 3720 4904 nostri,

2067 4891 2404 4970 centumilli
2438 4908 2693 4962 fuerunt.
2729 4905 2807 4957 Ac
2833 4917 2935 4973 per
2956 4899 3089 4963 hoc,
3133 4897 3200 4948 ut
3246 4892 3494 4973 putant,
3510 4891 3722 4973 viginti

2268 4984 2556 5046 annorum
2592 4985 2700 5040 fuit
2723 4965 2934 5047 Adam,
2965 4975 3199 5050 quando
3231 4971 3432 5044 genuit
3461 4965 3629 5030 Seth;
3661 4966 3721 5050 et

2070 5043 2594 5145 ip—se-‘Sethviginti
2618 5065 2694 5135 (b)
2719 5043 2961 5118 habebat
2984 5043 3047 5114 et
3075 5071 3184 5145 sex
3208 5065 3464 5145 menses,
3485 5043 3719 5145 quaqdo

2072 5125 2482 5209 e‘xvilloinatusu
2491 5152 2582 5204 est
2613 5125 2784 5211 Eoos,
2817 5156 2970 5212 quos
2999 5134 3249 5209 appellat
3280 5131 3581 5212 Scriptura
3611 5125 3722 5181 du-

2074 5239 2276 5290 centos
2306 5238 2358 5287 et
2390 5229 2653 5302 quinque
2684 5207 2890 5302 annos.
2923 5207 3232 5302 Quoniam,
3265 5214 3417 5270 sicut
3464 5207 3558 5264 isti
3590 5221 3723 5262 sus-

2073 5315 2337 5386 picantur
2367 5297 2618 5382 quorum
2633 5301 2982 5376 exponimus
3021 5297 3378 5369 Opinionem,
3404 5301 3589 5346 unum
3612 5300 3719 5341 an-

2146 5565 2160 5599 ί
2195 5559 2280 5608 Sic
2306 5557 2475 5609 nostri
2505 5555 2724 5606 codices.
2756 5552 2817 5600 In
2845 5550 2922 5608 B.,
2953 5555 3018 5597 ut
3041 5542 3230 5609 possit.
3261 5539 3331 5590 M.

2164 5606 2430 5685 cyma;
2459 5619 2554 5668 lib.
2589 5617 2666 5679 18,
2695 5629 2843 5680 capp.
2879 5606 2960 5674 4'2,
2991 5606 3064 5658 43‘
3081 5610 3133 5658 et
3159 5606 3238 5654 44.

2164 5625 2214 5685 a)
2245 5625 2430 5675 Intra.
2459 5625 2554 5668 lib.
2589 5625 2666 5679 ιδ,

2145 5625 2219 5750 (b)
2245 5684 2459 5750 Supplo,
2493 5695 2692 5733 annos.

4021 223 4033 264 Α

4021 289 4035 326 ⁸1

4021 351 4035 386 ι
