4138 6192
417 319 528 380 451

412 468 552 507 num
576 448 806 523 qualem
829 460 980 500 nunc
993 442 1297 503 habemus,
1320 438 1377 491 in
1397 437 1796 523 decempartes
1816 436 2059 523 illidivi-

410 517 644 598 dabant,
677 533 732 583 et
762 527 992 582 easdem
1027 526 1216 592 partes
1238 534 1423 572 annos
1457 517 1757 598 vocabant.
1808 517 2060 579 Quarum

411 596 662 683 partium
697 607 870 662 habet
919 620 1034 657 una
1065 601 1416 683 quadratum
1461 596 1780 683 senarium,
1813 614 1878 652 eo
1902 601 2053 683 quod

408 679 557 748 Deus
591 705 690 745 sex
713 687 917 741 diebus
938 682 1240 754 perfecerit
1263 695 1437 748 Opera
1467 695 1590 744 sua,
1621 683 1682 732 ut
1713 679 1772 733 in
1803 680 2050 747 septimo

405 772 811 842 requiesceret.
839 766 917 820 De
948 781 1063 834 qua
1096 779 1155 816 re
1188 765 1241 815 in
1276 760 1420 842 libro
1454 759 1760 842 undecimo
1792 759 1942 842 (Cap.
1974 761 2052 827 8),

405 838 554 906 sicut
588 848 766 919 potui,
813 845 1120 916 disputavi.
1175 840 1371 895 Sexies
1403 846 1598 892 autem
1631 838 1776 905 seni,
1809 839 1908 908 qui
1945 857 2053 893 nu-

406 947 600 986 merus
632 929 976 999 quadratum
1009 923 1304 978 senarium
1340 921 1494 985 facit,
1525 919 1766 988 triginta
1795 934 1895 973 sex
1926 919 2052 974 dies

405 1011 553 1064 fiunt
581 1027 594 1063 :
621 1009 719 1078 qui
773 1004 1140 1076 multiplicati
1172 1001 1384 1066 decies,
1444 1006 1513 1054 ad
1574 1003 1862 1053 trecentos
1892 1015 2054 1053 sexa-

403 1090 563 1159 ginta
586 1089 952 1160 perveniunt,
982 1085 1036 1139 id
1060 1089 1151 1138 est
1183 1081 1489 1136 duodecim
1525 1095 1754 1160 menses
1788 1078 2043 1160 lunares.

402 1159 638 1239 Propter
669 1169 918 1237 quinque
949 1166 1074 1220 dies
1106 1163 1261 1218 enim
1297 1161 1572 1230 reliquos,
1609 1159 1820 1229 quibus
1841 1159 2048 1214 solaris

400 1265 592 1304 annus
613 1247 911 1318 impletur,
947 1249 1001 1299 et
1028 1243 1139 1298 diei
1167 1242 1572 1314 quadrantem,
1608 1243 1842 1308 propter
1869 1253 2042 1308 quem

397 1333 598 1397 quater
615 1329 857 1381 ductum
882 1341 948 1380 eo
965 1340 1136 1390 anno,
1158 1338 1270 1392 quo
1299 1321 1607 1375 bissextum
1646 1323 2044 1385 vocant,unus

396 1408 518 1462 dies
548 1408 836 1478 adjicitur,
863 1405 1224 1460 addebantur
1263 1419 1297 1456 a
1347 1400 1640 1455 veteribus
1673 1403 1872 1478 postea
1897 1397 2040 1478 dies,

396 1497 454 1540 ut
485 1475 813 1542 occurreret
839 1499 1115 1540 numerus
1154 1496 1620 1550 annorum,quos
1643 1481 1764 1533 dies
1797 1475 2040 1532 Romani

394 1567 764 1622 intercalares
791 1566 1092 1619 vocabant.
1157 1561 1402 1616 Proinde
1434 1562 1610 1614 etiam
1666 1560 1836 1624 Enos,
1869 1573 2039 1626 quem

393 1648 768 1718 genuitSeth,
801 1647 1000 1700 decem
1019 1650 1075 1698 et
1101 1657 1307 1697 novem
1350 1641 1773 1709 agebatannos,
1799 1638 2034 1710 quando

390 1747 455 1785 ex
489 1731 590 1784 illo
625 1733 796 1783 natus
829 1732 919 1781 est
968 1726 1124 1779 filius
1179 1725 1305 1793 ejus
1362 1723 1620 1785 Cainam,
1673 1737 1818 1791 quos
1855 1736 2038 1773 annos

388 1811 528 1864 dicit
553 1809 856 1878 Scriptura
911 1809 1146 1861 centum
1200 1804 1516 1870 nonaginta
1547 1801 1702 1871 (Gen.
1749 1817 1804 1864 v,
1827 1800 1882 1866 9,
1925 1814 2033 1854 sec.

389 1890 580 1961 LXX).
618 1891 680 1944 Et
701 1887 972 1956 deinceps
1003 1902 1105 1956 per
1130 1899 1333 1939 omnes
1355 1883 1780 1954 generationes,
1813 1883 1871 1934 in
1904 1880 2033 1950 qui-

390 1970 496 2024 bus
527 1970 831 2024 hominum
858 1967 991 2021 anni
1028 1961 2031 2024 commemoranturantediluvium,

392 2050 596 2104 nullus
627 2050 743 2103 fere
774 2049 829 2102 in
865 2045 1079 2101 nostris
1097 2045 1397 2100 codicibus
1420 2042 1732 2108 invenitur,
1766 2041 1865 2111 qui
1896 2055 2028 2094 cum

384 2135 535 2185 esset
565 2133 798 2184 centum
834 2141 1116 2181 annorum
1155 2123 1241 2178 vel
1275 2125 1442 2189 infra,
1477 2122 1561 2179 vel
1590 2123 1760 2177 etiam
1795 2125 2029 2176 centum

381 2211 606 2283 viginti,
645 2215 745 2266 aut
777 2227 890 2266 non
941 2209 1128 2264 multo
1163 2206 1440 2278 amplius,
1474 2206 1743 2276 genuerit
1799 2203 2024 2270 lilium;

377 2293 479 2348 sed
497 2295 596 2364 qui
617 2291 858 2346 minima
883 2295 1046 2345 aetate
1068 2292 1414 2356 genuerunt,
1437 2291 1674 2342 centum
1707 2284 2026 2353 sexaginta,

378 2379 434 2428 et
465 2374 618 2444 quod
653 2371 924 2435 excurrit,
956 2370 1134 2424 fuisse
1193 2367 1524 2423 referuntur
1559 2383 1571 2419 :
1631 2366 1770 2436 quia
1828 2380 2024 2430 nemo,

375 2452 674 2524 inquiunt,
709 2453 907 2508 decem
961 2464 1248 2506 annorum
1309 2447 1484 2503 homo
1544 2452 1732 2517 potest
1787 2445 2022 2516 gignere

374 2535 545 2604 ﬁlios,
579 2536 679 2606 qui
713 2549 990 2589 numerus
1040 2536 1272 2586 centum
1306 2528 1752 2602 appellabantur
1783 2528 1919 2582 anni
1953 2525 2024 2580 ab

374 2614 489 2671 illis
522 2614 889 2680 hominibus;
924 2612 1022 2667 sed
1057 2613 1112 2665 in
1145 2611 1315 2665 annis
1349 2608 1638 2664 sexdecim
1672 2612 1760 2663 est
1796 2617 2022 2664 matura

374 2696 661 2767 pubertas,
687 2700 739 2749 et
774 2692 1276 2764 prolijamidonea
1303 2690 1858 2762 procreandaquos
1889 2706 2020 2744 cen-

372 2785 492 2831 tum
516 2780 572 2830 et
601 2775 903 2844 sexaginta
925 2789 1108 2828 annos
1137 2771 1237 2826 illa
1263 2776 1522 2838 tempora
1575 2772 2016 2840 nuncupabant.

374 2857 444 2913 Ut
477 2862 670 2912 autem
719 2855 886 2910 aliter
918 2870 1132 2908 annum
1195 2857 1330 2907 tunc
1381 2852 1562 2906 fuisse
1623 2857 2015 2920 computatum

371 2955 484 2994 non
509 2938 584 2992 sit
619 2933 977 3000 incredibile,
1013 2931 1291 3001 adjiciunt
1332 2932 1484 3002 quod
1520 2931 1669 3001 apud
1714 2929 2018 3001 plerosque

370 3019 680 3088 scriptores
714 3015 970 3071 historiae
993 3010 2014 3084 reperitur,A§gyptioshabuissean-

370 3116 443 3152 nu
457 3115 508 3153 m
543 3104 793 3169 quatuor
810 3095 1095 3152 mensium
1120 3093 1217 3162 (a),
1231 3098 1561 3148 Acarnanas
1583 3108 1681 3146 sex
1695 3093 2011 3157 mensium,

371 3181 641 3234 aninios
686 3177 960 3235 tredecim
985 3176 1297 3231 mensium.
1319 3173 1542 3228 Plinius
1567 3174 1865 3228 Secundus
1881 3191 2012 3228 cum

368 3263 889 3326 commemorasset,
924 3256 1166 3311 relatum
1198 3255 1374 3310 fuisse
1405 3254 1461 3308 in
1524 3254 1764 3322 litteras,
1814 3269 2016 3323 quem-

370 3341 503 3393 dam
556 3339 766 3395 vixisse
832 3346 1066 3395 centum
1117 3335 1540 3407 quinquaginta
1597 3336 1742 3388 duos
1800 3350 2014 3400 annos,

367 3419 547 3474 alium
583 3419 598 3452 ¹
641 3421 836 3476 decem
871 3417 1142 3486 amplius,
1193 3417 1338 3470 alios
1397 3417 1781 3469 ducentorum
1833 3431 2012 3469 anno-

368 3516 494 3555 rum
529 3500 800 3555 habuisse
859 3500 1056 3564 vitam,
1091 3495 1231 3550 alios
1281 3500 1691 3560 trecentorum,
1723 3497 2008 3565 quosdam

367 3583 434 3637 ad
467 3583 838 3653 quingentos,
903 3580 1048 3635 alios
1078 3580 1142 3632 ad
1205 3584 1520 3645 sexcentos,
1584 3576 1898 3631 nonnullos
1939 3576 2007 3630 ad

366 3667 728 3734 octingentos
759 3663 931 3718 etiam
992 3660 1340 3731 pervenisse,
1405 3659 1522 3713 haec
1555 3658 1750 3713 omnia
1780 3663 2011 3729 propter

366 3745 736 3801 inscientiam
799 3749 1122 3813 temporum
1194 3741 1474 3795 accidisse
1530 3739 1848 3795 arbitratus
1899 3743 2006 3795 est.

363 3825 686 3896 Atiiquippc
702 3824 913 3895 inquit,
933 3830 1124 3879 testate
1137 3839 1304 3876 unum
1320 3820 2006 3888 determinabantannum,

365 3913 412 3960 ct
444 3908 677 3959 alterum
699 3905 876 3958 hieme
898 3903 1039 3964 ;alz'z'
1061 3901 1473 3972 quadripertitz’s
1503 3902 2008 3968 femporibus,sz’cut

361 3987 592 4042 Arcades
615 3986 824 4056 inquit,
851 4000 1080 4056 quorum
1102 3981 1240 4036 anni
1260 3982 1560 4036 trimestre:
1584 3986 1755 4050 luere.
1784 3981 2008 4048 Adjecit

363 4069 564 4133 etiam,
598 4065 914 4136 aliquando
962 4063 1279 4134 Egyptios,
1307 4077 1550 4132 quorum
1591 4077 1790 4130 parvos
1822 4077 2007 4115 annos

365 4153 794 4217 qucctcruorum
830 4143 1114 4198 mensium
1149 4142 1326 4194 fuisse
1348 4157 1525 4210 supra
1555 4139 1820 4205 diximus,
1855 4139 2006 4195 lunae

366 4230 478 4279 line
514 4225 799 4280 limitasse
832 4238 1031 4278 anum.
1093 4222 1288 4289 Itaque
1343 4218 1497 4289 apud
1543 4234 1653 4282 eos,
1711 4217 1922 4289 inquit,
1956 4223 2008 4274 et

363 4307 590 4378 singula
624 4307 802 4360 millia
834 4319 1108 4359 armorum
1138 4303 1344 4356 vixisse
1373 4299 1798 4371 produntur(h).

435 4390 487 4441 2.
513 4389 612 4441 His
643 4387 798 4442 velut
822 4382 1222 4455 probabilibus
1246 4380 1602 4449 argumentis
1633 4379 1870 4450 quidam
1893 4397 2004 4436 non

363 4469 727 4522 destruentes
760 4465 931 4520 fidem
965 4479 1142 4518 sacra:
1175 4461 1350 4529 hujus
1383 4459 1659 4527 historiae,
1685 4461 1780 4514 sed
1815 4465 2004 4516 astru-

361 4565 455 4604 ere
489 4552 755 4615 nitentes,
795 4561 862 4600 ne
913 4543 989 4598 sit
1027 4539 1365 4598 incredibile
1398 4540 1550 4610 quod
1610 4545 1725 4594 tam
1787 4540 2004 4596 multos

361 4629 770 4685 annosvixisse
787 4626 1114 4682 referuntur
1139 4622 1390 4694 antiqui,
1425 4627 1843 4692 persuaserunt
1872 4621 2002 4688 sibi,

363 4727 466 4764 nec
499 4727 560 4765 se
592 4709 833 4764 suadere
877 4703 1278 4777 imprudenter
1334 4702 1691 4768 existimant,
1734 4707 1850 4757 tam
1884 4701 2005 4756 exi-

359 4807 540 4859 gnum
575 4789 830 4861 spatium
865 4785 1146 4858 temporis
1204 4789 1341 4839 tunc
1373 4799 1592 4839 annum
1617 4788 1907 4848 vocatum,
1942 4785 2006 4836 ut

358 4871 441 4925 illi
477 4873 672 4924 decem
699 4869 817 4924 sint
850 4885 1004 4923 unus
1025 4870 1236 4933 noster,
1255 4870 1311 4921 et
1343 4865 1540 4920 decem
1561 4865 1743 4920 nostri
1768 4867 2001 4916 centum

355 4952 613 5008 illorum.
649 4949 766 5004 Hoc
805 4955 1000 5003 autem
1062 4947 1442 5003 falsissimum
1498 4961 1622 5000 esse
1653 4945 2002 4999 documento

354 5031 795 5088 evidentissimo
819 5027 1164 5084 ostenditur.
1202 5030 1360 5092 Quod
1411 5032 1713 5096 antequam
1769 5027 2000 5090 faciam,

353 5131 465 5170 non
507 5111 649 5166 mihi
678 5111 983 5167 tacendum
1019 5108 1263 5173 videtur,
1290 5125 1413 5178 quae
1453 5106 1788 5162 credibilior
1817 5103 2002 5174 possit

416 5349 426 5381 ¹
462 5344 642 5394 Plures
672 5340 810 5396 Mss,
843 5340 998 5387 alios.

414 5411 482 5469 (α)
516 5407 630 5455 Vid.
663 5405 899 5469 Lactant.
929 5399 1082 5469 ω)κὲ
1113 5398 1306 5456 Instit.,
1338 5412 1450 5462 cap.
1486 5397 1559 5446 1'2.

409 5460 478 5532 (ὁ)
511 5470 644 5520 Plin.
674 5469 766 5517 lib.
798 5465 846 5529 7,
877 5478 992 5528 cap.
1024 5460 1104 5513 49.

1469 304 1573 365 DE
1616 302 1980 365 ClVlTATE
2028 304 2178 376 DEI,
2226 306 2292 365 S.
2339 303 2774 367 AUGUSTINI

3694 316 3822 376 452

2168 451 2294 491 esse
2323 434 2599 505 suspicio.
2625 436 2965 491 Poteramus
2985 441 3137 493 certe
3161 439 3310 496 hanc
3331 443 3824 502 asseverationem

2172 532 2238 570 ex
2274 516 2517 570 hebraeis
2551 516 2849 572 codicibus
2883 519 3223 589 redarguere
3245 526 3420 592 atque
3449 524 3824 593 convincere,

2173 597 2266 651 ubi
2299 598 2480 651 Adam
2514 612 2627 651 non
2683 598 3060 654 ducentorum
3121 601 3382 671 triginta,
3432 603 3532 658 sed
3589 612 3821 661 centum

2165 676 2409 748 triginta
2439 693 2724 731 annorum
2763 678 2940 732 fuisse
2988 682 3543 753 reperitur,quando
3574 687 3816 741 tertium

2159 759 2365 830 genuit
2396 759 2581 813 filium
2650 760 2810 828 (Gen.
2843 777 2894 826 v,
2927 761 2982 832 3)
3017 778 3030 815 :
3064 762 3164 832 qui
3224 765 3360 817 anni
3421 766 3470 819 si
3532 767 3815 824 tredecim

2162 841 2343 894 nostri
2366 847 2521 900 sunt,
2557 837 2756 909 procul
2788 839 2966 894 dubio
3000 843 3253 911 primum
3314 845 3535 914 genuit,
3578 853 3813 916 quando

2159 919 2428 974 undecim
2477 919 2562 974 vel
2620 937 2732 973 non
2789 920 2974 976 multo
3034 922 3287 992 amplius
3346 941 3631 981 annorum
3677 928 3812 984 fuit.

2155 1000 2294 1064 Quis
2325 1006 2514 1069 potest
2533 999 2636 1054 hac
2664 1005 2824 1054 aetate
2848 1017 3126 1072 generare
3141 1005 3351 1059 usitata
3381 1005 3494 1060 ista
3519 1009 3812 1080 nobisque

2155 1081 2464 1160 notissima
2494 1081 2619 1152 lege
2651 1087 2870 1136 natura;
2892 1081 2919 1136 ‘t
2951 1082 3059 1138 Sed
3097 1083 3249 1139 hunc
3307 1085 3670 1156 omittamus,
3705 1092 3814 1160 qui

2152 1159 2394 1215 fortasse
2411 1161 2580 1215 etiam
2607 1161 2841 1231 quando
2873 1169 3218 1234 creatusest,
3253 1170 3462 1236 potuit.
3494 1168 3615 1222 Non
3645 1159 3807 1226 enim

2149 1256 2279 1294 eum
2315 1247 2430 1295 tam
2458 1258 2721 1312 parvum.
2760 1259 2937 1312 quam
2988 1244 3241 1301 infantes
3275 1249 3455 1302 nostri
3488 1255 3652 1318 sunt,
3684 1252 3792 1308 fac-

2147 1325 2272 1374 tum
2307 1321 2506 1385 fuisse,
2540 1321 2814 1377 credibile
2835 1331 2937 1377 est.
2966 1323 3076 1378 Sed
3105 1324 3258 1382 titius
3280 1328 3407 1397 ejus
3441 1345 3554 1384 non
3583 1331 3807 1387 ducen-

2144 1403 2333 1454 torum
2368 1401 2645 1471 quinque,
2707 1402 2854 1456 sicut
2916 1419 3021 1457 nos
3079 1404 3352 1475 legimus,
3401 1411 3500 1462 sed
3560 1416 3806 1468 centum

2143 1479 2540 1562 quinquefuit,
2573 1482 3018 1562 quandogenuit
3056 1483 3208 1539 Enos
3239 1485 3506 1558 (Ibid.,6)
3544 1505 3557 1544 :
3595 1506 3660 1544 ac
3695 1508 3812 1562 per

2145 1559 2268 1626 hoc,
2293 1561 2611 1614 secundum
2651 1561 2808 1627 istos,
2833 1563 3088 1618 nondum
3127 1564 3662 1623 habebatundecim
3687 1559 3798 1626 an-

2144 1656 2245 1695 nos
2275 1641 2484 1723 anatis.
2519 1641 2664 1706 Quid
2715 1643 2902 1698 dicam
2955 1645 3026 1700 de
3066 1645 3281 1702 Cainan
3341 1649 3469 1717 ejus
3528 1649 3667 1718 filio,
3691 1653 3799 1723 qui

2139 1736 2272 1777 cum
2304 1722 2456 1792 apud
2494 1739 2598 1777 nos
2616 1729 2848 1778 centum
2879 1727 3247 1793 septuaginta
3271 1730 3612 1800 reperiatur,
3638 1722 3796 1803 apud

2142 1803 2407 1856 Hebraeos
2437 1804 2809 1874 septuaginla
2841 1803 3056 1876 legitur
3088 1809 3289 1873 fuisse,
3325 1811 3560 1878 quando
3591 1813 3800 1882 genuit

2141 1883 2442 1938 Malalehet
2475 1885 2766 1955 (lbid.,12)
2797 1885 2823 1940 ?
2845 1885 2982 1951 Quis
3002 1895 3240 1958 generat
3265 1890 3442 1945 homo
3467 1895 3792 1963 septennis,

2137 1964 2184 2018 si
2220 1969 2356 2018 tunc
2371 1965 2508 2019 anni
2533 1966 2903 2037 septuaginta
2925 1970 3420 2039 nuncupabantur
3442 1973 3542 2042 qui
3561 1979 3792 2044 septem

2138 2045 2371 2099 fuerunt
2400 2047 2427 2098 ?

2135 2205 2363 2262 CAPUT
2389 2208 2536 2263 XllI.
2570 2241 2640 2248 —
2670 2212 2749 2263 An
2773 2211 2829 2265 in
2862 2211 3306 2268 dinumeratione
3354 2231 3642 2283 armorum,
3677 2217 3790 2271 He-

2204 2291 2480 2346 braeorum
2510 2289 2686 2360 magis
2714 2307 2876 2361 quam
2911 2293 3285 2366 Septuaginta
3330 2294 3683 2368 interpretum
3705 2297 3791 2352 sit

2202 2368 2479 2438 sequenda
2508 2371 2828 2423 auctoritas.

2204 2510 2250 2564 1.
2287 2509 2394 2564 Sed
2427 2525 2556 2564 cum
2592 2508 2698 2564 hoc
2724 2510 2943 2573 dixero,
2975 2510 3256 2566 continuo
3318 2513 3598 2568 referetur
3633 2513 3779 2569 illud

2125 2587 2458 2643 Judaeorum
2483 2606 2606 2644 esse
2640 2590 3007 2644 mendacium
3038 2607 3052 2655 ;
3087 2591 3157 2645 de
3187 2607 3298 2660 quo
3331 2594 3600 2662 superius
3630 2594 3777 2648 satis

2126 2674 2319 2723 actum
2353 2678 2435 2723 est
2466 2686 2478 2723 :
2514 2685 2648 2724 nam
2691 2669 3074 2740 Septuaginta
3126 2670 3472 2741 interpretes
3506 2671 3780 2727 laudabi-

2126 2745 2256 2799 liter
2286 2747 2602 2802 celebratos
2635 2748 2789 2802 viros
2825 2765 2938 2803 non
2983 2749 3234 2817 potuisse
3283 2751 3532 2804 mentiri.
3587 2752 3691 2806 Ubi
3721 2751 3778 2806 si

2124 2842 2400 2896 quaeram,
2434 2827 2572 2898 quid
2624 2827 2697 2882 sit
2728 2827 3087 2895 credibilius,
3118 2827 3449 2883 Judaeorum
3513 2836 3779 2899 gentem,

2124 2912 2239 2960 tam
2273 2908 2439 2978 longe
2464 2907 2689 2978 lateque
2725 2907 3023 2974 diffusam,
3059 2909 3115 2962 in
3147 2908 3252 2962 hoc
3282 2909 3780 2965 conscribendam

2127 2989 2492 3042 mendacium
2527 3005 2641 3042 uno
2703 2987 2948 3044 consilio
3008 2991 3336 3059 conspirare
3386 2990 3667 3060 potuisse,
3714 2996 3785 3047 et

2123 3065 2264 3120 dum
2296 3067 2427 3122 aliis
2485 3067 2748 3122 invident
2796 3067 3228 3136 auctoritatem,
3289 3068 3399 3122 sibi
3455 3069 3780 3125 abstulisse

2122 3146 2421 3202 veritatem
2457 3167 2470 3215 ;
2502 3165 2570 3201 an
2607 3148 2980 3219 septuaginta
3013 3149 3301 3212 homines.
3336 3149 3433 3219 qui
3457 3149 3630 3204 etiam
3657 3151 3774 3220 ipsi

2119 3227 2301 3280 Judaei
2358 3238 2540 3291 erant,
2594 3227 2652 3282 in
2706 3245 2819 3282 uno
2879 3227 3000 3283 loco
3043 3228 3282 3299 positos,
3347 3229 3621 3301 quoniam
3673 3246 3780 3285 rex

2119 3307 2704 3378 ZEgyptiPtolemaaus
2735 3326 2830 3364 eos
2870 3310 2941 3364 ad
2962 3310 3066 3364 hoc
3097 3312 3777 3383 opusasciverat,ipsam

2120 3392 2419 3443 veritatem
2443 3391 2716 3460 gentibus
2739 3389 3083 3458 alienigenis
3107 3390 3406 3458 invidisse,
3432 3401 3485 3445 et
3507 3407 3781 3446 commu-

2121 3469 2311 3524 nicato
2344 3469 2500 3524 istud
2538 3470 2741 3524 fecisse
2773 3469 3016 3524 consilio
3049 3487 3062 3523 :
3100 3470 3231 3539 quis
3263 3487 3376 3525 non
3412 3470 3597 3526 videat
3629 3471 3774 3542 quid

2119 3551 2432 3618 proclivius
2467 3550 2808 3618 faciliusque
2841 3549 3155 3604 credatur?
3185 3550 3298 3604 Sed
3330 3551 3479 3606 absit
3529 3556 3593 3606 ut
3627 3569 3779 3622 pru—

2115 3631 2259 3683 dens
2291 3631 2601 3702 quiSpiam,
2636 3629 2721 3685 vel
2745 3629 2975 3685 Judaeos
3023 3629 3337 3698 cujuslibet
3368 3632 3776 3701 perversitatis

2118 3715 2294 3779 atque
2329 3711 2554 3766 malitiae
2581 3716 2806 3765 tantum
2839 3710 3098 3781 potuisse
3128 3713 3322 3766 credat
3376 3711 3434 3765 in
3470 3712 3774 3768 codicibus

2114 3797 2232 3846 tam
2297 3791 2492 3846 multis
2549 3799 2603 3845 et
2649 3797 2765 3845 tam
2800 3792 2970 3861 longe
3020 3790 3249 3861 lateque
3298 3791 3615 3863 dispersis;
3677 3793 3772 3847 vel

2113 3872 2494 3942 Septuaginta
2538 3872 2667 3926 illos
2725 3871 3130 3926 memorabiles
3177 3873 3327 3926 viros
3359 3873 3466 3927 hoc
3499 3874 3568 3927 de
3622 3874 3769 3928 invi-

2111 3953 2296 4006 denda
2319 3952 2590 4021 gentibus
2609 3951 2840 4005 veritate
2869 3968 3050 4006 unum
3083 3953 3549 4008 communicasse
3573 3952 3771 4009 consi-

2113 4033 2273 4087 lium.
2317 4033 2664 4086 Gredibilius
2705 4048 2840 4101 ergo
2871 4033 3004 4101 quis
3054 4033 3283 4098 dixerit,
3318 4049 3450 4088 cum
3504 4034 3762 4104 primum

2111 4114 2183 4167 de
2241 4113 2590 4168 bibliotheca
2633 4111 2920 4167 Ptolemaei
2968 4113 3212 4168 describi
3275 4113 3384 4167 ista
3440 4119 3770 4184 cmperunt,

2113 4198 2250 4247 tunc
2273 4191 2490 4263 aliquid
2534 4191 2641 4246 tale
2670 4191 2789 4247 fieri
2834 4192 3094 4262 potuisse
3125 4191 3182 4246 in
3226 4193 3422 4248 codice
3478 4209 3614 4256 uno,
3647 4194 3773 4248 sci-

2111 4271 2245 4326 licet
2287 4275 2301 4306 ¹
2353 4271 2622 4342 primitus
2670 4271 2805 4325 inde
2846 4271 3158 4342 descripto,
3207 4273 3362 4327 unde
3405 4273 3531 4343 jam
3584 4273 3770 4329 latius

2111 4357 2428 4419 emanaret,
2463 4353 2558 4405 ubi
2597 4351 2782 4420 potuit
2811 4351 3047 4421 quidem
3067 4352 3330 4406 accidere
3361 4353 3533 4407 etiam
3568 4354 3766 4425 scrip-

2114 4433 2248 4487 toris
2279 4449 2456 4488 error.
2491 4431 2605 4487 Sed
2636 4432 2744 4487 hoc
2775 4432 2832 4486 in
2881 4432 2980 4486 illa
3010 4433 3330 4502 quaestione
3360 4433 3430 4488 de
3481 4434 3598 4488 vita
3630 4433 3769 4488 Ma-

2113 4513 2405 4568 thusalem
2441 4530 2554 4568 non
2586 4513 2904 4568 absurdum
2951 4519 3042 4568 est
3099 4513 3416 4585 suspicari;
3475 4519 3532 4569 et
3562 4515 3623 4570 in
3657 4515 3764 4571 illo

2113 4592 2246 4659 alio,
2299 4593 2396 4648 ubi
2454 4594 2867 4664 superantibus
2907 4592 3112 4663 viginti
3171 4599 3228 4648 et
3274 4599 3526 4665 quatuor
3583 4596 3768 4652 annis

2113 4691 2346 4730 summa
2378 4691 2489 4729 non
2515 4677 2796 4731 convenit.
2831 4677 2894 4729 In
2928 4672 3020 4728 his
3051 4680 3245 4730 autem
3277 4676 3338 4731 in
3368 4675 3584 4746 quibus
3610 4691 3762 4731 con-

2113 4755 2580 4824 tinuaturipsius
2610 4753 3015 4810 mendositatis
3049 4755 3389 4820 similitudo,
3413 4757 3494 4812 ita
3525 4765 3585 4811 ut
3618 4763 3764 4813 ante

2114 4841 2373 4906 genitum
2401 4837 2719 4906 filium,qui
2744 4837 2934 4893 ordini
2954 4835 3407 4900 inseritur,alibi
3457 4838 3763 4907 supersint

2108 4929 2342 4977 centum
2376 4920 2692 4988 anni,alibi
2717 4921 2936 4988 desint;
2973 4926 3101 4992 post
3126 4921 3388 4992 genitum
3422 4925 3612 4976 autem
3650 4921 3760 4976 ubi

2107 5002 2366 5069 deerant,
2395 5001 2716 5072 supersint;
2742 5002 2838 5055 nbi
2863 5005 3226 5071 supererant,
3253 5000 3462 5068 desint,
3495 5005 3561 5054 ut
3589 5018 3770 5056 sum-

2108 5099 2204 5136 ma
2233 5083 2567 5148 conveniat,-
2597 5086 2654 5136 et
2714 5082 2817 5136 boc
2847 5081 2908 5137 in
2958 5080 3171 5153 prima,
3220 5081 3496 5145 secunda,
3559 5082 3757 5152 tertia,

2106 5166 2331 5233 quarta,
2388 5161 2612 5233 quinta,
2673 5161 2916 5232 septima
2964 5160 3336 5232 generatione
3384 5161 3680 5217 invenitur
3747 5179 3765 5219 :

2103 5242 2328 5298 videtur
2386 5243 2597 5299 habere
2653 5242 2992 5314 quamdam,
3053 5240 3098 5297 si
3153 5241 3264 5296 dici
3322 5245 3531 5312 potest,
3592 5257 3771 5299 error

2166 5453 2184 5487 ί
2217 5449 2360 5514 Msa,
2391 5449 2504 5500 sed.
