4138 6192
295 311 409 372 453

292 446 414 514 ipse
451 444 880 514 constantiam;
916 460 1020 501 nec
1070 461 1270 501 casum
1323 444 1560 512 redolet,
1612 447 1713 502 sed
1749 445 1951 502 indus-

295 525 492 580 triam.

361 606 414 659 2.
455 606 654 676 Itaque
683 602 783 658 illa
813 604 1114 660 diversitas
1148 623 1524 663 numerorum
1559 607 1724 663 aliter
1755 623 1817 662 se
1840 607 1940 660 ha-

295 687 557 741 bentium
591 690 650 740 in
682 685 982 741 codicibus
1004 688 1203 757 graecis
1226 695 1282 742 et
1307 688 1525 756 latinis,
1559 687 1725 743 aliter
1755 687 1811 742 in
1846 687 1944 742 he-

298 767 487 835 braeis,
522 766 621 821 ubi
653 783 766 822 non
798 772 886 821 est
921 768 1030 822 ista
1072 767 1142 822 de
1175 774 1408 824 centum
1442 770 1612 824 annis
1646 769 1808 840 prius
1839 769 1944 822 ad-

298 849 434 902 ditis
466 852 524 902 et
555 856 748 916 postea
779 847 1049 903 detractis
1084 866 1180 918 per
1217 853 1303 904 tot
1334 851 1736 918 generationes
1766 848 1946 904 conti-

299 932 473 982 nuata
515 927 803 999 parilitas,
853 943 956 982 nec
1005 927 1240 982 malitias
1280 929 1634 996 Judazorum,
1677 944 1780 984 nec
1812 927 1944 982 dili-

295 1008 500 1078 gentiee
532 1005 618 1061 vel
651 1007 970 1078 prudentiae
1000 1007 1378 1080 Septuaginta
1409 1011 1807 1078 interpretum,
1841 1009 1943 1062 sed

295 1088 594 1158 scriptoris
637 1087 936 1142 tribuatur
962 1089 1165 1156 errori,
1211 1089 1308 1160 qui
1361 1092 1431 1144 de
1463 1090 1812 1144 bibliotheca
1850 1104 1946 1142 su-

293 1171 538 1240 pradicti
557 1168 710 1240 regis
722 1169 977 1224 codicem
993 1168 1440 1226 describendum
1458 1171 1682 1242 primus
1707 1168 1944 1240 accepit.

293 1250 442 1307 Nam
473 1250 650 1306 etiam
683 1265 862 1316 nunc,
914 1247 1009 1303 ubi
1059 1253 1286 1306 numeri
1333 1268 1446 1306 non
1496 1251 1714 1306 faciunt
1753 1251 1947 1305 inten-

292 1339 414 1386 tum
449 1333 517 1386 ad
550 1330 768 1401 aliquid
801 1329 957 1400 quod
984 1329 1150 1386 facile
1180 1333 1359 1401 possit
1381 1331 1649 1403 intelligi,
1682 1331 1767 1388 vel
1800 1332 1946 1401 quod

292 1417 570 1483 appareat
627 1412 850 1465 utiliter
897 1410 1062 1476 disci,
1103 1417 1161 1467 et
1201 1413 1560 1484 negligenter
1607 1414 1949 1468 describun-

293 1497 408 1558 tur,
442 1497 499 1546 et
531 1491 914 1563 negligentius
955 1495 1358 1550 emendantur.
1392 1494 1528 1557 Quis
1569 1495 1722 1550 enim
1754 1493 1952 1548 existi-

296 1579 413 1628 met
458 1572 569 1627 sibi
619 1589 748 1627 esse
796 1574 1164 1637 discendum,
1216 1581 1354 1644 quot
1413 1575 1592 1629 millia
1643 1573 1948 1629 hominum

294 1654 482 1708 tribus
523 1652 695 1707 Israel
721 1653 1019 1723 sigillatim
1046 1655 1255 1710 habere
1292 1655 1651 1725 potuerunt?
1673 1654 1949 1724 quoniam

295 1732 574 1802 prodesse
605 1730 826 1801 aliquid
876 1750 989 1789 non
1041 1739 1275 1806 putatur
1333 1751 1344 1800 ;
1377 1741 1432 1789 et
1462 1742 1672 1804 quotus
1704 1733 1950 1804 quisque

290 1811 600 1867 hominum
647 1820 752 1881 est,
803 1815 894 1868 cui
936 1816 1301 1886 profunditas
1350 1813 1614 1869 utilitatis
1643 1813 1816 1883 hujus
1847 1830 1951 1881 ap-

293 1892 552 1962 pareat?
580 1892 682 1946 Hic
728 1909 858 1949 vero
893 1895 988 1949 ubi
1023 1911 1123 1966 per
1171 1900 1254 1950 tot
1294 1900 1593 1950 contextae
1625 1893 1950 1965 generatio-

292 1988 400 2027 nes
448 1979 681 2027 centum
734 1978 868 2029 anni
920 1975 1058 2030 alibi
1099 1977 1332 2041 adsunt,
1391 1974 1526 2029 alibi
1588 1975 1797 2029 desunt
1839 1990 1854 2040 ;
1894 1977 1951 2026 et

288 2058 428 2123 post
472 2058 698 2121 natum,
748 2056 844 2124 qui
894 2057 1444 2111 commemorandus
1477 2056 1684 2121 fuerat,
1739 2054 1950 2116 ﬁlium,

284 2135 500 2188 desunt
551 2135 646 2189 ubi
700 2138 1029 2200 adfuerunt,
1086 2137 1305 2191 adsunt
1363 2137 1457 2190 ubi
1509 2137 1841 2198 defuerunt,
1889 2139 1952 2187 ut

281 2230 523 2268 summa
547 2216 858 2270 concordet
882 2233 895 2271 :
915 2216 1189 2270 nimirum
1213 2233 1344 2270 cum
1372 2217 1542 2271 vellet
1583 2215 1950 2286 persuadere,

283 2295 397 2363 qui
431 2292 541 2348 hoc
588 2295 739 2359 fecit,
792 2297 918 2349 ideo
970 2295 1484 2351 numerosissimos
1521 2312 1706 2350 annos
1743 2295 1954 2350 vixisse

284 2371 595 2441 antiquos,
629 2375 778 2442 quod
831 2391 929 2429 eos
978 2376 1351 2430 brevissimos
1402 2376 1818 2446 nuncupabant
1853 2395 1866 2443 ;
1900 2380 1956 2431 et

285 2453 412 2507 hoc
445 2454 514 2506 de
560 2455 894 2510 maturitate
945 2455 1290 2524 pubertatis,
1323 2472 1440 2526 qua
1489 2455 1695 2510 idonea
1737 2455 1834 2510 ﬁlii
1869 2457 1954 2527 gi-

286 2541 642 2603 gnerentur,
689 2539 997 2590 conaretur
1061 2536 1368 2590 ostendere
1421 2551 1433 2602 ;
1497 2547 1666 2606 atque
1723 2537 1851 2591 ideo
1896 2537 1954 2590 in

281 2612 422 2666 illis
452 2617 689 2667 centum
726 2614 898 2670 annis
929 2615 1128 2670 decem
1164 2621 1392 2670 nostros
1429 2617 1813 2672 insinuaudos
1847 2635 1955 2688 pu-

284 2697 450 2748 taret
480 2691 818 2756 incredulis,
854 2711 924 2749 ne
956 2695 1222 2750 homines
1262 2701 1380 2750 tam
1423 2697 1519 2749 diu
1557 2697 1769 2752 vixisse
1809 2698 1956 2752 reci-

285 2787 434 2842 pere
467 2771 526 2825 iu
559 2771 733 2826 ﬁdem
767 2773 985 2829 nollent
1020 2793 1032 2836 ;
1061 2775 1283 2829 addidit
1306 2780 1565 2842 centum,
1595 2777 1691 2830 ubi
1715 2776 1959 2846 gignen-

284 2854 386 2907 dis
423 2851 560 2906 ﬁliis
589 2853 842 2908 habilem
878 2871 990 2910 non
1025 2855 1245 2910 invenit
1275 2861 1500 2912 aetatem
1539 2875 1552 2923 ;
1586 2861 1956 2929 eosdemque,

287 2939 432 3002 post
463 2933 690 3002 genitos
723 2934 892 3001 ﬁlios,
923 2940 988 2988 ut
1018 2943 1363 3005 congrueret
1392 2954 1646 3003 summa,
1689 2940 1956 2996 detraxit.

285 3016 388 3071 Sic
427 3017 646 3086 quippe
693 3015 875 3071 voluit
919 3016 1227 3072 credibiles
1260 3020 1443 3072 lacere
1485 3019 1820 3074 idonearum
1855 3036 1956 3091 ge-

287 3096 577 3151 nerandis
607 3095 748 3166 proli
783 3096 1217 3151 convenientiae
1239 3102 1498 3163 aetatum,
1527 3103 1587 3152 ut
1617 3103 1810 3154 tamen
1846 3117 1955 3154 nu-

286 3193 463 3230 mero
513 3192 627 3229 non
675 3177 968 3232 fraudaret
1020 3177 1319 3232 universas
1378 3187 1574 3233 aetates
1641 3179 1956 3234 viventium

285 3255 700 3328 singulorum.
754 3256 918 3318 Quod
951 3261 1145 3311 autem
1197 3258 1256 3311 in
1303 3265 1459 3313 sexta
1500 3262 1870 3330 generatione
1901 3260 1956 3313 id

290 3355 415 3392 non
456 3336 614 3402 fecit,
649 3335 756 3390 hoc
791 3338 983 3405 ipsum
1015 3343 1104 3392 est
1154 3339 1307 3408 quod
1342 3339 1524 3410 magis
1558 3349 1762 3405 movet,
1794 3339 1958 3394 illum

287 3419 430 3473 ideo
511 3417 730 3480 fecisse,
783 3433 914 3472 cum
968 3433 1058 3472 res
1101 3434 1274 3488 quam
1323 3422 1576 3475 dicimus
1629 3420 1959 3490 postulavit,

285 3501 438 3570 quia
475 3515 594 3553 non
629 3499 760 3553 fecit
791 3498 886 3552 ubi
918 3514 1031 3554 non
1070 3500 1396 3568 postulavit.
1451 3503 1674 3554 Invenit
1717 3515 1962 3570 namque

283 3583 348 3636 in
382 3581 605 3636 eadem
638 3580 1008 3650 generatione
1031 3581 1182 3650 apud
1209 3580 1463 3634 hebraaos
1497 3582 1706 3636 vixisse
1735 3581 1962 3645 Jareth,

283 3667 622 3730 antequam
660 3661 954 3729 genuisset
979 3661 1196 3726 Enoch,
1226 3666 1459 3716 centum
1485 3661 1786 3732 sexaginta
1816 3663 1964 3715 duos

283 3757 500 3796 annos
529 3739 679 3808 (Gen.
713 3756 766 3806 ν,
822 3739 932 3810 18),
986 3740 1086 3810 qui
1119 3739 1445 3794 secundum
1479 3740 1641 3794 illam
1685 3741 1964 3795 rationem

286 3824 580 3878 brevium
616 3839 900 3878 annorum
947 3822 1099 3878 ﬁunt
1129 3822 1266 3877 anni
1313 3822 1624 3886 sexdecim,
1657 3827 1713 3877 et
1743 3821 1962 3894 aliquid

284 3907 512 3960 minus
543 3920 713 3974 quam
759 3919 984 3958 menses
1023 3904 1137 3957 duo
1173 3921 1186 3969 ;
1230 3920 1354 3972 quae
1389 3905 1511 3971 jam
1545 3909 1681 3957 aetas
1713 3909 1848 3975 apta
1878 3908 1966 3958 est

282 3988 359 4042 ad
398 3986 781 4058 gignendum
817 3989 910 4040 :et
939 3984 1069 4038 ideo
1101 3984 1313 4038 addere
1343 3990 1576 4040 centum
1609 4001 1795 4039 annos
1835 3987 1964 4039 bre-

285 4084 416 4134 ves,
459 4071 534 4121 ut
567 4065 745 4120 nostri
775 4065 983 4135 viginti
1016 4080 1116 4119 sex
1155 4064 1362 4131 ﬁerint,
1401 4081 1636 4120 necesse
1669 4081 1782 4118 non
1813 4065 1962 4130 fuit;

284 4165 399 4204 nec
456 4151 601 4219 post
650 4151 852 4200 natum
901 4145 1091 4199 Enoch
1143 4161 1241 4199 eos
1290 4145 1609 4212 detrahere,
1664 4162 1808 4216 quos
1854 4162 1965 4198 non

286 4231 626 4284 addiderat
657 4231 788 4281 ante
820 4231 1044 4280 natum.
1089 4227 1183 4282 Sic
1217 4228 1426 4282 factum
1460 4234 1544 4284 est
1580 4233 1638 4283 ut
1679 4227 1772 4282 hic
1811 4227 1968 4283 nulla

287 4316 463 4366 esset
510 4311 661 4363 inter
693 4308 920 4363 codices
965 4318 1236 4379 utrosque
1277 4308 1539 4364 varietas.

362 4393 426 4446 3.
465 4391 583 4444 Sed
619 4405 821 4443 rursus
850 4393 1060 4454 movet,
1103 4405 1208 4443 cur
1246 4388 1305 4442 in
1346 4394 1543 4444 octava
1574 4391 1968 4458 generatione,

288 4477 637 4542 antequam
671 4470 739 4524 de
764 4467 1146 4523 Mathusalem
1170 4475 1502 4525 nasceretur
1534 4471 1804 4536 Lamecb,
1839 4488 1970 4525 cum

289 4554 466 4625 apud
521 4551 787 4606 bebrteos
839 4550 1106 4621 legantur
1162 4557 1394 4605 centum
1449 4553 1741 4622 octoginta
1790 4554 1904 4607 duo
1954 4553 1972 4586 ί

290 4633 477 4693 anni.
516 4630 728 4701 viginti
763 4631 958 4684 minus
1006 4629 1378 4685 inveniuntur
1417 4632 1473 4685 in
1515 4633 1814 4687 codicibus
1847 4649 1977 4688 nos-

289 4716 434 4781 tris,
479 4711 590 4768 ubi
626 4711 819 4782 potius
850 4709 979 4765 addi
1025 4719 1252 4765 centum
1301 4712 1489 4766 solent
1521 4730 1535 4778 ;
1577 4718 1631 4766 et
1660 4719 1790 4784 post
1819 4714 1978 4784 geni-

289 4801 434 4849 tum
491 4791 744 4847 Lamecb
804 4790 1208 4860 complendam
1261 4792 1652 4846 restituuntur
1701 4793 1770 4847 ad
1817 4810 1978 4848 sum-

292 4889 505 4940 mam,
562 4887 692 4941 quas
743 4873 802 4925 in
852 4870 1152 4926 codicibus
1199 4872 1464 4942 utrisque
1516 4889 1628 4927 non
1671 4873 1978 4944 discrepat.

287 4957 350 5010 Si
386 4955 570 5010 enim
604 4957 841 5008 centum
882 4953 1254 5023 septuaginta
1293 4969 1478 5007 annos
1512 4958 1744 5024 prOpter
1777 4956 1983 5024 puber-

290 5037 451 5092 tatis
496 5034 924 5098 maturitatem,
974 5033 1172 5088 decem
1205 5040 1263 5088 et
1309 5044 1526 5102 septem
1568 5036 1786 5090 volebat
1819 5035 1984 5090 intel-

287 5116 436 5190 ligi,
478 5115 646 5171 sicut
669 5115 814 5170 nihil
847 5114 1077 5183 addere,
1116 5116 1196 5170 ita
1228 5117 1369 5171 nihil
1402 5116 1703 5174 detrahere
1725 5119 1847 5188 jam
1880 5117 1982 5172 de-

370 5391 385 5422 ι
426 5384 707 5450 Nonnulli
733 5387 1082 5449 manuscripti
1131 5388 1402 5446 omittunt,
1446 5389 1597 5446 duo;
1646 5404 1738 5450 pro
1772 5401 1876 5450 quo
1921 5391 1991 5440 le-

370 5404 385 5422 ι
426 5404 707 5434 nonnum
733 5404 1082 5449 manuscnpu
1131 5404 1402 5446 omittunt,
1446 5404 1597 5446 auo;
1680 5404 1738 5439 ro
1772 5404 1876 5450 quo
1922 5404 1988 5440 1e-

289 5449 572 5510 gendum
625 5449 854 5512 videtur,
911 5458 1144 5510 septem:
1203 5451 1278 5499 sic
1321 5451 1463 5498 enim
1516 5404 1678 5512 apudp
1708 5453 1988 5512 Hebraeos,

289 5509 444 5562 Gen.
519 5524 580 5566 ν,
635 5509 733 5569 25;
781 5525 886 5573 quo
914 5509 1028 5560 loco
1077 5514 1223 5576 apud
1280 5509 1627 5574 Septuaginta
1683 5509 1993 5576 interpretes

285 5576 587 5637 hubetug',
617 5581 838 5622 centum
886 5575 1183 5636 sexaginta
1228 5584 1428 5637 septem
1476 5578 1637 5627 anni.
1683 5605 1741 5613 —
1782 5575 1994 5630 codices

285 5637 495 5687 nostri
537 5633 737 5694 ferunt,
770 5637 896 5688 duo.
927 5638 994 5686 M.

1478 309 1713 370 LIBER
1754 305 2098 378 QUINTUS
2143 308 2513 372 DECIMUS.

3583 316 3701 374 454

2063 445 2233 501 bebat
2266 463 2277 501 :
2303 447 2441 519 quia
2470 448 2765 504 invenerat
2792 452 3018 504 aetatem
3043 448 3308 505 idoneam
3341 451 3702 522 generationi

2049 525 2320 595 ﬁliorum,
2351 534 2584 600 propter
2615 545 2790 600 quam
2823 529 2882 583 in
2913 529 3043 584 aliis
3063 536 3293 585 centum
3330 529 3459 584 illos
3491 547 3699 599 annos,

2051 606 2149 660 ubi
2193 624 2317 662 eam
2363 626 2478 664 non
2521 609 2872 678 inveniebat,
2923 609 3193 664 addebat.
3242 613 3362 663 Hoc
3393 616 3588 664 autem
3633 611 3704 666 de

2061 686 2258 757 viginti
2294 689 2464 743 annis
2498 690 2706 745 merito
2753 699 3084 759 putaremus
3115 705 3250 744 casu
3304 690 3706 746 mendositatis

2059 767 2320 823 accidere
2353 770 2634 840 potuisse,
2681 771 2792 825 nisi
2843 787 2940 825 eos
2984 770 3133 824 sicut
3166 772 3324 839 prius
3356 772 3705 839 detraxerat,

2057 849 2360 904 restituere
2393 856 2591 920 postea
2623 857 2870 915 curaret,
2902 856 2964 904 ut
2988 867 3233 904 summae
3253 852 3586 906 conveniret
3617 852 3707 905 in-

2059 929 2318 998 tegritas.
2367 933 2451 985 An
2505 934 2647 986 forte
2697 932 2949 986 astutius
2999 931 3216 985 factum
3248 932 3702 988 existimandum

2059 1013 2169 1076 est,
2203 1017 2266 1063 ut
2294 1009 2416 1075 illa,
2448 1029 2562 1082 qua
2600 1016 2835 1067 centum
2869 1012 3004 1065 anni
3039 1011 3196 1080 prius
3229 1011 3418 1066 solent
3451 1013 3622 1080 adjici
3654 1017 3711 1068 et

2062 1098 2261 1159 postea
2291 1091 2537 1159 detrahi,
2571 1092 2958 1146 occultaretur
2996 1091 3304 1157 industria,
3339 1107 3472 1147 cum
3507 1100 3558 1145 et
3589 1090 3709 1146 illic

2062 1169 2160 1222 ubi
2205 1186 2442 1226 necesse
2491 1188 2606 1226 non
2657 1172 2864 1238 fuerat,
2909 1189 3022 1227 non
3074 1171 3309 1242 quidem
3351 1173 3421 1226 de
3471 1177 3708 1226 centum

2061 1249 2251 1318 annis,
2306 1256 2702 1306 verumtamen
2754 1252 2823 1305 de
2885 1251 3417 1322 quantulocumque
3469 1268 3708 1306 numero

2063 1328 2224 1399 prius
2265 1328 2542 1398 detracto,
2591 1334 2713 1400 pOst
2763 1332 3007 1397 reddito,
3059 1330 3172 1385 tale
3211 1330 3431 1402 aliquid
3486 1331 3647 1386 fieret
3683 1330 3711 1385 ?

2062 1408 2170 1464 Sed
2203 1411 2637 1479 quomotlolibet
2687 1411 2841 1465 istud
2889 1411 3225 1482 accipiatur,
3275 1413 3393 1465 sive
3443 1412 3713 1466 credatur

2063 1489 2144 1543 ita
2175 1506 2304 1544 esse
2338 1491 2578 1559 factum,
2613 1492 2730 1544 sive
2764 1507 2877 1544 non
2912 1494 3183 1544 credatur
3218 1509 3232 1558 ;
3264 1491 3383 1545 sive
3420 1496 3710 1560 postremo

2063 1568 2164 1635 ita,
2197 1569 2317 1624 sive
2351 1585 2464 1624 non
2499 1569 2578 1624 ita
2609 1570 2686 1624 sit
2724 1587 2736 1624 :
2787 1575 2941 1625 recte
2972 1571 3092 1624 ﬁeri
3137 1570 3298 1624 nullo
3343 1576 3510 1624 molo
3542 1569 3712 1624 dubi-

2062 1649 2324 1714 taverim,
2375 1655 2435 1704 ut
2466 1665 2595 1704 cum
2627 1650 2922 1704 diversum
2972 1649 3188 1720 aliquid
3233 1650 3287 1702 in
3324 1651 3585 1719 utrisque
3617 1665 3714 1704 co-

2061 1729 2291 1783 dicibus
2322 1729 2637 1797 invenitur,
2681 1729 3156 1800 quandoquidem
3198 1730 3267 1782 ad
3312 1729 3479 1784 ﬁdem
3516 1746 3710 1784 rerum

2061 1823 2354 1880 gestarum
2391 1815 2704 1880 utrumque
2734 1828 2858 1866 esse
2894 1829 3004 1866 non
3040 1816 3228 1880 potest
3267 1827 3490 1878 verum,
3525 1812 3576 1866 ei
3606 1811 3715 1866 liu-

2063 1905 2181 1961 guaa
2217 1891 2403 1962 potius
2449 1892 2734 1959 credatur,
2789 1892 2943 1946 unde
2972 1896 3061 1946 est
3095 1891 3149 1945 in
3199 1891 3368 1946 aliam
3405 1907 3503 1958 per
3533 1893 3716 1946 inter-

2064 1977 2254 2040 pretes
2288 1973 2436 2024 facta
2489 1971 2815 2025 translatio.
2854 1971 2976 2027 Nan
3028 1971 3086 2025 in
3131 1971 3483 2042 quibusdam
3539 1976 3715 2026 etiam

2063 2049 2363 2104 codicibus
2387 2051 2591 2120 graecis
2617 2051 2827 2118 tribus,
2851 2057 2905 2104 et
2938 2067 3053 2105 uno
3076 2050 3279 2116 latino,
3310 2056 3360 2105 et
3393 2067 3506 2106 uno
3539 2051 3713 2106 etiam

2065 2146 2200 2200 syro
2249 2129 2404 2184 inter
2453 2146 2516 2184 se
2559 2130 3086 2198 consentientibus,
3134 2131 3404 2184 inventus
3449 2136 3537 2185 est
3594 2131 3714 2186 Ma-

2067 2210 2353 2265 thusalem
2387 2225 2486 2265 sex
2517 2211 2689 2265 annis
2708 2217 2836 2265 ante
2868 2209 3150 2264 diluvium
3187 2211 3368 2265 fuisse
3404 2211 3717 2266 defunctus

2066 2289 2169 2360 (α).

2065 2459 2294 2516 CAPUT
2325 2460 2468 2517 XIV.
2511 2489 2570 2503 -
2615 2461 2686 2514 De
2731 2460 3016 2532 parilitate
3063 2475 3360 2526 annorum,
3394 2459 3490 2529 qui
3529 2455 3719 2516 iisdem

2139 2541 2338 2613 quibus
2367 2557 2516 2596 nunc
2562 2540 2754 2612 spatiis
2784 2551 2833 2596 et
2873 2543 2931 2594 in
2961 2539 3242 2613 prioribus
3274 2539 3487 2596 sarculis
3515 2554 3711 2593 cucur-

2143 2633 2354 2680 rerunt.

2145 2785 2191 2834 1.
2230 2779 2392 2835 Nunc
2427 2780 2546 2847 jam
2587 2777 2889 2830 videamus
2931 2789 3182 2844 quonam
3222 2773 3393 2827 modo
3426 2771 3722 2826 evidenter

2070 2861 2253 2931 possit
2283 2857 2532 2924 ostendi,
2566 2873 2677 2912 non
2716 2861 2830 2910 tam
2864 2855 3086 2920 breves,
3115 2859 3175 2908 ut
3208 2853 3289 2907 illi
3325 2854 3525 2907 decem
3562 2865 3715 2904 unus

2066 2944 2218 2995 esset
2251 2944 2465 3001 noster,
2517 2939 2612 2991 sed
2647 2939 2816 2989 tantis
2859 2934 3204 3005 prolixitatis
3253 2948 3438 2986 annos
3483 2933 3714 3001 quantae

2068 3035 2221 3073 nunc
2252 3019 2533 3072 habemus
2556 3016 2723 3085 (quos
2749 3014 2948 3084 utique
2972 3013 3252 3068 circuitus
3273 3011 3507 3066 conﬁcit
3529 3009 3716 3079 solis),

2063 3100 2121 3155 in
2157 3100 2388 3153 illorum
2422 3096 2726 3151 hominum
2760 3095 2873 3149 vita
2907 3093 3297 3163 prolixissima
3329 3094 3716 3160 computatos.

2064 3177 2496 3234 Sexcentesimo
2549 3191 2756 3244 nempe
2805 3191 2954 3229 anno
3000 3174 3128 3228 vitae
3159 3172 3277 3226 Noe
3320 3171 3597 3239 scriptum
3633 3173 3723 3224 est

2069 3263 2283 3315 factum
2317 3273 2447 3313 esse
2477 3257 2787 3310 diluvium.
2825 3256 2940 3310 Cur
2959 3253 3188 3324 ergoibi
3224 3253 3454 3323 legitur,
3483 3255 3544 3306 Et
3578 3264 3725 3320 aqua

2067 3340 2268 3394 diluvii
2296 3341 2452 3408 facta
2479 3345 2555 3390 est
2599 3351 2762 3404 super
2799 3338 3004 3389 terram
3045 3335 3438 3387 sexcentesimo
3479 3345 3625 3384 anno
3665 3329 3726 3382 in

2069 3422 2180 3473 vita
2211 3420 2225 3452 ¹
2260 3420 2385 3484 Noe,
2434 3415 2659 3471 secundi
2688 3415 2909 3473 mensis.
2937 3415 3170 3481 septima
3199 3416 3251 3466 et
3284 3409 3538 3464 vicesima
3569 3424 3687 3475 men
3707 3445 3726 3456 .

2069 3501 2143 3553 sis
2172 3496 2324 3568 (Gen.
2359 3512 2458 3562 v11,
2496 3496 2577 3561 10,
2631 3497 2688 3547 lt
2724 3508 2826 3548 sec.
2865 3492 3018 3559 LXX)
3054 3511 3067 3557 ;
3119 3490 3168 3543 si
3195 3506 3385 3542 annus
3418 3487 3514 3541 ille
3547 3486 3724 3568 mini-

2074 3565 2227 3642 mus,
2263 3576 2463 3645 quales
2489 3575 2687 3627 decem
2715 3571 2931 3624 faciunt
2961 3585 3143 3622 unum
3169 3576 3452 3629 nostrum,
3486 3565 3727 3634 triginta

2072 3675 2172 3713 sex
2203 3657 2325 3710 dies
2359 3654 2610 3707 habebat
2641 3652 2668 3704 ?
2712 3649 3005 3705 'I‘antillus
3038 3649 3253 3718 quippe
3283 3661 3490 3712 annus,
3531 3645 3580 3697 si
3611 3657 3724 3697 an-

2070 3740 2236 3808 tiquo
2293 3749 2448 3788 more
2497 3733 2604 3787 hoc
2668 3745 2878 3786 nomen
2929 3727 3170 3808 accepit,
3230 3729 3332 3780 aut
3384 3722 3729 3808 non_habet

2077 3803 2325 3882 menses,
2368 3819 2470 3869 aut
2504 3813 2721 3868 mensis
2771 3811 2896 3880 ejus
2946 3814 3034 3864 est
3083 3807 3368 3872 triduum,
3402 3809 3464 3860 ut
3513 3803 3726 3859 habeat

2074 3896 2382 3954 duodecim
2417 3909 2668 3949 menses.
2693 3891 2992 3958 Quomodo
3025 3890 3202 3960 igitur
3232 3886 3326 3941 hic
3357 3885 3578 3939 dictum
3613 3887 3724 3952 est,

2075 3975 2478 4035 Sexcentesimo
2513 3991 2677 4045 anno,
2711 3971 2937 4028 secundi
2967 3973 3188 4036 mensis,
3231 3969 3460 4039 septima
3496 3973 3546 4023 et
3597 3965 3737 4021 vice.

2075 4077 2217 4115 sima
2249 4057 2336 4112 die
2365 4058 2567 4111 mensis
2595 4076 2614 4123 ,-
2657 4055 2766 4109 nisi
2799 4053 2932 4124 quia
2967 4052 3110 4106 tales
3143 4049 3345 4121 quales
3390 4063 3545 4102 nunc
3577 4057 3734 4116 sunt,

2078 4143 2251 4196 etiatn
2297 4144 2433 4193 tunc
2485 4145 2650 4192 erant
2684 4147 2913 4190 menses
2961 4131 2988 4184 ?
3018 4130 3162 4185 Nam
3197 4145 3307 4199 quo
3354 4132 3521 4198 pacto
3570 4125 3740 4186 aliter

2079 4219 2353 4276 vicesimo
2385 4225 2442 4272 et
2488 4216 2736 4286 septimo
2766 4213 2858 4268 die
2907 4210 3145 4268 secundi
3195 4209 3409 4264 mensis
3449 4207 3742 4263 diceretur

2082 4305 2332 4371 coeptum
2367 4315 2494 4353 esse
2526 4297 2804 4352 diluvium
2836 4296 2864 4348 ?
2911 4292 3128 4348 Deinde
3178 4299 3377 4362 postea
3416 4289 3473 4343 in
3516 4289 3628 4371 ﬁne
3659 4286 3741 4343 di.

2082 4370 2223 4437 luvii
2266 4381 2346 4434 ita
2377 4379 2592 4450 legitur
2642 4395 2653 4431 :
2689 4379 2751 4430 Et
2793 4376 2935 4430 sedit
2981 4389 3117 4428 arca
3157 4375 3212 4425 in
3271 4385 3453 4425 mense
3491 4370 3738 4440 septimo,

2083 4461 2319 4531 septima
2349 4464 2401 4513 et
2451 4459 2704 4512 vircsima
2752 4455 2841 4510 die
2889 4456 3107 4522 mensis,
3146 4469 3309 4523 super
3354 4451 3741 4531 montesAra-

2082 4529 2188 4596 rat.
2224 4541 2384 4609 Aqua
2436 4543 2623 4592 autem
2671 4535 3021 4590 minuebatur
3059 4549 3226 4604 usque
3280 4532 3350 4587 ad
3387 4529 3742 4585 undecimum

2084 4637 2318 4676 mensem
2351 4637 2369 4673 :
2404 4621 2460 4672 in
2490 4617 2776 4672 undecimo
2797 4623 2980 4670 autem
3021 4630 3220 4679 mense,
3251 4614 3432 4683 prima
3481 4611 3568 4664 die
3595 4627 3746 4664 men-

2085 4705 2180 4769 sis,
2213 4705 2518 4771 paruerunt
2550 4701 2726 4767 capita
2759 4696 3028 4752 montium
3062 4695 3140 4764 (Id
3179 4710 3304 4756 vm,
3339 4693 3388 4756 4,
3421 4691 3496 4759 5).
3543 4691 3601 4744 Si
3635 4689 3749 4759 igi-

2088 4789 2182 4838 tur
2212 4781 2355 4837 tales
2385 4795 2610 4834 menses
2635 4780 2817 4843 erant,
2852 4774 2994 4829 tales
3019 4774 3272 4842 profecto
3303 4776 3360 4824 et
3381 4772 3519 4824 anni
3553 4771 3740 4834 erant,

2090 4863 2293 4936 quales
2327 4877 2483 4916 nunc
2516 4857 3067 4936 habemus._Mcnses
3103 4851 3326 4936 quippe.
3349 4849 3432 4902 illi
3466 4847 3743 4936 triduani,

2089 4926 2296 5014 viginti
2335 4949 2388 4996 et
2434 4945 2652 5005 septem
2676 4934 2795 5014 dies
2829 4932 3038 4987 habere
3080 4932 3666 5014 nonnpoterantLAut
3697 4926 3748 5014 si

2091 5007 2224 5094 pa'rs
2273 5018 2566 5076 tricesima
2625 5013 2797 5070 tridui
2845 5018 2982 5067 tunc
3042 5008 3443 5080 appellabatur
3491 5007 3636 5071 dies,
3683 5010 3754 5062 ut

2091 5105 2289 5160 omnia
2321 5099 2692 5173 proportione
2724 5095 3063 5150 minuantur
3097 5108 3110 5158 ;
3149 5105 3286 5161 ergo
3319 5105 3422 5144 nec
3452 5094 3573 5173 toto
3603 5104 3750 5173 qua-

2092 5186 2282 5242 triduo
2321 5167 2520 5239 nostro
2575 5181 2792 5236 factum
2841 5179 2930 5232 est
2979 5173 3122 5230 illud
3172 5176 3292 5228 tam
3340 5169 3559 5242 grande
3604 5167 3752 5224 dilu-

2138 5451 2176 5522 f
2201 5444 2363 5522 _Editi,
2395 5444 2554 5494 vitae.
2572 5443 2638 5490 At
2659 5439 2801 5497 Mss,
2821 5439 2884 5488 in.
2914 5437 3029 5488 vita
3045 5453 3062 5484 :
3090 5436 3245 5500 juxta
3259 5443 3505 5497 graecum
3534 5430 3754 5495 Septua-

2101 5513 2268 5572 ginta.

2167 5573 2236 5636 (α)
2268 5570 2410 5620 Conf.
2445 5569 2655 5628 Quaest.
2692 5567 2748 5615 in
2779 5566 2931 5624 Gen,
2960 5578 3011 5625 q.
3043 5563 3090 5610 2.
