4138 6192
427 303 546 364 ιῦὗ

1475 297 1576 358 DE
1622 296 1990 361 CIVITATE
2032 296 2187 370 DEI,
2233 298 2297 358 S.
2345 297 2777 361 AUGUSTINI

3712 307 3836 368 456

417 443 600 512 vium,
631 439 781 513 quod
806 438 1162 494 memoratur
1193 435 1410 492 factum
1440 432 1829 507 quadraginta
1857 433 2068 490 diebus
2176 431 2410 489 CAPUT
2451 433 2566 490 XV.
2599 463 2669 476 -
2705 435 2791 490 An
2829 434 3095 491 credibile
3137 436 3229 500 sit,
3276 435 3450 507 primi
3471 437 3661 493 saeculi
3688 439 3839 494 viros

419 529 477 579 et
519 522 807 579 noctibus.
840 519 981 584 Quis
1012 517 1162 572 hanc
1203 516 1626 573 absurditatem
1657 521 1714 572 et
1758 515 2068 571 vanitatem

421 606 564 663 ferat
592 604 619 658 ‘l
652 601 894 658 Proinde
945 602 1304 656 removeatur
1351 597 1446 652 hic
1473 613 1653 666 error,
1705 597 1804 668 qui
1834 596 2072 667 conjec-

422 693 552 743 tura
583 685 730 738 falsa
779 681 859 736 ita
905 680 1024 734 vult
1074 683 1338 735 astruere
1385 678 1818 750 Scripturarum
1853 683 2080 732 nostra-

425 780 556 822 rum
590 764 788 829 ﬁdem,
819 765 885 815 ut
915 759 1053 815 alibi
1085 760 1369 815 destruat.
1400 759 1645 815 Prorsus
1677 763 1876 814 tantus
1899 757 2076 813 etiam

423 851 564 901 tunc
589 843 710 898 dies
757 841 888 908 fuit,
918 843 1175 911 quantus
1217 847 1269 894 et
1310 855 1464 895 nunc
1503 844 1610 906 est,
1654 853 1828 911 quem
1871 835 2080 908 viginti

420 931 477 981 et
523 926 739 995 quatur
789 920 945 976 hora:
1033 919 1245 976 diurno
1318 919 1610 976 curriculo
1679 924 2078 989 nocturnoque

417 1002 805 1060 determinant
838 1017 851 1055 :
885 1003 1086 1057 tantus
1117 1000 1359 1066 mensis,
1396 1005 1654 1072 quantus
1685 1004 1742 1056 et
1774 1015 1932 1056 nunc
1963 1007 2072 1066 est,

416 1099 589 1156 quem
622 1082 760 1138 luna
807 1086 996 1152 empta
1047 1089 1100 1136 et
1149 1080 1314 1136 ﬁnita
1343 1080 1642 1136 concludit
1689 1095 1703 1136 :
1737 1084 1936 1136 tantus
1967 1096 2080 1135 an-

420 1180 554 1230 nus,
587 1170 840 1234 quantus
870 1167 927 1217 et
966 1178 1119 1217 nunc
1148 1166 1256 1225 est,
1289 1177 1464 1232 quem
1508 1160 1814 1216 duodecim
1847 1176 2079 1216 menses

420 1245 671 1310 lunares,
705 1242 922 1298 additis
967 1245 1202 1312 propter
1244 1257 1482 1296 cursum
1524 1240 1767 1296 solerem
1817 1241 2080 1312 quinque

419 1315 621 1371 diebus
647 1320 703 1368 et
733 1311 1553 1386 quadrante,’comsummant
1585 1327 1598 1366 :
1645 1313 1847 1383 quanti
1883 1312 2022 1368 anni
2058 1311 2077 1346 ί

421 1394 828 1453 sexcentesimi
860 1394 988 1448 vita:
1031 1392 1148 1448 Noe
1171 1393 1470 1448 secundus
1512 1397 1636 1448 erat
1668 1392 1884 1449 mensis
1923 1393 2078 1463 ejus-

423 1493 537 1548 que
583 1475 796 1532 mensis
847 1473 1162 1529 vicesimus
1220 1477 1278 1528 et
1327 1473 1614 1544 septimus
1655 1472 1803 1541 dies,
1846 1473 2080 1545 quando

425 1559 593 1627 coepit
642 1571 770 1612 esse
817 1554 1106 1610 diluvium
1166 1569 1182 1620 ;
1240 1552 1299 1608 in
1332 1569 1447 1624 quo
1497 1553 1638 1620 dies,
1701 1553 2082 1625 quadraginta

426 1636 769 1693 continuatis
801 1637 1066 1707 ingentes
1103 1633 1307 1706 pluviae
1351 1638 1746 1691 memorantur
1792 1635 1944 1706 (Gen.
1978 1650 2078 1704 vn,

426 1718 541 1787 12),
573 1718 673 1788 qui
722 1717 849 1771 dies
880 1731 994 1770 non
1045 1715 1213 1771 binas
1271 1731 1338 1770 ac
1388 1715 1561 1787 paulo
1608 1713 1862 1786 amplius
1907 1715 2081 1771 horas

429 1799 738 1866 habebant,
789 1797 889 1853 sed
924 1797 1153 1852 vicenas
1203 1800 1258 1851 et
1287 1802 1603 1867 quaternas
1650 1797 1742 1851 die
1793 1804 2080 1867 noctuque

428 1883 771 1934 transactas.
816 1880 896 1932 Ac
941 1893 1043 1950 per
1086 1877 1195 1933 hoc
1244 1882 1365 1932 tam
1419 1893 1655 1948 magnos
1703 1893 1888 1934 annos
1919 1881 2080 1933 vixe-

429 1965 568 2014 runt
605 1959 690 2014 illi
720 1959 945 2030 antiqui
992 1975 1178 2030 usque
1218 1957 1472 2029 amplius
1511 1974 1688 2029 quam
1731 1963 2082 2030 nongentos,

427 2044 678 2111 quantos
710 2043 906 2110 postea
951 2039 1092 2094 vixit
1120 2039 1409 2094 Abraham
1444 2045 1676 2094 centum
1719 2039 2086 2110 septuaginta

428 2121 690 2192 quinque
740 2120 762 2154 ³
809 2120 909 2190 (Id.
960 2137 1093 2189 xxv,
1149 2121 1226 2189 7),
1277 2125 1334 2175 et
1391 2129 1516 2191 post
1555 2136 1690 2176 eum
1749 2118 1908 2175 ﬁlius
1955 2121 2084 2189 ejus

423 2203 582 2257 Isaac
630 2204 866 2257 centum
915 2203 1209 2273 octoginta
1263 2201 1348 2272 (ld
1422 2217 1592 2267 xxxv,
1651 2201 1765 2271 28).
1827 2203 1884 2256 et
1927 2199 2085 2256 ﬁlius

428 2283 558 2352 eius
587 2281 764 2338 Jacob
795 2297 970 2353 prope
1019 2291 1253 2338 centum
1303 2281 1732 2353 quinquaginta
1771 2280 1872 2347 (ld.
1905 2296 2084 2349 xxvn,

424 2364 537 2432 28),
569 2367 624 2418 et
654 2368 905 2433 quantos
937 2361 1278 2434 interposita
1306 2362 1610 2432 aliquanta
1658 2366 1824 2417 astate
1857 2361 2084 2433 Moyses

427 2449 662 2500 centum
689 2443 892 2515 viginti
933 2445 1114 2514 (Deut.
1165 2459 1353 2511 XXXIV,
1399 2445 1478 2513 7),
1527 2448 1584 2499 et
1628 2451 1876 2515 quantos
1907 2445 2085 2499 etiam

433 2540 589 2580 nunc
621 2522 821 2579 vivunt
853 2521 1119 2579 homines
1145 2525 1519 2595 septuaginta
1539 2523 1627 2579 vel
1659 2523 1976 2595 octoginta,
1999 2521 2087 2578 vel

435 2621 549 2660 non
602 2603 785 2659 multo
835 2603 1110 2674 amplius,
1166 2604 1238 2658 de
1283 2604 1501 2675 quibus
1557 2603 1780 2659 dictum
1821 2608 1955 2660 est:
2025 2602 2088 2663 Et

430 2683 671 2754 amplius
701 2684 779 2738 eis
836 2683 991 2738 labor
1018 2686 1068 2738 et
1114 2683 1270 2738 dolor
1299 2683 1468 2753 (Psal.
1503 2699 1726 2750 Lxxxtx,
1763 2683 1873 2753 10).

498 2765 552 2818 2.
595 2764 696 2819 Illa
728 2779 859 2819 vero
893 2778 1268 2818 numerorum
1291 2763 1708 2833 varietas,qua3
1737 2763 1891 2818 inter
1921 2761 2090 2817 codi—

426 2860 523 2900 ces
555 2843 816 2899 hebrazos
850 2844 1136 2899 invenitur
1159 2847 1217 2898 et
1248 2847 1510 2909 nostros,
1541 2859 1728 2914 neque
1749 2845 1819 2897 de
1842 2843 1950 2898 hac
1981 2859 2087 2897 ano

427 2926 724 2996 tiquorum
774 2923 1137 2996 longaevitate
1178 2923 1478 2988 dissentit,
1527 2931 1582 2978 et
1644 2923 1864 2994 siquid
1915 2923 2093 2978 habet

429 3005 510 3060 ita
542 3005 858 3070 diversum,
896 3010 960 3058 ut
987 3019 1189 3059 verum
1222 3019 1352 3059 esse
1387 3012 1701 3074 utrumque
1733 3019 1847 3058 non
1882 3005 2086 3072 possit,

429 3101 623 3140 rerum
655 3089 947 3155 gestarum
999 3083 1143 3139 ﬁdes
1192 3083 1262 3138 ab
1296 3098 1363 3138 ea
1403 3083 1604 3154 lingua
1636 3082 1949 3154 repetenda
1979 3087 2088 3152 est,

426 3183 495 3221 ex
535 3182 651 3236 qua
682 3165 1120 3236 interpretatum
1152 3173 1236 3219 est
1283 3165 1438 3235 quod
1490 3164 1803 3220 habemus.
1841 3166 1978 3230 Quae
2010 3164 2090 3220 fa-

429 3245 644 3301 cultras
675 3260 809 3300 cum
837 3245 1169 3327 volentibus
1202 3243 1420 3327 ubique
1449 3244 1942 3327 gentiumgpraesto
1969 3243 2043 3299 sit
2073 3276 2088 3327 ;

430 3342 542 3382 non
581 3334 774 3380 tamen
795 3329 962 3379 vacat
991 3323 1091 3395 (a),
1117 3324 1269 3394 quod
1302 3324 1682 3396 Septuaginta
1711 3323 2086 3398 interpretes,

431 3405 489 3460 in
531 3404 799 3476 plurimis
851 3420 977 3475 quas
1008 3404 1234 3460 diversa
1281 3403 1470 3460 dicere
1512 3404 1802 3472 videntur,
1859 3420 1927 3460 ex
1972 3404 2092 3458 hae-

430 3487 583 3542 breis
624 3486 924 3543 codicibus
972 3486 1284 3542 emendare
1315 3502 1522 3542 aussus
1569 3490 1658 3542 est
1717 3502 1909 3543 nemo.
1963 3484 2089 3543 Non

436 3566 588 3623 enim
635 3573 722 3622 est
770 3564 870 3621 illa
918 3564 1224 3621 diversitas
1269 3571 1470 3637 putata
1522 3566 1880 3622 mendositas
1924 3585 1938 3634 ;
1986 3581 2090 3620 nec

440 3661 546 3718 ego
580 3643 694 3701 ullo
744 3645 918 3701 modo
949 3646 1269 3716 putandam
1329 3645 1617 3702 existimo.
1668 3647 1778 3703 Sed
1826 3647 1924 3702 ubi
1975 3661 2088 3700 non

440 3731 530 3781 est
569 3725 868 3796 scriptoris
899 3741 1079 3793 error,
1115 3724 1336 3796 aliquid
1369 3742 1468 3782 eos
1497 3727 1691 3782 divino
1721 3726 1958 3798 Spiritu,
1991 3724 2091 3781 ubi

436 3822 646 3862 sensus
695 3809 846 3862 esset
891 3815 1318 3862 consentaneus
1349 3807 1602 3877 veritati,
1653 3815 1708 3864 et
1765 3807 2092 3880 praedicans

433 3885 759 3950 veritatem,
811 3901 927 3940 non
976 3885 1487 3956 interpretantium
1539 3903 1697 3944 more
1746 3889 1790 3954 ³,
1822 3887 1917 3942 sed
1955 3901 2090 3956 pro-

436 3967 794 4038 phetantium
827 3966 1095 4023 libertate
1127 3966 1295 4023 aliter
1325 3969 1515 4024 dicere
1543 3969 1800 4025 voluisse
1843 3967 2090 4024 creden-

437 4050 578 4104 dum
612 4055 717 4105 est.
762 4048 924 4104 Unde
947 4051 1178 4116 merito,
1213 4066 1328 4106 non
1362 4051 1553 4106 solum
1588 4050 1856 4116 hebraeis,
1891 4064 2090 4105 verum

435 4129 607 4184 etiam
638 4129 804 4200 ipsis,
837 4145 968 4184 cum
1001 4130 1239 4185 adhibet
1281 4130 1616 4186 testimonia
1647 4131 1717 4186 de
1747 4129 2090 4200 Scripturis,

439 4210 523 4266 uti
554 4209 868 4281 apostolica
914 4211 1205 4267 invenitur
1262 4211 1597 4267 auctoritas.
1651 4211 1759 4266 Sed
1820 4209 1958 4265 hinc
1993 4225 2086 4266 me

439 4291 853 4362 opportuniore
898 4291 1041 4357 loco,
1095 4292 1143 4346 si
1190 4295 1339 4346 Deus
1383 4291 1696 4361 adjuverit,
1730 4290 1972 4360 promisi
2004 4289 2092 4346 di-

445 4371 722 4441 ligentius
755 4371 1121 4426 locuturum:
1187 4387 1340 4426 nunc
1372 4373 1525 4443 quod
1562 4372 1740 4426 instat
1768 4371 2088 4442 expediam.

443 4451 565 4508 Non
598 4455 751 4508 enim
783 4451 1204 4524 ambigendum
1236 4457 1320 4506 est
1347 4453 1417 4507 ab
1460 4452 1712 4522 homine,
1747 4453 1847 4524 qui
1879 4468 1945 4508 ex
1971 4451 2092 4523 pri-

444 4547 537 4586 mo
574 4531 807 4586 homine
840 4532 1062 4603 primus
1083 4535 1168 4586 est
1201 4537 1392 4601 natus,
1413 4533 1643 4602 quando
1667 4533 1900 4587 tamdiu
1931 4533 2093 4588 vive-

444 4612 604 4677 bant,
641 4612 898 4683 potuisse
929 4612 1206 4667 constitui
1256 4611 1571 4682 civitatem,
1604 4629 1746 4670 sane
1783 4618 2093 4680 terrenam,

446 4709 558 4748 non
594 4694 750 4748 illam
785 4711 912 4764 quas
945 4693 1158 4750 dicitur
1183 4693 1389 4749 civitas
1429 4693 1530 4748 Dei
1564 4695 1672 4750 :de
1715 4711 1828 4766 qua
1859 4703 1920 4750 ut
1949 4695 2095 4749 scri-

443 4775 734 4843 beremus,
789 4777 1046 4834 laborem
1107 4778 1250 4833 tanti
1311 4775 1485 4846 hujus
1541 4775 1732 4846 operis
1775 4775 1833 4830 in
1888 4791 2096 4831 manus

449 4856 832 4928 sumpsimus.

516 5127 528 5163 ί
564 5123 649 5176 Sic
677 5133 861 5172 omnes
889 5120 1012 5173 Mss.
1045 5123 1112 5171 At
1145 5123 1292 5179 editi,
1327 5129 1520 5170 tantus
1549 5119 1694 5168 anni
1723 5134 1734 5177 ;
1769 5116 2034 5168 mendose.

513 5190 534 5223 2
563 5187 804 5249 Plerique
833 5185 975 5246 Mss,
1007 5193 1227 5234 centum
1255 5185 1650 5248 septuaginta;
1689 5183 1905 5238 omisso,
1935 5181 2100 5243 quin-

491 5268 572 5301 uc.

452 5269 483 5314 ᾳ
517 5318 535 5349 ³
569 5315 672 5362 Mss
699 5350 709 5369 ,
742 5325 996 5360 munere.

514 5382 584 5437 (a)
635 5376 740 5426 Hoc
787 5375 950 5425 vult:
1001 5386 1107 5423 non
1151 5375 1231 5422 est
1263 5373 1441 5436 inane,
1489 5375 1540 5422 et
1585 5370 1696 5422 sine
1739 5370 1994 5435 mysterio
2047 5371 2100 5420 et

451 5452 630 5490 causa.
664 5439 777 5490 Lm).
810 5440 983 5488 Vivus.

2253 529 2427 584 usque
2459 513 2530 568 ad
2558 529 2680 570 eam
2697 519 2932 581 atatem,
2951 532 3057 588 qua
3084 517 3228 586 ﬁlios
3256 533 3541 586 generasse
3564 524 3830 588 referun-

2253 602 2362 663 tur,
2396 612 2429 650 a
2457 596 2741 651 concubitu
2771 596 3123 654 continuisse.

2258 730 2310 784 1.
2335 729 2496 786 Dicet
2518 747 2656 804 ergo
2684 731 2934 804 aliquis:
2964 734 3119 789 Itane
3146 733 3503 789 credendum
3525 740 3631 802 est,
3649 731 3843 789 homi-

2186 827 2318 868 nem
2345 814 2492 868 ﬁlios
2523 825 3076 885 generaturum,nec
3104 815 3440 880 habentem,
3465 816 3836 886 propositum

2185 892 2578 959 continentiae,
2602 906 2830 950 centum
2862 900 2918 950 et
2947 894 3224 966 amplius,
3252 895 3340 950 vel
3372 895 3697 951 secundum
3732 898 3838 950 He-

2186 972 2370 1026 braeos
2403 988 2518 1028 non
2551 973 2735 1030 multo
2768 975 2986 1040 minus,
3019 974 3076 1030 id
3108 979 3200 1030 est
3250 975 3565 1046 octoginta,
3597 978 3840 1046 septua-

2184 1051 2369 1123 ginta,
2402 1057 2704 1125 sexaginta
2751 1071 2938 1111 annos
2959 1072 2993 1111 a
3023 1057 3445 1112 concumbendi
3476 1071 3648 1126 opere
3678 1071 3845 1110 vaca-

2183 1133 2372 1203 visse;
2407 1139 2508 1190 aut
2536 1135 2585 1188 si
2640 1151 2752 1190 non
2781 1143 3028 1204 vacaret,
3061 1135 3206 1191 nihil
3241 1136 3420 1207 prolis
3459 1137 3698 1209 gignere
3729 1152 3845 1207 po-

2183 1213 2367 1269 tuisse
2394 1214 2422 1268 ?
2452 1214 2579 1269 Haec
2611 1217 2852 1286 quaestio
2903 1215 3130 1273 duobus
3176 1216 3366 1273 modis
3413 1217 3682 1272 solvitur.
3723 1219 3844 1271 Aut

2183 1295 2339 1350 enim
2359 1299 2518 1350 tanto
2550 1295 2731 1352 serior
2761 1297 2872 1352 fuit
2901 1297 3579 1368 proportionepubertas,
3613 1303 3832 1366 quanto

2183 1375 2311 1431 vita:
2343 1376 2524 1432 totius
2544 1378 2725 1446 major
2741 1379 3044 1435 annositas
3072 1395 3085 1433 :
3117 1384 3238 1446 aut,
3263 1379 3416 1450 quod
3451 1378 3640 1450 magis
3673 1379 3845 1434 video

2185 1470 2311 1511 esse
2342 1456 2640 1524 credibile,
2675 1473 2789 1513 non
2821 1456 2914 1513 hic
2947 1458 3320 1530 primogeniti
3352 1458 3456 1514 ﬁlii
3481 1473 3845 1515 commemo-

2186 1536 2296 1591 rati
2327 1545 2484 1605 suut,
2517 1537 2618 1593 sed
2651 1554 2798 1609 quos
2848 1540 3235 1596 successionis
3264 1541 3404 1595 ordo
3438 1539 3727 1611 poscebat,
3763 1543 3832 1594 ut

2190 1617 2582 1688 perveniretur
2612 1619 2682 1673 ad
2716 1622 2904 1685 Noe,a
2934 1635 3049 1690 quo
3091 1636 3292 1676 rursus
3326 1621 3398 1675 ad
3425 1618 3715 1675 Abraham
3755 1618 3850 1673 vi-

2186 1698 2387 1754 demus
2417 1714 2541 1754 esse
2557 1705 2932 1770 perventum;
2966 1718 3031 1756 ac
3055 1701 3263 1757 deinde
3295 1717 3478 1773 usque
3511 1702 3582 1756 ad
3614 1705 3844 1757 certum

2187 1779 2503 1834 articulum
2521 1781 3112 1853 temporis,quantum
3128 1783 3427 1854 oportebat
3443 1781 3664 1853 signari
3677 1779 3853 1836 etiam

2187 1860 2657 1928 generationibus
2671 1877 2796 1916 com
2809 1864 3140 1917 memoratis
3153 1879 3387 1918 cursum
3403 1861 3846 1934 gloriosissimas

2185 1940 2436 1996 civitatis
2473 1941 2531 1996 in
2574 1942 2680 1997 hoc
2713 1944 2934 1999 mundo
2976 1944 3420 2016 peregrinantis,
3442 1949 3500 1999 et
3528 1956 3844 2013 supernam

2190 2027 2434 2090 patriam
2469 2023 2841 2092 requirentis.
2876 2025 3038 2090 Quod
3077 2025 3232 2080 enim
3267 2025 3465 2095 negari
3498 2040 3612 2078 non
3638 2028 3844 2094 potest,

2191 2103 2348 2174 prior
2379 2105 2650 2159 omnibus
2679 2105 2818 2160 Cain
2855 2121 2923 2160 ex
2945 2107 3358 2176 conjunctione
3382 2107 3562 2160 maris
3585 2109 3641 2160 et
3669 2102 3846 2158 femi-

2191 2200 2278 2240 uas
2303 2193 2470 2239 natus
2500 2189 2607 2240 est.
2642 2184 2839 2256 Neque
2869 2186 3026 2242 enim
3065 2186 3166 2242 illo
3198 2191 3334 2241 nato
3366 2186 3602 2242 dixisset
3629 2184 3842 2251 Adam,

2191 2265 2347 2336 quod
2381 2264 2594 2321 dixisse
2622 2265 2851 2336 legitur,
2887 2267 3144 2337 Aquisivi
3186 2265 3472 2322 hominem
3500 2281 3597 2337 per
3629 2265 3839 2331 Deum;

2190 2343 2676 2401 nisiillisduobus
2697 2347 2817 2414 ipse
2841 2346 3041 2403 fuisset
3071 2346 3246 2402 homo
3280 2346 3570 2402 nascendo
3603 2343 3842 2400 additus

2194 2425 2440 2496 primus.
2488 2425 2653 2482 Hunc
2711 2435 2944 2484 secutus
2993 2427 3158 2497 Abel,
3207 2444 3384 2499 quem
3441 2428 3622 2498 major
3666 2425 3848 2481 frater

2192 2505 2420 2570 occidit,
2450 2506 2912 2578 praeﬁguratione
2936 2507 2951 2540 ¹
2978 2507 3233 2578 quadam
3255 2507 3676 2579 peregrinantis
3705 2503 3846 2560 civi-

2192 2587 2326 2640 tatis
2339 2585 2461 2653 Dei,
2477 2588 2632 2657 quod
2647 2587 2718 2644 ab
2735 2587 2952 2659 impiis,
2977 2593 3034 2644 et
3055 2589 3488 2660 quodammodo
3517 2585 3844 2659 terrigenis,

2193 2665 2249 2721 id
2283 2675 2370 2721 est
2399 2671 2691 2724 terrenam
2723 2667 3003 2740 originem
3053 2668 3454 2741 diligentibus,
3503 2674 3562 2726 et
3605 2673 3843 2724 terrena

2195 2747 2443 2802 civitatis
2463 2756 2681 2803 terrena
2707 2747 2978 2804 felicitate
2997 2748 3848 2822 gaudentibus,persecutiones

2193 2826 2427 2897 iniquas
2462 2845 2706 2897 passura
2748 2831 2952 2896 fuerat,
2985 2831 3210 2900 primus
3239 2829 3507 2886 ostendit.
3541 2830 3651 2885 Sed
3699 2829 3851 2900 quot

2194 2923 2484 2963 annorum
2515 2913 2637 2962 erat
2666 2909 2872 2977 Adam,
2905 2926 3035 2966 cum
3067 2927 3163 2966 eos
3191 2911 3405 2981 genuit,
3433 2925 3546 2964 non
3571 2915 3847 2982 apparet.

2194 2987 2413 3042 Exinde
2435 2988 2780 3058 digeruntur
2820 2989 3216 3060 generationes
3253 2989 3374 3044 alia:
3405 2991 3476 3045 de
3523 2989 3688 3056 Cain,
3713 2989 3850 3046 alia

2196 3068 2267 3124 de
2298 3067 2397 3124 illo
2419 3085 2592 3139 quem
2625 3069 2826 3142 genuit
2856 3072 3040 3127 Adam
3073 3071 3133 3126 in
3191 3072 3320 3142 ejus
3378 3071 3845 3140 successionem,

2196 3164 2369 3220 quem
2402 3149 2576 3204 frater
2595 3150 2824 3220 occidit,
2846 3156 2904 3208 et
2932 3152 3245 3223 appellavit
3261 3169 3471 3208 nomen
3503 3151 3658 3208 illius
3679 3152 3844 3222 Seth,

2197 3231 2397 3286 dicens
2428 3235 2493 3286 ut
2523 3232 2803 3303 scriptum
2835 3239 2944 3299 est,
2998 3234 3293 3289 Suscitavit
3331 3236 3484 3290 enim
3535 3234 3677 3289 mihi
3707 3235 3850 3290 Deus

2194 3328 2382 3369 semen
2409 3312 2564 3368 aliud
2590 3329 2688 3384 pro
2719 3314 2875 3382 Abel,
2909 3331 3072 3386 quem
3099 3314 3296 3372 occidit
3328 3314 3463 3370 Cain
3490 3316 3648 3385 (Gen.
3682 3331 3755 3383 tv,
3787 3316 3845 3383 1,

2193 3395 2306 3464 25).
2338 3393 2484 3448 Cum
2515 3394 2710 3466 itaque
2732 3395 2853 3450 istas
2883 3396 3014 3451 duae
3043 3395 3223 3452 series
3243 3398 3705 3468 generationum,
3728 3410 3850 3451 una

2195 3475 2264 3530 de
2296 3473 2453 3541 Seth,
2486 3472 2922 3537 alteradeCain,
2946 3475 3048 3532 has
3073 3478 3217 3533 duas
3247 3477 3318 3532 de
3349 3476 3566 3548 quibus
3588 3476 3846 3548 agimu,

2197 3554 2486 3610 distinctis
2517 3553 2821 3611 ordinibus
2851 3555 3155 3613 insinuent
3181 3557 3471 3624 civitates,
3505 3573 3680 3613 unam
3727 3571 3849 3612 cus-

2197 3637 2394 3693 lestem
2423 3635 2479 3690 in
2516 3636 2682 3692 terris
2722 3638 3211 3710 peregrinantem,
3262 3637 3504 3694 alteram
3552 3643 3846 3694 terrenam

2198 3717 2741 3789 terrenistanquam
2764 3718 3016 3774 solasint
3052 3718 3617 3789 gaudiisinhiantem
3633 3716 3720 3773 vel
3752 3718 3853 3773 iu-

2197 3798 2556 3867 haarentem;
2589 3798 2784 3855 nullus
2836 3800 2907 3855 de
2954 3798 3228 3872 progenie
3283 3799 3447 3867 Cain,
3500 3814 3631 3855 cum
3670 3798 3848 3853 dinu-

2199 3886 2419 3934 merata
2447 3877 2520 3934 sit
2549 3885 2971 3935 connumerato
3021 3881 3201 3936 Adam
3235 3894 3418 3952 usque
3449 3879 3518 3936 ad
3575 3885 3845 3935 octavam

2197 3958 2653 4032 generationem,
2686 3966 2829 4031 quot
2845 3977 3130 4017 annorum
3159 3962 3369 4018 fuisset
3398 3975 3702 4031 expressus
3732 3962 3848 4028 est,

2199 4043 2434 4113 quando
2470 4041 2673 4112 genuit
2703 4057 2835 4096 eum
2869 4041 2964 4112 qui
3003 4047 3498 4098 commemoratur
3527 4046 3657 4112 post
3685 4054 3846 4095 eum.

2199 4123 2394 4178 Noluit
2414 4122 2568 4178 enim
2600 4121 2856 4199 Spiritus
2888 4122 2988 4178 Dei
3020 4123 3080 4178 in
3111 4129 3351 4180 terrenae
3382 4123 3634 4180 civitatis
3671 4137 3852 4195 gene-

2199 4203 2528 4259 rationibus
2565 4207 2824 4274 tempora
2872 4209 3070 4261 notare
3124 4209 3256 4260 ante
3313 4204 3623 4272 diluvium,
3655 4204 3755 4260 sed
3786 4202 3851 4258 in

2200 4285 2450 4340 scelestis
2467 4284 2696 4352 maluit,
2717 4288 2991 4355 tanquam
3009 4286 3501 4341 essentmemoria
3526 4285 3851 4357 digniores.

2199 4365 2374 4421 Porro
2403 4369 2597 4418 autem
2634 4365 2771 4420 Seth
2805 4365 3040 4437 quando
3073 4371 3242 4422 natus
3287 4371 3397 4432 est,
3442 4382 3558 4423 non
3607 4364 3852 4437 quidem

2201 4445 2356 4502 taciti
2388 4449 2529 4500 sunt
2556 4444 2694 4500 anni
2717 4446 2906 4517 patris
2925 4447 3078 4516 ejus,
3105 4449 3205 4503 sed
3222 4447 3340 4518 jam
3372 4451 3652 4520 genuerat
3670 4445 3851 4502 alios:

2200 4531 2256 4582 et
2287 4535 2480 4581 utrum
2513 4526 2669 4582 solos
2689 4526 2828 4582 Cain
2851 4531 2908 4582 et
2924 4527 3090 4598 Abel,
3113 4527 3406 4586 afﬁrmare
3429 4529 3562 4601 quis
3593 4528 3804 4584 audeat
3823 4528 3855 4582 τ

2199 4607 2324 4664 Non
2353 4606 2506 4663 enim
2541 4607 2676 4679 quia
2704 4606 2810 4664 soli
2842 4611 3123 4666 nominati
3181 4613 3323 4666 sunt
3362 4614 3593 4682 propter
3615 4608 3854 4666 ordines

2201 4687 2668 4762 generationum,
2701 4706 2849 4760 quas
2878 4691 3324 4748 commemorari
3358 4693 3682 4761 oportebat,
3718 4694 3853 4751 ideo

2202 4785 2564 4841 consequens
2589 4768 2770 4826 videri
2792 4771 2962 4827 debet
2982 4772 3138 4828 solos
3169 4771 3350 4828 fuisse
3381 4781 3518 4828 tunc
3539 4781 3850 4843 generatos

2203 4868 2272 4908 ex
2302 4852 2506 4907 Adam.
2548 4854 2692 4907 Cum
2742 4851 2898 4907 enim
2958 4853 3190 4909 silentio
3246 4853 3534 4926 coopertis
3581 4855 3853 4912 omnium

2204 4931 2544 4986 nominibus
2565 4935 2924 4999 ceterorum,
2956 4932 3182 5005 legatur
3211 4949 3343 4990 eum
3391 4935 3664 5007 genuisse
3697 4935 3854 4992 ﬁlios

2203 5015 2263 5066 et
2287 5010 2455 5078 tilias,
2479 5017 2657 5081 quota
2688 5011 2984 5066 fueritista
3007 5014 3194 5084 proles
3209 5015 3354 5084 ejus,
3389 5015 3521 5084 quis
3537 5020 3858 5086 prmsumat

2205 5106 2483 5162 asserere,
2503 5091 2552 5146 si
2583 5090 2812 5163 culpam
2837 5093 3178 5150 temeritatis
3192 5092 3407 5151 evitat?
3426 5094 3616 5151 Potuit
3633 5095 3859 5168 quippe

2273 5371 2285 5406 ι
2320 5367 2464 5430 Lov.,
2489 5367 3038 5436 praeﬁgurationem,
3073 5369 3510 5424 dissentientibus
3545 5368 3704 5422 editis
3731 5367 3861 5420 aliis

2203 5435 2256 5482 et
2282 5434 2672 5497 manuscriptis.
