  <div class='ocr_page' id='page_1' title='image "/cluster/home/n/w/nwhite01/storage/ocr_20150623/41/hvd.32044096580634/234.png"; bbox 0 0 4138 6192; ppageno 0'>
   <div class='ocr_carea' id='block_1_1' title="bbox 291 292 397 352">
    <p class='ocr_par' dir='ltr' id='par_1_1' title="bbox 291 292 397 352">
     <span class='ocr_line' id='line_1_1' title="bbox 291 292 397 352; baseline -0.019 -1"><span class='ocrx_word' id='word_1_1' title='bbox 291 292 397 352; x_wconf 76' lang='grc'>457</span> 
     </span>
    </p>
   </div>
   <div class='ocr_carea' id='block_1_2' title="bbox 290 416 1930 489">
    <p class='ocr_par' dir='ltr' id='par_1_2' title="bbox 290 416 1930 489">
     <span class='ocr_line' id='line_1_2' title="bbox 290 416 1930 489; baseline -0.005 -9"><span class='ocrx_word' id='word_1_2' title='bbox 290 422 467 480; x_wconf 87' lang='lat' dir='ltr'>Adam</span> <span class='ocrx_word' id='word_1_3' title='bbox 486 419 773 476; x_wconf 91' lang='lat' dir='ltr'>divinitus</span> <span class='ocrx_word' id='word_1_4' title='bbox 797 418 1136 476; x_wconf 76' lang='lat' dir='ltr'>admonitus</span> <span class='ocrx_word' id='word_1_5' title='bbox 1154 417 1368 485; x_wconf 84' lang='lat' dir='ltr'>dicere,</span> <span class='ocrx_word' id='word_1_6' title='bbox 1385 420 1768 489; x_wconf 81' lang='lat' dir='ltr'>posteaquam</span> <span class='ocrx_word' id='word_1_7' title='bbox 1793 416 1930 471; x_wconf 89' lang='lat' dir='ltr'>Seth</span> 
     </span>
    </p>
   </div>
   <div class='ocr_carea' id='block_1_3' title="bbox 290 495 1927 571">
    <p class='ocr_par' dir='ltr' id='par_1_3' title="bbox 290 495 1927 571">
     <span class='ocr_line' id='line_1_3' title="bbox 290 495 1927 571; baseline -0.005 -11"><span class='ocrx_word' id='word_1_8' title='bbox 290 509 451 562; x_wconf 88' lang='lat' dir='ltr'>natus</span> <span class='ocrx_word' id='word_1_9' title='bbox 483 506 593 571; x_wconf 89' lang='lat' dir='ltr'>est,</span> <span class='ocrx_word' id='word_1_10' title='bbox 625 501 922 557; x_wconf 85' lang='lat' dir='ltr'>Suscitavit</span> <span class='ocrx_word' id='word_1_11' title='bbox 976 499 1126 554; x_wconf 86' lang='lat' dir='ltr'>enim</span> <span class='ocrx_word' id='word_1_12' title='bbox 1167 498 1310 554; x_wconf 84' lang='lat' dir='ltr'>mihi</span> <span class='ocrx_word' id='word_1_13' title='bbox 1339 499 1479 553; x_wconf 86' lang='lat' dir='ltr'>Deus</span> <span class='ocrx_word' id='word_1_14' title='bbox 1534 514 1716 553; x_wconf 88' lang='lat' dir='ltr'>semen</span> <span class='ocrx_word' id='word_1_15' title='bbox 1757 495 1927 552; x_wconf 80' lang='lat' dir='ltr'>aliud</span> 
     </span>
    </p>
   </div>
   <div class='ocr_carea' id='block_1_4' title="bbox 288 577 1929 659">
    <p class='ocr_par' dir='ltr' id='par_1_4' title="bbox 288 577 1929 659">
     <span class='ocr_line' id='line_1_4' title="bbox 288 577 1929 659; baseline -0.005 -19"><span class='ocrx_word' id='word_1_16' title='bbox 288 601 378 659; x_wconf 87' lang='lat' dir='ltr'>pro</span> <span class='ocrx_word' id='word_1_17' title='bbox 400 584 560 647; x_wconf 81' lang='lat' dir='ltr'>Abel;</span> <span class='ocrx_word' id='word_1_18' title='bbox 591 583 866 654; x_wconf 86' lang='lat' dir='ltr'>quoniam</span> <span class='ocrx_word' id='word_1_19' title='bbox 899 580 1030 636; x_wconf 88' lang='lat' dir='ltr'>talis</span> <span class='ocrx_word' id='word_1_20' title='bbox 1063 584 1187 636; x_wconf 87' lang='lat' dir='ltr'>erat</span> <span class='ocrx_word' id='word_1_21' title='bbox 1220 581 1474 647; x_wconf 87' lang='lat' dir='ltr'>futurus,</span> <span class='ocrx_word' id='word_1_22' title='bbox 1507 577 1608 648; x_wconf 89' lang='lat' dir='ltr'>qui</span> <span class='ocrx_word' id='word_1_23' title='bbox 1657 578 1929 648; x_wconf 81' lang='lat' dir='ltr'>impleret</span> 
     </span>
    </p>
   </div>
   <div class='ocr_carea' id='block_1_5' title="bbox 292 660 1924 734">
    <p class='ocr_par' dir='ltr' id='par_1_5' title="bbox 292 660 1924 734">
     <span class='ocr_line' id='line_1_5' title="bbox 292 660 1924 734; baseline -0.006 -12"><span class='ocrx_word' id='word_1_24' title='bbox 292 667 442 722; x_wconf 87' lang='lat' dir='ltr'>illius</span> <span class='ocrx_word' id='word_1_25' title='bbox 475 667 865 731; x_wconf 76' lang='lat' dir='ltr'>sanctitatem,</span> <span class='ocrx_word' id='word_1_26' title='bbox 893 680 1006 719; x_wconf 92' lang='lat' dir='ltr'>non</span> <span class='ocrx_word' id='word_1_27' title='bbox 1066 663 1219 734; x_wconf 91' lang='lat' dir='ltr'>quod</span> <span class='ocrx_word' id='word_1_28' title='bbox 1255 662 1374 732; x_wconf 90' lang='lat' dir='ltr'>ipse</span> <span class='ocrx_word' id='word_1_29' title='bbox 1425 660 1582 731; x_wconf 92' lang='lat' dir='ltr'>prior</span> <span class='ocrx_word' id='word_1_30' title='bbox 1632 665 1762 730; x_wconf 90' lang='lat' dir='ltr'>post</span> <span class='ocrx_word' id='word_1_31' title='bbox 1791 675 1924 714; x_wconf 91' lang='lat' dir='ltr'>eum</span> 
     </span>
    </p>
   </div>
   <div class='ocr_carea' id='block_1_6' title="bbox 293 739 1924 817">
    <p class='ocr_par' dir='ltr' id='par_1_6' title="bbox 293 739 1924 817">
     <span class='ocr_line' id='line_1_6' title="bbox 293 739 1924 817; baseline -0.006 -15"><span class='ocrx_word' id='word_1_32' title='bbox 293 744 562 817; x_wconf 86' lang='lat' dir='ltr'>temporis</span> <span class='ocrx_word' id='word_1_33' title='bbox 594 745 794 800; x_wconf 87' lang='lat' dir='ltr'>ordine</span> <span class='ocrx_word' id='word_1_34' title='bbox 828 748 1179 798; x_wconf 90' lang='lat' dir='ltr'>nasceretur.</span> <span class='ocrx_word' id='word_1_35' title='bbox 1215 741 1435 796; x_wconf 85' lang='lat' dir='ltr'>Deinde</span> <span class='ocrx_word' id='word_1_36' title='bbox 1465 741 1619 811; x_wconf 89' lang='lat' dir='ltr'>quod</span> <span class='ocrx_word' id='word_1_37' title='bbox 1643 739 1924 810; x_wconf 88' lang='lat' dir='ltr'>scriptum</span> 
     </span>
    </p>
   </div>
   <div class='ocr_carea' id='block_1_7' title="bbox 294 818 1929 895">
    <p class='ocr_par' dir='ltr' id='par_1_7' title="bbox 294 818 1929 895">
     <span class='ocr_line' id='line_1_7' title="bbox 294 818 1929 895; baseline -0.006 -13"><span class='ocrx_word' id='word_1_38' title='bbox 294 832 394 892; x_wconf 86' lang='lat' dir='ltr'>est,</span> <span class='ocrx_word' id='word_1_39' title='bbox 431 826 581 881; x_wconf 69' lang='lat' dir='ltr'>Vixit</span> <span class='ocrx_word' id='word_1_40' title='bbox 607 834 791 880; x_wconf 84' lang='lat' dir='ltr'>autem</span> <span class='ocrx_word' id='word_1_41' title='bbox 821 825 946 880; x_wconf 77' lang='lat' dir='ltr'>Seth</span> <span class='ocrx_word' id='word_1_42' title='bbox 977 827 1216 895; x_wconf 88' lang='lat' dir='ltr'>quinque</span> <span class='ocrx_word' id='word_1_43' title='bbox 1246 831 1296 876; x_wconf 82' lang='lat' dir='ltr'>et</span> <span class='ocrx_word' id='word_1_44' title='bbox 1325 821 1578 876; x_wconf 82' lang='lat' dir='ltr'>ducentos</span> <span class='ocrx_word' id='word_1_45' title='bbox 1609 835 1804 889; x_wconf 88' lang='lat' dir='ltr'>annos,</span> <span class='ocrx_word' id='word_1_46' title='bbox 1839 818 1929 875; x_wconf 92' lang='lat' dir='ltr'>vel</span> 
     </span>
    </p>
   </div>
   <div class='ocr_carea' id='block_1_8' title="bbox 295 904 1932 974">
    <p class='ocr_par' dir='ltr' id='par_1_8' title="bbox 295 904 1932 974">
     <span class='ocr_line' id='line_1_8' title="bbox 295 904 1932 974; baseline -0.006 -11"><span class='ocrx_word' id='word_1_47' title='bbox 295 909 610 964; x_wconf 89' lang='lat' dir='ltr'>secundum</span> <span class='ocrx_word' id='word_1_48' title='bbox 653 906 943 970; x_wconf 59' lang='lat' dir='ltr'>Hebraeos,</span> <span class='ocrx_word' id='word_1_49' title='bbox 993 905 1238 974; x_wconf 83' lang='lat' dir='ltr'>quinque</span> <span class='ocrx_word' id='word_1_50' title='bbox 1279 906 1333 957; x_wconf 85' lang='lat' dir='ltr'>et</span> <span class='ocrx_word' id='word_1_51' title='bbox 1391 909 1611 957; x_wconf 82' lang='lat' dir='ltr'>centum</span> <span class='ocrx_word' id='word_1_52' title='bbox 1639 917 1836 966; x_wconf 88' lang='lat' dir='ltr'>annos,</span> <span class='ocrx_word' id='word_1_53' title='bbox 1880 904 1932 955; x_wconf 82' lang='lat' dir='ltr'>et</span> 
     </span>
    </p>
   </div>
   <div class='ocr_carea' id='block_1_9' title="bbox 297 983 1934 1060">
    <p class='ocr_par' dir='ltr' id='par_1_9' title="bbox 297 983 1934 1060">
     <span class='ocr_line' id='line_1_9' title="bbox 297 983 1934 1060; baseline -0.004 -18"><span class='ocrx_word' id='word_1_54' title='bbox 297 987 482 1060; x_wconf 77' lang='lat' dir='ltr'>genuit</span> <span class='ocrx_word' id='word_1_55' title='bbox 511 988 661 1041; x_wconf 90' lang='lat' dir='ltr'>Enos</span> <span class='ocrx_word' id='word_1_56' title='bbox 688 1001 700 1040; x_wconf 90' lang='lat'><strong>:</strong></span> <span class='ocrx_word' id='word_1_57' title='bbox 727 986 858 1056; x_wconf 84' lang='lat' dir='ltr'>quis</span> <span class='ocrx_word' id='word_1_58' title='bbox 878 985 1060 1056; x_wconf 85' lang='lat' dir='ltr'>possit</span> <span class='ocrx_word' id='word_1_59' title='bbox 1081 985 1190 1038; x_wconf 88' lang='lat' dir='ltr'>nisi</span> <span class='ocrx_word' id='word_1_60' title='bbox 1215 983 1674 1037; x_wconf 88' lang='lat' dir='ltr'>inconsideratus</span> <span class='ocrx_word' id='word_1_61' title='bbox 1707 997 1934 1036; x_wconf 87' lang='lat' dir='ltr'>asseve-</span> 
     </span>
    </p>
   </div>
   <div class='ocr_carea' id='block_1_10' title="bbox 296 1062 1932 1138">
    <p class='ocr_par' dir='ltr' id='par_1_10' title="bbox 296 1062 1932 1138">
     <span class='ocr_line' id='line_1_10' title="bbox 296 1062 1932 1138; baseline -0.006 -13"><span class='ocrx_word' id='word_1_62' title='bbox 296 1085 436 1136; x_wconf 89' lang='lat' dir='ltr'>rare,</span> <span class='ocrx_word' id='word_1_63' title='bbox 473 1069 629 1123; x_wconf 91' lang='lat' dir='ltr'>hunc</span> <span class='ocrx_word' id='word_1_64' title='bbox 649 1068 776 1138; x_wconf 87' lang='lat' dir='ltr'>ejus</span> <span class='ocrx_word' id='word_1_65' title='bbox 797 1066 1253 1138; x_wconf 79' lang='lat' dir='ltr'>primogenitum</span> <span class='ocrx_word' id='word_1_66' title='bbox 1275 1064 1456 1118; x_wconf 85' lang='lat' dir='ltr'>fuisse</span> <span class='ocrx_word' id='word_1_67' title='bbox 1476 1062 1503 1117; x_wconf 67' lang='lat' dir='ltr'>‘l’</span> <span class='ocrx_word' id='word_1_68' title='bbox 1535 1067 1609 1119; x_wconf 89' lang='lat' dir='ltr'>Ut</span> <span class='ocrx_word' id='word_1_69' title='bbox 1636 1063 1932 1118; x_wconf 87' lang='lat' dir='ltr'>admiran-</span> 
     </span>
    </p>
   </div>
   <div class='ocr_carea' id='block_1_11' title="bbox 296 1142 1934 1218">
    <p class='ocr_par' dir='ltr' id='par_1_11' title="bbox 296 1142 1934 1218">
     <span class='ocr_line' id='line_1_11' title="bbox 296 1142 1934 1218; baseline -0.005 -13"><span class='ocrx_word' id='word_1_70' title='bbox 296 1153 380 1206; x_wconf 85' lang='lat' dir='ltr'>tes</span> <span class='ocrx_word' id='word_1_71' title='bbox 411 1148 619 1204; x_wconf 90' lang='lat' dir='ltr'>morito</span> <span class='ocrx_word' id='word_1_72' title='bbox 641 1147 1020 1218; x_wconf 81' lang='lat' dir='ltr'>requiramus,</span> <span class='ocrx_word' id='word_1_73' title='bbox 1053 1145 1346 1216; x_wconf 91' lang='lat' dir='ltr'>quomodo</span> <span class='ocrx_word' id='word_1_74' title='bbox 1380 1159 1477 1212; x_wconf 90' lang='lat' dir='ltr'>per</span> <span class='ocrx_word' id='word_1_75' title='bbox 1505 1147 1587 1198; x_wconf 87' lang='lat' dir='ltr'>tot</span> <span class='ocrx_word' id='word_1_76' title='bbox 1615 1159 1800 1197; x_wconf 89' lang='lat' dir='ltr'>annos</span> <span class='ocrx_word' id='word_1_77' title='bbox 1825 1142 1934 1196; x_wconf 91' lang='lat' dir='ltr'>im-</span> 
     </span>
    </p>
   </div>
   <div class='ocr_carea' id='block_1_12' title="bbox 294 1222 1940 1296">
    <p class='ocr_par' dir='ltr' id='par_1_12' title="bbox 294 1222 1940 1296">
     <span class='ocr_line' id='line_1_12' title="bbox 294 1222 1940 1296; baseline -0.005 -10"><span class='ocrx_word' id='word_1_78' title='bbox 294 1231 489 1286; x_wconf 89' lang='lat' dir='ltr'>munis</span> <span class='ocrx_word' id='word_1_79' title='bbox 519 1230 689 1284; x_wconf 84' lang='lat' dir='ltr'>fuerit</span> <span class='ocrx_word' id='word_1_80' title='bbox 717 1244 751 1282; x_wconf 86' lang='lat' dir='ltr'>a</span> <span class='ocrx_word' id='word_1_81' title='bbox 786 1227 1078 1284; x_wconf 90' lang='lat' dir='ltr'>connubio</span> <span class='ocrx_word' id='word_1_82' title='bbox 1109 1226 1236 1281; x_wconf 84' lang='lat' dir='ltr'>sine</span> <span class='ocrx_word' id='word_1_83' title='bbox 1267 1225 1385 1280; x_wconf 93' lang='lat' dir='ltr'>ullo</span> <span class='ocrx_word' id='word_1_84' title='bbox 1425 1224 1720 1296; x_wconf 89' lang='lat' dir='ltr'>proposito</span> <span class='ocrx_word' id='word_1_85' title='bbox 1751 1222 1940 1279; x_wconf 92' lang='lat' dir='ltr'>conti-</span> 
     </span>
    </p>
   </div>
   <div class='ocr_carea' id='block_1_13' title="bbox 295 1303 1938 1380">
    <p class='ocr_par' dir='ltr' id='par_1_13' title="bbox 295 1303 1938 1380">
     <span class='ocr_line' id='line_1_13' title="bbox 295 1303 1938 1380; baseline -0.005 -14"><span class='ocrx_word' id='word_1_86' title='bbox 295 1310 524 1378; x_wconf 70' lang='lat' dir='ltr'>nentiae,</span> <span class='ocrx_word' id='word_1_87' title='bbox 556 1307 647 1364; x_wconf 88' lang='lat' dir='ltr'>vel</span> <span class='ocrx_word' id='word_1_88' title='bbox 679 1325 792 1364; x_wconf 92' lang='lat' dir='ltr'>non</span> <span class='ocrx_word' id='word_1_89' title='bbox 824 1306 1091 1380; x_wconf 85' lang='lat' dir='ltr'>genuerit</span> <span class='ocrx_word' id='word_1_90' title='bbox 1141 1307 1484 1377; x_wconf 87' lang='lat' dir='ltr'>conjugatus</span> <span class='ocrx_word' id='word_1_91' title='bbox 1517 1325 1531 1372; x_wconf 87' lang='lat'><strong>;</strong></span> <span class='ocrx_word' id='word_1_92' title='bbox 1572 1303 1938 1376; x_wconf 90' lang='lat' dir='ltr'>quandoqui-</span> 
     </span>
    </p>
   </div>
   <div class='ocr_carea' id='block_1_14' title="bbox 292 1383 1940 1459">
    <p class='ocr_par' dir='ltr' id='par_1_14' title="bbox 292 1383 1940 1459">
     <span class='ocr_line' id='line_1_14' title="bbox 292 1383 1940 1459; baseline -0.006 -12"><span class='ocrx_word' id='word_1_93' title='bbox 292 1391 424 1447; x_wconf 89' lang='lat' dir='ltr'>dem</span> <span class='ocrx_word' id='word_1_94' title='bbox 456 1388 633 1445; x_wconf 88' lang='lat' dir='ltr'>etiam</span> <span class='ocrx_word' id='word_1_95' title='bbox 666 1388 736 1443; x_wconf 89' lang='lat' dir='ltr'>de</span> <span class='ocrx_word' id='word_1_96' title='bbox 775 1387 903 1458; x_wconf 89' lang='lat' dir='ltr'>ipso</span> <span class='ocrx_word' id='word_1_97' title='bbox 935 1386 1163 1459; x_wconf 75' lang='lat' dir='ltr'>legitur,</span> <span class='ocrx_word' id='word_1_98' title='bbox 1198 1387 1260 1441; x_wconf 77' lang='lat' dir='ltr'>Et</span> <span class='ocrx_word' id='word_1_99' title='bbox 1288 1387 1483 1454; x_wconf 78' lang='lat' dir='ltr'>genuit</span> <span class='ocrx_word' id='word_1_100' title='bbox 1513 1384 1656 1453; x_wconf 81' lang='lat' dir='ltr'>ﬁlios</span> <span class='ocrx_word' id='word_1_101' title='bbox 1685 1392 1735 1439; x_wconf 80' lang='lat' dir='ltr'>et</span> <span class='ocrx_word' id='word_1_102' title='bbox 1771 1383 1940 1452; x_wconf 80' lang='lat' dir='ltr'>ﬁlias,</span> 
     </span>
    </p>
   </div>
   <div class='ocr_carea' id='block_1_15' title="bbox 293 1465 1942 1542">
    <p class='ocr_par' dir='ltr' id='par_1_15' title="bbox 293 1465 1942 1542">
     <span class='ocr_line' id='line_1_15' title="bbox 293 1465 1942 1542; baseline -0.005 -16"><span class='ocrx_word' id='word_1_103' title='bbox 293 1477 344 1527; x_wconf 87' lang='lat' dir='ltr'>et</span> <span class='ocrx_word' id='word_1_104' title='bbox 374 1471 608 1542; x_wconf 79' lang='lat' dir='ltr'>fuerunt</span> <span class='ocrx_word' id='word_1_105' title='bbox 629 1485 812 1525; x_wconf 85' lang='lat' dir='ltr'>omnes</span> <span class='ocrx_word' id='word_1_106' title='bbox 834 1468 947 1522; x_wconf 86' lang='lat' dir='ltr'>dies</span> <span class='ocrx_word' id='word_1_107' title='bbox 977 1468 1102 1523; x_wconf 85' lang='lat' dir='ltr'>Seth</span> <span class='ocrx_word' id='word_1_108' title='bbox 1123 1465 1401 1522; x_wconf 84' lang='lat' dir='ltr'>duodecim</span> <span class='ocrx_word' id='word_1_109' title='bbox 1416 1471 1468 1521; x_wconf 89' lang='lat' dir='ltr'>et</span> <span class='ocrx_word' id='word_1_110' title='bbox 1491 1467 1755 1534; x_wconf 76' lang='lat' dir='ltr'>nongenti</span> <span class='ocrx_word' id='word_1_111' title='bbox 1782 1465 1942 1533; x_wconf 89' lang='lat' dir='ltr'>anni,</span> 
     </span>
    </p>
   </div>
   <div class='ocr_carea' id='block_1_16' title="bbox 294 1547 1947 1622">
    <p class='ocr_par' dir='ltr' id='par_1_16' title="bbox 294 1547 1947 1622">
     <span class='ocr_line' id='line_1_16' title="bbox 294 1547 1947 1622; baseline -0.004 -13"><span class='ocrx_word' id='word_1_112' title='bbox 294 1560 346 1609; x_wconf 80' lang='lat' dir='ltr'>et</span> <span class='ocrx_word' id='word_1_113' title='bbox 375 1561 626 1608; x_wconf 80' lang='lat' dir='ltr'>mortuus</span> <span class='ocrx_word' id='word_1_114' title='bbox 654 1558 735 1606; x_wconf 81' lang='lat' dir='ltr'>est</span> <span class='ocrx_word' id='word_1_115' title='bbox 754 1550 903 1622; x_wconf 86' lang='lat' dir='ltr'>(Gen.</span> <span class='ocrx_word' id='word_1_116' title='bbox 935 1567 988 1617; x_wconf 90' lang='lat' dir='ltr'>v,</span> <span class='ocrx_word' id='word_1_117' title='bbox 1015 1550 1149 1620; x_wconf 80' lang='grc'>4-8).</span> <span class='ocrx_word' id='word_1_118' title='bbox 1178 1551 1367 1620; x_wconf 83' lang='lat' dir='ltr'>Atque</span> <span class='ocrx_word' id='word_1_119' title='bbox 1397 1547 1477 1603; x_wconf 89' lang='lat' dir='ltr'>ita</span> <span class='ocrx_word' id='word_1_120' title='bbox 1496 1547 1769 1619; x_wconf 89' lang='lat' dir='ltr'>deinceps</span> <span class='ocrx_word' id='word_1_121' title='bbox 1799 1563 1947 1619; x_wconf 92' lang='lat' dir='ltr'>quo-</span> 
     </span>
    </p>
   </div>
   <div class='ocr_carea' id='block_1_17' title="bbox 295 1628 1946 1700">
    <p class='ocr_par' dir='ltr' id='par_1_17' title="bbox 295 1628 1946 1700">
     <span class='ocr_line' id='line_1_17' title="bbox 295 1628 1946 1700; baseline -0.004 -10"><span class='ocrx_word' id='word_1_122' title='bbox 295 1650 424 1690; x_wconf 86' lang='lat' dir='ltr'>rum</span> <span class='ocrx_word' id='word_1_123' title='bbox 448 1633 587 1689; x_wconf 90' lang='lat' dir='ltr'>anni</span> <span class='ocrx_word' id='word_1_124' title='bbox 621 1635 1169 1697; x_wconf 90' lang='lat' dir='ltr'>commemorantur,</span> <span class='ocrx_word' id='word_1_125' title='bbox 1204 1645 1308 1685; x_wconf 90' lang='lat' dir='ltr'>nec</span> <span class='ocrx_word' id='word_1_126' title='bbox 1348 1628 1498 1685; x_wconf 92' lang='lat' dir='ltr'>ﬁlios</span> <span class='ocrx_word' id='word_1_127' title='bbox 1545 1628 1812 1700; x_wconf 90' lang='lat' dir='ltr'>ﬁliasque</span> <span class='ocrx_word' id='word_1_128' title='bbox 1849 1643 1946 1700; x_wconf 84' lang='lat' dir='ltr'>ge-</span> 
     </span>
    </p>
   </div>
   <div class='ocr_carea' id='block_1_18' title="bbox 295 1709 1945 1781">
    <p class='ocr_par' dir='ltr' id='par_1_18' title="bbox 295 1709 1945 1781">
     <span class='ocr_line' id='line_1_18' title="bbox 295 1709 1945 1781; baseline -0.004 -12"><span class='ocrx_word' id='word_1_129' title='bbox 295 1716 500 1770; x_wconf 88' lang='lat' dir='ltr'>nuisse</span> <span class='ocrx_word' id='word_1_130' title='bbox 530 1713 862 1768; x_wconf 78' lang='lat' dir='ltr'>reticentur.</span> <span class='ocrx_word' id='word_1_131' title='bbox 897 1714 978 1767; x_wconf 87' lang='lat' dir='ltr'>Ac</span> <span class='ocrx_word' id='word_1_132' title='bbox 1009 1726 1108 1781; x_wconf 88' lang='lat' dir='ltr'>per</span> <span class='ocrx_word' id='word_1_133' title='bbox 1134 1710 1239 1766; x_wconf 93' lang='lat' dir='ltr'>hoc</span> <span class='ocrx_word' id='word_1_134' title='bbox 1272 1725 1384 1765; x_wconf 92' lang='lat' dir='ltr'>non</span> <span class='ocrx_word' id='word_1_135' title='bbox 1417 1715 1652 1780; x_wconf 85' lang='lat' dir='ltr'>apparet</span> <span class='ocrx_word' id='word_1_136' title='bbox 1684 1709 1945 1774; x_wconf 88' lang='lat' dir='ltr'>omnino,</span> 
     </span>
    </p>
   </div>
   <div class='ocr_carea' id='block_1_19' title="bbox 294 1789 1950 1864">
    <p class='ocr_par' dir='ltr' id='par_1_19' title="bbox 294 1789 1950 1864">
     <span class='ocr_line' id='line_1_19' title="bbox 294 1789 1950 1864; baseline -0.003 -15"><span class='ocrx_word' id='word_1_137' title='bbox 294 1800 496 1849; x_wconf 89' lang='lat' dir='ltr'>utrum</span> <span class='ocrx_word' id='word_1_138' title='bbox 519 1793 620 1864; x_wconf 91' lang='lat' dir='ltr'>qui</span> <span class='ocrx_word' id='word_1_139' title='bbox 654 1791 991 1846; x_wconf 85' lang='lat' dir='ltr'>nominatur</span> <span class='ocrx_word' id='word_1_140' title='bbox 1019 1791 1270 1861; x_wconf 88' lang='lat' dir='ltr'>genitus,</span> <span class='ocrx_word' id='word_1_141' title='bbox 1296 1789 1420 1860; x_wconf 91' lang='lat' dir='ltr'>ipse</span> <span class='ocrx_word' id='word_1_142' title='bbox 1453 1789 1625 1843; x_wconf 91' lang='lat' dir='ltr'>fuerit</span> <span class='ocrx_word' id='word_1_143' title='bbox 1655 1789 1950 1860; x_wconf 89' lang='lat' dir='ltr'>primoge-</span> 
     </span>
    </p>
   </div>
   <div class='ocr_carea' id='block_1_20' title="bbox 295 1870 1952 1942">
    <p class='ocr_par' dir='ltr' id='par_1_20' title="bbox 295 1870 1952 1942">
     <span class='ocr_line' id='line_1_20' title="bbox 295 1870 1952 1942; baseline -0.003 -14"><span class='ocrx_word' id='word_1_144' title='bbox 295 1875 459 1928; x_wconf 90' lang='lat' dir='ltr'>nitus</span> <span class='ocrx_word' id='word_1_145' title='bbox 491 1889 505 1928; x_wconf 91' lang='lat'>:</span> <span class='ocrx_word' id='word_1_146' title='bbox 540 1874 655 1927; x_wconf 87' lang='lat' dir='ltr'>imo</span> <span class='ocrx_word' id='word_1_147' title='bbox 684 1870 1132 1942; x_wconf 89' lang='lat' dir='ltr'>vero,quoniam</span> <span class='ocrx_word' id='word_1_148' title='bbox 1159 1870 1433 1925; x_wconf 86' lang='lat' dir='ltr'>credibile</span> <span class='ocrx_word' id='word_1_149' title='bbox 1467 1886 1578 1924; x_wconf 91' lang='lat' dir='ltr'>non</span> <span class='ocrx_word' id='word_1_150' title='bbox 1613 1873 1722 1934; x_wconf 89' lang='lat' dir='ltr'>est,</span> <span class='ocrx_word' id='word_1_151' title='bbox 1757 1874 1952 1939; x_wconf 88' lang='lat' dir='ltr'>patres</span> 
     </span>
    </p>
   </div>
   <div class='ocr_carea' id='block_1_21' title="bbox 291 1949 1954 2023">
    <p class='ocr_par' dir='ltr' id='par_1_21' title="bbox 291 1949 1954 2023">
     <span class='ocr_line' id='line_1_21' title="bbox 291 1949 1954 2023; baseline -0.003 -14"><span class='ocrx_word' id='word_1_152' title='bbox 291 1953 432 2010; x_wconf 90' lang='lat' dir='ltr'>illos</span> <span class='ocrx_word' id='word_1_153' title='bbox 466 1958 631 2008; x_wconf 71' lang='lat' dir='ltr'>aetate</span> <span class='ocrx_word' id='word_1_154' title='bbox 674 1958 790 2008; x_wconf 90' lang='lat' dir='ltr'>tam</span> <span class='ocrx_word' id='word_1_155' title='bbox 834 1951 1008 2023; x_wconf 90' lang='lat' dir='ltr'>longa</span> <span class='ocrx_word' id='word_1_156' title='bbox 1053 1956 1154 2006; x_wconf 90' lang='lat' dir='ltr'>aut</span> <span class='ocrx_word' id='word_1_157' title='bbox 1206 1951 1544 2023; x_wconf 87' lang='lat' dir='ltr'>impuberes</span> <span class='ocrx_word' id='word_1_158' title='bbox 1601 1949 1800 2018; x_wconf 90' lang='lat' dir='ltr'>fuisse,</span> <span class='ocrx_word' id='word_1_159' title='bbox 1850 1953 1954 2004; x_wconf 88' lang='lat' dir='ltr'>aut</span> 
     </span>
    </p>
   </div>
   <div class='ocr_carea' id='block_1_22' title="bbox 290 2029 1950 2104">
    <p class='ocr_par' dir='ltr' id='par_1_22' title="bbox 290 2029 1950 2104">
     <span class='ocr_line' id='line_1_22' title="bbox 290 2029 1950 2104; baseline -0.003 -15"><span class='ocrx_word' id='word_1_160' title='bbox 290 2035 650 2104; x_wconf 81' lang='lat' dir='ltr'>conjugibus</span> <span class='ocrx_word' id='word_1_161' title='bbox 698 2033 956 2088; x_wconf 81' lang='lat' dir='ltr'>caruisse</span> <span class='ocrx_word' id='word_1_162' title='bbox 999 2031 1088 2086; x_wconf 87' lang='lat' dir='ltr'>vel</span> <span class='ocrx_word' id='word_1_163' title='bbox 1137 2031 1394 2098; x_wconf 87' lang='lat' dir='ltr'>fetibus;</span> <span class='ocrx_word' id='word_1_164' title='bbox 1434 2047 1536 2086; x_wconf 91' lang='lat' dir='ltr'>nec</span> <span class='ocrx_word' id='word_1_165' title='bbox 1568 2029 1700 2085; x_wconf 88' lang='lat' dir='ltr'>illos</span> <span class='ocrx_word' id='word_1_166' title='bbox 1748 2044 1950 2084; x_wconf 80' lang='lat' dir='ltr'>eorum</span> 
     </span>
    </p>
   </div>
   <div class='ocr_carea' id='block_1_23' title="bbox 288 2110 1952 2186">
    <p class='ocr_par' dir='ltr' id='par_1_23' title="bbox 288 2110 1952 2186">
     <span class='ocr_line' id='line_1_23' title="bbox 288 2110 1952 2186; baseline -0.004 -17"><span class='ocrx_word' id='word_1_167' title='bbox 288 2114 450 2170; x_wconf 89' lang='lat' dir='ltr'>ﬁlios</span> <span class='ocrx_word' id='word_1_168' title='bbox 477 2117 696 2186; x_wconf 89' lang='lat' dir='ltr'>primos</span> <span class='ocrx_word' id='word_1_169' title='bbox 723 2114 806 2168; x_wconf 89' lang='lat' dir='ltr'>eis</span> <span class='ocrx_word' id='word_1_170' title='bbox 838 2118 1004 2168; x_wconf 88' lang='lat' dir='ltr'>natos</span> <span class='ocrx_word' id='word_1_171' title='bbox 1028 2111 1207 2166; x_wconf 82' lang='lat' dir='ltr'>fuisse</span> <span class='ocrx_word' id='word_1_172' title='bbox 1229 2110 1504 2166; x_wconf 85' lang='lat' dir='ltr'>credibile</span> <span class='ocrx_word' id='word_1_173' title='bbox 1532 2119 1637 2165; x_wconf 86' lang='lat' dir='ltr'>est.</span> <span class='ocrx_word' id='word_1_174' title='bbox 1679 2110 1788 2165; x_wconf 82' lang='lat' dir='ltr'>Sed</span> <span class='ocrx_word' id='word_1_175' title='bbox 1821 2125 1952 2163; x_wconf 90' lang='lat' dir='ltr'>cum</span> 
     </span>
    </p>
   </div>
   <div class='ocr_carea' id='block_1_24' title="bbox 284 2191 1954 2264">
    <p class='ocr_par' dir='ltr' id='par_1_24' title="bbox 284 2191 1954 2264">
     <span class='ocr_line' id='line_1_24' title="bbox 284 2191 1954 2264; baseline -0.006 -13"><span class='ocrx_word' id='word_1_176' title='bbox 284 2211 482 2252; x_wconf 66' lang='lat' dir='ltr'>sacrm</span> <span class='ocrx_word' id='word_1_177' title='bbox 547 2194 799 2264; x_wconf 89' lang='lat' dir='ltr'>scriptor</span> <span class='ocrx_word' id='word_1_178' title='bbox 845 2191 1098 2248; x_wconf 71' lang='lat' dir='ltr'>historias</span> <span class='ocrx_word' id='word_1_179' title='bbox 1163 2191 1437 2246; x_wconf 87' lang='lat' dir='ltr'>adortum</span> <span class='ocrx_word' id='word_1_180' title='bbox 1485 2193 1786 2260; x_wconf 82' lang='lat' dir='ltr'>vitamque</span> <span class='ocrx_word' id='word_1_181' title='bbox 1815 2192 1954 2252; x_wconf 87' lang='lat' dir='ltr'>Noe,</span> 
     </span>
    </p>
   </div>
   <div class='ocr_carea' id='block_1_25' title="bbox 283 2271 1956 2346">
    <p class='ocr_par' dir='ltr' id='par_1_25' title="bbox 283 2271 1956 2346">
     <span class='ocr_line' id='line_1_25' title="bbox 283 2271 1956 2346; baseline -0.005 -15"><span class='ocrx_word' id='word_1_182' title='bbox 283 2277 475 2346; x_wconf 86' lang='lat' dir='ltr'>cujus</span> <span class='ocrx_word' id='word_1_183' title='bbox 515 2279 773 2344; x_wconf 91' lang='lat' dir='ltr'>tempore</span> <span class='ocrx_word' id='word_1_184' title='bbox 821 2273 1105 2327; x_wconf 88' lang='lat' dir='ltr'>diluvium</span> <span class='ocrx_word' id='word_1_185' title='bbox 1138 2271 1352 2325; x_wconf 85' lang='lat' dir='ltr'>factum</span> <span class='ocrx_word' id='word_1_186' title='bbox 1409 2276 1517 2335; x_wconf 87' lang='lat' dir='ltr'>est,</span> <span class='ocrx_word' id='word_1_187' title='bbox 1564 2286 1665 2340; x_wconf 90' lang='lat' dir='ltr'>per</span> <span class='ocrx_word' id='word_1_188' title='bbox 1719 2283 1956 2323; x_wconf 82' lang='lat' dir='ltr'>succes-</span> 
     </span>
    </p>
   </div>
   <div class='ocr_carea' id='block_1_26' title="bbox 278 2349 1956 2422">
    <p class='ocr_par' dir='ltr' id='par_1_26' title="bbox 278 2349 1956 2422">
     <span class='ocr_line' id='line_1_26' title="bbox 278 2349 1956 2422; baseline -0.005 -12"><span class='ocrx_word' id='word_1_189' title='bbox 278 2355 501 2410; x_wconf 89' lang='lat' dir='ltr'>siones</span> <span class='ocrx_word' id='word_1_190' title='bbox 592 2353 1028 2422; x_wconf 85' lang='lat' dir='ltr'>generationum</span> <span class='ocrx_word' id='word_1_191' title='bbox 1087 2350 1298 2405; x_wconf 83' lang='lat' dir='ltr'>notatis</span> <span class='ocrx_word' id='word_1_192' title='bbox 1354 2350 1711 2420; x_wconf 85' lang='lat' dir='ltr'>temporibus</span> <span class='ocrx_word' id='word_1_193' title='bbox 1762 2349 1956 2402; x_wconf 90' lang='lat' dir='ltr'>inten-</span> 
     </span>
    </p>
   </div>
   <div class='ocr_carea' id='block_1_27' title="bbox 277 2430 1949 2504">
    <p class='ocr_par' dir='ltr' id='par_1_27' title="bbox 277 2430 1949 2504">
     <span class='ocr_line' id='line_1_27' title="bbox 277 2430 1949 2504; baseline -0.005 -15"><span class='ocrx_word' id='word_1_194' title='bbox 277 2434 468 2489; x_wconf 87' lang='lat' dir='ltr'>deret</span> <span class='ocrx_word' id='word_1_195' title='bbox 502 2434 822 2504; x_wconf 88' lang='lat' dir='ltr'>pervenire,</span> <span class='ocrx_word' id='word_1_196' title='bbox 853 2448 951 2486; x_wconf 87' lang='lat' dir='ltr'>eas</span> <span class='ocrx_word' id='word_1_197' title='bbox 1029 2431 1232 2500; x_wconf 83' lang='lat' dir='ltr'>utique</span> <span class='ocrx_word' id='word_1_198' title='bbox 1293 2430 1798 2496; x_wconf 88' lang='lat' dir='ltr'>commemoravit,</span> <span class='ocrx_word' id='word_1_199' title='bbox 1837 2443 1949 2482; x_wconf 92' lang='lat' dir='ltr'>non</span> 
     </span>
    </p>
   </div>
   <div class='ocr_carea' id='block_1_28' title="bbox 281 2506 1959 2586">
    <p class='ocr_par' dir='ltr' id='par_1_28' title="bbox 281 2506 1959 2586">
     <span class='ocr_line' id='line_1_28' title="bbox 281 2506 1959 2586; baseline -0.005 -17"><span class='ocrx_word' id='word_1_200' title='bbox 281 2530 424 2586; x_wconf 70' lang='lat' dir='ltr'>quae</span> <span class='ocrx_word' id='word_1_201' title='bbox 466 2513 673 2583; x_wconf 73' lang='lat' dir='ltr'>primae</span> <span class='ocrx_word' id='word_1_202' title='bbox 715 2511 850 2579; x_wconf 84' lang='lat' dir='ltr'>suis</span> <span class='ocrx_word' id='word_1_203' title='bbox 912 2512 1258 2582; x_wconf 87' lang='lat' dir='ltr'>parentibus</span> <span class='ocrx_word' id='word_1_204' title='bbox 1309 2508 1541 2578; x_wconf 88' lang='lat' dir='ltr'>fuerint,</span> <span class='ocrx_word' id='word_1_205' title='bbox 1593 2507 1696 2563; x_wconf 91' lang='lat' dir='ltr'>sed</span> <span class='ocrx_word' id='word_1_206' title='bbox 1741 2523 1870 2579; x_wconf 68' lang='lat' dir='ltr'>quae</span> <span class='ocrx_word' id='word_1_207' title='bbox 1901 2506 1959 2560; x_wconf 91' lang='lat' dir='ltr'>in</span> 
     </span>
    </p>
   </div>
   <div class='ocr_carea' id='block_1_29' title="bbox 282 2590 1356 2669">
    <p class='ocr_par' dir='ltr' id='par_1_29' title="bbox 282 2590 1356 2669">
     <span class='ocr_line' id='line_1_29' title="bbox 282 2590 1356 2669; baseline -0.006 -19"><span class='ocrx_word' id='word_1_208' title='bbox 282 2592 751 2669; x_wconf 87' lang='lat' dir='ltr'>propagationis</span> <span class='ocrx_word' id='word_1_209' title='bbox 781 2591 1045 2648; x_wconf 88' lang='lat' dir='ltr'>ordinem</span> <span class='ocrx_word' id='word_1_210' title='bbox 1078 2590 1356 2646; x_wconf 89' lang='lat' dir='ltr'>venerint.</span> 
     </span>
    </p>
   </div>
   <div class='ocr_carea' id='block_1_30' title="bbox 365 2667 1964 2743">
    <p class='ocr_par' dir='ltr' id='par_1_30' title="bbox 365 2667 1964 2743">
     <span class='ocr_line' id='line_1_30' title="bbox 365 2667 1964 2743; baseline -0.003 -15"><span class='ocrx_word' id='word_1_211' title='bbox 365 2676 428 2729; x_wconf 82' lang='lat'>2.</span> <span class='ocrx_word' id='word_1_212' title='bbox 469 2672 731 2743; x_wconf 86' lang='lat' dir='ltr'>Exempli</span> <span class='ocrx_word' id='word_1_213' title='bbox 779 2672 991 2743; x_wconf 89' lang='lat' dir='ltr'>gratia,</span> <span class='ocrx_word' id='word_1_214' title='bbox 1041 2687 1156 2742; x_wconf 91' lang='lat' dir='ltr'>quo</span> <span class='ocrx_word' id='word_1_215' title='bbox 1189 2671 1243 2725; x_wconf 89' lang='lat' dir='ltr'>id</span> <span class='ocrx_word' id='word_1_216' title='bbox 1286 2673 1387 2725; x_wconf 80' lang='lat' dir='ltr'>fiat</span> <span class='ocrx_word' id='word_1_217' title='bbox 1416 2669 1694 2742; x_wconf 88' lang='lat' dir='ltr'>apertius,</span> <span class='ocrx_word' id='word_1_218' title='bbox 1743 2667 1964 2738; x_wconf 86' lang='lat' dir='ltr'>aliquid</span> 
     </span>
    </p>
   </div>
   <div class='ocr_carea' id='block_1_31' title="bbox 287 2749 1964 2823">
    <p class='ocr_par' dir='ltr' id='par_1_31' title="bbox 287 2749 1964 2823">
     <span class='ocr_line' id='line_1_31' title="bbox 287 2749 1964 2823; baseline -0.004 -13"><span class='ocrx_word' id='word_1_219' title='bbox 287 2755 710 2823; x_wconf 85' lang='lat' dir='ltr'>interponam,</span> <span class='ocrx_word' id='word_1_220' title='bbox 763 2752 915 2806; x_wconf 88' lang='lat' dir='ltr'>unde</span> <span class='ocrx_word' id='word_1_221' title='bbox 965 2752 1166 2806; x_wconf 86' lang='lat' dir='ltr'>nullus</span> <span class='ocrx_word' id='word_1_222' title='bbox 1215 2751 1473 2820; x_wconf 83' lang='lat' dir='ltr'>ambigat</span> <span class='ocrx_word' id='word_1_223' title='bbox 1516 2749 1638 2804; x_wconf 82' lang='lat' dir='ltr'>fieri</span> <span class='ocrx_word' id='word_1_224' title='bbox 1702 2749 1964 2818; x_wconf 86' lang='lat' dir='ltr'>potuisse</span> 
     </span>
    </p>
   </div>
   <div class='ocr_carea' id='block_1_32' title="bbox 287 2827 1960 2908">
    <p class='ocr_par' dir='ltr' id='par_1_32' title="bbox 287 2827 1960 2908">
     <span class='ocr_line' id='line_1_32' title="bbox 287 2827 1960 2908; baseline -0.005 -18"><span class='ocrx_word' id='word_1_225' title='bbox 287 2834 458 2908; x_wconf 86' lang='lat' dir='ltr'>quod</span> <span class='ocrx_word' id='word_1_226' title='bbox 527 2832 677 2886; x_wconf 87' lang='lat' dir='ltr'>dico.</span> <span class='ocrx_word' id='word_1_227' title='bbox 749 2830 1112 2900; x_wconf 85' lang='lat' dir='ltr'>Evangelista</span> <span class='ocrx_word' id='word_1_228' title='bbox 1164 2828 1475 2908; x_wconf 81' lang='lat' dir='ltr'>Matthaeus</span> <span class='ocrx_word' id='word_1_229' title='bbox 1525 2827 1960 2908; x_wconf 83' lang='lat' dir='ltr'>generationem</span> 
     </span>
    </p>
   </div>
   <div class='ocr_carea' id='block_1_33' title="bbox 287 2905 1959 2989">
    <p class='ocr_par' dir='ltr' id='par_1_33' title="bbox 287 2905 1959 2989">
     <span class='ocr_line' id='line_1_33' title="bbox 287 2905 1959 2989; baseline -0.006 -19"><span class='ocrx_word' id='word_1_230' title='bbox 287 2905 621 2989; x_wconf 68' lang='lat' dir='ltr'>Dominicas</span> <span class='ocrx_word' id='word_1_231' title='bbox 678 2910 872 2966; x_wconf 85' lang='lat' dir='ltr'>carnis</span> <span class='ocrx_word' id='word_1_232' title='bbox 949 2926 1051 2980; x_wconf 90' lang='lat' dir='ltr'>per</span> <span class='ocrx_word' id='word_1_233' title='bbox 1105 2907 1316 2963; x_wconf 89' lang='lat' dir='ltr'>seriem</span> <span class='ocrx_word' id='word_1_234' title='bbox 1385 2915 1692 2977; x_wconf 87' lang='lat' dir='ltr'>parentum</span> <span class='ocrx_word' id='word_1_235' title='bbox 1759 2905 1959 2960; x_wconf 85' lang='lat' dir='ltr'>volens</span> 
     </span>
    </p>
   </div>
   <div class='ocr_carea' id='block_1_34' title="bbox 281 2985 1962 3058">
    <p class='ocr_par' dir='ltr' id='par_1_34' title="bbox 281 2985 1962 3058">
     <span class='ocr_line' id='line_1_34' title="bbox 281 2985 1962 3058; baseline -0.007 -8"><span class='ocrx_word' id='word_1_236' title='bbox 281 2985 728 3052; x_wconf 84' lang='lat' dir='ltr'>commendare</span> <span class='ocrx_word' id='word_1_237' title='bbox 758 2991 1072 3055; x_wconf 75' lang='lat' dir='ltr'>memoriae,</span> <span class='ocrx_word' id='word_1_238' title='bbox 1106 2989 1341 3044; x_wconf 85' lang='lat' dir='ltr'>ordiens</span> <span class='ocrx_word' id='word_1_239' title='bbox 1372 3004 1406 3042; x_wconf 90' lang='lat' dir='ltr'>a</span> <span class='ocrx_word' id='word_1_240' title='bbox 1459 2991 1621 3058; x_wconf 87' lang='lat' dir='ltr'>patre</span> <span class='ocrx_word' id='word_1_241' title='bbox 1648 2985 1962 3054; x_wconf 86' lang='lat' dir='ltr'>Abraham,</span> 
     </span>
    </p>
   </div>
   <div class='ocr_carea' id='block_1_35' title="bbox 284 3067 1961 3148">
    <p class='ocr_par' dir='ltr' id='par_1_35' title="bbox 284 3067 1961 3148">
     <span class='ocr_line' id='line_1_35' title="bbox 284 3067 1961 3148; baseline -0.007 -16"><span class='ocrx_word' id='word_1_242' title='bbox 284 3082 487 3148; x_wconf 82' lang='lat' dir='ltr'>atque</span> <span class='ocrx_word' id='word_1_243' title='bbox 529 3075 602 3130; x_wconf 87' lang='lat' dir='ltr'>ad</span> <span class='ocrx_word' id='word_1_244' title='bbox 647 3074 826 3129; x_wconf 90' lang='lat' dir='ltr'>David</span> <span class='ocrx_word' id='word_1_245' title='bbox 859 3073 1132 3144; x_wconf 87' lang='lat' dir='ltr'>primitus</span> <span class='ocrx_word' id='word_1_246' title='bbox 1184 3077 1248 3125; x_wconf 90' lang='lat' dir='ltr'>ut</span> <span class='ocrx_word' id='word_1_247' title='bbox 1281 3069 1603 3140; x_wconf 90' lang='lat' dir='ltr'>perveniret</span> <span class='ocrx_word' id='word_1_248' title='bbox 1632 3067 1961 3148; x_wconf 86' lang='lat' dir='ltr'>intendens,</span> 
     </span>
    </p>
   </div>
   <div class='ocr_carea' id='block_1_36' title="bbox 279 3146 1963 3225">
    <p class='ocr_par' dir='ltr' id='par_1_36' title="bbox 279 3146 1963 3225">
     <span class='ocr_line' id='line_1_36' title="bbox 279 3146 1963 3225; baseline -0.007 -12"><span class='ocrx_word' id='word_1_249' title='bbox 279 3146 608 3223; x_wconf 57' lang='lat' dir='ltr'>Abnaham,</span> <span class='ocrx_word' id='word_1_250' title='bbox 651 3153 863 3225; x_wconf 88' lang='lat' dir='ltr'>inquit,</span> <span class='ocrx_word' id='word_1_251' title='bbox 913 3153 1111 3225; x_wconf 78' lang='lat' dir='ltr'>genuit</span> <span class='ocrx_word' id='word_1_252' title='bbox 1159 3153 1346 3206; x_wconf 83' lang='lat' dir='ltr'>Isaac:</span> <span class='ocrx_word' id='word_1_253' title='bbox 1376 3165 1483 3206; x_wconf 91' lang='lat' dir='ltr'>cur</span> <span class='ocrx_word' id='word_1_254' title='bbox 1539 3164 1652 3203; x_wconf 87' lang='lat' dir='ltr'>non</span> <span class='ocrx_word' id='word_1_255' title='bbox 1687 3146 1846 3213; x_wconf 84' lang='lat' dir='ltr'>dixit,</span> <span class='ocrx_word' id='word_1_256' title='bbox 1879 3148 1963 3202; x_wconf 90' lang='lat' dir='ltr'>Is-</span> 
     </span>
    </p>
   </div>
   <div class='ocr_carea' id='block_1_37' title="bbox 289 3226 1964 3307">
    <p class='ocr_par' dir='ltr' id='par_1_37' title="bbox 289 3226 1964 3307">
     <span class='ocr_line' id='line_1_37' title="bbox 289 3226 1964 3307; baseline -0.008 -14"><span class='ocrx_word' id='word_1_257' title='bbox 289 3235 478 3303; x_wconf 87' lang='lat' dir='ltr'>mael,</span> <span class='ocrx_word' id='word_1_258' title='bbox 519 3250 699 3307; x_wconf 88' lang='lat' dir='ltr'>quem</span> <span class='ocrx_word' id='word_1_259' title='bbox 735 3233 1002 3304; x_wconf 91' lang='lat' dir='ltr'>primitus</span> <span class='ocrx_word' id='word_1_260' title='bbox 1033 3231 1268 3303; x_wconf 82' lang='lat' dir='ltr'>genuit?</span> <span class='ocrx_word' id='word_1_261' title='bbox 1295 3232 1446 3288; x_wconf 69' lang='lat' dir='ltr'>Isaac</span> <span class='ocrx_word' id='word_1_262' title='bbox 1493 3237 1698 3298; x_wconf 82' lang='lat' dir='ltr'>autem,</span> <span class='ocrx_word' id='word_1_263' title='bbox 1753 3226 1964 3298; x_wconf 85' lang='lat' dir='ltr'>inquit,</span> 
     </span>
    </p>
   </div>
   <div class='ocr_carea' id='block_1_38' title="bbox 280 3308 1968 3390">
    <p class='ocr_par' dir='ltr' id='par_1_38' title="bbox 280 3308 1968 3390">
     <span class='ocr_line' id='line_1_38' title="bbox 280 3308 1968 3390; baseline -0.008 -16"><span class='ocrx_word' id='word_1_264' title='bbox 280 3319 491 3390; x_wconf 79' lang='lat' dir='ltr'>genuit</span> <span class='ocrx_word' id='word_1_265' title='bbox 524 3318 740 3373; x_wconf 84' lang='lat' dir='ltr'>Jacob:</span> <span class='ocrx_word' id='word_1_266' title='bbox 772 3331 877 3369; x_wconf 89' lang='lat' dir='ltr'>cur</span> <span class='ocrx_word' id='word_1_267' title='bbox 917 3329 1028 3368; x_wconf 91' lang='lat' dir='ltr'>non</span> <span class='ocrx_word' id='word_1_268' title='bbox 1063 3311 1226 3379; x_wconf 78' lang='lat' dir='ltr'>dixit,</span> <span class='ocrx_word' id='word_1_269' title='bbox 1259 3311 1427 3379; x_wconf 81' lang='lat' dir='ltr'>Esau,</span> <span class='ocrx_word' id='word_1_270' title='bbox 1463 3309 1559 3378; x_wconf 92' lang='lat' dir='ltr'>qui</span> <span class='ocrx_word' id='word_1_271' title='bbox 1589 3310 1715 3378; x_wconf 90' lang='lat' dir='ltr'>ejus</span> <span class='ocrx_word' id='word_1_272' title='bbox 1749 3308 1968 3377; x_wconf 85' lang='lat' dir='ltr'>primo-</span> 
     </span>
    </p>
   </div>
   <div class='ocr_carea' id='block_1_39' title="bbox 287 3390 1968 3472">
    <p class='ocr_par' dir='ltr' id='par_1_39' title="bbox 287 3390 1968 3472">
     <span class='ocr_line' id='line_1_39' title="bbox 287 3390 1968 3472; baseline -0.009 -17"><span class='ocrx_word' id='word_1_273' title='bbox 287 3399 550 3472; x_wconf 87' lang='lat' dir='ltr'>genitus</span> <span class='ocrx_word' id='word_1_274' title='bbox 586 3394 738 3450; x_wconf 71' lang='lat' dir='ltr'>fuit?</span> <span class='ocrx_word' id='word_1_275' title='bbox 770 3395 915 3460; x_wconf 88' lang='lat' dir='ltr'>Quia</span> <span class='ocrx_word' id='word_1_276' title='bbox 945 3394 1167 3450; x_wconf 88' lang='lat' dir='ltr'>scilicet</span> <span class='ocrx_word' id='word_1_277' title='bbox 1213 3409 1314 3463; x_wconf 91' lang='lat' dir='ltr'>per</span> <span class='ocrx_word' id='word_1_278' title='bbox 1354 3391 1487 3445; x_wconf 90' lang='lat' dir='ltr'>illos</span> <span class='ocrx_word' id='word_1_279' title='bbox 1518 3391 1597 3472; x_wconf 88' lang='lat' dir='ltr'>ad</span> <span class='ocrx_word' id='word_1_280' title='bbox 1644 3390 1812 3472; x_wconf 74' lang='lat' dir='ltr'>David</span> <span class='ocrx_word' id='word_1_281' title='bbox 1839 3403 1968 3458; x_wconf 77' lang='lat' dir='ltr'>per-</span> 
     </span>
    </p>
   </div>
   <div class='ocr_carea' id='block_1_40' title="bbox 291 3468 1975 3547">
    <p class='ocr_par' dir='ltr' id='par_1_40' title="bbox 291 3468 1975 3547">
     <span class='ocr_line' id='line_1_40' title="bbox 291 3468 1975 3547; baseline -0.01 -12"><span class='ocrx_word' id='word_1_282' title='bbox 291 3468 513 3535; x_wconf 68' lang='lat' dir='ltr'>venire</span> <span class='ocrx_word' id='word_1_283' title='bbox 563 3492 684 3532; x_wconf 90' lang='lat' dir='ltr'>non</span> <span class='ocrx_word' id='word_1_284' title='bbox 738 3479 954 3547; x_wconf 88' lang='lat' dir='ltr'>posset.</span> <span class='ocrx_word' id='word_1_285' title='bbox 987 3474 1207 3529; x_wconf 90' lang='lat' dir='ltr'>Deinde</span> <span class='ocrx_word' id='word_1_286' title='bbox 1238 3472 1524 3542; x_wconf 88' lang='lat' dir='ltr'>sequitur,</span> <span class='ocrx_word' id='word_1_287' title='bbox 1570 3468 1734 3523; x_wconf 86' lang='lat' dir='ltr'>Jacob</span> <span class='ocrx_word' id='word_1_288' title='bbox 1790 3477 1975 3522; x_wconf 84' lang='lat' dir='ltr'>autem</span> 
     </span>
    </p>
   </div>
   <div class='ocr_carea' id='block_1_41' title="bbox 291 3547 1975 3630">
    <p class='ocr_par' dir='ltr' id='par_1_41' title="bbox 291 3547 1975 3630">
     <span class='ocr_line' id='line_1_41' title="bbox 291 3547 1975 3630; baseline -0.011 -14"><span class='ocrx_word' id='word_1_289' title='bbox 291 3561 511 3630; x_wconf 79' lang='lat' dir='ltr'>genuit</span> <span class='ocrx_word' id='word_1_290' title='bbox 543 3559 774 3625; x_wconf 75' lang='lat' dir='ltr'>ludam,</span> <span class='ocrx_word' id='word_1_291' title='bbox 805 3559 857 3611; x_wconf 84' lang='lat' dir='ltr'>et</span> <span class='ocrx_word' id='word_1_292' title='bbox 883 3558 1086 3626; x_wconf 80' lang='lat' dir='ltr'>fratres</span> <span class='ocrx_word' id='word_1_293' title='bbox 1115 3554 1275 3623; x_wconf 86' lang='lat' dir='ltr'>ejus:</span> <span class='ocrx_word' id='word_1_294' title='bbox 1321 3547 1823 3630; x_wconf 86' lang='lat' dir='ltr'>numquidJudas</span> <span class='ocrx_word' id='word_1_295' title='bbox 1856 3547 1975 3630; x_wconf 78' lang='lat' dir='ltr'>p_ri-</span> 
     </span>
    </p>
   </div>
   <div class='ocr_carea' id='block_1_42' title="bbox 295 3626 1971 3710">
    <p class='ocr_par' dir='ltr' id='par_1_42' title="bbox 295 3626 1971 3710">
     <span class='ocr_line' id='line_1_42' title="bbox 295 3626 1971 3710; baseline -0.01 -15"><span class='ocrx_word' id='word_1_296' title='bbox 295 3626 666 3710; x_wconf 72' lang='lat' dir='ltr'>inogenitus</span> <span class='ocrx_word' id='word_1_297' title='bbox 700 3636 856 3692; x_wconf 80' lang='lat' dir='ltr'>fuit?</span> <span class='ocrx_word' id='word_1_298' title='bbox 883 3635 1070 3704; x_wconf 80' lang='lat' dir='ltr'>ludas,</span> <span class='ocrx_word' id='word_1_299' title='bbox 1096 3633 1308 3704; x_wconf 89' lang='lat' dir='ltr'>inquit,</span> <span class='ocrx_word' id='word_1_300' title='bbox 1340 3631 1529 3700; x_wconf 78' lang='lat' dir='ltr'>genuit</span> <span class='ocrx_word' id='word_1_301' title='bbox 1559 3627 1764 3710; x_wconf 72' lang='lat' dir='ltr'>Phares</span> <span class='ocrx_word' id='word_1_302' title='bbox 1792 3630 1842 3681; x_wconf 86' lang='lat' dir='ltr'>et</span> <span class='ocrx_word' id='word_1_303' title='bbox 1870 3626 1971 3710; x_wconf 65' lang='lat' dir='ltr'>lu-</span> 
     </span>
    </p>
   </div>
   <div class='ocr_carea' id='block_1_43' title="bbox 293 3703 1973 3790">
    <p class='ocr_par' dir='ltr' id='par_1_43' title="bbox 293 3703 1973 3790">
     <span class='ocr_line' id='line_1_43' title="bbox 293 3703 1973 3790; baseline -0.011 -14"><span class='ocrx_word' id='word_1_304' title='bbox 293 3703 439 3776; x_wconf 65' lang='grc' dir='ltr'>ναηῖ</span> <span class='ocrx_word' id='word_1_305' title='bbox 469 3717 707 3790; x_wconf 75' lang='lat' dir='ltr'>(Matth.</span> <span class='ocrx_word' id='word_1_306' title='bbox 740 3734 779 3785; x_wconf 86' lang='lat'>1,</span> <span class='ocrx_word' id='word_1_307' title='bbox 810 3717 864 3785; x_wconf 89' lang='lat'>2,</span> <span class='ocrx_word' id='word_1_308' title='bbox 914 3716 1002 3786; x_wconf 91' lang='lat'>3):</span> <span class='ocrx_word' id='word_1_309' title='bbox 1039 3731 1144 3770; x_wconf 90' lang='lat' dir='ltr'>nec</span> <span class='ocrx_word' id='word_1_310' title='bbox 1172 3703 1423 3767; x_wconf 86' lang='lat' dir='ltr'>istorum</span> <span class='ocrx_word' id='word_1_311' title='bbox 1464 3709 1832 3790; x_wconf 30' lang='lat' dir='ltr'>gemino-rum</span> <span class='ocrx_word' id='word_1_312' title='bbox 1862 3703 1973 3790; x_wconf 80' lang='lat' dir='ltr'>ali-</span> 
     </span>
    </p>
   </div>
   <div class='ocr_carea' id='block_1_44' title="bbox 293 3786 1976 3874">
    <p class='ocr_par' dir='ltr' id='par_1_44' title="bbox 293 3786 1976 3874">
     <span class='ocr_line' id='line_1_44' title="bbox 293 3786 1976 3874; baseline -0.01 -17"><span class='ocrx_word' id='word_1_313' title='bbox 293 3804 439 3874; x_wconf 87' lang='lat' dir='ltr'>quis</span> <span class='ocrx_word' id='word_1_314' title='bbox 481 3786 623 3855; x_wconf 70' lang='lat' dir='ltr'>fuit</span> <span class='ocrx_word' id='word_1_315' title='bbox 672 3797 1094 3869; x_wconf 84' lang='lat' dir='ltr'>primogenitus</span> <span class='ocrx_word' id='word_1_316' title='bbox 1140 3794 1335 3874; x_wconf 70' lang='lat' dir='ltr'>Judae,</span> <span class='ocrx_word' id='word_1_317' title='bbox 1365 3791 1462 3874; x_wconf 91' lang='lat' dir='ltr'>sed</span> <span class='ocrx_word' id='word_1_318' title='bbox 1513 3793 1646 3874; x_wconf 80' lang='lat' dir='ltr'>ante</span> <span class='ocrx_word' id='word_1_319' title='bbox 1692 3786 1825 3842; x_wconf 91' lang='lat' dir='ltr'>illos</span> <span class='ocrx_word' id='word_1_320' title='bbox 1849 3787 1976 3854; x_wconf 89' lang='lat' dir='ltr'>jam</span> 
     </span>
    </p>
   </div>
   <div class='ocr_carea' id='block_1_45' title="bbox 290 3871 1980 3953">
    <p class='ocr_par' dir='ltr' id='par_1_45' title="bbox 290 3871 1980 3953">
     <span class='ocr_line' id='line_1_45' title="bbox 290 3871 1980 3953; baseline -0.01 -16"><span class='ocrx_word' id='word_1_321' title='bbox 290 3871 417 3938; x_wconf 61' lang='lat' dir='ltr'>{res</span> <span class='ocrx_word' id='word_1_322' title='bbox 453 3884 778 3953; x_wconf 88' lang='lat' dir='ltr'>genuerat.</span> <span class='ocrx_word' id='word_1_323' title='bbox 814 3884 918 3933; x_wconf 83' lang='lat' dir='ltr'>Eos</span> <span class='ocrx_word' id='word_1_324' title='bbox 949 3878 1143 3947; x_wconf 88' lang='lat' dir='ltr'>itaque</span> <span class='ocrx_word' id='word_1_325' title='bbox 1185 3872 1370 3928; x_wconf 88' lang='lat' dir='ltr'>tenuit</span> <span class='ocrx_word' id='word_1_326' title='bbox 1417 3873 1472 3926; x_wconf 90' lang='lat' dir='ltr'>in</span> <span class='ocrx_word' id='word_1_327' title='bbox 1515 3871 1714 3925; x_wconf 88' lang='lat' dir='ltr'>ordine</span> <span class='ocrx_word' id='word_1_328' title='bbox 1744 3883 1980 3939; x_wconf 88' lang='lat' dir='ltr'>genera-</span> 
     </span>
    </p>
   </div>
   <div class='ocr_carea' id='block_1_46' title="bbox 292 3949 1982 4030">
    <p class='ocr_par' dir='ltr' id='par_1_46' title="bbox 292 3949 1982 4030">
     <span class='ocr_line' id='line_1_46' title="bbox 292 3949 1982 4030; baseline -0.009 -12"><span class='ocrx_word' id='word_1_329' title='bbox 292 3949 585 4026; x_wconf 61' lang='lat' dir='ltr'>tiomim,</span> <span class='ocrx_word' id='word_1_330' title='bbox 628 3976 727 4029; x_wconf 88' lang='lat' dir='ltr'>per</span> <span class='ocrx_word' id='word_1_331' title='bbox 759 3976 907 4030; x_wconf 89' lang='lat' dir='ltr'>quos</span> <span class='ocrx_word' id='word_1_332' title='bbox 936 3959 1004 4012; x_wconf 87' lang='lat' dir='ltr'>ad</span> <span class='ocrx_word' id='word_1_333' title='bbox 1041 3953 1242 4022; x_wconf 89' lang='lat' dir='ltr'>David,</span> <span class='ocrx_word' id='word_1_334' title='bbox 1276 3960 1453 4024; x_wconf 90' lang='lat' dir='ltr'>atque</span> <span class='ocrx_word' id='word_1_335' title='bbox 1485 3950 1618 4004; x_wconf 91' lang='lat' dir='ltr'>inde</span> <span class='ocrx_word' id='word_1_336' title='bbox 1651 3965 1763 4018; x_wconf 91' lang='lat' dir='ltr'>quo</span> <span class='ocrx_word' id='word_1_337' title='bbox 1794 3949 1982 4002; x_wconf 87' lang='lat' dir='ltr'>inten-</span> 
     </span>
    </p>
   </div>
   <div class='ocr_carea' id='block_1_47' title="bbox 287 4032 1979 4113">
    <p class='ocr_par' dir='ltr' id='par_1_47' title="bbox 287 4032 1979 4113">
     <span class='ocr_line' id='line_1_47' title="bbox 287 4032 1979 4113; baseline -0.01 -14"><span class='ocrx_word' id='word_1_338' title='bbox 287 4044 494 4110; x_wconf 83' lang='lat' dir='ltr'>derat,</span> <span class='ocrx_word' id='word_1_339' title='bbox 537 4041 893 4113; x_wconf 87' lang='lat' dir='ltr'>perveniret.</span> <span class='ocrx_word' id='word_1_340' title='bbox 943 4039 1020 4092; x_wconf 85' lang='lat' dir='ltr'><strong>Ex</strong></span> <span class='ocrx_word' id='word_1_341' title='bbox 1052 4053 1163 4106; x_wconf 92' lang='lat' dir='ltr'>quo</span> <span class='ocrx_word' id='word_1_342' title='bbox 1216 4032 1464 4104; x_wconf 87' lang='lat' dir='ltr'>intelligi</span> <span class='ocrx_word' id='word_1_343' title='bbox 1512 4034 1723 4113; x_wconf 79' lang='lat' dir='ltr'>potest,</span> <span class='ocrx_word' id='word_1_344' title='bbox 1756 4034 1979 4113; x_wconf 82' lang='lat' dir='ltr'>veteres</span> 
     </span>
    </p>
   </div>
   <div class='ocr_carea' id='block_1_48' title="bbox 285 4110 1974 4196">
    <p class='ocr_par' dir='ltr' id='par_1_48' title="bbox 285 4110 1974 4196">
     <span class='ocr_line' id='line_1_48' title="bbox 285 4110 1974 4196; baseline -0.012 -15"><span class='ocrx_word' id='word_1_345' title='bbox 285 4110 558 4196; x_wconf 79' lang='lat' dir='ltr'>quoque</span> <span class='ocrx_word' id='word_1_346' title='bbox 594 4121 864 4175; x_wconf 89' lang='lat' dir='ltr'>homines</span> <span class='ocrx_word' id='word_1_347' title='bbox 896 4123 1029 4174; x_wconf 86' lang='lat' dir='ltr'>ante</span> <span class='ocrx_word' id='word_1_348' title='bbox 1067 4115 1354 4171; x_wconf 88' lang='lat' dir='ltr'>diluvium</span> <span class='ocrx_word' id='word_1_349' title='bbox 1388 4129 1502 4168; x_wconf 86' lang='lat' dir='ltr'>non</span> <span class='ocrx_word' id='word_1_350' title='bbox 1540 4110 1974 4196; x_wconf 73' lang='lat' dir='ltr'>primogenitos,</span> 
     </span>
    </p>
   </div>
   <div class='ocr_carea' id='block_1_49' title="bbox 287 4188 1979 4264">
    <p class='ocr_par' dir='ltr' id='par_1_49' title="bbox 287 4188 1979 4264">
     <span class='ocr_line' id='line_1_49' title="bbox 287 4188 1979 4264; baseline -0.011 -5"><span class='ocrx_word' id='word_1_351' title='bbox 287 4188 392 4259; x_wconf 73' lang='lat' dir='ltr'>sed</span> <span class='ocrx_word' id='word_1_352' title='bbox 429 4188 550 4259; x_wconf 59' lang='lat' dir='ltr'>Eos</span> <span class='ocrx_word' id='word_1_353' title='bbox 590 4201 777 4256; x_wconf 79' lang='lat' dir='ltr'>fuisse</span> <span class='ocrx_word' id='word_1_354' title='bbox 808 4199 1319 4259; x_wconf 89' lang='lat' dir='ltr'>commemoratos,</span> <span class='ocrx_word' id='word_1_355' title='bbox 1354 4210 1453 4264; x_wconf 89' lang='lat' dir='ltr'>per</span> <span class='ocrx_word' id='word_1_356' title='bbox 1484 4208 1632 4264; x_wconf 88' lang='lat' dir='ltr'>quos</span> <span class='ocrx_word' id='word_1_357' title='bbox 1664 4188 1979 4245; x_wconf 87' lang='lat' dir='ltr'>succeden-</span> 
     </span>
    </p>
   </div>
   <div class='ocr_carea' id='block_1_50' title="bbox 290 4267 1982 4353">
    <p class='ocr_par' dir='ltr' id='par_1_50' title="bbox 290 4267 1982 4353">
     <span class='ocr_line' id='line_1_50' title="bbox 290 4267 1982 4353; baseline -0.01 -15"><span class='ocrx_word' id='word_1_358' title='bbox 290 4285 448 4340; x_wconf 88' lang='lat' dir='ltr'>tium</span> <span class='ocrx_word' id='word_1_359' title='bbox 487 4283 653 4338; x_wconf 91' lang='lat' dir='ltr'>ordo</span> <span class='ocrx_word' id='word_1_360' title='bbox 684 4281 1120 4353; x_wconf 88' lang='lat' dir='ltr'>generalionum</span> <span class='ocrx_word' id='word_1_361' title='bbox 1173 4275 1245 4330; x_wconf 89' lang='lat' dir='ltr'>ad</span> <span class='ocrx_word' id='word_1_362' title='bbox 1279 4275 1395 4333; x_wconf 88' lang='lat' dir='ltr'>Noe</span> <span class='ocrx_word' id='word_1_363' title='bbox 1445 4270 1837 4346; x_wconf 87' lang='lat' dir='ltr'>patriarcham</span> <span class='ocrx_word' id='word_1_364' title='bbox 1871 4267 1982 4322; x_wconf 91' lang='lat' dir='ltr'>du-</span> 
     </span>
    </p>
   </div>
   <div class='ocr_carea' id='block_1_51' title="bbox 289 4353 1981 4432">
    <p class='ocr_par' dir='ltr' id='par_1_51' title="bbox 289 4353 1981 4432">
     <span class='ocr_line' id='line_1_51' title="bbox 289 4353 1981 4432; baseline -0.011 -10"><span class='ocrx_word' id='word_1_365' title='bbox 289 4373 572 4432; x_wconf 87' lang='lat' dir='ltr'>ceretur,</span> <span class='ocrx_word' id='word_1_366' title='bbox 601 4377 678 4418; x_wconf 89' lang='lat' dir='ltr'>ne</span> <span class='ocrx_word' id='word_1_367' title='bbox 708 4379 849 4418; x_wconf 73' lang='lat' dir='ltr'>serie</span> <span class='ocrx_word' id='word_1_368' title='bbox 882 4357 1202 4432; x_wconf 86' lang='lat' dir='ltr'>pubertatis</span> <span class='ocrx_word' id='word_1_369' title='bbox 1235 4355 1466 4411; x_wconf 86' lang='lat' dir='ltr'>illorum</span> <span class='ocrx_word' id='word_1_370' title='bbox 1502 4354 1752 4410; x_wconf 89' lang='lat' dir='ltr'>obscura</span> <span class='ocrx_word' id='word_1_371' title='bbox 1781 4353 1837 4406; x_wconf 90' lang='lat' dir='ltr'>et</span> <span class='ocrx_word' id='word_1_372' title='bbox 1867 4364 1981 4405; x_wconf 91' lang='lat' dir='ltr'>non</span> 
     </span>
    </p>
   </div>
   <div class='ocr_carea' id='block_1_52' title="bbox 291 4436 1336 4516">
    <p class='ocr_par' dir='ltr' id='par_1_52' title="bbox 291 4436 1336 4516">
     <span class='ocr_line' id='line_1_52' title="bbox 291 4436 1336 4516; baseline -0.011 -10"><span class='ocrx_word' id='word_1_373' title='bbox 291 4447 660 4506; x_wconf 85' lang='lat' dir='ltr'>necessaria</span> <span class='ocrx_word' id='word_1_374' title='bbox 690 4442 938 4516; x_wconf 72' lang='lat' dir='ltr'>quaestio</span> <span class='ocrx_word' id='word_1_375' title='bbox 970 4455 1076 4497; x_wconf 88' lang='lat' dir='ltr'>nos</span> <span class='ocrx_word' id='word_1_376' title='bbox 1109 4436 1336 4508; x_wconf 81' lang='lat' dir='ltr'>fatiget.</span> 
     </span>
    </p>
   </div>
   <div class='ocr_carea' id='block_1_53' title="bbox 285 4593 1986 4679">
    <p class='ocr_par' dir='ltr' id='par_1_53' title="bbox 285 4593 1986 4679">
     <span class='ocr_line' id='line_1_53' title="bbox 285 4593 1986 4679; baseline -0.016 -5"><span class='ocrx_word' id='word_1_377' title='bbox 285 4616 549 4674; x_wconf 81' lang='lat' dir='ltr'>CAPUT</span> <span class='ocrx_word' id='word_1_378' title='bbox 588 4612 748 4672; x_wconf 88' lang='lat' dir='ltr'><strong>XVI.</strong></span> <span class='ocrx_word' id='word_1_379' title='bbox 780 4640 849 4653; x_wconf 89' lang='lat'><strong><em>—</em></strong></span> <span class='ocrx_word' id='word_1_380' title='bbox 881 4610 952 4665; x_wconf 88' lang='lat' dir='ltr'>De</span> <span class='ocrx_word' id='word_1_381' title='bbox 972 4607 1104 4679; x_wconf 86' lang='lat' dir='ltr'>jure</span> <span class='ocrx_word' id='word_1_382' title='bbox 1133 4602 1517 4674; x_wconf 72' lang='lat' dir='ltr'>coniugiorum</span> <span class='ocrx_word' id='word_1_383' title='bbox 1547 4597 1688 4672; x_wconf 87' lang='lat' dir='ltr'>quod</span> <span class='ocrx_word' id='word_1_384' title='bbox 1716 4593 1986 4652; x_wconf 79' lang='lat' dir='ltr'>dissimile</span> 
     </span>
    </p>
   </div>
   <div class='ocr_carea' id='block_1_54' title="bbox 355 4679 1990 4766">
    <p class='ocr_par' dir='ltr' id='par_1_54' title="bbox 355 4679 1990 4766">
     <span class='ocr_line' id='line_1_54' title="bbox 355 4679 1990 4766; baseline -0.017 -11"><span class='ocrx_word' id='word_1_385' title='bbox 355 4717 394 4755; x_wconf 90' lang='lat' dir='ltr'>a</span> <span class='ocrx_word' id='word_1_386' title='bbox 416 4692 914 4766; x_wconf 80' lang='lat' dir='ltr'>subsequentibus</span> <span class='ocrx_word' id='word_1_387' title='bbox 938 4687 1314 4745; x_wconf 81' lang='lat' dir='ltr'>matrimoniis</span> <span class='ocrx_word' id='word_1_388' title='bbox 1338 4683 1638 4739; x_wconf 84' lang='lat' dir='ltr'>habuerint</span> <span class='ocrx_word' id='word_1_389' title='bbox 1659 4679 1845 4751; x_wconf 84' lang='lat' dir='ltr'>prima</span> <span class='ocrx_word' id='word_1_390' title='bbox 1865 4689 1990 4730; x_wconf 89' lang='lat' dir='ltr'>con-</span> 
     </span>
    </p>
   </div>
   <div class='ocr_carea' id='block_1_55' title="bbox 357 4779 596 4835">
    <p class='ocr_par' dir='ltr' id='par_1_55' title="bbox 357 4779 596 4835">
     <span class='ocr_line' id='line_1_55' title="bbox 357 4779 596 4835; baseline -0.013 0"><span class='ocrx_word' id='word_1_391' title='bbox 357 4779 596 4835; x_wconf 80' lang='lat' dir='ltr'>nubia.</span> 
     </span>
    </p>
   </div>
   <div class='ocr_carea' id='block_1_56' title="bbox 363 4893 1987 4982">
    <p class='ocr_par' dir='ltr' id='par_1_56' title="bbox 363 4893 1987 4982">
     <span class='ocr_line' id='line_1_56' title="bbox 363 4893 1987 4982; baseline -0.018 -8"><span class='ocrx_word' id='word_1_392' title='bbox 363 4919 420 4973; x_wconf 86' lang='grc'>1.</span> <span class='ocrx_word' id='word_1_393' title='bbox 472 4918 651 4972; x_wconf 88' lang='lat' dir='ltr'>Cum</span> <span class='ocrx_word' id='word_1_394' title='bbox 708 4909 888 4982; x_wconf 85' lang='lat' dir='ltr'>igitur</span> <span class='ocrx_word' id='word_1_395' title='bbox 935 4921 1121 4980; x_wconf 90' lang='lat' dir='ltr'>genus</span> <span class='ocrx_word' id='word_1_396' title='bbox 1169 4903 1498 4958; x_wconf 86' lang='lat' dir='ltr'>humanum</span> <span class='ocrx_word' id='word_1_397' title='bbox 1559 4901 1699 4982; x_wconf 78' lang='lat' dir='ltr'>post</span> <span class='ocrx_word' id='word_1_398' title='bbox 1740 4893 1987 4982; x_wconf 76' lang='lat' dir='ltr'>primam</span> 
     </span>
    </p>
   </div>
   <div class='ocr_carea' id='block_1_57' title="bbox 281 4975 1990 5071">
    <p class='ocr_par' dir='ltr' id='par_1_57' title="bbox 281 4975 1990 5071">
     <span class='ocr_line' id='line_1_57' title="bbox 281 4975 1990 5071; baseline -0.018 -15"><span class='ocrx_word' id='word_1_399' title='bbox 281 4999 606 5071; x_wconf 83' lang='lat' dir='ltr'>cOpulam</span> <span class='ocrx_word' id='word_1_400' title='bbox 643 4975 762 5048; x_wconf 71' lang='lat' dir='ltr'>viri</span> <span class='ocrx_word' id='word_1_401' title='bbox 783 4989 917 5045; x_wconf 88' lang='lat' dir='ltr'>facti</span> <span class='ocrx_word' id='word_1_402' title='bbox 938 4975 1018 5043; x_wconf 65' lang='lat' dir='ltr'>sx</span> <span class='ocrx_word' id='word_1_403' title='bbox 1068 4984 1328 5071; x_wconf 78' lang='lat' dir='ltr'>pulvere,</span> <span class='ocrx_word' id='word_1_404' title='bbox 1382 4985 1439 5036; x_wconf 88' lang='lat' dir='ltr'>et</span> <span class='ocrx_word' id='word_1_405' title='bbox 1469 4975 1735 5069; x_wconf 73' lang='lat' dir='ltr'>conjugis</span> <span class='ocrx_word' id='word_1_406' title='bbox 1766 4975 1891 5071; x_wconf 79' lang='lat' dir='ltr'>ejus</span> <span class='ocrx_word' id='word_1_407' title='bbox 1921 4988 1990 5027; x_wconf 82' lang='lat' dir='ltr'>ex</span> 
     </span>
    </p>
   </div>
   <div class='ocr_carea' id='block_1_58' title="bbox 282 5059 1995 5141">
    <p class='ocr_par' dir='ltr' id='par_1_58' title="bbox 282 5059 1995 5141">
     <span class='ocr_line' id='line_1_58' title="bbox 282 5059 1995 5141; baseline -0.015 -8"><span class='ocrx_word' id='word_1_408' title='bbox 282 5059 402 5135; x_wconf 64' lang='lat' dir='ltr'>viri</span> <span class='ocrx_word' id='word_1_409' title='bbox 462 5079 699 5141; x_wconf 83' lang='lat' dir='ltr'>latere,</span> <span class='ocrx_word' id='word_1_410' title='bbox 741 5070 991 5126; x_wconf 88' lang='lat' dir='ltr'>marium</span> <span class='ocrx_word' id='word_1_411' title='bbox 1053 5066 1550 5141; x_wconf 88' lang='lat' dir='ltr'>feminarumque</span> <span class='ocrx_word' id='word_1_412' title='bbox 1585 5059 1995 5127; x_wconf 87' lang='lat' dir='ltr'>conjunctione</span> 
     </span>
    </p>
   </div>
   <div class='ocr_carea' id='block_1_59' title="bbox 282 5140 1994 5231">
    <p class='ocr_par' dir='ltr' id='par_1_59' title="bbox 282 5140 1994 5231">
     <span class='ocr_line' id='line_1_59' title="bbox 282 5140 1994 5231; baseline -0.016 -15"><span class='ocrx_word' id='word_1_413' title='bbox 282 5178 452 5231; x_wconf 81' lang='lat' dir='ltr'>opus</span> <span class='ocrx_word' id='word_1_414' title='bbox 514 5140 800 5218; x_wconf 82' lang='lat' dir='ltr'>haberet,</span> <span class='ocrx_word' id='word_1_415' title='bbox 844 5154 910 5206; x_wconf 89' lang='lat' dir='ltr'>ut</span> <span class='ocrx_word' id='word_1_416' title='bbox 956 5146 1252 5231; x_wconf 83' lang='lat' dir='ltr'>gignendo</span> <span class='ocrx_word' id='word_1_417' title='bbox 1303 5140 1835 5231; x_wconf 36' lang='lat' dir='ltr'>multi-plicaretur;</span> <span class='ocrx_word' id='word_1_418' title='bbox 1889 5149 1994 5231; x_wconf 77' lang='lat' dir='ltr'>nec</span> 
     </span>
    </p>
   </div>
   <div class='ocr_carea' id='block_1_60' title="bbox 281 5218 1992 5298">
    <p class='ocr_par' dir='ltr' id='par_1_60' title="bbox 281 5218 1992 5298">
     <span class='ocr_line' id='line_1_60' title="bbox 281 5218 1992 5298; baseline -0.018 -1"><span class='ocrx_word' id='word_1_419' title='bbox 281 5218 510 5297; x_wconf 76' lang='lat' dir='ltr'>essent</span> <span class='ocrx_word' id='word_1_420' title='bbox 548 5235 672 5292; x_wconf 87' lang='lat' dir='ltr'>ulli</span> <span class='ocrx_word' id='word_1_421' title='bbox 703 5218 993 5298; x_wconf 71' lang='lat' dir='ltr'>homines,</span> <span class='ocrx_word' id='word_1_422' title='bbox 1026 5218 1168 5283; x_wconf 28' lang='lat' dir='ltr'>inisi</span> <span class='ocrx_word' id='word_1_423' title='bbox 1220 5225 1319 5296; x_wconf 89' lang='lat' dir='ltr'>qui</span> <span class='ocrx_word' id='word_1_424' title='bbox 1350 5239 1417 5278; x_wconf 86' lang='lat' dir='ltr'>ex</span> <span class='ocrx_word' id='word_1_425' title='bbox 1467 5221 1583 5276; x_wconf 89' lang='lat' dir='ltr'>illis</span> <span class='ocrx_word' id='word_1_426' title='bbox 1615 5218 1846 5274; x_wconf 87' lang='lat' dir='ltr'>duobus</span> <span class='ocrx_word' id='word_1_427' title='bbox 1870 5218 1992 5270; x_wconf 90' lang='lat' dir='ltr'>nati</span> 
     </span>
    </p>
   </div>
   <div class='ocr_carea' id='block_1_61' title="bbox 282 5302 2000 5385">
    <p class='ocr_par' dir='ltr' id='par_1_61' title="bbox 282 5302 2000 5385">
     <span class='ocr_line' id='line_1_61' title="bbox 282 5302 2000 5385; baseline -0.018 -5"><span class='ocrx_word' id='word_1_428' title='bbox 282 5323 579 5378; x_wconf 83' lang='lat' dir='ltr'>fuissent</span> <span class='ocrx_word' id='word_1_429' title='bbox 613 5334 630 5385; x_wconf 90' lang='lat'><strong>;</strong></span> <span class='ocrx_word' id='word_1_430' title='bbox 671 5315 780 5370; x_wconf 90' lang='lat' dir='ltr'>viri</span> <span class='ocrx_word' id='word_1_431' title='bbox 825 5325 1058 5369; x_wconf 88' lang='lat' dir='ltr'>sorores</span> <span class='ocrx_word' id='word_1_432' title='bbox 1097 5323 1233 5362; x_wconf 89' lang='lat' dir='ltr'>suas</span> <span class='ocrx_word' id='word_1_433' title='bbox 1274 5305 1553 5375; x_wconf 88' lang='lat' dir='ltr'>conjuges</span> <span class='ocrx_word' id='word_1_434' title='bbox 1604 5302 1951 5385; x_wconf 77' lang='lat' dir='ltr'>acceperunt</span> <span class='ocrx_word' id='word_1_435' title='bbox 1984 5306 2000 5348; x_wconf 88' lang='lat'><strong>:</strong></span> 
     </span>
    </p>
   </div>
   <div class='ocr_carea' id='block_1_62' title="bbox 281 5375 1998 5475">
    <p class='ocr_par' dir='ltr' id='par_1_62' title="bbox 281 5375 1998 5475">
     <span class='ocr_line' id='line_1_62' title="bbox 281 5375 1998 5475; baseline -0.019 -14"><span class='ocrx_word' id='word_1_436' title='bbox 281 5375 806 5475; x_wconf 35' lang='lat' dir='ltr'>quodvpr&#39;ofecto</span> <span class='ocrx_word' id='word_1_437' title='bbox 859 5395 1076 5464; x_wconf 87' lang='lat' dir='ltr'>quanto</span> <span class='ocrx_word' id='word_1_438' title='bbox 1127 5392 1216 5443; x_wconf 87' lang='lat' dir='ltr'>est</span> <span class='ocrx_word' id='word_1_439' title='bbox 1238 5385 1567 5475; x_wconf 69' lang='lat' dir='ltr'>_antiquius</span> <span class='ocrx_word' id='word_1_440' title='bbox 1613 5375 1998 5475; x_wconf 34' lang='lat' dir='ltr'>compe‘lloenle</span> 
     </span>
    </p>
   </div>
   <div class='ocr_carea' id='block_1_63' title="bbox 280 5457 1995 5546">
    <p class='ocr_par' dir='ltr' id='par_1_63' title="bbox 280 5457 1995 5546">
     <span class='ocr_line' id='line_1_63' title="bbox 280 5457 1995 5546; baseline -0.016 -5"><span class='ocrx_word' id='word_1_441' title='bbox 280 5457 716 5546; x_wconf 53' lang='lat' dir='ltr'>deceasitate,</span> <span class='ocrx_word' id='word_1_442' title='bbox 771 5457 934 5531; x_wconf 72' lang='lat' dir='ltr'>tanto</span> <span class='ocrx_word' id='word_1_443' title='bbox 982 5474 1187 5544; x_wconf 90' lang='lat' dir='ltr'>postea</span> <span class='ocrx_word' id='word_1_444' title='bbox 1232 5468 1450 5525; x_wconf 86' lang='lat' dir='ltr'>factum</span> <span class='ocrx_word' id='word_1_445' title='bbox 1477 5470 1567 5522; x_wconf 90' lang='lat' dir='ltr'>est</span> <span class='ocrx_word' id='word_1_446' title='bbox 1596 5457 1995 5520; x_wconf 87' lang='lat' dir='ltr'>damnabilius</span> 
     </span>
    </p>
   </div>
   <div class='ocr_carea' id='block_1_64' title="bbox 677 5656 1153 5720">
    <p class='ocr_par' dir='ltr' id='par_1_64' title="bbox 677 5656 1153 5720">
     <span class='ocr_line' id='line_1_64' title="bbox 677 5656 1153 5720; baseline 0.004 -2"><span class='ocrx_word' id='word_1_447' title='bbox 677 5659 942 5718; x_wconf 76' lang='lat' dir='ltr'>PATROL.</span> <span class='ocrx_word' id='word_1_448' title='bbox 989 5656 1153 5720; x_wconf 73' lang='lat' dir='ltr'>XLI.</span> 
     </span>
    </p>
   </div>
   <div class='ocr_carea' id='block_1_65' title="bbox 1473 282 2493 357">
    <p class='ocr_par' dir='ltr' id='par_1_65' title="bbox 1473 282 2493 357">
     <span class='ocr_line' id='line_1_65' title="bbox 1473 282 2493 357; baseline 0 -13"><span class='ocrx_word' id='word_1_449' title='bbox 1473 284 1708 345; x_wconf 79' lang='lat' dir='ltr'>LIBER</span> <span class='ocrx_word' id='word_1_450' title='bbox 1750 282 2084 347; x_wconf 84' lang='lat' dir='ltr'>DECIMUS</span> <span class='ocrx_word' id='word_1_451' title='bbox 2129 283 2493 357; x_wconf 80' lang='lat' dir='ltr'>QUINTUS.</span> 
     </span>
    </p>
   </div>
   <div class='ocr_carea' id='block_1_66' title="bbox 3558 294 3676 354">
    <p class='ocr_par' dir='ltr' id='par_1_66' title="bbox 3558 294 3676 354">
     <span class='ocr_line' id='line_1_66' title="bbox 3558 294 3676 354; baseline 0 0"><span class='ocrx_word' id='word_1_452' title='bbox 3558 294 3676 354; x_wconf 71' lang='lat'>458</span> 
     </span>
    </p>
   </div>
   <div class='ocr_carea' id='block_1_67' title="bbox 2044 416 3687 489">
    <p class='ocr_par' dir='ltr' id='par_1_67' title="bbox 2044 416 3687 489">
     <span class='ocr_line' id='line_1_67' title="bbox 2044 416 3687 489; baseline 0.004 -17"><span class='ocrx_word' id='word_1_453' title='bbox 2044 416 2321 489; x_wconf 88' lang='lat' dir='ltr'>religione</span> <span class='ocrx_word' id='word_1_454' title='bbox 2353 416 2714 489; x_wconf 84' lang='lat' dir='ltr'>prohibente.</span> <span class='ocrx_word' id='word_1_455' title='bbox 2765 419 2971 476; x_wconf 79' lang='lat' dir='ltr'>Habita</span> <span class='ocrx_word' id='word_1_456' title='bbox 3000 422 3089 477; x_wconf 88' lang='lat' dir='ltr'>est</span> <span class='ocrx_word' id='word_1_457' title='bbox 3121 421 3276 478; x_wconf 91' lang='lat' dir='ltr'>enim</span> <span class='ocrx_word' id='word_1_458' title='bbox 3309 422 3454 478; x_wconf 89' lang='lat' dir='ltr'>ratio</span> <span class='ocrx_word' id='word_1_459' title='bbox 3485 425 3687 480; x_wconf 83' lang='lat' dir='ltr'>rectis-</span> 
     </span>
    </p>
   </div>
   <div class='ocr_carea' id='block_1_68' title="bbox 2043 499 3689 575">
    <p class='ocr_par' dir='ltr' id='par_1_68' title="bbox 2043 499 3689 575">
     <span class='ocr_line' id='line_1_68' title="bbox 2043 499 3689 575; baseline 0.004 -20"><span class='ocrx_word' id='word_1_460' title='bbox 2043 501 2190 555; x_wconf 89' lang='lat' dir='ltr'>sima</span> <span class='ocrx_word' id='word_1_461' title='bbox 2229 499 2553 567; x_wconf 90' lang='lat' dir='ltr'>charitatis,</span> <span class='ocrx_word' id='word_1_462' title='bbox 2616 505 2675 554; x_wconf 94' lang='lat' dir='ltr'>ut</span> <span class='ocrx_word' id='word_1_463' title='bbox 2734 502 2993 558; x_wconf 89' lang='lat' dir='ltr'>homines</span> <span class='ocrx_word' id='word_1_464' title='bbox 3051 503 3265 575; x_wconf 90' lang='lat' dir='ltr'>quibus</span> <span class='ocrx_word' id='word_1_465' title='bbox 3324 509 3476 561; x_wconf 89' lang='lat' dir='ltr'>esset</span> <span class='ocrx_word' id='word_1_466' title='bbox 3526 506 3689 562; x_wconf 84' lang='lat' dir='ltr'>utilis</span> 
     </span>
    </p>
   </div>
   <div class='ocr_carea' id='block_1_69' title="bbox 2041 580 3686 650">
    <p class='ocr_par' dir='ltr' id='par_1_69' title="bbox 2041 580 3686 650">
     <span class='ocr_line' id='line_1_69' title="bbox 2041 580 3686 650; baseline 0.004 -15"><span class='ocrx_word' id='word_1_467' title='bbox 2041 585 2214 650; x_wconf 89' lang='lat' dir='ltr'>atque</span> <span class='ocrx_word' id='word_1_468' title='bbox 2244 580 2485 635; x_wconf 87' lang='lat' dir='ltr'>honesta</span> <span class='ocrx_word' id='word_1_469' title='bbox 2515 582 2842 649; x_wconf 90' lang='lat' dir='ltr'>concordia,</span> <span class='ocrx_word' id='word_1_470' title='bbox 2877 583 3238 639; x_wconf 89' lang='lat' dir='ltr'>diversarum</span> <span class='ocrx_word' id='word_1_471' title='bbox 3269 586 3686 642; x_wconf 85' lang='lat' dir='ltr'>neccessitudi-</span> 
     </span>
    </p>
   </div>
   <div class='ocr_carea' id='block_1_70' title="bbox 2043 659 3686 728">
    <p class='ocr_par' dir='ltr' id='par_1_70' title="bbox 2043 659 3686 728">
     <span class='ocr_line' id='line_1_70' title="bbox 2043 659 3686 728; baseline 0.004 -12"><span class='ocrx_word' id='word_1_472' title='bbox 2043 677 2184 716; x_wconf 91' lang='lat' dir='ltr'>num</span> <span class='ocrx_word' id='word_1_473' title='bbox 2208 659 2456 715; x_wconf 90' lang='lat' dir='ltr'>vinculis</span> <span class='ocrx_word' id='word_1_474' title='bbox 2488 667 2892 728; x_wconf 88' lang='lat' dir='ltr'>necterentur;</span> <span class='ocrx_word' id='word_1_475' title='bbox 2927 679 3031 719; x_wconf 91' lang='lat' dir='ltr'>nec</span> <span class='ocrx_word' id='word_1_476' title='bbox 3063 681 3218 719; x_wconf 92' lang='lat' dir='ltr'>unus</span> <span class='ocrx_word' id='word_1_477' title='bbox 3249 666 3308 719; x_wconf 93' lang='lat' dir='ltr'>in</span> <span class='ocrx_word' id='word_1_478' title='bbox 3341 681 3456 721; x_wconf 91' lang='lat' dir='ltr'>uno</span> <span class='ocrx_word' id='word_1_479' title='bbox 3478 666 3496 699; x_wconf 74' lang='grc' dir='ltr'>ί</span> <span class='ocrx_word' id='word_1_480' title='bbox 3532 667 3686 722; x_wconf 87' lang='lat' dir='ltr'>mul-</span> 
     </span>
    </p>
   </div>
   <div class='ocr_carea' id='block_1_71' title="bbox 2045 742 3689 817">
    <p class='ocr_par' dir='ltr' id='par_1_71' title="bbox 2045 742 3689 817">
     <span class='ocr_line' id='line_1_71' title="bbox 2045 742 3689 817; baseline 0.004 -20"><span class='ocrx_word' id='word_1_481' title='bbox 2045 749 2127 797; x_wconf 90' lang='lat' dir='ltr'>tas</span> <span class='ocrx_word' id='word_1_482' title='bbox 2160 742 2419 808; x_wconf 88' lang='lat' dir='ltr'>haberet,</span> <span class='ocrx_word' id='word_1_483' title='bbox 2455 742 2553 796; x_wconf 86' lang='lat' dir='ltr'>sed</span> <span class='ocrx_word' id='word_1_484' title='bbox 2590 743 2832 814; x_wconf 67' lang='lat' dir='ltr'>singulas</span> <span class='ocrx_word' id='word_1_485' title='bbox 2864 746 3353 817; x_wconf 88' lang='lat' dir='ltr'>spargerenturin</span> <span class='ocrx_word' id='word_1_486' title='bbox 3385 747 3689 816; x_wconf 86' lang='lat' dir='ltr'>singulos;</span> 
     </span>
    </p>
   </div>
   <div class='ocr_carea' id='block_1_72' title="bbox 2045 825 3696 902">
    <p class='ocr_par' dir='ltr' id='par_1_72' title="bbox 2045 825 3696 902">
     <span class='ocr_line' id='line_1_72' title="bbox 2045 825 3696 902; baseline 0.004 -21"><span class='ocrx_word' id='word_1_487' title='bbox 2045 842 2111 881; x_wconf 91' lang='lat' dir='ltr'>ac</span> <span class='ocrx_word' id='word_1_488' title='bbox 2133 825 2216 881; x_wconf 89' lang='lat' dir='ltr'>sic</span> <span class='ocrx_word' id='word_1_489' title='bbox 2238 826 2307 880; x_wconf 89' lang='lat' dir='ltr'>ad</span> <span class='ocrx_word' id='word_1_490' title='bbox 2354 825 2617 881; x_wconf 88' lang='lat' dir='ltr'>socialem</span> <span class='ocrx_word' id='word_1_491' title='bbox 2660 827 2835 882; x_wconf 90' lang='lat' dir='ltr'>vitam</span> <span class='ocrx_word' id='word_1_492' title='bbox 2879 829 3218 897; x_wconf 83' lang='lat' dir='ltr'>diligentius</span> <span class='ocrx_word' id='word_1_493' title='bbox 3258 829 3648 902; x_wconf 89' lang='lat' dir='ltr'>colligandam</span> <span class='ocrx_word' id='word_1_494' title='bbox 3675 833 3696 866; x_wconf 81' lang='grc'>²</span> 
     </span>
    </p>
   </div>
   <div class='ocr_carea' id='block_1_73' title="bbox 2047 905 3694 981">
    <p class='ocr_par' dir='ltr' id='par_1_73' title="bbox 2047 905 3694 981">
     <span class='ocr_line' id='line_1_73' title="bbox 2047 905 3694 981; baseline 0.004 -22"><span class='ocrx_word' id='word_1_495' title='bbox 2047 905 2311 977; x_wconf 58' lang='lat' dir='ltr'>plurimae</span> <span class='ocrx_word' id='word_1_496' title='bbox 2345 905 2631 975; x_wconf 90' lang='lat' dir='ltr'>plurimos</span> <span class='ocrx_word' id='word_1_497' title='bbox 2679 907 3025 964; x_wconf 89' lang='lat' dir='ltr'>obtinerent.</span> <span class='ocrx_word' id='word_1_498' title='bbox 3073 914 3240 965; x_wconf 83' lang='lat' dir='ltr'>Pater</span> <span class='ocrx_word' id='word_1_499' title='bbox 3270 912 3482 981; x_wconf 89' lang='lat' dir='ltr'>quippe</span> <span class='ocrx_word' id='word_1_500' title='bbox 3513 915 3570 966; x_wconf 88' lang='lat' dir='ltr'>et</span> <span class='ocrx_word' id='word_1_501' title='bbox 3599 928 3694 966; x_wconf 86' lang='lat' dir='ltr'>so-</span> 
     </span>
    </p>
   </div>
   <div class='ocr_carea' id='block_1_74' title="bbox 2050 982 3694 1061">
    <p class='ocr_par' dir='ltr' id='par_1_74' title="bbox 2050 982 3694 1061">
     <span class='ocr_line' id='line_1_74' title="bbox 2050 982 3694 1061; baseline 0.004 -21"><span class='ocrx_word' id='word_1_502' title='bbox 2050 1001 2145 1041; x_wconf 89' lang='lat' dir='ltr'>cer</span> <span class='ocrx_word' id='word_1_503' title='bbox 2174 987 2423 1040; x_wconf 90' lang='lat' dir='ltr'>duarum</span> <span class='ocrx_word' id='word_1_504' title='bbox 2458 991 2596 1040; x_wconf 87' lang='lat' dir='ltr'>sunt</span> <span class='ocrx_word' id='word_1_505' title='bbox 2627 989 3128 1043; x_wconf 90' lang='lat' dir='ltr'>necessitudinum</span> <span class='ocrx_word' id='word_1_506' title='bbox 3165 992 3423 1044; x_wconf 90' lang='lat' dir='ltr'>nomina.</span> <span class='ocrx_word' id='word_1_507' title='bbox 3460 990 3528 1045; x_wconf 84' lang='lat' dir='ltr'>Ut</span> <span class='ocrx_word' id='word_1_508' title='bbox 3558 982 3694 1061; x_wconf 89' lang='lat' dir='ltr'>ergo</span> 
     </span>
    </p>
   </div>
   <div class='ocr_carea' id='block_1_75' title="bbox 2051 1067 3698 1139">
    <p class='ocr_par' dir='ltr' id='par_1_75' title="bbox 2051 1067 3698 1139">
     <span class='ocr_line' id='line_1_75' title="bbox 2051 1067 3698 1139; baseline 0.003 -18"><span class='ocrx_word' id='word_1_509' title='bbox 2051 1067 2229 1122; x_wconf 92' lang='lat' dir='ltr'>alium</span> <span class='ocrx_word' id='word_1_510' title='bbox 2263 1071 2514 1137; x_wconf 87' lang='lat' dir='ltr'>quisque</span> <span class='ocrx_word' id='word_1_511' title='bbox 2545 1068 2754 1122; x_wconf 83' lang='lat' dir='ltr'>habeat</span> <span class='ocrx_word' id='word_1_512' title='bbox 2779 1075 3023 1139; x_wconf 88' lang='lat' dir='ltr'>patrem,</span> <span class='ocrx_word' id='word_1_513' title='bbox 3057 1069 3238 1125; x_wconf 91' lang='lat' dir='ltr'>alium</span> <span class='ocrx_word' id='word_1_514' title='bbox 3268 1086 3558 1138; x_wconf 90' lang='lat' dir='ltr'>socerum,</span> <span class='ocrx_word' id='word_1_515' title='bbox 3592 1087 3698 1126; x_wconf 90' lang='lat' dir='ltr'>nu-</span> 
     </span>
    </p>
   </div>
   <div class='ocr_carea' id='block_1_76' title="bbox 2054 1148 3698 1222">
    <p class='ocr_par' dir='ltr' id='par_1_76' title="bbox 2054 1148 3698 1222">
     <span class='ocr_line' id='line_1_76' title="bbox 2054 1148 3698 1222; baseline 0.002 -19"><span class='ocrx_word' id='word_1_516' title='bbox 2054 1149 2338 1204; x_wconf 87' lang='lat' dir='ltr'>merosius</span> <span class='ocrx_word' id='word_1_517' title='bbox 2398 1163 2458 1202; x_wconf 89' lang='lat' dir='ltr'>se</span> <span class='ocrx_word' id='word_1_518' title='bbox 2517 1148 2772 1204; x_wconf 91' lang='lat' dir='ltr'>charitas</span> <span class='ocrx_word' id='word_1_519' title='bbox 2833 1151 3095 1221; x_wconf 88' lang='lat' dir='ltr'>porrigit.</span> <span class='ocrx_word' id='word_1_520' title='bbox 3147 1150 3473 1222; x_wconf 89' lang='lat' dir='ltr'>Utrumque</span> <span class='ocrx_word' id='word_1_521' title='bbox 3502 1155 3698 1207; x_wconf 86' lang='lat' dir='ltr'>autem</span> 
     </span>
    </p>
   </div>
   <div class='ocr_carea' id='block_1_77' title="bbox 2054 1227 3700 1299">
    <p class='ocr_par' dir='ltr' id='par_1_77' title="bbox 2054 1227 3700 1299">
     <span class='ocr_line' id='line_1_77' title="bbox 2054 1227 3700 1299; baseline 0.001 -14"><span class='ocrx_word' id='word_1_522' title='bbox 2054 1245 2207 1285; x_wconf 90' lang='lat' dir='ltr'>unus</span> <span class='ocrx_word' id='word_1_523' title='bbox 2237 1227 2420 1282; x_wconf 89' lang='lat' dir='ltr'>Adam</span> <span class='ocrx_word' id='word_1_524' title='bbox 2454 1243 2582 1282; x_wconf 91' lang='lat' dir='ltr'>esse</span> <span class='ocrx_word' id='word_1_525' title='bbox 2612 1229 2926 1299; x_wconf 86' lang='lat' dir='ltr'>cogebatur</span> <span class='ocrx_word' id='word_1_526' title='bbox 2949 1234 3006 1285; x_wconf 91' lang='lat' dir='ltr'>et</span> <span class='ocrx_word' id='word_1_527' title='bbox 3034 1230 3170 1286; x_wconf 86' lang='lat' dir='ltr'>ﬁliis</span> <span class='ocrx_word' id='word_1_528' title='bbox 3202 1238 3256 1286; x_wconf 90' lang='lat' dir='ltr'>et</span> <span class='ocrx_word' id='word_1_529' title='bbox 3284 1230 3521 1286; x_wconf 84' lang='lat' dir='ltr'>ﬁliabus</span> <span class='ocrx_word' id='word_1_530' title='bbox 3552 1231 3700 1299; x_wconf 88' lang='lat' dir='ltr'>suis,</span> 
     </span>
    </p>
   </div>
   <div class='ocr_carea' id='block_1_78' title="bbox 2055 1309 3700 1381">
    <p class='ocr_par' dir='ltr' id='par_1_78' title="bbox 2055 1309 3700 1381">
     <span class='ocr_line' id='line_1_78' title="bbox 2055 1309 3700 1381; baseline 0.002 -21"><span class='ocrx_word' id='word_1_531' title='bbox 2055 1309 2283 1378; x_wconf 84' lang='lat' dir='ltr'>quando</span> <span class='ocrx_word' id='word_1_532' title='bbox 2319 1309 2526 1363; x_wconf 87' lang='lat' dir='ltr'>fratres</span> <span class='ocrx_word' id='word_1_533' title='bbox 2568 1325 2916 1381; x_wconf 86' lang='lat' dir='ltr'>sororesque</span> <span class='ocrx_word' id='word_1_534' title='bbox 2954 1310 3246 1366; x_wconf 91' lang='lat' dir='ltr'>connubio</span> <span class='ocrx_word' id='word_1_535' title='bbox 3278 1311 3700 1381; x_wconf 84' lang='lat' dir='ltr'>jungebantur.</span> 
     </span>
    </p>
   </div>
   <div class='ocr_carea' id='block_1_79' title="bbox 2057 1388 3704 1460">
    <p class='ocr_par' dir='ltr' id='par_1_79' title="bbox 2057 1388 3704 1460">
     <span class='ocr_line' id='line_1_79' title="bbox 2057 1388 3704 1460; baseline 0 -16"><span class='ocrx_word' id='word_1_536' title='bbox 2057 1389 2150 1444; x_wconf 90' lang='lat' dir='ltr'>Sic</span> <span class='ocrx_word' id='word_1_537' title='bbox 2180 1392 2236 1444; x_wconf 90' lang='lat' dir='ltr'>et</span> <span class='ocrx_word' id='word_1_538' title='bbox 2291 1390 2426 1454; x_wconf 85' lang='lat' dir='ltr'>Eva,</span> <span class='ocrx_word' id='word_1_539' title='bbox 2461 1404 2604 1442; x_wconf 84' lang='lat' dir='ltr'>uxor</span> <span class='ocrx_word' id='word_1_540' title='bbox 2651 1389 2799 1458; x_wconf 81' lang='lat' dir='ltr'>ejus,</span> <span class='ocrx_word' id='word_1_541' title='bbox 2835 1391 3066 1460; x_wconf 90' lang='lat' dir='ltr'>utrique</span> <span class='ocrx_word' id='word_1_542' title='bbox 3096 1391 3261 1446; x_wconf 88' lang='lat' dir='ltr'>sexui</span> <span class='ocrx_word' id='word_1_543' title='bbox 3297 1390 3544 1446; x_wconf 87' lang='lat' dir='ltr'>ﬁliorum</span> <span class='ocrx_word' id='word_1_544' title='bbox 3593 1388 3704 1445; x_wconf 86' lang='lat' dir='ltr'>fuit</span> 
     </span>
    </p>
   </div>
   <div class='ocr_carea' id='block_1_80' title="bbox 2055 1471 3703 1541">
    <p class='ocr_par' dir='ltr' id='par_1_80' title="bbox 2055 1471 3703 1541">
     <span class='ocr_line' id='line_1_80' title="bbox 2055 1471 3703 1541; baseline 0.001 -16"><span class='ocrx_word' id='word_1_545' title='bbox 2055 1473 2112 1525; x_wconf 91' lang='lat' dir='ltr'>et</span> <span class='ocrx_word' id='word_1_546' title='bbox 2153 1484 2356 1524; x_wconf 86' lang='lat' dir='ltr'>socrus</span> <span class='ocrx_word' id='word_1_547' title='bbox 2388 1479 2445 1524; x_wconf 89' lang='lat' dir='ltr'>et</span> <span class='ocrx_word' id='word_1_548' title='bbox 2488 1473 2713 1524; x_wconf 90' lang='lat' dir='ltr'>mater:</span> <span class='ocrx_word' id='word_1_549' title='bbox 2749 1486 2872 1541; x_wconf 76' lang='lat' dir='ltr'>quae</span> <span class='ocrx_word' id='word_1_550' title='bbox 2921 1472 2966 1526; x_wconf 92' lang='lat' dir='ltr'>si</span> <span class='ocrx_word' id='word_1_551' title='bbox 3001 1473 3128 1528; x_wconf 78' lang='lat' dir='ltr'>duae</span> <span class='ocrx_word' id='word_1_552' title='bbox 3177 1472 3404 1527; x_wconf 67' lang='lat' dir='ltr'>feminae</span> <span class='ocrx_word' id='word_1_553' title='bbox 3439 1471 3703 1538; x_wconf 87' lang='lat' dir='ltr'>fuissent,</span> 
     </span>
    </p>
   </div>
   <div class='ocr_carea' id='block_1_81' title="bbox 2057 1549 3702 1624">
    <p class='ocr_par' dir='ltr' id='par_1_81' title="bbox 2057 1549 3702 1624">
     <span class='ocr_line' id='line_1_81' title="bbox 2057 1549 3702 1624; baseline 0 -18"><span class='ocrx_word' id='word_1_554' title='bbox 2057 1555 2243 1606; x_wconf 89' lang='lat' dir='ltr'>mater</span> <span class='ocrx_word' id='word_1_555' title='bbox 2271 1549 2469 1615; x_wconf 86' lang='lat' dir='ltr'>altera,</span> <span class='ocrx_word' id='word_1_556' title='bbox 2503 1553 2558 1604; x_wconf 91' lang='lat' dir='ltr'>et</span> <span class='ocrx_word' id='word_1_557' title='bbox 2586 1566 2788 1604; x_wconf 87' lang='lat' dir='ltr'>socrus</span> <span class='ocrx_word' id='word_1_558' title='bbox 2822 1551 3021 1617; x_wconf 88' lang='lat' dir='ltr'>altera,</span> <span class='ocrx_word' id='word_1_559' title='bbox 3073 1552 3322 1624; x_wconf 89' lang='lat' dir='ltr'>c0piosis</span> <span class='ocrx_word' id='word_1_560' title='bbox 3363 1567 3422 1608; x_wconf 91' lang='lat' dir='ltr'>se</span> <span class='ocrx_word' id='word_1_561' title='bbox 3467 1550 3702 1608; x_wconf 89' lang='lat' dir='ltr'>socialis</span> 
     </span>
    </p>
   </div>
   <div class='ocr_carea' id='block_1_82' title="bbox 2057 1629 3704 1704">
    <p class='ocr_par' dir='ltr' id='par_1_82' title="bbox 2057 1629 3704 1704">
     <span class='ocr_line' id='line_1_82' title="bbox 2057 1629 3704 1704; baseline 0 -18"><span class='ocrx_word' id='word_1_562' title='bbox 2057 1631 2292 1687; x_wconf 91' lang='lat' dir='ltr'>dilectio</span> <span class='ocrx_word' id='word_1_563' title='bbox 2322 1629 2641 1700; x_wconf 89' lang='lat' dir='ltr'>colligaret.</span> <span class='ocrx_word' id='word_1_564' title='bbox 2670 1630 2802 1700; x_wconf 88' lang='lat' dir='ltr'>Ipsa</span> <span class='ocrx_word' id='word_1_565' title='bbox 2831 1633 3080 1704; x_wconf 88' lang='lat' dir='ltr'>denique</span> <span class='ocrx_word' id='word_1_566' title='bbox 3119 1634 3243 1704; x_wconf 89' lang='lat' dir='ltr'>jam</span> <span class='ocrx_word' id='word_1_567' title='bbox 3287 1649 3469 1700; x_wconf 87' lang='lat' dir='ltr'>soror,</span> <span class='ocrx_word' id='word_1_568' title='bbox 3511 1630 3704 1702; x_wconf 71' lang='lat' dir='ltr'>quod8</span> 
     </span>
    </p>
   </div>
   <div class='ocr_carea' id='block_1_83' title="bbox 2058 1709 3704 1777">
    <p class='ocr_par' dir='ltr' id='par_1_83' title="bbox 2058 1709 3704 1777">
     <span class='ocr_line' id='line_1_83' title="bbox 2058 1709 3704 1777; baseline -0.001 -10"><span class='ocrx_word' id='word_1_569' title='bbox 2058 1713 2231 1767; x_wconf 88' lang='lat' dir='ltr'>etiam</span> <span class='ocrx_word' id='word_1_570' title='bbox 2258 1727 2400 1765; x_wconf 85' lang='lat' dir='ltr'>uxor</span> <span class='ocrx_word' id='word_1_571' title='bbox 2423 1709 2616 1777; x_wconf 87' lang='lat' dir='ltr'>ﬁebat,</span> <span class='ocrx_word' id='word_1_572' title='bbox 2638 1709 2785 1766; x_wconf 90' lang='lat' dir='ltr'>duas</span> <span class='ocrx_word' id='word_1_573' title='bbox 2807 1713 3041 1767; x_wconf 89' lang='lat' dir='ltr'>tenebat</span> <span class='ocrx_word' id='word_1_574' title='bbox 3064 1729 3180 1768; x_wconf 90' lang='lat' dir='ltr'>una</span> <span class='ocrx_word' id='word_1_575' title='bbox 3211 1712 3704 1768; x_wconf 88' lang='lat' dir='ltr'>necessitudines:</span> 
     </span>
    </p>
   </div>
   <div class='ocr_carea' id='block_1_84' title="bbox 2059 1789 3706 1863">
    <p class='ocr_par' dir='ltr' id='par_1_84' title="bbox 2059 1789 3706 1863">
     <span class='ocr_line' id='line_1_84' title="bbox 2059 1789 3706 1863; baseline -0.001 -17"><span class='ocrx_word' id='word_1_576' title='bbox 2059 1792 2270 1863; x_wconf 89' lang='lat' dir='ltr'>quibus</span> <span class='ocrx_word' id='word_1_577' title='bbox 2296 1807 2397 1862; x_wconf 90' lang='lat' dir='ltr'>per</span> <span class='ocrx_word' id='word_1_578' title='bbox 2412 1789 2673 1860; x_wconf 86' lang='lat' dir='ltr'>singulas</span> <span class='ocrx_word' id='word_1_579' title='bbox 2696 1791 3048 1862; x_wconf 89' lang='lat' dir='ltr'>distributis,</span> <span class='ocrx_word' id='word_1_580' title='bbox 3065 1800 3125 1848; x_wconf 89' lang='lat' dir='ltr'>ut</span> <span class='ocrx_word' id='word_1_581' title='bbox 3143 1793 3326 1848; x_wconf 88' lang='lat' dir='ltr'>altera</span> <span class='ocrx_word' id='word_1_582' title='bbox 3347 1797 3501 1848; x_wconf 85' lang='lat' dir='ltr'>esset</span> <span class='ocrx_word' id='word_1_583' title='bbox 3519 1808 3706 1860; x_wconf 92' lang='lat' dir='ltr'>soror,</span> 
     </span>
    </p>
   </div>
   <div class='ocr_carea' id='block_1_85' title="bbox 2062 1870 3710 1944">
    <p class='ocr_par' dir='ltr' id='par_1_85' title="bbox 2062 1870 3710 1944">
     <span class='ocr_line' id='line_1_85' title="bbox 2062 1870 3710 1944; baseline -0.001 -16"><span class='ocrx_word' id='word_1_584' title='bbox 2062 1873 2243 1928; x_wconf 89' lang='lat' dir='ltr'>altera</span> <span class='ocrx_word' id='word_1_585' title='bbox 2275 1888 2439 1939; x_wconf 87' lang='lat' dir='ltr'>uxor,</span> <span class='ocrx_word' id='word_1_586' title='bbox 2471 1870 2776 1926; x_wconf 88' lang='lat' dir='ltr'>hominum</span> <span class='ocrx_word' id='word_1_587' title='bbox 2812 1889 3054 1928; x_wconf 91' lang='lat' dir='ltr'>numero</span> <span class='ocrx_word' id='word_1_588' title='bbox 3097 1873 3334 1929; x_wconf 89' lang='lat' dir='ltr'>socialis</span> <span class='ocrx_word' id='word_1_589' title='bbox 3368 1870 3710 1944; x_wconf 78' lang='lat' dir='ltr'>pr0pinqui-</span> 
     </span>
    </p>
   </div>
   <div class='ocr_carea' id='block_1_86' title="bbox 2063 1951 3708 2024">
    <p class='ocr_par' dir='ltr' id='par_1_86' title="bbox 2063 1951 3708 2024">
     <span class='ocr_line' id='line_1_86' title="bbox 2063 1951 3708 2024; baseline -0.002 -15"><span class='ocrx_word' id='word_1_590' title='bbox 2063 1958 2154 2009; x_wconf 89' lang='lat' dir='ltr'>tas</span> <span class='ocrx_word' id='word_1_591' title='bbox 2185 1955 2513 2024; x_wconf 89' lang='lat' dir='ltr'>augeretur.</span> <span class='ocrx_word' id='word_1_592' title='bbox 2569 1951 2681 2006; x_wconf 89' lang='lat' dir='ltr'>Sed</span> <span class='ocrx_word' id='word_1_593' title='bbox 2713 1952 2820 2008; x_wconf 90' lang='lat' dir='ltr'>hoc</span> <span class='ocrx_word' id='word_1_594' title='bbox 2861 1954 3016 2008; x_wconf 89' lang='lat' dir='ltr'>unde</span> <span class='ocrx_word' id='word_1_595' title='bbox 3049 1954 3208 2009; x_wconf 86' lang='lat' dir='ltr'>ﬁeret</span> <span class='ocrx_word' id='word_1_596' title='bbox 3239 1959 3380 2008; x_wconf 90' lang='lat' dir='ltr'>tunc</span> <span class='ocrx_word' id='word_1_597' title='bbox 3409 1969 3527 2009; x_wconf 91' lang='lat' dir='ltr'>non</span> <span class='ocrx_word' id='word_1_598' title='bbox 3562 1955 3708 2019; x_wconf 86' lang='lat' dir='ltr'>erat,</span> 
     </span>
    </p>
   </div>
   <div class='ocr_carea' id='block_1_87' title="bbox 2066 2031 3712 2105">
    <p class='ocr_par' dir='ltr' id='par_1_87' title="bbox 2066 2031 3712 2105">
     <span class='ocr_line' id='line_1_87' title="bbox 2066 2031 3712 2105; baseline -0.002 -17"><span class='ocrx_word' id='word_1_599' title='bbox 2066 2032 2300 2105; x_wconf 91' lang='lat' dir='ltr'>quando</span> <span class='ocrx_word' id='word_1_600' title='bbox 2333 2031 2443 2086; x_wconf 90' lang='lat' dir='ltr'>nisi</span> <span class='ocrx_word' id='word_1_601' title='bbox 2478 2031 2678 2086; x_wconf 81' lang='lat' dir='ltr'>fratres</span> <span class='ocrx_word' id='word_1_602' title='bbox 2709 2040 2760 2086; x_wconf 89' lang='lat' dir='ltr'>et</span> <span class='ocrx_word' id='word_1_603' title='bbox 2793 2049 3019 2088; x_wconf 88' lang='lat' dir='ltr'>sorores</span> <span class='ocrx_word' id='word_1_604' title='bbox 3065 2049 3133 2087; x_wconf 81' lang='lat' dir='ltr'>ex</span> <span class='ocrx_word' id='word_1_605' title='bbox 3176 2033 3293 2087; x_wconf 90' lang='lat' dir='ltr'>illis</span> <span class='ocrx_word' id='word_1_606' title='bbox 3324 2033 3552 2088; x_wconf 87' lang='lat' dir='ltr'>duobus</span> <span class='ocrx_word' id='word_1_607' title='bbox 3584 2031 3712 2102; x_wconf 91' lang='lat' dir='ltr'>pri-</span> 
     </span>
    </p>
   </div>
   <div class='ocr_carea' id='block_1_88' title="bbox 2069 2110 3713 2182">
    <p class='ocr_par' dir='ltr' id='par_1_88' title="bbox 2069 2110 3713 2182">
     <span class='ocr_line' id='line_1_88' title="bbox 2069 2110 3713 2182; baseline -0.001 -15"><span class='ocrx_word' id='word_1_608' title='bbox 2069 2112 2183 2167; x_wconf 89' lang='lat' dir='ltr'>mis</span> <span class='ocrx_word' id='word_1_609' title='bbox 2209 2110 2353 2166; x_wconf 89' lang='lat' dir='ltr'>nulli</span> <span class='ocrx_word' id='word_1_610' title='bbox 2386 2110 2651 2164; x_wconf 87' lang='lat' dir='ltr'>homines</span> <span class='ocrx_word' id='word_1_611' title='bbox 2692 2115 2875 2166; x_wconf 88' lang='lat' dir='ltr'>erant.</span> <span class='ocrx_word' id='word_1_612' title='bbox 2913 2112 3060 2166; x_wconf 89' lang='lat' dir='ltr'>Fieri</span> <span class='ocrx_word' id='word_1_613' title='bbox 3093 2128 3228 2182; x_wconf 90' lang='lat' dir='ltr'>ergo</span> <span class='ocrx_word' id='word_1_614' title='bbox 3253 2110 3452 2166; x_wconf 88' lang='lat' dir='ltr'>debuit</span> <span class='ocrx_word' id='word_1_615' title='bbox 3481 2115 3713 2180; x_wconf 89' lang='lat' dir='ltr'>quando</span> 
     </span>
    </p>
   </div>
   <div class='ocr_carea' id='block_1_89' title="bbox 2071 2190 3716 2262">
    <p class='ocr_par' dir='ltr' id='par_1_89' title="bbox 2071 2190 3716 2262">
     <span class='ocr_line' id='line_1_89' title="bbox 2071 2190 3716 2262; baseline -0.002 -16"><span class='ocrx_word' id='word_1_616' title='bbox 2071 2192 2278 2262; x_wconf 88' lang='lat' dir='ltr'>potuit,</span> <span class='ocrx_word' id='word_1_617' title='bbox 2305 2195 2366 2245; x_wconf 91' lang='lat' dir='ltr'>ut</span> <span class='ocrx_word' id='word_1_618' title='bbox 2414 2190 2692 2244; x_wconf 86' lang='lat' dir='ltr'>existente</span> <span class='ocrx_word' id='word_1_619' title='bbox 2723 2192 2888 2260; x_wconf 89' lang='lat' dir='ltr'>copia</span> <span class='ocrx_word' id='word_1_620' title='bbox 2933 2191 3071 2246; x_wconf 91' lang='lat' dir='ltr'>inde</span> <span class='ocrx_word' id='word_1_621' title='bbox 3103 2192 3454 2246; x_wconf 87' lang='lat' dir='ltr'>ducerentur</span> <span class='ocrx_word' id='word_1_622' title='bbox 3487 2204 3716 2254; x_wconf 83' lang='lat' dir='ltr'>uxores,</span> 
     </span>
    </p>
   </div>
   <div class='ocr_carea' id='block_1_90' title="bbox 2072 2269 3721 2342">
    <p class='ocr_par' dir='ltr' id='par_1_90' title="bbox 2072 2269 3721 2342">
     <span class='ocr_line' id='line_1_90' title="bbox 2072 2269 3721 2342; baseline -0.001 -18"><span class='ocrx_word' id='word_1_623' title='bbox 2072 2287 2198 2342; x_wconf 65' lang='lat' dir='ltr'>quae</span> <span class='ocrx_word' id='word_1_624' title='bbox 2233 2287 2347 2326; x_wconf 90' lang='lat' dir='ltr'>non</span> <span class='ocrx_word' id='word_1_625' title='bbox 2378 2274 2537 2324; x_wconf 88' lang='lat' dir='ltr'>erant</span> <span class='ocrx_word' id='word_1_626' title='bbox 2561 2269 2684 2338; x_wconf 87' lang='lat' dir='ltr'>jam</span> <span class='ocrx_word' id='word_1_627' title='bbox 2718 2287 2979 2338; x_wconf 89' lang='lat' dir='ltr'>sorores;</span> <span class='ocrx_word' id='word_1_628' title='bbox 3014 2276 3070 2326; x_wconf 90' lang='lat' dir='ltr'>et</span> <span class='ocrx_word' id='word_1_629' title='bbox 3101 2287 3216 2326; x_wconf 92' lang='lat' dir='ltr'>non</span> <span class='ocrx_word' id='word_1_630' title='bbox 3249 2269 3439 2326; x_wconf 90' lang='lat' dir='ltr'>solum</span> <span class='ocrx_word' id='word_1_631' title='bbox 3464 2269 3620 2324; x_wconf 88' lang='lat' dir='ltr'>istud</span> <span class='ocrx_word' id='word_1_632' title='bbox 3656 2275 3721 2322; x_wconf 90' lang='lat' dir='ltr'>ut</span> 
     </span>
    </p>
   </div>
   <div class='ocr_carea' id='block_1_91' title="bbox 2072 2348 3718 2418">
    <p class='ocr_par' dir='ltr' id='par_1_91' title="bbox 2072 2348 3718 2418">
     <span class='ocr_line' id='line_1_91' title="bbox 2072 2348 3718 2418; baseline -0.002 -12"><span class='ocrx_word' id='word_1_633' title='bbox 2072 2353 2254 2418; x_wconf 85' lang='lat' dir='ltr'>ﬁeret,</span> <span class='ocrx_word' id='word_1_634' title='bbox 2279 2349 2442 2405; x_wconf 89' lang='lat' dir='ltr'>nulla</span> <span class='ocrx_word' id='word_1_635' title='bbox 2472 2350 2788 2404; x_wconf 87' lang='lat' dir='ltr'>necessitas</span> <span class='ocrx_word' id='word_1_636' title='bbox 2817 2357 2988 2416; x_wconf 84' lang='lat' dir='ltr'>esset,</span> <span class='ocrx_word' id='word_1_637' title='bbox 3022 2367 3222 2406; x_wconf 89' lang='lat' dir='ltr'>verum</span> <span class='ocrx_word' id='word_1_638' title='bbox 3264 2350 3436 2405; x_wconf 87' lang='lat' dir='ltr'>etiam</span> <span class='ocrx_word' id='word_1_639' title='bbox 3462 2351 3507 2403; x_wconf 89' lang='lat' dir='ltr'>si</span> <span class='ocrx_word' id='word_1_640' title='bbox 3535 2348 3718 2414; x_wconf 89' lang='lat' dir='ltr'>ﬁeret,</span> 
     </span>
    </p>
   </div>
   <div class='ocr_carea' id='block_1_92' title="bbox 2073 2427 3721 2503">
    <p class='ocr_par' dir='ltr' id='par_1_92' title="bbox 2073 2427 3721 2503">
     <span class='ocr_line' id='line_1_92' title="bbox 2073 2427 3721 2503; baseline -0.002 -17"><span class='ocrx_word' id='word_1_641' title='bbox 2073 2433 2231 2488; x_wconf 88' lang='lat' dir='ltr'>nefas</span> <span class='ocrx_word' id='word_1_642' title='bbox 2274 2439 2444 2487; x_wconf 89' lang='lat' dir='ltr'>esset.</span> <span class='ocrx_word' id='word_1_643' title='bbox 2501 2430 2640 2485; x_wconf 86' lang='lat' dir='ltr'>Nam</span> <span class='ocrx_word' id='word_1_644' title='bbox 2691 2431 2738 2484; x_wconf 91' lang='lat' dir='ltr'>si</span> <span class='ocrx_word' id='word_1_645' title='bbox 2789 2440 2844 2486; x_wconf 89' lang='lat' dir='ltr'>et</span> <span class='ocrx_word' id='word_1_646' title='bbox 2873 2444 3109 2502; x_wconf 89' lang='lat' dir='ltr'>nepotes</span> <span class='ocrx_word' id='word_1_647' title='bbox 3160 2433 3483 2503; x_wconf 90' lang='lat' dir='ltr'>primorum</span> <span class='ocrx_word' id='word_1_648' title='bbox 3525 2427 3721 2484; x_wconf 68' lang='lat' dir='ltr'>homio</span> 
     </span>
    </p>
   </div>
   <div class='ocr_carea' id='block_1_93' title="bbox 2076 2509 3722 2583">
    <p class='ocr_par' dir='ltr' id='par_1_93' title="bbox 2076 2509 3722 2583">
     <span class='ocr_line' id='line_1_93' title="bbox 2076 2509 3722 2583; baseline -0.003 -16"><span class='ocrx_word' id='word_1_649' title='bbox 2076 2531 2241 2578; x_wconf 91' lang='lat' dir='ltr'>num,</span> <span class='ocrx_word' id='word_1_650' title='bbox 2273 2512 2370 2583; x_wconf 92' lang='lat' dir='ltr'>qui</span> <span class='ocrx_word' id='word_1_651' title='bbox 2398 2513 2523 2582; x_wconf 88' lang='lat' dir='ltr'>jam</span> <span class='ocrx_word' id='word_1_652' title='bbox 2573 2512 2954 2566; x_wconf 86' lang='lat' dir='ltr'>consobrinas</span> <span class='ocrx_word' id='word_1_653' title='bbox 3003 2515 3272 2582; x_wconf 89' lang='lat' dir='ltr'>poterant</span> <span class='ocrx_word' id='word_1_654' title='bbox 3301 2509 3558 2580; x_wconf 88' lang='lat' dir='ltr'>accipere</span> <span class='ocrx_word' id='word_1_655' title='bbox 3590 2523 3722 2562; x_wconf 91' lang='lat' dir='ltr'>con-</span> 
     </span>
    </p>
   </div>
   <div class='ocr_carea' id='block_1_94' title="bbox 2066 2589 3722 2664">
    <p class='ocr_par' dir='ltr' id='par_1_94' title="bbox 2066 2589 3722 2664">
     <span class='ocr_line' id='line_1_94' title="bbox 2066 2589 3722 2664; baseline -0.004 -15"><span class='ocrx_word' id='word_1_656' title='bbox 2066 2595 2263 2664; x_wconf 88' lang='lat' dir='ltr'>juges,</span> <span class='ocrx_word' id='word_1_657' title='bbox 2297 2594 2595 2648; x_wconf 87' lang='lat' dir='ltr'>sororibus</span> <span class='ocrx_word' id='word_1_658' title='bbox 2617 2591 2986 2647; x_wconf 89' lang='lat' dir='ltr'>matrimonio</span> <span class='ocrx_word' id='word_1_659' title='bbox 3009 2593 3439 2662; x_wconf 84' lang='lat' dir='ltr'>jungerentur;</span> <span class='ocrx_word' id='word_1_660' title='bbox 3468 2589 3722 2656; x_wconf 84' lang='lat' dir='ltr'>nonjam</span> 
     </span>
    </p>
   </div>
   <div class='ocr_carea' id='block_1_95' title="bbox 2076 2671 3718 2742">
    <p class='ocr_par' dir='ltr' id='par_1_95' title="bbox 2076 2671 3718 2742">
     <span class='ocr_line' id='line_1_95' title="bbox 2076 2671 3718 2742; baseline -0.004 -11"><span class='ocrx_word' id='word_1_661' title='bbox 2076 2677 2227 2742; x_wconf 69' lang='lat' dir='ltr'>duas,</span> <span class='ocrx_word' id='word_1_662' title='bbox 2258 2676 2356 2730; x_wconf 91' lang='lat' dir='ltr'>sed</span> <span class='ocrx_word' id='word_1_663' title='bbox 2392 2681 2507 2731; x_wconf 90' lang='lat' dir='ltr'>tres</span> <span class='ocrx_word' id='word_1_664' title='bbox 2547 2677 2607 2731; x_wconf 90' lang='lat' dir='ltr'>in</span> <span class='ocrx_word' id='word_1_665' title='bbox 2652 2673 2890 2730; x_wconf 91' lang='lat' dir='ltr'>homine</span> <span class='ocrx_word' id='word_1_666' title='bbox 2940 2690 3053 2728; x_wconf 90' lang='lat' dir='ltr'>uno</span> <span class='ocrx_word' id='word_1_667' title='bbox 3101 2671 3567 2728; x_wconf 89' lang='lat' dir='ltr'>necessitudines</span> <span class='ocrx_word' id='word_1_668' title='bbox 3608 2671 3718 2724; x_wconf 87' lang='lat' dir='ltr'>ﬁe-</span> 
     </span>
    </p>
   </div>
   <div class='ocr_carea' id='block_1_96' title="bbox 2075 2751 3720 2827">
    <p class='ocr_par' dir='ltr' id='par_1_96' title="bbox 2075 2751 3720 2827">
     <span class='ocr_line' id='line_1_96' title="bbox 2075 2751 3720 2827; baseline -0.005 -17"><span class='ocrx_word' id='word_1_669' title='bbox 2075 2761 2224 2820; x_wconf 89' lang='lat' dir='ltr'>rent,</span> <span class='ocrx_word' id='word_1_670' title='bbox 2257 2773 2380 2824; x_wconf 62' lang='lat' dir='ltr'>qua</span> <span class='ocrx_word' id='word_1_671' title='bbox 2438 2761 2674 2827; x_wconf 82' lang='lat' dir='ltr'>prOpter</span> <span class='ocrx_word' id='word_1_672' title='bbox 2731 2754 3073 2808; x_wconf 81' lang='lat' dir='ltr'>charitatem</span> <span class='ocrx_word' id='word_1_673' title='bbox 3137 2751 3536 2808; x_wconf 77' lang='lat' dir='ltr'>numerosiora</span> <span class='ocrx_word' id='word_1_674' title='bbox 3591 2765 3720 2821; x_wconf 88' lang='lat' dir='ltr'>pro-</span> 
     </span>
    </p>
   </div>
   <div class='ocr_carea' id='block_1_97' title="bbox 2077 2829 3716 2906">
    <p class='ocr_par' dir='ltr' id='par_1_97' title="bbox 2077 2829 3716 2906">
     <span class='ocr_line' id='line_1_97' title="bbox 2077 2829 3716 2906; baseline -0.004 -18"><span class='ocrx_word' id='word_1_675' title='bbox 2077 2835 2400 2906; x_wconf 88' lang='lat' dir='ltr'>pinquitate</span> <span class='ocrx_word' id='word_1_676' title='bbox 2450 2836 2813 2902; x_wconf 89' lang='lat' dir='ltr'>nectendam,</span> <span class='ocrx_word' id='word_1_677' title='bbox 2883 2832 3256 2889; x_wconf 89' lang='lat' dir='ltr'>disseminari</span> <span class='ocrx_word' id='word_1_678' title='bbox 3304 2846 3408 2901; x_wconf 85' lang='lat' dir='ltr'>per</span> <span class='ocrx_word' id='word_1_679' title='bbox 3451 2829 3716 2897; x_wconf 81' lang='lat' dir='ltr'>singulos</span> 
     </span>
    </p>
   </div>
   <div class='ocr_carea' id='block_1_98' title="bbox 2076 2907 3726 2986">
    <p class='ocr_par' dir='ltr' id='par_1_98' title="bbox 2076 2907 3726 2986">
     <span class='ocr_line' id='line_1_98' title="bbox 2076 2907 3726 2986; baseline -0.004 -15"><span class='ocrx_word' id='word_1_680' title='bbox 2076 2916 2317 2986; x_wconf 74' lang='lat' dir='ltr'>singulae</span> <span class='ocrx_word' id='word_1_681' title='bbox 2351 2915 2697 2971; x_wconf 89' lang='lat' dir='ltr'>debuerunt.</span> <span class='ocrx_word' id='word_1_682' title='bbox 2742 2915 2908 2969; x_wconf 88' lang='lat' dir='ltr'>Esset</span> <span class='ocrx_word' id='word_1_683' title='bbox 2963 2914 3122 2969; x_wconf 91' lang='lat' dir='ltr'>enim</span> <span class='ocrx_word' id='word_1_684' title='bbox 3175 2928 3327 2967; x_wconf 91' lang='lat' dir='ltr'>unus</span> <span class='ocrx_word' id='word_1_685' title='bbox 3374 2910 3547 2965; x_wconf 90' lang='lat' dir='ltr'>homo</span> <span class='ocrx_word' id='word_1_686' title='bbox 3589 2907 3726 2964; x_wconf 86' lang='lat' dir='ltr'>ﬁliis</span> 
     </span>
    </p>
   </div>
   <div class='ocr_carea' id='block_1_99' title="bbox 2075 2992 3726 3065">
    <p class='ocr_par' dir='ltr' id='par_1_99' title="bbox 2075 2992 3726 3065">
     <span class='ocr_line' id='line_1_99' title="bbox 2075 2992 3726 3065; baseline -0.004 -14"><span class='ocrx_word' id='word_1_687' title='bbox 2075 2997 2221 3058; x_wconf 84' lang='lat' dir='ltr'>suis.</span> <span class='ocrx_word' id='word_1_688' title='bbox 2268 2997 2428 3051; x_wconf 88' lang='lat' dir='ltr'>fratri</span> <span class='ocrx_word' id='word_1_689' title='bbox 2479 2995 2698 3051; x_wconf 87' lang='lat' dir='ltr'>scilicet</span> <span class='ocrx_word' id='word_1_690' title='bbox 2729 2995 3035 3065; x_wconf 90' lang='lat' dir='ltr'>sororique</span> <span class='ocrx_word' id='word_1_691' title='bbox 3063 2992 3430 3064; x_wconf 87' lang='lat' dir='ltr'>conjugibus,</span> <span class='ocrx_word' id='word_1_692' title='bbox 3463 2994 3520 3045; x_wconf 90' lang='lat' dir='ltr'>et</span> <span class='ocrx_word' id='word_1_693' title='bbox 3566 2994 3726 3059; x_wconf 84' lang='lat' dir='ltr'>pater</span> 
     </span>
    </p>
   </div>
   <div class='ocr_carea' id='block_1_100' title="bbox 2077 3071 3725 3142">
    <p class='ocr_par' dir='ltr' id='par_1_100' title="bbox 2077 3071 3725 3142">
     <span class='ocr_line' id='line_1_100' title="bbox 2077 3071 3725 3142; baseline -0.005 -9"><span class='ocrx_word' id='word_1_694' title='bbox 2077 3083 2133 3133; x_wconf 91' lang='lat' dir='ltr'>et</span> <span class='ocrx_word' id='word_1_695' title='bbox 2190 3093 2352 3133; x_wconf 90' lang='lat' dir='ltr'>socer</span> <span class='ocrx_word' id='word_1_696' title='bbox 2407 3081 2466 3132; x_wconf 90' lang='lat' dir='ltr'>et</span> <span class='ocrx_word' id='word_1_697' title='bbox 2514 3076 2880 3132; x_wconf 89' lang='lat' dir='ltr'>avunculus:</span> <span class='ocrx_word' id='word_1_698' title='bbox 2943 3077 3023 3131; x_wconf 85' lang='lat' dir='ltr'>ita</span> <span class='ocrx_word' id='word_1_699' title='bbox 3072 3079 3130 3130; x_wconf 91' lang='lat' dir='ltr'>et</span> <span class='ocrx_word' id='word_1_700' title='bbox 3176 3090 3318 3129; x_wconf 82' lang='lat' dir='ltr'>uxor</span> <span class='ocrx_word' id='word_1_701' title='bbox 3356 3073 3486 3142; x_wconf 89' lang='lat' dir='ltr'>ejus</span> <span class='ocrx_word' id='word_1_702' title='bbox 3517 3071 3725 3126; x_wconf 85' lang='lat' dir='ltr'>iisdem</span> 
     </span>
    </p>
   </div>
   <div class='ocr_carea' id='block_1_101' title="bbox 2077 3153 3725 3214">
    <p class='ocr_par' dir='ltr' id='par_1_101' title="bbox 2077 3153 3725 3214">
     <span class='ocr_line' id='line_1_101' title="bbox 2077 3153 3725 3214; baseline -0.004 -2"><span class='ocrx_word' id='word_1_703' title='bbox 2077 3157 2491 3214; x_wconf 90' lang='lat' dir='ltr'>communibus</span> <span class='ocrx_word' id='word_1_704' title='bbox 2546 3157 2682 3212; x_wconf 84' lang='lat' dir='ltr'>ﬁliis</span> <span class='ocrx_word' id='word_1_705' title='bbox 2736 3161 2794 3211; x_wconf 88' lang='lat' dir='ltr'>et</span> <span class='ocrx_word' id='word_1_706' title='bbox 2851 3161 3037 3211; x_wconf 88' lang='lat' dir='ltr'>mater</span> <span class='ocrx_word' id='word_1_707' title='bbox 3084 3159 3140 3210; x_wconf 89' lang='lat' dir='ltr'>et</span> <span class='ocrx_word' id='word_1_708' title='bbox 3192 3153 3366 3210; x_wconf 87' lang='lat' dir='ltr'>amita</span> <span class='ocrx_word' id='word_1_709' title='bbox 3394 3161 3446 3207; x_wconf 85' lang='lat' dir='ltr'>et</span> <span class='ocrx_word' id='word_1_710' title='bbox 3486 3165 3725 3206; x_wconf 82' lang='lat' dir='ltr'>socrus:</span> 
     </span>
    </p>
   </div>
   <div class='ocr_carea' id='block_1_102' title="bbox 2077 3230 3732 3310">
    <p class='ocr_par' dir='ltr' id='par_1_102' title="bbox 2077 3230 3732 3310">
     <span class='ocr_line' id='line_1_102' title="bbox 2077 3230 3732 3310; baseline -0.005 -18"><span class='ocrx_word' id='word_1_711' title='bbox 2077 3239 2374 3310; x_wconf 89' lang='lat' dir='ltr'>iidemque</span> <span class='ocrx_word' id='word_1_712' title='bbox 2413 3238 2563 3292; x_wconf 87' lang='lat' dir='ltr'>inter</span> <span class='ocrx_word' id='word_1_713' title='bbox 2609 3253 2671 3292; x_wconf 92' lang='lat' dir='ltr'>se</span> <span class='ocrx_word' id='word_1_714' title='bbox 2717 3236 2819 3290; x_wconf 88' lang='lat' dir='ltr'>ﬁlii</span> <span class='ocrx_word' id='word_1_715' title='bbox 2869 3252 3094 3302; x_wconf 92' lang='lat' dir='ltr'>eorum,</span> <span class='ocrx_word' id='word_1_716' title='bbox 3148 3250 3265 3290; x_wconf 89' lang='lat' dir='ltr'>non</span> <span class='ocrx_word' id='word_1_717' title='bbox 3297 3232 3487 3289; x_wconf 89' lang='lat' dir='ltr'>solum</span> <span class='ocrx_word' id='word_1_718' title='bbox 3531 3230 3732 3286; x_wconf 78' lang='lat' dir='ltr'>essent</span> 
     </span>
    </p>
   </div>
   <div class='ocr_carea' id='block_1_103' title="bbox 2080 3310 3730 3389">
    <p class='ocr_par' dir='ltr' id='par_1_103' title="bbox 2080 3310 3730 3389">
     <span class='ocr_line' id='line_1_103' title="bbox 2080 3310 3730 3389; baseline -0.006 -15"><span class='ocrx_word' id='word_1_719' title='bbox 2080 3321 2286 3374; x_wconf 84' lang='lat' dir='ltr'>fratres</span> <span class='ocrx_word' id='word_1_720' title='bbox 2334 3324 2509 3389; x_wconf 89' lang='lat' dir='ltr'>atque</span> <span class='ocrx_word' id='word_1_721' title='bbox 2554 3318 2853 3387; x_wconf 84' lang='lat' dir='ltr'>conjuges.</span> <span class='ocrx_word' id='word_1_722' title='bbox 2900 3333 3098 3372; x_wconf 90' lang='lat' dir='ltr'>verum</span> <span class='ocrx_word' id='word_1_723' title='bbox 3131 3316 3305 3370; x_wconf 84' lang='lat' dir='ltr'>etiam</span> <span class='ocrx_word' id='word_1_724' title='bbox 3356 3310 3730 3378; x_wconf 79' lang='lat' dir='ltr'>consobrini;</span> 
     </span>
    </p>
   </div>
   <div class='ocr_carea' id='block_1_104' title="bbox 2082 3392 3738 3470">
    <p class='ocr_par' dir='ltr' id='par_1_104' title="bbox 2082 3392 3738 3470">
     <span class='ocr_line' id='line_1_104' title="bbox 2082 3392 3738 3470; baseline -0.005 -17"><span class='ocrx_word' id='word_1_725' title='bbox 2082 3399 2220 3470; x_wconf 90' lang='lat' dir='ltr'>quia</span> <span class='ocrx_word' id='word_1_726' title='bbox 2249 3407 2303 3454; x_wconf 88' lang='lat' dir='ltr'>et</span> <span class='ocrx_word' id='word_1_727' title='bbox 2335 3401 2578 3454; x_wconf 83' lang='lat' dir='ltr'>fratrum</span> <span class='ocrx_word' id='word_1_728' title='bbox 2614 3397 2738 3451; x_wconf 86' lang='lat' dir='ltr'>filii.</span> <span class='ocrx_word' id='word_1_729' title='bbox 2778 3396 2996 3451; x_wconf 89' lang='lat' dir='ltr'>Omnes</span> <span class='ocrx_word' id='word_1_730' title='bbox 3029 3400 3223 3449; x_wconf 88' lang='lat' dir='ltr'>autem</span> <span class='ocrx_word' id='word_1_731' title='bbox 3258 3395 3384 3447; x_wconf 68' lang='lat' dir='ltr'>istas</span> <span class='ocrx_word' id='word_1_732' title='bbox 3415 3392 3738 3446; x_wconf 87' lang='lat' dir='ltr'>necessitu-</span> 
     </span>
    </p>
   </div>
   <div class='ocr_carea' id='block_1_105' title="bbox 2083 3470 3734 3547">
    <p class='ocr_par' dir='ltr' id='par_1_105' title="bbox 2083 3470 3734 3547">
     <span class='ocr_line' id='line_1_105' title="bbox 2083 3470 3734 3547; baseline -0.007 -14"><span class='ocrx_word' id='word_1_733' title='bbox 2083 3479 2271 3545; x_wconf 90' lang='lat' dir='ltr'>dines,</span> <span class='ocrx_word' id='word_1_734' title='bbox 2306 3495 2432 3547; x_wconf 75' lang='lat' dir='ltr'>qusa</span> <span class='ocrx_word' id='word_1_735' title='bbox 2463 3478 2561 3531; x_wconf 90' lang='lat' dir='ltr'>uni</span> <span class='ocrx_word' id='word_1_736' title='bbox 2598 3475 2819 3531; x_wconf 89' lang='lat' dir='ltr'>homini</span> <span class='ocrx_word' id='word_1_737' title='bbox 2845 3483 2956 3529; x_wconf 90' lang='lat' dir='ltr'>tres</span> <span class='ocrx_word' id='word_1_738' title='bbox 2986 3474 3256 3528; x_wconf 89' lang='lat' dir='ltr'>homines</span> <span class='ocrx_word' id='word_1_739' title='bbox 3289 3470 3734 3533; x_wconf 88' lang='lat' dir='ltr'>connectebant,</span> 
     </span>
    </p>
   </div>
   <div class='ocr_carea' id='block_1_106' title="bbox 2087 3547 3735 3619">
    <p class='ocr_par' dir='ltr' id='par_1_106' title="bbox 2087 3547 3735 3619">
     <span class='ocr_line' id='line_1_106' title="bbox 2087 3547 3735 3619; baseline -0.008 -7"><span class='ocrx_word' id='word_1_740' title='bbox 2087 3573 2283 3613; x_wconf 90' lang='lat' dir='ltr'>novem</span> <span class='ocrx_word' id='word_1_741' title='bbox 2311 3558 2744 3616; x_wconf 88' lang='lat' dir='ltr'>connecterent,</span> <span class='ocrx_word' id='word_1_742' title='bbox 2777 3554 2823 3607; x_wconf 89' lang='lat' dir='ltr'>si</span> <span class='ocrx_word' id='word_1_743' title='bbox 2873 3561 3064 3609; x_wconf 89' lang='lat' dir='ltr'>essent</span> <span class='ocrx_word' id='word_1_744' title='bbox 3098 3553 3154 3604; x_wconf 91' lang='lat' dir='ltr'>in</span> <span class='ocrx_word' id='word_1_745' title='bbox 3187 3548 3436 3619; x_wconf 81' lang='lat' dir='ltr'>singulis</span> <span class='ocrx_word' id='word_1_746' title='bbox 3468 3547 3735 3617; x_wconf 68' lang='lat' dir='ltr'>singulis,</span> 
     </span>
    </p>
   </div>
   <div class='ocr_carea' id='block_1_107' title="bbox 2087 3627 3738 3694">
    <p class='ocr_par' dir='ltr' id='par_1_107' title="bbox 2087 3627 3738 3694">
     <span class='ocr_line' id='line_1_107' title="bbox 2087 3627 3738 3694; baseline -0.009 -1"><span class='ocrx_word' id='word_1_747' title='bbox 2087 3647 2148 3694; x_wconf 88' lang='lat' dir='ltr'>ut</span> <span class='ocrx_word' id='word_1_748' title='bbox 2181 3653 2333 3692; x_wconf 90' lang='lat' dir='ltr'>unus</span> <span class='ocrx_word' id='word_1_749' title='bbox 2388 3636 2562 3691; x_wconf 89' lang='lat' dir='ltr'>homo</span> <span class='ocrx_word' id='word_1_750' title='bbox 2612 3635 2851 3689; x_wconf 88' lang='lat' dir='ltr'>haberet</span> <span class='ocrx_word' id='word_1_751' title='bbox 2892 3633 3135 3688; x_wconf 87' lang='lat' dir='ltr'>alteram</span> <span class='ocrx_word' id='word_1_752' title='bbox 3180 3645 3462 3692; x_wconf 87' lang='lat' dir='ltr'>sororem,</span> <span class='ocrx_word' id='word_1_753' title='bbox 3496 3627 3738 3681; x_wconf 85' lang='lat' dir='ltr'>alteram</span> 
     </span>
    </p>
   </div>
   <div class='ocr_carea' id='block_1_108' title="bbox 2088 3711 3737 3784">
    <p class='ocr_par' dir='ltr' id='par_1_108' title="bbox 2088 3711 3737 3784">
     <span class='ocr_line' id='line_1_108' title="bbox 2088 3711 3737 3784; baseline -0.011 -9"><span class='ocrx_word' id='word_1_754' title='bbox 2088 3733 2348 3784; x_wconf 84' lang='lat' dir='ltr'>uxorem,</span> <span class='ocrx_word' id='word_1_755' title='bbox 2411 3714 2655 3770; x_wconf 88' lang='lat' dir='ltr'>alteram</span> <span class='ocrx_word' id='word_1_756' title='bbox 2728 3713 3162 3779; x_wconf 89' lang='lat' dir='ltr'>consobrinam,</span> <span class='ocrx_word' id='word_1_757' title='bbox 3210 3711 3458 3764; x_wconf 90' lang='lat' dir='ltr'>alterum</span> <span class='ocrx_word' id='word_1_758' title='bbox 3493 3713 3737 3778; x_wconf 76' lang='lat' dir='ltr'>patrem,</span> 
     </span>
    </p>
   </div>
   <div class='ocr_carea' id='block_1_109' title="bbox 2088 3787 3738 3862">
    <p class='ocr_par' dir='ltr' id='par_1_109' title="bbox 2088 3787 3738 3862">
     <span class='ocr_line' id='line_1_109' title="bbox 2088 3787 3738 3862; baseline -0.009 -8"><span class='ocrx_word' id='word_1_759' title='bbox 2088 3799 2336 3854; x_wconf 89' lang='lat' dir='ltr'>alterum</span> <span class='ocrx_word' id='word_1_760' title='bbox 2390 3795 2766 3862; x_wconf 86' lang='lat' dir='ltr'>avunculum,</span> <span class='ocrx_word' id='word_1_761' title='bbox 2829 3792 3076 3847; x_wconf 92' lang='lat' dir='ltr'>alterum</span> <span class='ocrx_word' id='word_1_762' title='bbox 3129 3804 3421 3851; x_wconf 89' lang='lat' dir='ltr'>socerum,</span> <span class='ocrx_word' id='word_1_763' title='bbox 3499 3787 3738 3841; x_wconf 86' lang='lat' dir='ltr'>alteram</span> 
     </span>
    </p>
   </div>
   <div class='ocr_carea' id='block_1_110' title="bbox 2091 3872 3741 3945">
    <p class='ocr_par' dir='ltr' id='par_1_110' title="bbox 2091 3872 3741 3945">
     <span class='ocr_line' id='line_1_110' title="bbox 2091 3872 3741 3945; baseline -0.01 -10"><span class='ocrx_word' id='word_1_764' title='bbox 2091 3889 2358 3945; x_wconf 90' lang='lat' dir='ltr'>matrem,</span> <span class='ocrx_word' id='word_1_765' title='bbox 2392 3880 2632 3932; x_wconf 84' lang='lat' dir='ltr'>alteram</span> <span class='ocrx_word' id='word_1_766' title='bbox 2686 3875 2947 3941; x_wconf 87' lang='lat' dir='ltr'>amitam,</span> <span class='ocrx_word' id='word_1_767' title='bbox 2983 3873 3223 3928; x_wconf 87' lang='lat' dir='ltr'>alteram</span> <span class='ocrx_word' id='word_1_768' title='bbox 3270 3884 3534 3925; x_wconf 84' lang='lat' dir='ltr'>socrum:</span> <span class='ocrx_word' id='word_1_769' title='bbox 3567 3872 3741 3937; x_wconf 87' lang='lat' dir='ltr'>atque</span> 
     </span>
    </p>
   </div>
   <div class='ocr_carea' id='block_1_111' title="bbox 2091 3946 3742 4028">
    <p class='ocr_par' dir='ltr' id='par_1_111' title="bbox 2091 3946 3742 4028">
     <span class='ocr_line' id='line_1_111' title="bbox 2091 3946 3742 4028; baseline -0.009 -12"><span class='ocrx_word' id='word_1_770' title='bbox 2091 3962 2171 4016; x_wconf 89' lang='lat' dir='ltr'>ita</span> <span class='ocrx_word' id='word_1_771' title='bbox 2220 3976 2280 4015; x_wconf 91' lang='lat' dir='ltr'>se</span> <span class='ocrx_word' id='word_1_772' title='bbox 2332 3975 2448 4013; x_wconf 92' lang='lat' dir='ltr'>non</span> <span class='ocrx_word' id='word_1_773' title='bbox 2500 3959 2554 4012; x_wconf 90' lang='lat' dir='ltr'>in</span> <span class='ocrx_word' id='word_1_774' title='bbox 2609 3957 2900 4028; x_wconf 85' lang='lat' dir='ltr'>paucitate</span> <span class='ocrx_word' id='word_1_775' title='bbox 2963 3959 3346 4015; x_wconf 87' lang='lat' dir='ltr'>coarctatum,</span> <span class='ocrx_word' id='word_1_776' title='bbox 3408 3949 3506 4003; x_wconf 85' lang='lat' dir='ltr'>sed</span> <span class='ocrx_word' id='word_1_777' title='bbox 3567 3946 3742 4001; x_wconf 83' lang='lat' dir='ltr'>latius</span> 
     </span>
    </p>
   </div>
   <div class='ocr_carea' id='block_1_112' title="bbox 2091 4027 3740 4112">
    <p class='ocr_par' dir='ltr' id='par_1_112' title="bbox 2091 4027 3740 4112">
     <span class='ocr_line' id='line_1_112' title="bbox 2091 4027 3740 4112; baseline -0.01 -15"><span class='ocrx_word' id='word_1_778' title='bbox 2091 4048 2263 4112; x_wconf 90' lang='lat' dir='ltr'>atque</span> <span class='ocrx_word' id='word_1_779' title='bbox 2296 4027 2670 4095; x_wconf 83' lang='lat' dir='ltr'>numerosius</span> <span class='ocrx_word' id='word_1_780' title='bbox 2711 4033 3237 4109; x_wconf 88' lang='lat' dir='ltr'>propinquitatibus</span> <span class='ocrx_word' id='word_1_781' title='bbox 3285 4029 3504 4087; x_wconf 87' lang='lat' dir='ltr'>crebris</span> <span class='ocrx_word' id='word_1_782' title='bbox 3535 4027 3740 4085; x_wconf 85' lang='lat' dir='ltr'>vincu-</span> 
     </span>
    </p>
   </div>
   <div class='ocr_carea' id='block_1_113' title="bbox 2091 4119 2866 4176">
    <p class='ocr_par' dir='ltr' id='par_1_113' title="bbox 2091 4119 2866 4176">
     <span class='ocr_line' id='line_1_113' title="bbox 2091 4119 2866 4176; baseline -0.008 0"><span class='ocrx_word' id='word_1_783' title='bbox 2091 4121 2215 4176; x_wconf 88' lang='lat' dir='ltr'>lum</span> <span class='ocrx_word' id='word_1_784' title='bbox 2249 4120 2461 4176; x_wconf 90' lang='lat' dir='ltr'>sociale</span> <span class='ocrx_word' id='word_1_785' title='bbox 2492 4119 2866 4174; x_wconf 79' lang='lat' dir='ltr'>diffunderet.</span> 
     </span>
    </p>
   </div>
   <div class='ocr_carea' id='block_1_114' title="bbox 2160 4188 3742 4269">
    <p class='ocr_par' dir='ltr' id='par_1_114' title="bbox 2160 4188 3742 4269">
     <span class='ocr_line' id='line_1_114' title="bbox 2160 4188 3742 4269; baseline -0.009 -11"><span class='ocrx_word' id='word_1_786' title='bbox 2160 4204 2217 4258; x_wconf 87' lang='lat'>2.</span> <span class='ocrx_word' id='word_1_787' title='bbox 2250 4202 2415 4265; x_wconf 90' lang='lat' dir='ltr'>Quod</span> <span class='ocrx_word' id='word_1_788' title='bbox 2459 4201 2718 4256; x_wconf 90' lang='lat' dir='ltr'>humano</span> <span class='ocrx_word' id='word_1_789' title='bbox 2768 4213 2978 4269; x_wconf 89' lang='lat' dir='ltr'>genere</span> <span class='ocrx_word' id='word_1_790' title='bbox 3026 4197 3321 4252; x_wconf 90' lang='lat' dir='ltr'>crescente</span> <span class='ocrx_word' id='word_1_791' title='bbox 3371 4195 3428 4248; x_wconf 90' lang='lat' dir='ltr'>et</span> <span class='ocrx_word' id='word_1_792' title='bbox 3453 4188 3742 4262; x_wconf 88' lang='lat' dir='ltr'>multipli-</span> 
     </span>
    </p>
   </div>
   <div class='ocr_carea' id='block_1_115' title="bbox 2092 4272 3743 4354">
    <p class='ocr_par' dir='ltr' id='par_1_115' title="bbox 2092 4272 3743 4354">
     <span class='ocr_line' id='line_1_115' title="bbox 2092 4272 3743 4354; baseline -0.01 -12"><span class='ocrx_word' id='word_1_793' title='bbox 2092 4289 2243 4354; x_wconf 90' lang='lat' dir='ltr'>cato,</span> <span class='ocrx_word' id='word_1_794' title='bbox 2279 4284 2450 4338; x_wconf 87' lang='lat' dir='ltr'>etiam</span> <span class='ocrx_word' id='word_1_795' title='bbox 2484 4283 2634 4336; x_wconf 90' lang='lat' dir='ltr'>inter</span> <span class='ocrx_word' id='word_1_796' title='bbox 2681 4279 2892 4351; x_wconf 91' lang='lat' dir='ltr'>impios</span> <span class='ocrx_word' id='word_1_797' title='bbox 2941 4279 3179 4336; x_wconf 89' lang='lat' dir='ltr'>deorum</span> <span class='ocrx_word' id='word_1_798' title='bbox 3205 4275 3525 4332; x_wconf 89' lang='lat' dir='ltr'>multorum</span> <span class='ocrx_word' id='word_1_799' title='bbox 3565 4272 3743 4354; x_wconf 52' lang='lat' dir='ltr'>falsos</span> 
     </span>
    </p>
   </div>
   <div class='ocr_carea' id='block_1_116' title="bbox 2093 4353 3742 4436">
    <p class='ocr_par' dir='ltr' id='par_1_116' title="bbox 2093 4353 3742 4436">
     <span class='ocr_line' id='line_1_116' title="bbox 2093 4353 3742 4436; baseline -0.008 -14"><span class='ocrx_word' id='word_1_800' title='bbox 2093 4353 2340 4436; x_wconf 89' lang='lat' dir='ltr'>rumque</span> <span class='ocrx_word' id='word_1_801' title='bbox 2369 4363 2621 4420; x_wconf 90' lang='lat' dir='ltr'>cultores</span> <span class='ocrx_word' id='word_1_802' title='bbox 2654 4363 2737 4419; x_wconf 92' lang='lat' dir='ltr'>sic</span> <span class='ocrx_word' id='word_1_803' title='bbox 2767 4358 3397 4424; x_wconf 86' lang='lat' dir='ltr'>observaricernimus,</span> <span class='ocrx_word' id='word_1_804' title='bbox 3432 4359 3493 4412; x_wconf 87' lang='lat' dir='ltr'>ut</span> <span class='ocrx_word' id='word_1_805' title='bbox 3513 4353 3742 4436; x_wconf 87' lang='lat' dir='ltr'>etiamsi</span> 
     </span>
    </p>
   </div>
   <div class='ocr_carea' id='block_1_117' title="bbox 2094 4434 3739 4517">
    <p class='ocr_par' dir='ltr' id='par_1_117' title="bbox 2094 4434 3739 4517">
     <span class='ocr_line' id='line_1_117' title="bbox 2094 4434 3739 4517; baseline -0.009 -15"><span class='ocrx_word' id='word_1_806' title='bbox 2094 4434 2379 4517; x_wconf 81' lang='lat' dir='ltr'>perversis</span> <span class='ocrx_word' id='word_1_807' title='bbox 2426 4443 2651 4514; x_wconf 88' lang='lat' dir='ltr'>legibus</span> <span class='ocrx_word' id='word_1_808' title='bbox 2700 4443 3114 4514; x_wconf 73' lang='lat' dir='ltr'>permittuntur</span> <span class='ocrx_word' id='word_1_809' title='bbox 3145 4440 3400 4496; x_wconf 89' lang='lat' dir='ltr'>fraterna</span> <span class='ocrx_word' id='word_1_810' title='bbox 3446 4434 3739 4507; x_wconf 75' lang='lat' dir='ltr'>conjugis,</span> 
     </span>
    </p>
   </div>
   <div class='ocr_carea' id='block_1_118' title="bbox 2095 4517 3746 4594">
    <p class='ocr_par' dir='ltr' id='par_1_118' title="bbox 2095 4517 3746 4594">
     <span class='ocr_line' id='line_1_118' title="bbox 2095 4517 3746 4594; baseline -0.008 -11"><span class='ocrx_word' id='word_1_811' title='bbox 2095 4527 2301 4583; x_wconf 91' lang='lat' dir='ltr'>melior</span> <span class='ocrx_word' id='word_1_812' title='bbox 2339 4532 2538 4581; x_wconf 88' lang='lat' dir='ltr'>tamen</span> <span class='ocrx_word' id='word_1_813' title='bbox 2589 4523 2944 4580; x_wconf 90' lang='lat' dir='ltr'>consuetudo</span> <span class='ocrx_word' id='word_1_814' title='bbox 2993 4523 3184 4594; x_wconf 86' lang='lat' dir='ltr'>ipsam</span> <span class='ocrx_word' id='word_1_815' title='bbox 3235 4519 3398 4576; x_wconf 87' lang='lat' dir='ltr'>malit</span> <span class='ocrx_word' id='word_1_816' title='bbox 3438 4517 3746 4573; x_wconf 81' lang='lat' dir='ltr'>cxhorrere</span> 
     </span>
    </p>
   </div>
   <div class='ocr_carea' id='block_1_119' title="bbox 2097 4596 3746 4672">
    <p class='ocr_par' dir='ltr' id='par_1_119' title="bbox 2097 4596 3746 4672">
     <span class='ocr_line' id='line_1_119' title="bbox 2097 4596 3746 4672; baseline -0.01 -9"><span class='ocrx_word' id='word_1_817' title='bbox 2097 4606 2432 4672; x_wconf 89' lang='lat' dir='ltr'>licentiam;</span> <span class='ocrx_word' id='word_1_818' title='bbox 2482 4608 2539 4660; x_wconf 91' lang='lat' dir='ltr'>et</span> <span class='ocrx_word' id='word_1_819' title='bbox 2583 4619 2718 4659; x_wconf 91' lang='lat' dir='ltr'>cum</span> <span class='ocrx_word' id='word_1_820' title='bbox 2767 4619 2997 4659; x_wconf 88' lang='lat' dir='ltr'>sorores</span> <span class='ocrx_word' id='word_1_821' title='bbox 3047 4601 3310 4671; x_wconf 90' lang='lat' dir='ltr'>accipere</span> <span class='ocrx_word' id='word_1_822' title='bbox 3353 4598 3413 4652; x_wconf 90' lang='lat' dir='ltr'>in</span> <span class='ocrx_word' id='word_1_823' title='bbox 3446 4596 3746 4651; x_wconf 85' lang='lat' dir='ltr'>matrimo-</span> 
     </span>
    </p>
   </div>
   <div class='ocr_carea' id='block_1_120' title="bbox 2097 4673 3747 4757">
    <p class='ocr_par' dir='ltr' id='par_1_120' title="bbox 2097 4673 3747 4757">
     <span class='ocr_line' id='line_1_120' title="bbox 2097 4673 3747 4757; baseline -0.01 -14"><span class='ocrx_word' id='word_1_824' title='bbox 2097 4687 2261 4744; x_wconf 90' lang='lat' dir='ltr'>nium</span> <span class='ocrx_word' id='word_1_825' title='bbox 2296 4684 2504 4757; x_wconf 90' lang='lat' dir='ltr'>primis</span> <span class='ocrx_word' id='word_1_826' title='bbox 2536 4683 2771 4739; x_wconf 88' lang='lat' dir='ltr'>humani</span> <span class='ocrx_word' id='word_1_827' title='bbox 2819 4682 3048 4754; x_wconf 87' lang='lat' dir='ltr'>generis</span> <span class='ocrx_word' id='word_1_828' title='bbox 3099 4678 3475 4757; x_wconf 85' lang='lat' dir='ltr'>temporibus</span> <span class='ocrx_word' id='word_1_829' title='bbox 3507 4673 3747 4730; x_wconf 92' lang='lat' dir='ltr'>omnino</span> 
     </span>
    </p>
   </div>
   <div class='ocr_carea' id='block_1_121' title="bbox 2097 4755 3750 4834">
    <p class='ocr_par' dir='ltr' id='par_1_121' title="bbox 2097 4755 3750 4834">
     <span class='ocr_line' id='line_1_121' title="bbox 2097 4755 3750 4834; baseline -0.011 -10"><span class='ocrx_word' id='word_1_830' title='bbox 2097 4755 2348 4834; x_wconf 80' lang='lat' dir='ltr'>licuerit,</span> <span class='ocrx_word' id='word_1_831' title='bbox 2400 4765 2486 4822; x_wconf 90' lang='lat' dir='ltr'>sic</span> <span class='ocrx_word' id='word_1_832' title='bbox 2535 4768 2850 4831; x_wconf 86' lang='lat' dir='ltr'>aversetur,</span> <span class='ocrx_word' id='word_1_833' title='bbox 2884 4761 3054 4833; x_wconf 86' lang='lat' dir='ltr'>quasi</span> <span class='ocrx_word' id='word_1_834' title='bbox 3101 4772 3408 4828; x_wconf 90' lang='lat' dir='ltr'>nunquam</span> <span class='ocrx_word' id='word_1_835' title='bbox 3442 4755 3615 4834; x_wconf 83' lang='lat' dir='ltr'>licere</span> <span class='ocrx_word' id='word_1_836' title='bbox 3647 4768 3750 4822; x_wconf 92' lang='lat' dir='ltr'>po-</span> 
     </span>
    </p>
   </div>
   <div class='ocr_carea' id='block_1_122' title="bbox 2098 4832 3748 4904">
    <p class='ocr_par' dir='ltr' id='par_1_122' title="bbox 2098 4832 3748 4904">
     <span class='ocr_line' id='line_1_122' title="bbox 2098 4832 3748 4904; baseline -0.012 -1"><span class='ocrx_word' id='word_1_837' title='bbox 2098 4849 2292 4904; x_wconf 87' lang='lat' dir='ltr'>tuerit.</span> <span class='ocrx_word' id='word_1_838' title='bbox 2324 4832 2406 4901; x_wconf 76' lang='lat' dir='ltr'>Ad</span> <span class='ocrx_word' id='word_1_839' title='bbox 2440 4845 2762 4900; x_wconf 90' lang='lat' dir='ltr'>humanum</span> <span class='ocrx_word' id='word_1_840' title='bbox 2786 4832 2941 4897; x_wconf 83' lang='lat' dir='ltr'>enim</span> <span class='ocrx_word' id='word_1_841' title='bbox 2975 4855 3210 4895; x_wconf 91' lang='lat' dir='ltr'>sensum</span> <span class='ocrx_word' id='word_1_842' title='bbox 3233 4837 3321 4890; x_wconf 89' lang='lat' dir='ltr'>vel</span> <span class='ocrx_word' id='word_1_843' title='bbox 3345 4832 3748 4895; x_wconf 88' lang='lat' dir='ltr'>allioiendum,</span> 
     </span>
    </p>
   </div>
   <div class='ocr_carea' id='block_1_123' title="bbox 2099 4910 3750 4990">
    <p class='ocr_par' dir='ltr' id='par_1_123' title="bbox 2099 4910 3750 4990">
     <span class='ocr_line' id='line_1_123' title="bbox 2099 4910 3750 4990; baseline -0.013 -6"><span class='ocrx_word' id='word_1_844' title='bbox 2099 4929 2184 4985; x_wconf 90' lang='lat' dir='ltr'>vel</span> <span class='ocrx_word' id='word_1_845' title='bbox 2217 4927 2630 4983; x_wconf 74' lang='lat' dir='ltr'>offendendum</span> <span class='ocrx_word' id='word_1_846' title='bbox 2664 4939 2791 4978; x_wconf 90' lang='lat' dir='ltr'>mos</span> <span class='ocrx_word' id='word_1_847' title='bbox 2815 4920 2967 4977; x_wconf 89' lang='lat' dir='ltr'>valet</span> <span class='ocrx_word' id='word_1_848' title='bbox 3007 4917 3340 4990; x_wconf 90' lang='lat' dir='ltr'>plurimum.</span> <span class='ocrx_word' id='word_1_849' title='bbox 3379 4912 3487 4979; x_wconf 91' lang='lat' dir='ltr'>Qui</span> <span class='ocrx_word' id='word_1_850' title='bbox 3520 4927 3655 4966; x_wconf 90' lang='lat' dir='ltr'>cum</span> <span class='ocrx_word' id='word_1_851' title='bbox 3688 4910 3750 4972; x_wconf 81' lang='lat' dir='ltr'>in</span> 
     </span>
    </p>
   </div>
   <div class='ocr_carea' id='block_1_124' title="bbox 2100 4994 3752 5068">
    <p class='ocr_par' dir='ltr' id='par_1_124' title="bbox 2100 4994 3752 5068">
     <span class='ocr_line' id='line_1_124' title="bbox 2100 4994 3752 5068; baseline -0.012 -2"><span class='ocrx_word' id='word_1_852' title='bbox 2100 5011 2211 5067; x_wconf 88' lang='lat' dir='ltr'>hac</span> <span class='ocrx_word' id='word_1_853' title='bbox 2235 5025 2412 5068; x_wconf 87' lang='lat' dir='ltr'>causa</span> <span class='ocrx_word' id='word_1_854' title='bbox 2459 5002 3000 5063; x_wconf 87' lang='lat' dir='ltr'>immoderationem</span> <span class='ocrx_word' id='word_1_855' title='bbox 3049 4994 3536 5068; x_wconf 65' lang='lat' dir='ltr'>concupiscentia</span> <span class='ocrx_word' id='word_1_856' title='bbox 3587 5006 3752 5048; x_wconf 78' lang='lat' dir='ltr'>coar-</span> 
     </span>
    </p>
   </div>
   <div class='ocr_carea' id='block_1_125' title="bbox 2169 5253 3756 5326">
    <p class='ocr_par' dir='ltr' id='par_1_125' title="bbox 2169 5253 3756 5326">
     <span class='ocr_line' id='line_1_125' title="bbox 2169 5253 3756 5326; baseline -0.011 -2"><span class='ocrx_word' id='word_1_857' title='bbox 2169 5278 2186 5312; x_wconf 76' lang='grc'><strong>1</strong></span> <span class='ocrx_word' id='word_1_858' title='bbox 2220 5275 2334 5324; x_wconf 83' lang='lat' dir='ltr'>Am.</span> <span class='ocrx_word' id='word_1_859' title='bbox 2368 5275 2420 5321; x_wconf 89' lang='lat' dir='ltr'>et</span> <span class='ocrx_word' id='word_1_860' title='bbox 2445 5274 2500 5321; x_wconf 90' lang='lat' dir='ltr'>et</span> <span class='ocrx_word' id='word_1_861' title='bbox 2530 5271 2679 5326; x_wconf 85' lang='lat' dir='ltr'>Lov..</span> <span class='ocrx_word' id='word_1_862' title='bbox 2711 5268 2773 5318; x_wconf 82' lang='lat' dir='ltr'>in</span> <span class='ocrx_word' id='word_1_863' title='bbox 2805 5280 2940 5317; x_wconf 85' lang='lat' dir='ltr'>una.</span> <span class='ocrx_word' id='word_1_864' title='bbox 2991 5262 3356 5314; x_wconf 86' lang='lat' dir='ltr'>Emendantur</span> <span class='ocrx_word' id='word_1_865' title='bbox 3386 5259 3454 5310; x_wconf 88' lang='lat' dir='ltr'>ad</span> <span class='ocrx_word' id='word_1_866' title='bbox 3483 5255 3636 5306; x_wconf 77' lang='lat' dir='ltr'>Vind.</span> <span class='ocrx_word' id='word_1_867' title='bbox 3667 5253 3756 5306; x_wconf 80' lang='lat' dir='ltr'>Er.</span> 
     </span>
    </p>
   </div>
   <div class='ocr_carea' id='block_1_126' title="bbox 2106 5335 2691 5390">
    <p class='ocr_par' dir='ltr' id='par_1_126' title="bbox 2106 5335 2691 5390">
     <span class='ocr_line' id='line_1_126' title="bbox 2106 5335 2691 5390; baseline -0.015 0"><span class='ocrx_word' id='word_1_868' title='bbox 2106 5339 2159 5390; x_wconf 86' lang='lat' dir='ltr'>et</span> <span class='ocrx_word' id='word_1_869' title='bbox 2186 5339 2254 5386; x_wconf 83' lang='lat' dir='ltr'>ad</span> <span class='ocrx_word' id='word_1_870' title='bbox 2285 5335 2691 5390; x_wconf 84' lang='lat' dir='ltr'>manuscriptos.</span> 
     </span>
    </p>
   </div>
   <div class='ocr_carea' id='block_1_127' title="bbox 2169 5391 3131 5456">
    <p class='ocr_par' dir='ltr' id='par_1_127' title="bbox 2169 5391 3131 5456">
     <span class='ocr_line' id='line_1_127' title="bbox 2169 5391 3131 5456; baseline -0.01 -8"><span class='ocrx_word' id='word_1_871' title='bbox 2169 5400 2190 5434; x_wconf 73' lang='grc'>2</span> <span class='ocrx_word' id='word_1_872' title='bbox 2221 5400 2343 5448; x_wconf 85' lang='lat' dir='ltr'>Sole</span> <span class='ocrx_word' id='word_1_873' title='bbox 2372 5397 2532 5447; x_wconf 87' lang='lat' dir='ltr'>editio</span> <span class='ocrx_word' id='word_1_874' title='bbox 2555 5391 2710 5448; x_wconf 63' lang='grc' dir='ltr'>ιον..</span> <span class='ocrx_word' id='word_1_875' title='bbox 2742 5391 3131 5456; x_wconf 82' lang='lat' dir='ltr'>colligendam.</span> 
     </span>
    </p>
   </div>
   <div class='ocr_carea' id='block_1_128' title="bbox 2171 5461 2766 5522">
    <p class='ocr_par' dir='ltr' id='par_1_128' title="bbox 2171 5461 2766 5522">
     <span class='ocr_line' id='line_1_128' title="bbox 2171 5461 2766 5522; baseline -0.002 -12"><span class='ocrx_word' id='word_1_876' title='bbox 2171 5464 2190 5498; x_wconf 77' lang='grc'>³</span> <span class='ocrx_word' id='word_1_877' title='bbox 2220 5463 2404 5512; x_wconf 87' lang='lat' dir='ltr'>Plures</span> <span class='ocrx_word' id='word_1_878' title='bbox 2435 5461 2577 5519; x_wconf 70' lang='lat' dir='ltr'>Mss,</span> <span class='ocrx_word' id='word_1_879' title='bbox 2609 5473 2766 5522; x_wconf 81' lang='lat' dir='ltr'>quae.</span> 
     </span>
    </p>
   </div>
   <div class='ocr_carea' id='block_1_129' title="bbox 3155 5623 3435 5704">
    <p class='ocr_par' dir='ltr' id='par_1_129' title="bbox 3155 5623 3435 5704">
     <span class='ocr_line' id='line_1_129' title="bbox 3155 5623 3435 5704; baseline -0.007 -2"><span class='ocrx_word' id='word_1_880' title='bbox 3155 5623 3435 5704; x_wconf 71' lang='grc' dir='ltr'>(φαίητε)</span> 
     </span>
    </p>
   </div>
  </div>
