4138 6192
341 331 461 390 459

340 465 488 526 ceat,
523 475 650 515 eum
686 449 1031 524 dissignari‘
1066 452 1238 516 atque
1280 443 1576 515 corrumpi
1612 444 1818 526 merito
1846 457 1978 526 esse

340 522 626 598 nefarium
653 522 970 606 judicatur.
995 528 1054 584 Si
1082 528 1238 582 enim
1270 525 1536 595 iniquum
1569 528 1675 589 est,
1706 522 1981 577 aviditate

341 617 678 696 possidendi
731 609 1056 696 transgredi
1107 607 1352 696 limitem
1404 621 1702 696 agrorum,
1765 607 1980 696 quanti)

343 682 433 758 est
461 695 724 768 iniquius
756 691 991 748 libidine
1022 686 1447 744 concumbendi
1474 685 1810 740 subvertere
1840 682 1988 737 limi-

342 787 462 838 tem
511 764 790 834 m—orum?
817 771 1046 843 Experti
1087 773 1280 825 autem
1323 784 1528 822 sumus
1575 765 1637 820 in
1681 764 1988 821 connubiis

345 859 829 919 consobrinarum
880 853 1050 907 etiam
1103 848 1313 905 nostris
1361 846 1724 917 temporibus
1756 854 1990 915 propter

347 942 597 1014 gradum
630 931 1078 1006 propinquitatis
1111 931 1358 1014 fraterno
1396 926 1602 1014 gradpi
1634 925 1987 1014 proximum,

345 1003 523 1092 quam
565 1003 692 1072 raro
728 1003 824 1086 per
869 1010 1293 1092 moresﬂl‘iebat,
1340 1006 1494 1092 quod
1537 1005 1658 1092 tieri
1701 1020 1800 1074 per
1832 1003 1986 1092 leges

345 1083 596 1162 licebat;
630 1083 769 1166 quia
799 1094 854 1146 id
909 1107 1010 1147 nec
1044 1090 1235 1143 divina
1284 1085 1601 1158 prohibuit,
1631 1089 1688 1138 et
1729 1083 1988 1166 nondum

347 1163 719 1252 prohibuerat
754 1175 844 1228 lex
892 1172 1149 1252 humana
1179 1170 1294 1252 la).
1331 1168 1748 1252 Verumtamen
1772 1163 1987 1252 factum

345 1240 524 1316 etiam
555 1257 778 1312 licitum
815 1261 1046 1323 propter
1084 1249 1442 1303 vicinitatem
1489 1245 1832 1299 horrebatur
1872 1240 1985 1294 illi-

343 1341 478 1406 citi;
515 1342 570 1392 et
626 1335 778 1405 quod
822 1332 993 1386 fiebat
1049 1345 1182 1383 cum
1237 1325 1602 1394 consobrina,
1660 1337 1802 1394 pene
1852 1338 1985 1376 cum

341 1435 538 1474 sorore
570 1417 693 1471 ﬁeri
718 1412 1051 1467 videbatur:
1083 1408 1220 1478 quia
1261 1416 1313 1461 et
1345 1407 1455 1477 ipsi
1485 1406 1631 1459 inter
1662 1420 1720 1458 se
1752 1409 1987 1474 propter

340 1505 458 1554 tam
493 1497 876 1569 propinquam
924 1488 1490 1559 consanguinitatem
1537 1487 1986 1569 l'ratreavocanf

337 1587 451 1644 tur,
478 1563 532 1633 et
555 1563 696 1648 pene
714 1571 973 1644 germani
995 1575 1151 1623 sunt.
1169 1569 1297 1620 Fuit
1321 1573 1509 1648 autem
1538 1564 1794 1632 antiquis
1816 1563 1987 1648 patri°

339 1643 448 1713 bus
468 1643 745 1724 religiosé
766 1668 941 1714 curae,
965 1665 1036 1702 ne
1058 1649 1181 1717 ipsa
1198 1646 1596 1716 propinquitas
1613 1661 1672 1697 se
1707 1643 1982 1712 paulatim

340 1738 727 1811 propaginum
774 1731 1073 1786 ordinibus
1114 1727 1393 1781 dirimens
1440 1727 1672 1795 longius
1715 1724 1901 1811 abiret
1930 1736 1984 1781 et

342 1805 748 1890 propinquitas
789 1828 914 1867 esse
959 1810 1281 1890 desisteret,
1332 1825 1456 1888 eam
1495 1807 1770 1890 nondum
1821 1805 1986 1890 longe

343 1877 593 1964 positam
645 1901 851 1941 rursus
902 1880 1253 1936 matrimonii
1313 1879 1545 1964 vincu-lo
1586 1877 1880 1946 colligare,
1930 1879 1985 1930 et

345 1956 774 2042 quodammodo
807 1976 1072 2017 revocare
1105 1960 1444 2030 fugientem.
1477 1957 1639 2042 Unde
1665 1958 1782 2026 jam
1816 1956 1983 2026 pleno

346 2039 684 2106 hominibus
715 2045 853 2099 orbe
882 2047 1191 2105 terrarum,
1244 2057 1354 2094 non
1390 2039 1626 2109 quidem
1661 2053 1887 2092 sorores
1918 2053 1986 2090 ex

345 2135 510 2202 patre
543 2127 630 2181 vel
662 2131 868 2190 matre,
900 2121 988 2175 vel
1031 2137 1108 2202 ex?
1145 2121 1432 2202 ambobus
1480 2118 1601 2173 suis
1645 2117 1985 2202 parentibus

346 2198 540 2273 natas,
573 2204 677 2261 sed
709 2210 904 2258 tamen
965 2201 1236 2254 amabant
1279 2201 1348 2254 de
1396 2215 1500 2254 suo
1534 2214 1743 2268 genere
1776 2198 1985 2251 ducere

345 2304 572 2344 uxores.
606 2285 816 2339 Verum
853 2279 979 2352 quis
1001 2277 1226 2334 dubitet
1256 2278 1557 2334 honestius
1585 2278 1695 2332 hoc
1725 2283 1985 2348 tempore

343 2369 513 2425 etiam
573 2359 1098 2420 consobrinorum2
1150 2359 1439 2430 prohibita
1495 2375 1621 2414 esse
1665 2357 1985 2428 conjugia?

344 2465 460 2504 non
494 2446 686 2502 solum
718 2443 1039 2498 secundum
1081 2457 1146 2496 ea
1177 2457 1303 2510 quae
1325 2439 1774 2509 disputavimus,
1808 2454 1983 2508 prop-

340 2535 426 2585 ter
457 2525 934 2597 multiplicandas
983 2525 1310 2590 affinitates,
1358 2537 1428 2576 ne
1460 2521 1667 2574 habeat
1705 2519 1852 2573 duas
1885 2535 1983 2574 ne-

341 2609 731 2666 cessitudines
765 2623 881 2660 una
915 2623 1183 2677 persona,
1238 2621 1371 2660 cum
1419 2601 1544 2656 duae
1605 2600 1831 2672 possint
1887 2616 1984 2654 eas

337 2693 572 2761 habere,
632 2694 689 2744 et
748 2703 1032 2743 numerus
1085 2683 1540 2759 propinquitatis
1592 2682 1828 2752 augeri;
1883 2680 1984 2736 sed

341 2775 513 2828 etiam
565 2772 698 2839 quia
741 2769 934 2823 nescio
979 2771 1268 2838 quomodo
1313 2767 1463 2820 inest
1509 2764 1781 2818 humanae
1831 2778 1984 2817 vere-

344 2850 569 2906 cundia:
602 2849 881 2919 quiddam
934 2849 1200 2902 naturale
1228 2853 1401 2914 atque
1442 2843 1752 2907 laudabile,
1797 2847 1860 2895 ut
1891 2840 1983 2895 cui

347 2932 518 2986 debet
547 2946 724 2984 causa
758 2928 1208 2999 pr0pinquitatis
1231 2921 1648 2981 reverendum3
1679 2921 1982 2989 honorem,

348 3015 421 3070 ab
452 3029 516 3066 ea
563 3012 873 3076 contineat,
911 3010 1177 3077 quamvis
1217 3007 1656 3076 generatricem,
1689 3007 1882 3055 tamen
1915 3001 1984 3055 li-

348 3093 633 3156 bidinem,
666 3091 735 3144 de
767 3106 881 3159 qua
910 3089 1250 3142 erubescere
1272 3087 1533 3140 videmus
1565 3089 1621 3138 et
1653 3084 1841 3152 ipsam
1876 3099 1981 3152 pu-

349 3173 611 3230 dicitiam
642 3170 1030 3236 coniugalem.

412 3255 468 3310 3.
511 3250 807 3321 Copulalio
857 3249 1031 3317 igitur
1079 3247 1258 3300 maris
1305 3251 1360 3300 et
1403 3245 1648 3311 feminae,
1699 3253 1980 3314 quantum

344 3336 552 3390 attinet
581 3333 648 3386 ad
683 3345 864 3400 genus
897 3328 1252 3395 mortalium,
1285 3327 1579 3396 quoddam
1606 3325 1980 3378 seminarium

343 3421 431 3470 est
471 3414 754 3468 civitatis:
789 3410 889 3464 sed
939 3416 1166 3462 terrena
1215 3407 1414 3461 civitas
1444 3405 1810 3476 generatione
1851 3410 1979 3458 tan-

342 3494 666 3560 tummodo,
721 3489 972 3546 coelestis
1046 3497 1238 3544 autem
1316 3488 1489 3542 etiam
1547 3486 1982 3553 regeneratione

341 3592 488 3647 opus
520 3573 718 3637 habet,
754 3576 818 3625 ut
858 3586 1061 3624 noxam
1096 3567 1488 3639 generationis
1521 3567 1740 3647 evadat.
1778 3565 1980 3620 Utrum

339 3646 533 3713 autem
568 3652 795 3721 aliquod
833 3652 1025 3716 fuerit,
1058 3649 1146 3703 vel
1180 3649 1229 3703 si
1270 3648 1393 3714 fuit,
1436 3648 1608 3718 quale
1649 3646 1822 3701 fuerit
1851 3662 1982 3701 cor-

340 3737 536 3810 porale
566 3738 743 3802 atque
790 3730 1019 3786 visibile
1070 3729 1526 3800 regenerationis
1575 3727 1809 3797 signum
1851 3734 1982 3781 ante

341 3807 623 3872 diluvium
662 3813 756 3883 (b),
793 3811 945 3867 sicut
991 3810 1234 3864 Abrahae
1268 3807 1630 3864 circumcisio
1665 3815 1862 3879 postea
1893 3811 1982 3862 est

341 3899 627 3967 imperata
665 3894 828 3963 (Gen.
880 3908 1016 3960 xvn,
1071 3892 1157 3959 10,
1203 3891 1309 3961 11),
1340 3906 1504 3944 sacra
1538 3890 1780 3944 historia
1811 3891 1979 3942 tacet.

344 3977 713 4034 Sacriﬁcasse
766 3979 959 4028 tamen
1007 3977 1122 4027 Deo
1155 3972 1329 4026 etiam
1364 3971 1494 4025 illos
1535 3969 1982 4039 antiquissimos

342 4057 609 4113 homines
639 4070 754 4108 non
777 4057 956 4108 tacet:
994 4052 1147 4122 quod
1180 4055 1236 4106 et
1267 4052 1325 4104 in
1377 4051 1606 4105 duobus
1638 4049 1843 4119 primis
1875 4050 1982 4104 fra-

345 4138 540 4193 tribus
571 4133 780 4189 claruit
809 4152 821 4200 ;
865 4136 921 4186 et
950 4131 1068 4186 Noe
1100 4135 1229 4202 post
1248 4130 1554 4194 diluvium,
1587 4145 1719 4182 cum
1749 4129 1819 4182 de
1851 4145 1983 4183 arca

343 4218 552 4273 fuisset
600 4229 891 4284 egressus,
940 4211 1165 4266 hostias
1231 4211 1347 4264 Deo
1396 4209 1609 4279 legitur
1651 4207 1983 4263 immolasse

414 4355 425 4388 ¹
460 4347 958 4420 Εᾱὶᾐὶηίζεδὶρηανί.
1005 4346 1442 4420 ᾒξθΠμΞ-Ρὶωνεε.
1469 4345 1837 4420 manuscripti,
1874 4345 1984 4420 clis-

341 4414 566 4478 signari
588 4431 606 4473 ,-
633 4414 686 4461 id
717 4408 796 4462 est
836 4412 1070 4478 convelli
1093 4412 1147 4458 ot
1193 4408 1465 4478 disrumpi.
1497 4409 1582 4456 Sic
1623 4408 1686 4478 in
1723 4409 1981 4478 Terentio,

338 4470 786 4542 Adelph-ach}
846 4474 1090 4542 scen.__2,
1134 4486 1266 4542 _pro_,
1328 4471 1479 4542 Modo
1724 4471 1984 4542 designa-

342 4521 825 4601 ἷᾶῖτιὲὗεεῖιῇιάίίιε
848 4521 864 4523 “
882 4521 1088 4601 'iegu,’
1116 4521 1472 4601 ιζῖςείρηφυίε.
1539 4521 1772 4601 dicitque
1827 4521 1984 4583 dissi-

340 4617 502 4665 gnare
555 4597 764 4666 proprie
819 4613 933 4650 esse
992 4598 1195 4658 aliquid
1248 4597 1453 4657 legibus
1513 4597 1781 4658 signatum
1842 4612 1982 4646 rum-

336 4681 538 4775 pelfeéic
567 4727 686 4776 Mss.
720 4727 787 4774 At
820 4724 965 4778 editi,
1003 4722 1481 4771 consobrinarum.

403 4793 424 4826 ³
459 4790 616 4843 Editi,
651 4788 1022 4836 verecundum
1053 4803 1069 4843 ;
1103 4787 1536 4834 dissentientibus
1565 4787 1685 4834 Mss.

398 4855 472 4916 (a)
523 4854 707 4912 Legem
753 4849 1091 4916 aTlieodosio
1134 4850 1300 4916 latam
1347 4864 1412 4916 ne
1455 4850 1620 4916 inter_
1645 4849 1986 4916 consobrinos

340 4912 418 4966 et‘
450 4912 697 4978 parentes
767 4915 1037 4978 inirentur
1088 4912 1683 4978 matrimoniaul‘audﬂat
1741 4912 1985 4978 Aurelius

342 4973 520 5027 Vicfor
547 4977 604 5024 in
641 4977 947 5027 Theodosio,
995 4977 1047 5021 et
1090 4976 1418 5028 Ambrosius,
1466 4974 1556 5022 lib.
1608 4974 1656 5032 8,
1710 4974 1862 5035 epist.
1903 4973 1983 5032 66,

340 5054 562 5100 eamque
607 5038 770 5098 legem
819 5037 1058 5086 fortassis
1086 5038 1302 5100 Vindicat
1324 5039 1410 5086 hic
1441 5039 1624 5100 postea
1655 5036 1985 5097 Augustinus

343 5099 525 5154 verbis
559 5102 663 5148 illis
695 5113 704 5147 :
740 5120 765 5143 α
796 5101 986 5147 Verum
1008 5099 1126 5156 quis
1155 5101 1361 5148 dubitet
1406 5099 1682 5148 honestius
1729 5101 1827 5148 hoc
1859 5102 1983 5147 tem-

341 5187 366 5212 «
397 5179 520 5229 pore
550 5164 711 5229 etiam
739 5160 1172 5229 consobrinorum
1206 5163 1610 5229 prohibitaesse
1640 5163 1884 5222 conjugia
1905 5171 1923 5208 ἰν
1957 5180 1982 5205 »

337 5223 442 5278 Ιιέχ
486 5239 640 5278 norro
687 5226 791 5274 ista
838 5223 1113 5270 Theodosii
1152 5224 1407 5271 hactenus
1467 5225 1838 5272 desideratur:
1899 5238 1982 5272 su-

335 5282 510 5356 perest
566 5290 746 5356 autem
795 5287 856 5334 in
893 5285 1137 5356 eamdem.
1187 5299 1298 5333 rem
1367 5287 1454 5356 lex
1499 5286 1632 5356 alia,
1662 5282 1982 5356 quae__(_30n-

334 5346 533 5403 stantio
571 5352 838 5408 tribuitur,
871 5346 1076 5396 sancito
1104 5346 1314 5400 Romae,
1357 5349 1637 5397 Arbetione
1666 5346 1717 5396 et
1745 5349 1981 5397 Lolliano

333 5416 657 5472 consulibus,
704 5416 758 5462 in
813 5412 934 5460 (30d.
981 5409 1192 5472 Theod..
1245 5410 1338 5456 lib.
1396 5409 1426 5457 2
1477 5413 1540 5458 de
1585 5411 1767 5460 incest.
1824 5412 1977 5472 Nupt.

332 5478 704 5540 Dispensatum
733 5475 859 5526 olim
888 5486 936 5540 Aa
966 5471 1298 5540 Caesaribus;
1325 5475 1385 5519 ut
1414 5474 1652 5540 legitima
1681 5476 1818 5540 esset
1845 5471 1982 5540 uxor

332 5534 666 5594 consobrina,
699 5542 849 5588 docet
879 5534 1219 5584 Cassiodorus
1269 5534 1506 5595 Senator,
1553 5536 1643 5583 lib.
1693 5536 1722 5584 7
1755 5537 1975 5593 Variae,

334 5616 448 5651 can.
480 5602 556 5649 46.

395 5618 649 5726 {ii/idem.
681 5663 772 5711 lib.
807 5665 837 5712 5
865 5664 1004 5720 cont,
1035 5661 1252 5720 Julian,
1285 5673 1340 5709 η.
1373 5661 1449 5709 45.

1401 313 1501 372 DE
1545 309 1906 371 CIVITATE
1949 307 2104 379 DEI,
2151 310 2214 368 S.
2262 307 2690 370 AUGUSTINI

3621 306 3741 368 460

2091 443 2190 514 (Ιαί.
2245 459 2368 509 vui,
2406 443 2519 513 20).
2571 443 2645 497 De
2693 459 2810 514 qua
2861 457 2920 498 re
2968 443 3024 497 in
3076 441 3540 514 pracedentibus
3579 441 3746 498 libris

2085 525 2210 594 jam
2261 524 2540 590 diximus,
2603 540 2717 578 non
2750 522 2821 578 ob
2870 523 3033 578 aliud
3079 524 3371 578 daemones
3402 530 3744 593 arrogantes

2092 603 2201 658 sibi
2251 604 2617 658 divinitatem
2669 604 2919 672 deosque
2963 618 3024 659 se
3067 604 3222 658 credi
3270 603 3576 674 cupientes
3629 604 3745 658 sibi

2095 688 2359 751 expetere
2393 684 2767 752 sacriﬁcium,
2799 689 2856 737 et
2899 684 3156 754 gaudere
3187 683 3527 753 hujusmodi
3558 683 3741 738 hono-

2096 763 2272 854 ribus,
2309 763 2415 818 nisi
2451 763 2588 834 quia
2607 779 2806 820 verum
2849 763 3205 820 sacrificium
3232 780 3364 820 vero
3394 763 3509 820 Deo
3541 764 3740 820 deberi

2096 853 2307 898 sciunt.

2093 1007 2324 1065 CAPUT
2353 1006 2520 1062 XVII.
2548 1037 2613 1046 —
2641 1007 2714 1061 De
2742 1005 2948 1061 duobus
2970 1021 3038 1060 ex
3066 1022 3177 1060 uno
3204 1006 3457 1073 genitore
3487 1021 3743 1074 procrea-

2438 1089 2510 1142 tis
2547 1087 2798 1158 patribus
2827 1094 2986 1157 atque
3013 1086 3387 1156 principibus.

2165 1227 2307 1282 Cum
2352 1241 2485 1294 ergo
2515 1228 2662 1279 esset
2710 1223 2894 1278 Adam
2947 1221 3251 1294 utriusque
3295 1222 3520 1294 generis
3553 1228 3737 1293 pater,

2094 1307 2146 1362 id
2181 1316 2282 1373 esl,
2316 1309 2371 1360 et
2401 1305 2566 1374 cujus
2607 1304 2787 1359 series
2819 1303 2888 1357 ad
2921 1310 3229 1370 terrenam,
3263 1308 3321 1356 et
3351 1303 3520 1372 cujus
3554 1304 3742 1359 series

2095 1389 2161 1443 ad
2198 1387 2486 1442 coelesiem
2521 1384 2770 1454 pertinet
2799 1383 3116 1450 civitatem;
3151 1381 3336 1436 occiso
3369 1382 3529 1449 Abel,
3563 1389 3742 1454 atque

2093 1468 2150 1522 in
2183 1469 2310 1535 ejus
2360 1466 2760 1518 interfectione
2807 1463 3209 1517 commendato
3245 1461 3488 1516 mirabili
3539 1479 3738 1518 sacra-

2094 1553 2308 1616 mento,
2341 1546 2473 1600 facti
2505 1552 2644 1600 sunt
2673 1547 2786 1600 duo
2811 1550 3003 1614 patres
3030 1543 3399 1614 singulorum
3432 1559 3733 1612 generum,

2092 1629 2229 1682 Cain
2261 1631 2318 1681 et
2347 1626 2478 1681 Seth
2508 1644 2521 1680 :
2552 1626 2609 1679 in
2642 1641 2891 1695 quorum
2918 1623 3072 1683 filiis,
3107 1640 3250 1694 quos
3289 1625 3736 1678 commemorari

2093 1707 2413 1778 oportebat,
2465 1707 2712 1760 duarum
2755 1705 3000 1759 istarum
3052 1705 3350 1758 civitatum
3403 1705 3459 1758 in
3525 1719 3738 1774 genere

2093 1787 2422 1844 mortalium
2490 1786 2818 1841 evidentius
2875 1784 3093 1839 indicia
3123 1788 3341 1838 clarere
3413 1789 3735 1855 cmperunt.

2091 1870 2228 1926 Cain
2262 1872 2474 1938 quippe
2505 1866 2708 1938 geuuit
2739 1866 2952 1932 Enoch,
2986 1866 3044 1919 in
3075 1865 3241 1935 cujus
3272 1865 3508 1919 nomine
3534 1865 3736 1920 condi-

2091 1952 2177 2006 dit
2223 1951 2536 2014 civitatem,
2585 1954 2872 2002 terrenam
2924 1946 3163 2015 scilicet,
3208 1963 3318 2001 non
3359 1946 3738 2017 peregrinan-

2091 2036 2205 2088 tem
2239 2030 2297 2084 in
2350 2028 2458 2084 hoc
2509 2029 2750 2094 mundo,
2783 2027 2882 2083 sed
2917 2026 2974 2080 in
3008 2027 3136 2096 ejus
3181 2025 3481 2097 temporali
3507 2043 3641 2097 pace
3672 2040 3743 2081 ac

2093 2112 2366 2167 felicitate
2416 2108 2829 2179 quiescentem.
2881 2107 3021 2162 Cain
3070 2111 3264 2162 autem
3315 2108 3737 2178 interpretatur

2090 2191 2390 2247 Possessio
2415 2205 2427 2242 :
2455 2189 2609 2243 unde
2641 2188 2859 2243 dictum
2892 2190 2979 2242 est
3005 2188 3240 2258 quando
3273 2191 3445 2242 natus
3473 2191 3578 2251 est,
3613 2186 3741 2242 sive

2091 2290 2121 2326 a
2156 2277 2337 2343 patre,
2370 2269 2488 2325 sive
2535 2285 2567 2323 a
2589 2273 2772 2322 matre
2821 2269 2970 2337 ejus,
3004 2268 3281 2337 Acquisivi
3333 2269 3607 2321 hominem
3637 2281 3745 2336 per

2091 2354 2258 2407 Deum
2288 2351 2441 2420 (Gen.
2475 2365 2551 2416 ιν,
2586 2349 2654 2417 1).
2691 2348 2882 2402 Enoch
2910 2363 3060 2414 vero,
3095 2347 3421 2402 Dedicatio:
3455 2346 3547 2401 hic
3579 2347 3740 2401 enim

2090 2432 2394 2487 dedicatur
2432 2434 2662 2484 terrena
2711 2428 2931 2492 civitas,
2986 2427 3084 2481 ubi
3117 2427 3424 2492 conditur;
3459 2428 3737 2497 quoniam

2090 2513 2186 2568 hic
2234 2512 2408 2566 habet
2443 2526 2598 2576 eum,
2652 2524 2824 2580 quem
2878 2507 3129 2562 intendit
3175 2511 3231 2563 et
3289 2509 3512 2578 appetit
3536 2509 3735 2562 tinem.

2090 2594 2266 2647 Porro
2297 2592 2394 2645 ille
2425 2590 2558 2645 Seth
2603 2587 2960 2642 Resurrectio
3009 2587 3450 2657 interpretatur,
3482 2592 3539 2642 et
3586 2589 3739 2642 Enos

2092 2673 2247 2726 filius
2279 2672 2408 2741 ejus
2431 2672 2843 2738 interpretatur
2869 2668 3086 2723 Homo:
3124 2684 3235 2721 non
3263 2667 3414 2722 sicut
3443 2669 3620 2722 Adam
3656 2671 3741 2736 (et

2088 2754 2277 2824 ipsum
2310 2752 2466 2807 enim
2501 2767 2708 2805 nomen
2741 2747 3156 2818 interpretatur
3187 2748 3409 2813 Homo),
3445 2749 3542 2802 sed
3576 2765 3738 2803 com-

2093 2848 2270 2887 mune
2303 2830 2639 2902 perhibetur
2670 2843 2798 2883 esse
2829 2828 2886 2881 in
2920 2827 3018 2881 illa
3045 2827 3260 2897 lingua,
3295 2828 3347 2881 id
3373 2832 3459 2881 est
3481 2827 3735 2894 hebrma,

2091 2913 2348 2968 masculo
2389 2920 2442 2965 et
2474 2909 2718 2964 feminae.
2745 2911 2884 2962 Nam
2920 2907 3003 2962 sic
3051 2909 3121 2962 de
3150 2907 3248 2962 illo
3293 2908 3572 2976 scriptum
3607 2914 3735 2964 est:

2094 2994 2387 3048 Masculum
2415 2992 2464 3045 et
2493 2990 2761 3062 feminam
2789 2991 2919 3057 fecit
2941 2989 3087 3055 illos,
3119 2998 3166 3042 et
3196 2987 3468 3042 benedixit
3498 2987 3642 3054 illos,
3679 2995 3740 3042 et

2089 3073 2496 3142 cognominavit
2539 3086 2738 3125 nomen
2781 3085 2969 3123 eorum
3000 3069 3288 3136 Adam(ld.
3328 3085 3383 3133 v,
3432 3067 3512 3138 2).
3562 3067 3742 3123 Unde

2093 3172 2205 3209 non
2265 3151 2601 3218 ambigitur,
2674 3150 2755 3204 sic
2814 3148 3164 3221 appellatam
3223 3149 3392 3203 fuisse
3453 3149 3733 3203 feminam

2091 3236 2265 3290 Evam
2302 3233 2528 3304 preprio
2580 3231 2835 3294 nomine,
2886 3235 2950 3283 ut
2997 3235 3193 3284 tamen
3226 3231 3433 3298 Adam,
3467 3230 3610 3298 quod
3648 3230 3742 3284 in-

2091 3321 2441 3388 terpretatur
2492 3313 2695 3377 Homo,
2739 3326 2947 3365 nomen
2999 3315 3152 3366 esset
3201 3311 3528 3365 amborum.
3578 3310 3738 3366 Enos

2091 3402 2282 3451 autem
2333 3394 2416 3448 sic
2468 3395 2882 3462 interpretatur
2933 3389 3136 3456 Homo,
3171 3395 3229 3445 ut
3273 3391 3376 3446 hoc
3417 3407 3530 3444 non
3564 3406 3738 3457 posse

2092 3477 2366 3531 feminam
2403 3472 2725 3542 nuncupari
2761 3471 2923 3542 periti
2949 3470 3346 3540 linguaeillius
3377 3475 3734 3539 asseverant,

2088 3563 2364 3627 tanquam
2420 3553 2576 3607 filius
2651 3551 3113 3616 resurrectionis,
3163 3552 3259 3605 ubi
3322 3568 3434 3606 non
3489 3552 3734 3619 nubent,

2091 3654 2280 3708 neque
2303 3651 2510 3689 uxores
2559 3633 2771 3686 ducent
2820 3632 2975 3701 (Luc.
3008 3649 3101 3696 xx,
3135 3632 3247 3699 35).
3281 3631 3403 3686 Non
3436 3632 3589 3685 enim
3623 3629 3736 3684 erit

2091 3716 2402 3788 generatio,
2437 3729 2564 3768 cum
2600 3711 2736 3766 illuc
2770 3712 3105 3782 perduxerit
3129 3712 3509 3782 regeneratio.
3544 3712 3735 3775 Quare

2090 3803 2144 3854 et
2175 3798 2282 3853 hoc
2316 3813 2428 3850 non
2477 3794 2774 3848 incassum
2811 3793 3132 3848 notandum
3179 3792 3444 3859 arbitror,
3482 3792 3633 3861 quod
3671 3791 3734 3846 in

2090 3879 2173 3933 eis
2205 3874 2678 3950 generationibus
2705 3890 2830 3944 quae
2856 3877 3255 3944 propagentur
3284 3890 3350 3927 ex
3381 3872 3477 3926 illo
3510 3872 3609 3941 qui
3640 3876 3738 3927 est

2093 3958 2416 4030 appellatus
2449 3954 2610 4023 Seth,
2653 3971 2783 4009 cum
2833 3954 3107 4023 genuisse
3147 3953 3298 4008 ﬁlios
3338 3952 3605 4023 filiasque
3643 3951 3738 4006 di-

2092 4037 2356 4103 cantur‘,
2402 4035 2558 4090 nulla
2607 4034 2686 4090 ibi
2735 4035 2930 4104 genita
2980 4033 3324 4088 nominatim
3381 4033 3592 4088 femina
3631 4049 3735 4087 ex-

2093 4136 2290 4189 pressa
2311 4123 2400 4173 est
2429 4134 2440 4170 :
2471 4117 2528 4170 in
2563 4115 2655 4170 bis
2689 4120 2881 4169 autem
2907 4131 3032 4185 qua
3058 4118 3449 4185 propagentur
3468 4129 3536 4168 ex
3566 4114 3736 4182 Cain,

2092 4199 2148 4252 in
2197 4199 2324 4269 ipso
2375 4198 2486 4250 fine
2532 4211 2835 4265 quousque
2888 4193 3373 4264 protenduntur’,
3416 4193 3743 4247 novissima

2092 4279 2308 4333 femina
2342 4276 2534 4347 genita
2567 4276 2896 4330 nominatur
2921 4276 3013 4343 (a).
3038 4275 3132 4328 Sic
3165 4274 3322 4328 enim
3358 4272 3593 4344 legitur:
3621 4273 3740 4326 lla-

2093 4358 2304 4413 thusael
2337 4357 2524 4426 genuit
2561 4356 2828 4410 Lamech:
2855 4357 2905 4409 et
2947 4354 3180 4423 sumpsit
3209 4353 3322 4407 sibi
3350 4353 3576 4407 Lamech
3596 4352 3744 4407 duas

2091 4454 2306 4504 uxores,
2327 4452 2519 4492 nomen
2545 4435 2645 4491 uni
2662 4436 2795 4500 Ada,
2818 4445 2866 4490 et
2896 4451 3092 4489 nomen
3111 4433 3356 4489 secundm
3370 4434 3516 4488 sella
3537 4454 3556 4498 ;
3576 4437 3628 4487 el
3648 4448 3747 4503 pe-

2089 4519 2232 4592 perit
2250 4517 2367 4574 Ada
2387 4518 2564 4573 Jobel:
2583 4516 2671 4570 hic
2689 4521 2806 4570 erat
2828 4519 2983 4585 pater
3004 4514 3374 4569 habitantium
3395 4516 3455 4570 in
3478 4514 3745 4568 taberna-

2092 4600 2228 4656 culis
2257 4601 2665 4669 pecuariorum.
2700 4599 2764 4651 Et
2811 4613 3010 4652 nomen
3042 4597 3231 4663 fratris
3263 4596 3380 4665 ejus
3409 4594 3569 4651 Jubal
3589 4612 3609 4648 :
3643 4594 3744 4650 hic

2091 4683 2202 4752 [ait
2233 4684 2328 4754 qui
2355 4680 2588 4734 ostendit
2615 4680 2943 4748 psalterium
2971 4686 3021 4733 et
3049 4677 3350 4732 citharam.
3375 4676 3525 4731 Sella
3554 4679 3742 4731 autem

2092 4767 2302 4834 peperit
2333 4766 2377 4815 et
2412 4761 2527 4830 ipsa
2579 4761 2786 4824 Thobel,
2819 4764 2868 4814 et
2917 4767 3036 4814 erat
3083 4758 3318 4812 aerarius
3366 4762 3416 4813 et
3445 4757 3746 4812 malleator

2091 4841 2383 4902 .Icramenli
2411 4847 2462 4897 et
2493 4840 2651 4906 ferri.
2688 4842 2850 4895 Soror
2869 4846 3060 4894 autem
3082 4839 3283 4893 Thobel
3313 4838 3544 4893 Noema3
3572 4839 3741 4904 (Gen.

2092 4945 2165 4992 ιν,
2203 4927 2401 4990 18-22).
2453 4923 2572 4978 Huc
2605 4938 2788 4993 usque
2838 4927 3110 4991 porrectae
3143 4926 3282 4975 sunt
3332 4918 3743 4990 generationes

2094 5023 2156 5061 ex
2187 5008 2348 5073 Cain,
2391 5021 2513 5074 quae
2546 5008 2683 5058 sunt
2713 5019 2914 5056 omnes
2949 5002 3020 5055 ab
3058 5001 3236 5054 Adam
3264 5007 3412 5066 octo,
3446 5015 3744 5056 annume-

2095 5093 2218 5141 rato
2246 5088 2368 5155 ipso
2400 5089 2605 5151 Adam,
2652 5093 2870 5153 septem
2905 5082 3124 5137 scilicet
3156 5083 3428 5152 usquead
3464 5081 3743 5151 Lamech,

2095 5167 2193 5238 qui
2245 5167 2490 5220 duarum
2546 5164 2788 5218 maritus
2838 5179 3078 5218 uxorum
3131 5163 3279 5218 fuit:
3314 5167 3368 5217 et
3417 5168 3611 5217 octava
3647 5169 3748 5218 est

2160 5413 2174 5444 1
2210 5410 2292 5459 Sic
2321 5409 2442 5457 Mss.
2475 5409 2542 5455 At
2569 5405 2714 5465 editi,
2746 5404 2988 5452 dicatur.

2156 5472 2177 5504 2
2207 5473 2445 5533 Plerique
2475 5471 2617 5525 Mss,
2648 5468 3004 5533 portendunt.

2159 5538 2176 5566 ³
2207 5531 2452 5581 Nonnulli
2485 5535 2604 5581 Mss.
2639 5531 2926 5579 Noemina.

2158 5598 2228 5657 (α)
2260 5597 2387 5644 Cum
2416 5597 2500 5644 his
2545 5598 2597 5645 et
2643 5594 2984 5657 sequentibus
3031 5593 3208 5644 confer
3257 5591 3643 5642 Theodoretum
3681 5593 3753 5644 in

2092 5656 2351 5717 Genesim,
2379 5660 2581 5722 quaest.
2613 5657 2690 5708 47.
2722 5656 2980 5715 COQUAEUS.
