4138 6192
297 342 402 404 461

298 476 587 549 generatio
617 475 674 532 in
708 475 844 533 ﬁliis
891 477 1036 548 ejus,
1075 475 1135 532 in
1185 477 1401 548 quibus
1451 484 1938 533 commemoratur

299 562 350 613 et
385 557 622 613 femina.
673 557 783 613 Ubi
836 557 1131 628 eleganter
1161 557 1548 618 signiﬁcatum
1601 562 1708 621 est,
1759 566 1936 612 terre-

300 656 426 694 nam
452 639 743 694 civitatem
778 656 966 710 usque
995 640 1053 693 in
1077 640 1168 694 sui
1205 640 1377 694 ﬁnem
1410 639 1674 694 carnales
1705 639 1938 693 habitu-

297 737 412 775 ram
479 722 905 791 generationes,
977 736 1101 791 quas
1163 721 1414 774 marium
1467 721 1936 790 feminarumque

295 800 699 869 conjunctione
731 800 1098 872 proveniunt.
1133 800 1297 855 Unde
1328 805 1384 856 et
1414 800 1576 872 ipsae,
1609 801 1761 871 quod
1798 816 1938 870 prae-

295 885 379 935 ter
408 879 578 935 Evam
613 897 906 952 nusquam
941 882 1230 952 reperitur
1275 886 1409 935 ante
1440 882 1721 934 diluvium
1756 879 1946 934 nomi-

299 959 465 1016 nibus
516 961 766 1031 propriis
812 961 1221 1032 exprimuntur
1251 977 1456 1016 uxores
1481 961 1637 1016 illius
1668 960 1942 1026 hominis,

299 1041 395 1112 qui
428 1043 763 1097 nominatur
809 1043 904 1098 hic
953 1042 1308 1098 novissimus
1340 1052 1518 1113 pater.
1562 1041 1720 1096 Sicut
1750 1046 1943 1096 autem

300 1122 464 1191 Cain,
497 1122 649 1194 quod
681 1122 1099 1194 interpretatur
1128 1123 1450 1186 Possessio,
1477 1127 1726 1177 terrenas
1756 1120 1948 1177 condi-

299 1205 390 1256 tor
438 1201 709 1266 civitatis,
754 1208 810 1258 et
846 1202 1000 1258 ﬁlius
1051 1203 1197 1272 ejus,
1240 1202 1300 1256 in
1345 1202 1516 1272 cujus
1545 1202 1780 1257 nomine
1812 1217 1947 1256 con-

303 1281 425 1336 dita
461 1286 566 1345 est,
598 1282 821 1348 Enoch,
856 1283 1005 1352 quod
1039 1283 1452 1353 interpretatur
1494 1281 1813 1348 Dedicatio,
1865 1281 1950 1334 in-

301 1361 454 1416 dicat
483 1362 656 1417 istam
715 1362 1009 1417 civitatem
1068 1367 1125 1418 et
1176 1362 1408 1417 initium
1433 1367 1488 1417 et
1524 1363 1700 1417 ﬁnem
1733 1361 1948 1416 habere

303 1445 636 1511 terrenum;
672 1442 770 1498 ubi
828 1441 973 1498 nihil
1033 1447 1301 1511 speratur
1349 1442 1623 1512 amplius,
1657 1439 1945 1514 quam‘in

300 1521 410 1578 hoc
464 1522 672 1578 saeculo
705 1524 861 1579 cerni
920 1528 1142 1593 potest:
1174 1523 1255 1578 ita
1294 1523 1454 1588 Seth,
1488 1523 1641 1594 quod
1677 1524 1948 1593 interpre-

300 1607 460 1657 tatur
491 1602 874 1673 Besurrectio,
907 1619 1040 1658 cum
1087 1603 1166 1658 sit
1212 1605 1653 1674 generationum
1686 1618 1944 1658 seorsum

298 1687 896 1739 commemoratarum
951 1688 1134 1754 pater,
1188 1684 1326 1755 quid
1375 1683 1444 1739 de
1473 1683 1590 1738 ﬁlio
1623 1684 1751 1754 ejus
1781 1698 1948 1739 sacra

297 1762 423 1818 haec
459 1762 700 1819 historia
729 1763 900 1830 dicat,
931 1763 1278 1819 intuendum
1311 1769 1418 1820 est.

292 1914 536 1971 CAPUT
567 1915 772 1973 XVIII.
805 1947 872 1957 -—
903 1917 1044 1986 Quid
1069 1917 1444 1988 significatum
1481 1921 1556 1972 sit
1599 1920 1655 1972 in
1701 1918 1852 1987 Abel,
1897 1920 1948 1973 et

370 1996 523 2062 Seth,
558 2001 608 2051 et
635 1999 803 2065 Enos,
837 1997 980 2069 quod
1010 2003 1285 2068 appareat
1315 2000 1388 2053 ad
1419 1997 1700 2052 Christum
1739 2001 1788 2053 et
1826 2012 1949 2053 cor-

367 2093 478 2148 pus
509 2079 647 2147 ejus,
679 2077 738 2132 id
767 2086 844 2133 est
879 2078 1199 2146 Ecclesium,
1231 2077 1530 2149 pertinere.

1466 341 1700 404 LIBER
1743 341 2081 404 DECIMUS
2127 343 2494 413 QUINTUS.

3567 355 3685 420 462

2046 477 2116 532 de
2141 478 2394 546 additur,
2429 481 2526 536 Hic
2554 483 2796 552 speravit
2815 482 3070 538 invocare
3092 500 3287 541 nomen
3307 489 3534 544 Domini
3555 492 3688 552 Dei:

2047 559 2189 612 satis
2205 560 2710 633 ostenditur,quod
2737 563 2924 618 nonin
2951 579 3011 618 se
3034 565 3159 635 ipso
3179 582 3339 636 spem
3363 586 3568 637 ponere
3590 574 3684 628 de-

2051 638 2183 692 beat
2214 640 2408 697 homo.
2437 643 2752 698 Maledictus
2783 645 2937 700 enim
2969 648 3170 713 omnis,
3193 648 3345 702 sicut
3375 651 3512 704 alibi
3549 653 3685 721 legi-

2047 725 2162 789 tur,
2197 725 2298 804 qui
2325 741 2472 791 spem
2499 743 2656 781 suam
2684 730 2838 798 ponit
2865 731 2924 782 in
2949 730 3166 783 homine
3190 733 3413 798 (Jerem.
3434 750 3573 798 xvu,
3597 737 3648 804 5)
3672 760 3686 798 ;

2051 816 2117 856 ac
2152 819 2247 869 per
2281 803 2408 868 hoc,
2442 822 2544 860 nec
2572 807 2733 871 inse,
2769 814 2833 861 ut
2855 811 2932 862 sit
2964 810 3106 862 civis
3139 809 3378 866 alterius
3411 803 3688 881 civitatis,

2053 897 2178 950 qua:
2206 899 2321 938 non
2354 887 2674 940 secundum
2708 887 2892 941 ﬁlium
2925 889 3062 943 Cain
3091 889 3390 944 dedicatur
3414 891 3524 946 hoc
3550 901 3690 948 tem-

2055 977 2210 1030 pore,
2245 963 2297 1017 id
2329 970 2418 1019 est
2450 967 2714 1022 mortalis
2754 967 2934 1037 hujus
2979 968 3172 1023 saeculi
3215 969 3446 1026 labente
3484 977 3688 1026 trans—

2053 1056 2250 1175 pursu,
2285 1045 2385 1099 sed
2419 1045 2477 1100 in
2510 1044 2610 1101 illa
2639 1046 3076 1104 immortalitate
3105 1049 3434 1106 beatudinis
3468 1053 3690 1123 sempi-

2082 1137 2254 1175 eram.

2082 1137 2254 1178 erum.

2127 1291 2360 1348 CAPUT
2392 1293 2545 1350 XIX.
2577 1326 2646 1334 —
2678 1296 2751 1351 De
2775 1296 3179 1367 signiﬁcatione
3207 1314 3330 1371 qua
3359 1299 3419 1356 in
3445 1299 3626 1358 Enoch

2497 1377 2864 1434 translatione
2893 1385 3249 1437 monstratur.

2127 1510 2270 1566 Nam
2305 1516 2362 1566 et
2389 1511 2498 1568 ista
2529 1530 2802 1587 propago,
2836 1517 3006 1585 cujus
3038 1521 3126 1572 est
3157 1521 3318 1587 pater
3347 1517 3507 1586 Seth,
3539 1518 3599 1573 in
3633 1535 3700 1576 ea

2055 1592 2424 1664 generatione
2456 1593 2629 1649 habet
2650 1595 3029 1651 dedicationis
3048 1613 3279 1660 nomen,
3300 1615 3427 1668 quae
3450 1597 3700 1668 septima

2056 1679 2139 1727 est
2170 1674 2241 1728 ab
2273 1673 2472 1742 Adam,
2498 1680 2879 1730 annumerato
2900 1677 3101 1731 Adam.
3128 1676 3424 1748 Septimus
3439 1679 3596 1734 enim
3627 1678 3698 1734 ab

2055 1751 2153 1807 illo
2189 1758 2361 1810 natus
2396 1760 2482 1809 est
2520 1754 2738 1822 Enoch,
2763 1756 2920 1828 quod
2948 1757 3357 1829 interpretatur
3380 1758 3698 1815 Dedicatio.

2056 1835 2164 1890 Sed
2185 1834 2311 1906 ipse
2336 1843 2424 1890 est
2452 1834 2550 1890 ille
2570 1836 2912 1904 translatus,
2939 1838 3218 1908 quoniam
3246 1839 3461 1908 placuit
3488 1840 3617 1905 Deo,
3643 1843 3700 1895 et

2057 1915 2276 1987 insigni
2299 1931 2539 1970 numero
2557 1915 2615 1970 in
2641 1916 3320 1989 ordinegenerationum,
3345 1936 3462 1990 quo
3483 1920 3701 1975 sabba-

2058 2001 2185 2052 tum
2209 2001 2610 2050 consecratum
2645 2002 2749 2063 est,
2774 1999 3019 2067 septimo
3043 1998 3261 2054 scilicet
3281 2000 3352 2052 ab
3375 1999 3586 2054 Adam.
3617 2000 3700 2054 Ab

2059 2077 2184 2148 ipso
2217 2084 2406 2130 autem
2441 2080 2603 2146 patre
2632 2077 2875 2132 istarum
2911 2078 3381 2144 generationum,
3413 2095 3540 2148 qua:
3585 2080 3704 2133 dis-

2061 2161 2381 2212 cernuntur
2411 2173 2444 2211 a
2475 2159 2793 2228 propagine
2823 2158 2984 2224 Cain,
3019 2158 3074 2211 id
3108 2163 3196 2212 est
3226 2176 3256 2212 a
3287 2158 3445 2225 Seth,
3493 2162 3698 2212 sextus

2062 2246 2188 2293 est:
2221 2241 2397 2307 quoto
2427 2237 2518 2292 die
2565 2239 2752 2292 tactus
2791 2243 2879 2292 est
2925 2237 3119 2305 homo,
3170 2242 3226 2293 et
3270 2237 3700 2293 consummavit

2065 2317 2219 2373 Deus
2250 2319 2450 2372 omnia
2480 2333 2653 2384 opera
2676 2333 2805 2371 sua.
2841 2317 2951 2372 Sed
2990 2319 3163 2385 hujus
3206 2318 3401 2372 Enoch
3447 2317 3704 2372 transla-

2065 2397 2145 2451 tio
2177 2404 2386 2450 nostras
2418 2393 2797 2450 dedicationis
2824 2401 2911 2450 est
2935 2397 3298 2467 praeﬁgurata
3323 2396 3544 2451 dilatio.
3569 2396 3703 2459 Qum

2069 2479 2303 2550 quidem
2351 2477 2474 2547 jam
2527 2477 2677 2530 facta
2720 2482 2806 2532 est
2853 2478 2910 2531 in
2960 2478 3188 2532 Christo
3247 2478 3434 2548 capite
3484 2485 3704 2544 nostro,

2070 2559 2170 2629 qui
2204 2558 2287 2612 sic
2329 2559 2660 2621 resurrexit,
2705 2562 2770 2612 ut
2809 2574 2920 2612 non
2963 2559 3246 2613 moriatur
3289 2559 3559 2626 ulterius,
3606 2557 3708 2612 sed

2073 2641 2246 2696 etiam
2280 2639 2402 2710 ipse
2435 2639 2754 2694 translatus
2785 2645 2872 2694 est
2905 2657 2918 2695 :
2953 2646 3131 2695 restat
3161 2647 3354 2696 autem
3388 2640 3567 2695 altera
3608 2642 3711 2694 de-

2074 2721 2288 2776 dicatio
2318 2719 2599 2773 universas
2642 2720 2870 2785 domus,
2921 2722 3092 2789 cujus
3139 2719 3266 2791 ipse
3307 2721 3582 2777 Christus
3625 2721 3713 2774 est

2074 2802 2539 2866 fundamentum,
2563 2815 2690 2868 qua:
2722 2800 2988 2854 dili'ertur
3018 2800 3074 2854 in
3110 2800 3306 2869 ﬁnem,
3339 2800 3574 2871 quando
3607 2797 3718 2853 erit

2076 2881 2338 2937 omnium
2390 2879 2758 2945 resurrectio,
2817 2896 2930 2934 non
2975 2880 3388 2935 moriturorum
3440 2879 3714 2950 amplius.

2076 2963 2206 3017 Sive
2236 2965 2431 3016 autem
2464 2961 2673 3014 domus
2710 2960 2800 3013 Dei
2835 2960 3084 3028 dicatur,
3127 2964 3249 3015 sive
3288 2959 3574 3030 templum
3623 2957 3719 3014 Dei

2078 3041 2196 3098 sive
2224 3041 2430 3097 civitas
2462 3040 2582 3101 Dei.
2616 3039 2868 3110 idipsum
2901 3049 3007 3109 est,
3041 3057 3144 3096 nec
3170 3041 3446 3096 abhorret
3477 3057 3509 3094 a
3549 3038 3718 3094 latini

2079 3121 2284 3191 eloquii
2310 3119 2750 3176 consuetudine.
2768 3120 2910 3176 Nam
2938 3127 2994 3176 et
3014 3121 3291 3192 Virgilius
3313 3119 3722 3190 imperiosissi-

2080 3220 2236 3259 mam
2269 3202 2558 3256 civitatem
2593 3201 2832 3256 domum
2877 3202 3128 3272 appellat
3169 3201 3455 3266 Assaraci,
3502 3201 3723 3255 Roma-

2083 3300 2188 3338 nos
2219 3281 2418 3336 volens
2451 3279 2715 3349 intelligi,
2741 3280 2834 3348 qui
2879 3282 2949 3335 de
2987 3285 3264 3336 Assaraco
3302 3297 3404 3351 per
3434 3281 3719 3349 Trojanos

2085 3361 2367 3431 originem
2401 3360 2655 3425 ducunt;
2690 3363 2746 3412 et
2781 3361 3017 3414 domum
3061 3360 3246 3414 [Encas
3285 3360 3524 3414 eosdem
3564 3362 3720 3430 ipsos

2087 3439 2322 3510 (xEneid.
2359 3439 2455 3492 lib.
2493 3440 2540 3491 1.
2574 3453 2714 3492 vers.
2744 3438 2877 3502 284;
2915 3437 3014 3491 tib.
3050 3439 3104 3504 3,
3137 3455 3281 3492 vers.
3313 3439 3427 3508 97),
3477 3439 3616 3506 quia
3660 3454 3725 3492 eo

2086 3523 2233 3575 duce
2263 3517 2498 3587 Trojani
2532 3533 2662 3571 cum
2700 3516 2924 3570 Italiam
2954 3517 3274 3583 venissent,
3307 3517 3379 3570 ab
3410 3516 3494 3569 eis
3523 3515 3730 3569 condi-

2087 3604 2148 3655 ta
2176 3605 2262 3653 est
2293 3598 2494 3652 Roma.
2538 3595 2811 3650 Imitatus
2869 3610 3122 3665 namque
3160 3603 3242 3649 est
3284 3600 3454 3665 poeta
3497 3593 3595 3648 ille
3637 3609 3730 3648 sa-

2093 3697 2222 3736 cras
2251 3677 2515 3742 Litteras,
2544 3674 2602 3728 in
2637 3674 2853 3744 quibus
2887 3674 3098 3729 dicitur
3129 3675 3338 3730 domus
3385 3673 3564 3729 Jacob
3611 3677 3730 3729 tam

2093 3763 2299 3832 ingens
2331 3755 2578 3829 populus
2613 3756 3003 3810 Hebraeorum.

373 2214 448 2267 Et
479 2212 629 2276 Seth,
662 2213 876 2284 inquit,
905 2217 1069 2268 natus
1092 2218 1171 2268 est
1200 2214 1372 2283 ﬁlius,
1418 2222 1468 2269 et
1506 2212 1814 2268 nominavit
1854 2227 1953 2267 no-

297 2310 442 2348 men
476 2293 607 2360 eius
637 2294 781 2347 Enos
833 2310 852 2346 :
897 2293 985 2347 hic
1029 2297 1264 2360 speravit
1313 2293 1569 2348 invocare
1619 2310 1812 2348 nomen
1862 2293 1956 2348 Do-

292 2371 464 2428 mini
491 2373 585 2426 Dei
616 2373 761 2431 (Gan.
799 2388 872 2436 1v,
903 2374 1016 2440 26).
1048 2371 1266 2443 Nempe
1295 2373 1511 2428 clamat
1538 2374 1828 2428 attestatio
1859 2389 1956 2428 ve-

295 2453 534 2508 ritatis.
571 2454 632 2507 In
663 2469 763 2524 spe
795 2454 974 2524 igitur
1003 2454 1139 2507 vivit
1170 2454 1342 2508 homo
1377 2454 1528 2507 ﬁlius
1572 2456 1954 2509 resurrectio-

298 2532 448 2597 nis;
486 2533 542 2586 in
593 2549 696 2604 spe
730 2533 885 2602 vivit,
919 2533 1199 2604 quamdiu
1244 2535 1644 2605 peregrinatur
1685 2533 1778 2587 hic
1817 2533 1960 2588 civi-

296 2619 400 2668 tas
439 2613 558 2678 Dei,
585 2629 713 2683 quaa
735 2614 995 2684 gignitur
1019 2630 1086 2668 ex
1111 2614 1223 2668 ﬁde
1256 2614 1699 2668 resurrectionis
1725 2613 1960 2669 Christi.

299 2697 388 2747 Ex
425 2694 665 2746 duobus
699 2709 952 2763 namque
985 2694 1098 2747 illis
1125 2694 1660 2762 hominibus,Abel,
1694 2694 1846 2763 quod
1879 2693 1965 2747 in-

303 2777 680 2845 terpretatur
710 2772 942 2837 Luctus,
966 2783 1015 2827 el
1048 2774 1172 2843 ejus
1206 2774 1380 2827 fratre
1409 2774 1566 2839 Seth,
1601 2775 1748 2844 quod
1786 2774 1966 2828 inter—

303 2858 611 2926 pretatur,
663 2853 1044 2915 Resurrectio,
1095 2869 1252 2907 mors
1306 2852 1519 2907 Christi
1579 2865 1630 2908 et
1680 2854 1800 2906 vita
1838 2854 1967 2920 ejus

307 2953 380 2991 ex
447 2934 704 2988 mortuis
761 2935 1057 3005 ﬁguratur.
1121 2937 1195 2988 Ex
1232 2950 1349 3004 qua
1399 2934 1510 2987 ﬁde
1563 2933 1824 3004 gignitur
1872 2933 1967 2987 hic

302 3015 535 3072 civitas
596 3013 719 3079 Dei,
766 3015 819 3068 id
873 3017 964 3068 est
1015 3014 1208 3083 homo,
1272 3012 1368 3084 qui
1409 3014 1659 3082 speravit
1707 3014 1970 3067 invocare

301 3111 547 3152 nomen
581 3094 811 3149 Domini
845 3094 962 3149 Dei.
997 3094 1101 3164 Spe
1131 3096 1279 3149 enim
1308 3095 1450 3148 salvi
1475 3095 1613 3164 [acti
1641 3111 1851 3160 sumus,
1891 3092 1972 3148 ait

299 3178 664 3251 Apostolus.
702 3176 830 3246 Spes
869 3185 1050 3232 autem
1096 3171 1215 3246 quae
1263 3175 1493 3245 videtur,
1536 3191 1645 3230 non
1688 3182 1765 3231 est
1805 3190 1968 3246 spes:

302 3259 466 3332 quod
504 3259 662 3312 enim
703 3257 844 3312 videt
882 3257 1028 3327 quis,
1079 3256 1209 3327 quid
1247 3260 1474 3327 sperat?
1502 3255 1563 3311 Si
1602 3267 1786 3312 autem
1834 3254 1975 3327 quod

304 3357 432 3394 non
478 3340 758 3408 videmus,
807 3353 1142 3408 seperamus,
1184 3354 1284 3408 per
1325 3338 1653 3406 patientiam
1695 3341 1976 3405 exspecta-

304 3437 442 3475 mus
477 3420 665 3490 (Rom.
700 3435 822 3483 VIII,
852 3419 941 3484 24,
980 3417 1093 3488 25).
1117 3417 1264 3472 Nam
1298 3418 1428 3488 quis
1461 3434 1662 3472 vacare
1693 3418 1801 3471 hoc
1831 3415 1978 3470 exis-

305 3502 501 3556 timet
543 3500 620 3555 ab
669 3498 975 3554 altitudine
1024 3499 1423 3553 sacramenti?
1471 3497 1770 3566 Numquid
1821 3496 1975 3550 enim

301 3581 465 3638 Abel
505 3596 630 3636 non
691 3579 946 3650 speravit
989 3579 1267 3643 invocare
1313 3594 1524 3632 nomen
1574 3577 1807 3631 Domini
1858 3574 1978 3640 Dei,

305 3665 506 3733 cujus
561 3659 913 3716 sacriﬁcium
966 3659 1265 3730 Scriptura
1325 3664 1446 3712 tam
1509 3662 1812 3727 acceptum
1868 3654 1981 3709 Deo

304 3744 514 3798 fuisse
549 3738 1017 3796 commemorat?
1050 3739 1338 3810 numquid
1372 3737 1492 3808 ipse
1524 3736 1660 3792 Seth
1693 3752 1808 3790 non
1840 3749 1980 3806 spe-

305 3827 482 3882 ravit
549 3825 822 3879 invocare
883 3837 1092 3877 nomen
1152 3819 1385 3874 Domini
1443 3818 1566 3884 Dei,
1619 3820 1686 3873 de
1731 3833 1845 3888 quo
1894 3814 1982 3870 di-

305 3917 487 3962 ctum
528 3911 643 3972 est,
677 3903 964 3959 Suscitavit
994 3905 1143 3957 enim
1174 3899 1312 3954 mihi
1343 3900 1480 3954 Deus
1503 3913 1682 3953 semen
1713 3896 1869 3952 aliud
1888 3909 1986 3966 pro

304 3988 456 4044 Abel
495 3986 661 4041 (Gen.
697 4001 770 4053 1v,
797 3983 934 4054 25)?
963 3983 1077 4038 Cur
1107 3997 1242 4052 ergo
1277 3980 1411 4034 huic
1444 3979 1676 4050 proprie
1716 3978 1986 4031 tribuitur

306 4069 481 4141 quod
524 4066 763 4138 piorum
797 4063 1062 4118 omnium
1107 4060 1456 4131 intelligitur
1496 4075 1621 4113 esse
1658 4072 1986 4141 commune,

305 4137 433 4206 nisi
475 4137 630 4220 quia
663 4145 968 4216 oportebat
1006 4145 1063 4198 in
1105 4160 1170 4199 eo
1214 4143 1310 4213 qui
1355 4142 1424 4195 de
1465 4147 1625 4212 patre
1661 4137 1992 4208 generatio-

304 4247 466 4286 num
507 4231 578 4282 in
618 4225 912 4281 meliorem
944 4229 1191 4296 partem,
1225 4223 1334 4277 hoc
1366 4228 1454 4277 est
1485 4237 1748 4289 superna:
1796 4220 1992 4273 civita-

305 4313 384 4367 tis
419 4311 874 4380 separatarum,
927 4306 1150 4374 primus
1201 4306 1692 4358 commemoratur
1740 4305 1990 4365 exortus,

303 4385 709 4463 prmﬁgurari
742 4385 1060 4451 hominem,
1102 4383 1157 4436 id
1192 4391 1276 4436 est
1299 4380 1993 4463 hominumsocietatem,

305 4460 451 4545 quae
493 4460 631 4526 non
663 4465 985 4523 secundum
1019 4463 1319 4545 hominem
1349 4463 1406 4545 in
1450 4479 1511 4545 re
1555 4460 1853 4545 felicitatis
1886 4465 1996 4545 ter-

304 4539 508 4618 r—enaa,
546 4548 655 4606 sed
691 4546 1007 4602 secundum
1039 4543 1223 4598 Deum
1273 4541 1412 4597 vivit
1460 4541 1520 4596 in
1561 4556 1662 4608 spe
1704 4539 1999 4594 felicitatis

304 4634 632 4688 eterna?
675 4627 789 4682 Nec
836 4624 1056 4680 dictum
1107 4630 1210 4691 est,
1264 4623 1364 4676 Hic
1409 4620 1666 4692 speravit
1705 4619 1762 4673 in
1807 4619 2001 4674 Domi-

303 4729 470 4770 num
511 4710 750 4778 Deum;
787 4715 905 4774 aut,
938 4705 1039 4760 Hic
1071 4702 1355 4759 invocavit
1378 4718 1587 4758 nomen
1617 4699 1840 4756 Domini
1865 4699 2000 4778 Dei;

304 4796 452 4862 sed,
497 4791 617 4847 Hic
648 4787 906 4860 speravit,
959 4784 1172 4857 inquit,
1225 4783 1490 4839 invocare
1537 4797 1733 4837 nomen
1783 4777 2003 4862 Domini

302 4857 447 4934 Dei.
499 4857 686 4937 Quid
721 4869 834 4924 sibi
893 4869 1000 4922 hoc
1058 4866 1198 4932 vult,
1257 4862 1517 4936 Speravit
1564 4864 1835 4929 invocare,
1891 4857 2007 4914 nisi

305 4957 475 5030 quia
518 4950 844 5025 prophetia
873 4953 984 5017 est,
1040 4950 1380 5030 exorturum
1425 4943 1728 5030 populum,
1773 4941 1871 5030 qui
1917 4957 2007 5030 se-

305 5019 625 5094 cundum
646 5019 997 5086 electionem
1025 5027 1224 5098 gratias
1256 5025 1551 5080 invocaret
1581 5039 1789 5078 nomen
1825 5019 2012 5077 Domi-

305 5121 374 5175 ni
418 5113 600 5172 Dei?
632 5110 750 5166 Hoc
788 5117 892 5173 est,
927 5108 1082 5179 quod
1135 5123 1235 5177 per
1278 5104 1456 5160 alium
1502 5104 1838 5175 prophetam
1886 5102 2009 5156 dic-

306 5203 490 5265 tum,
562 5189 886 5262 Apostolus
939 5191 1008 5243 de
1053 5187 1164 5242 hoc
1211 5183 1747 5265 populorintelligit
1793 5183 1886 5265 ad,
1917 5181 2013 5238 Dei

303 5264 616 5355 gratiam
649 5271 976 5343 pertinente
991 5285 1016 5355 ,ε
1053 5271 1118 5355 _Et
1145 5267 1269 5355 erit,
1301 5264 1838 5355 omn‘isﬁquicumqule
1869 5264 2016 5355 inve:

304 5341 574 5418 caverit
612 5341 809 5408 nomen
840 5347 1084 5414 Domini,
1115 5347 1302 5403 salvus
1332 5349 1434 5401 erit
1460 5345 1634 5415 (Rom.
1658 5360 1714 5408 κ,
1767 5343 1866 5407 13;
1903 5341 2019 5396 Joel

307 5458 382 5506 ιι,
415 5438 564 5508 32).
604 5433 720 5488 Hoc
749 5431 905 5487 enim
937 5430 1126 5499 ipsum
1155 5425 1310 5499 quod
1352 5424 1569 5508 dicitur
1603 5425 1667 5477 Et
1706 5420 2019 5508 nominavit

305 5501 558 5579 nomen
600 5513 720 5579 eius
747 5515 910 5579 Enos,
938 5509 1080 5582 quod
1107 5509 1501 5579 interpretatur
1528 5505 1691 5560 Homo
1721 5517 1740 5564 ,'
1763 5517 1826 5558 ac
1849 5501 2019 5557 dein-

2096 3923 2326 3983 CAPUT
2354 3921 2478 3978 XX.
2514 3950 2573 3960 —-
2607 3921 2677 3976 De
2703 3935 2766 3975 eo
2796 3918 2937 3990 quod
2969 3918 3105 3974 Cain
3125 3919 3396 3974 successio
3425 3918 3485 3974 in
3514 3922 3628 3973 octo
3667 3917 3735 3972 ab

2167 4006 2342 4062 Adam
2370 4001 2752 4072 generationes
2781 4000 3084 4064 clauditur,
3115 4004 3164 4054 et
3196 4002 3252 4054 in
3283 4000 3512 4069 posteris
3544 3999 3612 4054 ab
3644 4012 3737 4053 e0-

2169 4087 2288 4142 dem
2317 4090 2475 4158 patre
2504 4083 2673 4138 Adam
2702 4081 2810 4137 Noe
2838 4083 3078 4137 decimus
3110 4080 3415 4138 invenitur.

2174 4231 2225 4286 1.
2259 4230 2422 4286 Dicet
2451 4226 2702 4298 aliquis:
2736 4226 2790 4279 Si
2825 4225 2930 4281 hoc
2974 4225 3315 4281 intendebat
3345 4226 3592 4298 scriptor
3638 4225 3740 4280 hu-

2097 4315 2194 4383 jus
2221 4309 2471 4366 historiae
2503 4308 2559 4362 in
2589 4306 3117 4364 commemorandis
3160 4307 3635 4378 generationibus
3675 4321 3746 4362 ex

2108 4392 2285 4448 Adam
2320 4406 2421 4460 per
2453 4388 2637 4442 ﬁlium
2670 4387 2798 4457 ejus
2830 4387 2990 4457 Seth,
3026 4393 3089 4443 ut
3115 4404 3216 4458 per
3255 4387 3384 4442 illas
3425 4387 3750 4458 perveniret

2108 4472 2181 4528 ad
2210 4471 2350 4535 Noe,
2381 4470 2491 4523 sub
2523 4484 2639 4538 quo
2662 4468 2880 4524 factum
2912 4472 2999 4523 est
3039 4468 3348 4536 diluvium,
3376 4485 3408 4523 a
3455 4485 3569 4539 quo
3616 4484 3749 4522 rur-

2109 4569 2210 4608 sus
2242 4555 2645 4604 contexeretur
2669 4548 2810 4603 ordo
2839 4548 3230 4617 nascentium,
3263 4565 3379 4619 quo
3421 4548 3750 4619 perveniret

2111 4632 2184 4688 ad
2214 4628 2532 4695 Abraham,
2567 4644 2600 4682 a
2645 4643 2759 4698 quo
2797 4627 3098 4683 Matthaaus
3139 4627 3502 4698 evangelista
3544 4626 3753 4696 incipit

2113 4709 2536 4784 generationes,
2571 4708 2785 4778 quibus
2824 4708 2894 4762 ad
2939 4707 3235 4762 Christum
3286 4708 3539 4776 pervenit
3566 4709 3752 4784 aeter-

2115 4783 2252 4850 num
2286 4791 2498 4862 Regem
2534 4786 2785 4843 civitatis
2816 4788 2954 4851 Dei;
2989 4786 3128 4856 quid
3169 4783 3514 4839 intendebat
3561 4783 3621 4837 in
3667 4797 3760 4862 ge-

2116 4861 2516 4930 nerationibus
2549 4885 2613 4924 ex
2654 4865 2817 4931 Cain,
2850 4869 2906 4920 et
2937 4881 3048 4934 quo
3097 4879 3195 4918 eas
3243 4863 3554 4933 perducere
3598 4861 3760 4916 vole-

2118 4954 2255 5010 bat?
2286 4949 2687 5021 Respondetur
2719 4963 2732 5002 :
2767 4944 2960 5015 Usque
2991 4944 3061 4999 ad
3097 4941 3404 5008 diluvium,
3434 4958 3548 5012 quo
3578 4945 3761 4997 totum

2121 5036 2263 5091 illud
2298 5049 2479 5103 genus
2511 5035 2749 5086 terrenae
2791 5025 3046 5081 civitatis
3085 5023 3465 5094 absumptum
3511 5027 3620 5093 est,
3661 5022 3760 5076 sed

2121 5118 2450 5188 reparatum
2483 5126 2551 5165 ex
2583 5107 2720 5188 ﬁliis
2751 5106 2891 5188 Noe.
2927 5105 3128 5188 Neque
3149 5104 3306 5158 enim
3327 5103 3555 5188 deesse
3601 5104 3761 5174 pote-

2123 5181 2203 5251 rit
2229 5194 2350 5248 haec
2389 5196 2617 5246 terrena
2660 5186 2865 5241 civitas
2911 5184 3276 5253 societasque
3327 5181 3632 5237 hominum
3674 5193 3764 5234 se-

2123 5279 2376 5333 cundum
2397 5272 2694 5328 hominem
2717 5267 3039 5322 viventium
3059 5280 3246 5335 usque
3279 5264 3347 5320 ad
3377 5264 3551 5332 hujus
3574 5260 3767 5316 saeculi

2126 5357 2324 5418 ﬁnem,
2348 5356 2417 5408 de
2437 5368 2552 5422 quo
2585 5348 2870 5406 Dominus
2903 5346 3003 5414 ait,
3027 5345 3158 5401 Filii
3187 5345 3350 5416 hujus
3379 5344 3579 5401 saeculi
3600 5358 3771 5422 genas-

2129 5441 2273 5502 rant,
2296 5441 2345 5491 et
2373 5420 2706 5504 generantur
2735 5430 2890 5500 (Luc.
2926 5444 3016 5493 xx,
3050 5427 3163 5496 34).
3187 5425 3486 5481 Civitatem
3519 5439 3650 5504 vero
3676 5420 3773 5504 Dei

2130 5502 2597 5590 peregrinantem
2632 5511 2690 5565 in
2736 5509 2842 5564 hoc
2876 5504 3477 5590 saeculouregeneratio
3509 5502 3777 5575 perducit

2131 5585 2203 5654 ad
2238 5585 2480 5652 alterum
2517 5590 2820 5655 saeculum,
2845 5588 3014 5657 cujus
3049 5585 3152 5640 ﬁlii
3195 5601 3300 5641 nec
3339 5593 3638 5656 generant,
3671 5599 3776 5639 nec

385 5724 403 5756 ι
445 5705 651 5767 Editi,
679 5719 846 5771 quam
877 5703 1039 5768 quod.
1070 5700 1247 5760 Abest,
1280 5696 1440 5761 quod,
1472 5709 1504 5745 a
1530 5695 1652 5745 Mss.
2135 5685 2510 5753 generantur.
2544 5673 2647 5729 Hic
2678 5687 2811 5743 ergo
2843 5666 3106 5742 generari
3157 5671 3211 5721 et
3247 5680 3522 5739 generare
3553 5664 3774 5721 civitati
