  <div class='ocr_page' id='page_1' title='image "/cluster/home/n/w/nwhite01/storage/ocr_20150623/41/hvd.32044096580634/237.png"; bbox 0 0 4138 6192; ppageno 0'>
   <div class='ocr_carea' id='block_1_1' title="bbox 362 341 517 406">
    <p class='ocr_par' dir='ltr' id='par_1_1' title="bbox 362 341 517 406">
     <span class='ocr_line' id='line_1_1' title="bbox 362 341 517 406; baseline 0.013 -3"><span class='ocrx_word' id='word_1_1' title='bbox 362 370 363 379; x_wconf 56' lang='grc' dir='ltr'><strong>η</strong></span> <span class='ocrx_word' id='word_1_2' title='bbox 396 341 517 406; x_wconf 76' lang='grc'><strong>463</strong></span> 
     </span>
    </p>
   </div>
   <div class='ocr_carea' id='block_1_2' title="bbox 394 464 2035 552">
    <p class='ocr_par' dir='ltr' id='par_1_2' title="bbox 394 464 2035 552">
     <span class='ocr_line' id='line_1_2' title="bbox 394 464 2035 552; baseline -0.011 -16"><span class='ocrx_word' id='word_1_3' title='bbox 394 480 627 552; x_wconf 86' lang='lat' dir='ltr'><strong>utrique</strong></span> <span class='ocrx_word' id='word_1_4' title='bbox 656 488 965 533; x_wconf 84' lang='lat' dir='ltr'><strong>commune</strong></span> <span class='ocrx_word' id='word_1_5' title='bbox 995 475 1079 529; x_wconf 87' lang='lat' dir='ltr'><strong>est</strong></span> <span class='ocrx_word' id='word_1_6' title='bbox 1113 487 1127 526; x_wconf 93' lang='lat'><strong>:</strong></span> <span class='ocrx_word' id='word_1_7' title='bbox 1161 469 1427 552; x_wconf 83' lang='lat' dir='ltr'><strong>quamvis</strong></span> <span class='ocrx_word' id='word_1_8' title='bbox 1458 467 1562 524; x_wconf 85' lang='lat' dir='ltr'><strong>Dei</strong></span> <span class='ocrx_word' id='word_1_9' title='bbox 1590 465 1795 552; x_wconf 81' lang='lat' dir='ltr'><strong>civitas</strong></span> <span class='ocrx_word' id='word_1_10' title='bbox 1821 464 2035 519; x_wconf 84' lang='lat' dir='ltr'><strong>habeat</strong></span> 
     </span>
    </p>
   </div>
   <div class='ocr_carea' id='block_1_3' title="bbox 392 548 2034 621">
    <p class='ocr_par' dir='ltr' id='par_1_3' title="bbox 392 548 2034 621">
     <span class='ocr_line' id='line_1_3' title="bbox 392 548 2034 621; baseline -0.01 -4"><span class='ocrx_word' id='word_1_11' title='bbox 392 548 565 616; x_wconf 79' lang='lat' dir='ltr'><strong>etiam</strong></span> <span class='ocrx_word' id='word_1_12' title='bbox 594 557 687 612; x_wconf 91' lang='lat' dir='ltr'><strong>hic</strong></span> <span class='ocrx_word' id='word_1_13' title='bbox 710 555 896 610; x_wconf 91' lang='lat' dir='ltr'><strong>multa</strong></span> <span class='ocrx_word' id='word_1_14' title='bbox 923 553 1137 608; x_wconf 83' lang='lat' dir='ltr'><strong>civium</strong></span> <span class='ocrx_word' id='word_1_15' title='bbox 1170 549 1374 616; x_wconf 83' lang='lat' dir='ltr'><strong>millia,</strong></span> <span class='ocrx_word' id='word_1_16' title='bbox 1399 564 1524 621; x_wconf 72' lang='lat' dir='ltr'><strong>quae</strong></span> <span class='ocrx_word' id='word_1_17' title='bbox 1555 548 1628 602; x_wconf 89' lang='lat' dir='ltr'><strong>ab</strong></span> <span class='ocrx_word' id='word_1_18' title='bbox 1659 562 1831 618; x_wconf 89' lang='lat' dir='ltr'><strong>opere</strong></span> <span class='ocrx_word' id='word_1_19' title='bbox 1859 559 2034 615; x_wconf 87' lang='lat' dir='ltr'><strong>gene-</strong></span> 
     </span>
    </p>
   </div>
   <div class='ocr_carea' id='block_1_4' title="bbox 390 624 2036 702">
    <p class='ocr_par' dir='ltr' id='par_1_4' title="bbox 390 624 2036 702">
     <span class='ocr_line' id='line_1_4' title="bbox 390 624 2036 702; baseline -0.009 -7"><span class='ocrx_word' id='word_1_20' title='bbox 390 641 558 696; x_wconf 82' lang='lat' dir='ltr'><strong>randi</strong></span> <span class='ocrx_word' id='word_1_21' title='bbox 591 653 654 692; x_wconf 89' lang='lat' dir='ltr'><strong>se</strong></span> <span class='ocrx_word' id='word_1_22' title='bbox 675 635 1014 702; x_wconf 74' lang='lat' dir='ltr'><strong>abstinent;</strong></span> <span class='ocrx_word' id='word_1_23' title='bbox 1047 632 1147 688; x_wconf 80' lang='lat' dir='ltr'><strong>sed</strong></span> <span class='ocrx_word' id='word_1_24' title='bbox 1185 630 1363 687; x_wconf 90' lang='lat' dir='ltr'><strong>habet</strong></span> <span class='ocrx_word' id='word_1_25' title='bbox 1392 630 1567 686; x_wconf 88' lang='lat' dir='ltr'><strong>etiam</strong></span> <span class='ocrx_word' id='word_1_26' title='bbox 1599 627 1700 683; x_wconf 90' lang='lat' dir='ltr'><strong>illa</strong></span> <span class='ocrx_word' id='word_1_27' title='bbox 1728 642 1796 683; x_wconf 78' lang='lat' dir='ltr'><strong>ex</strong></span> <span class='ocrx_word' id='word_1_28' title='bbox 1838 624 2036 680; x_wconf 89' lang='lat' dir='ltr'><strong>imita-</strong></span> 
     </span>
    </p>
   </div>
   <div class='ocr_carea' id='block_1_5' title="bbox 388 710 2036 787">
    <p class='ocr_par' dir='ltr' id='par_1_5' title="bbox 388 710 2036 787">
     <span class='ocr_line' id='line_1_5' title="bbox 388 710 2036 787; baseline -0.008 -14"><span class='ocrx_word' id='word_1_29' title='bbox 388 719 549 774; x_wconf 83' lang='lat' dir='ltr'><strong>tione</strong></span> <span class='ocrx_word' id='word_1_30' title='bbox 576 715 853 787; x_wconf 90' lang='lat' dir='ltr'><strong>quadam,</strong></span> <span class='ocrx_word' id='word_1_31' title='bbox 884 712 1018 768; x_wconf 88' lang='lat' dir='ltr'><strong>licet</strong></span> <span class='ocrx_word' id='word_1_32' title='bbox 1059 712 1445 768; x_wconf 74' lang='lat' dir='ltr'><strong>errantium‘.</strong></span> <span class='ocrx_word' id='word_1_33' title='bbox 1488 710 1570 764; x_wconf 84' lang='lat' dir='ltr'><strong>Ad</strong></span> <span class='ocrx_word' id='word_1_34' title='bbox 1614 724 1742 764; x_wconf 90' lang='lat' dir='ltr'><strong>eam</strong></span> <span class='ocrx_word' id='word_1_35' title='bbox 1783 720 2036 775; x_wconf 83' lang='lat' dir='ltr'><strong>namque</strong></span> 
     </span>
    </p>
   </div>
   <div class='ocr_carea' id='block_1_6' title="bbox 390 787 2037 872">
    <p class='ocr_par' dir='ltr' id='par_1_6' title="bbox 390 787 2037 872">
     <span class='ocr_line' id='line_1_6' title="bbox 390 787 2037 872; baseline -0.01 -16"><span class='ocrx_word' id='word_1_36' title='bbox 390 799 685 872; x_wconf 81' lang='lat' dir='ltr'><strong>pertinent</strong></span> <span class='ocrx_word' id='word_1_37' title='bbox 712 796 914 865; x_wconf 89' lang='lat' dir='ltr'><strong>etiam,</strong></span> <span class='ocrx_word' id='word_1_38' title='bbox 942 793 1041 866; x_wconf 88' lang='lat' dir='ltr'>qui</span> <span class='ocrx_word' id='word_1_39' title='bbox 1073 792 1372 849; x_wconf 90' lang='lat' dir='ltr'><strong>deviantes</strong></span> <span class='ocrx_word' id='word_1_40' title='bbox 1402 791 1473 847; x_wconf 91' lang='lat' dir='ltr'><strong>ab</strong></span> <span class='ocrx_word' id='word_1_41' title='bbox 1505 790 1677 860; x_wconf 83' lang='lat' dir='ltr'><strong>hujus</strong></span> <span class='ocrx_word' id='word_1_42' title='bbox 1711 789 1824 872; x_wconf 72' lang='lat' dir='ltr'><strong>fide</strong></span> <span class='ocrx_word' id='word_1_43' title='bbox 1852 787 2037 872; x_wconf 83' lang='lat' dir='ltr'><strong>diver-</strong></span> 
     </span>
    </p>
   </div>
   <div class='ocr_carea' id='block_1_7' title="bbox 390 869 2037 937">
    <p class='ocr_par' dir='ltr' id='par_1_7' title="bbox 390 869 2037 937">
     <span class='ocr_line' id='line_1_7' title="bbox 390 869 2037 937; baseline -0.008 0"><span class='ocrx_word' id='word_1_44' title='bbox 390 869 487 937; x_wconf 76' lang='lat' dir='ltr'><strong>sae</strong></span> <span class='ocrx_word' id='word_1_45' title='bbox 534 879 784 934; x_wconf 69' lang='lat' dir='ltr'><strong>hmreses</strong></span> <span class='ocrx_word' id='word_1_46' title='bbox 832 876 1218 932; x_wconf 88' lang='lat' dir='ltr'><strong>condiderunt</strong></span> <span class='ocrx_word' id='word_1_47' title='bbox 1278 892 1294 931; x_wconf 94' lang='lat'><strong>:</strong></span> <span class='ocrx_word' id='word_1_48' title='bbox 1352 873 1677 930; x_wconf 88' lang='lat' dir='ltr'><strong>secundum</strong></span> <span class='ocrx_word' id='word_1_49' title='bbox 1735 869 2037 925; x_wconf 78' lang='lat' dir='ltr'><strong>hominem</strong></span> 
     </span>
    </p>
   </div>
   <div class='ocr_carea' id='block_1_8' title="bbox 392 951 2036 1031">
    <p class='ocr_par' dir='ltr' id='par_1_8' title="bbox 392 951 2036 1031">
     <span class='ocr_line' id='line_1_8' title="bbox 392 951 2036 1031; baseline -0.007 -16"><span class='ocrx_word' id='word_1_50' title='bbox 392 959 609 1031; x_wconf 86' lang='lat' dir='ltr'><strong>quippe</strong></span> <span class='ocrx_word' id='word_1_51' title='bbox 637 956 857 1022; x_wconf 87' lang='lat' dir='ltr'><strong>vivunt,</strong></span> <span class='ocrx_word' id='word_1_52' title='bbox 888 973 1001 1013; x_wconf 92' lang='lat' dir='ltr'><strong>non</strong></span> <span class='ocrx_word' id='word_1_53' title='bbox 1045 956 1368 1013; x_wconf 84' lang='lat' dir='ltr'><strong>secundum</strong></span> <span class='ocrx_word' id='word_1_54' title='bbox 1411 954 1618 1010; x_wconf 89' lang='lat' dir='ltr'><strong>Deum.</strong></span> <span class='ocrx_word' id='word_1_55' title='bbox 1650 952 1721 1007; x_wconf 90' lang='lat' dir='ltr'><strong>Et</strong></span> <span class='ocrx_word' id='word_1_56' title='bbox 1756 951 2036 1031; x_wconf 83' lang='lat' dir='ltr'><strong>Indorum</strong></span> 
     </span>
    </p>
   </div>
   <div class='ocr_carea' id='block_1_9' title="bbox 391 1028 2039 1110">
    <p class='ocr_par' dir='ltr' id='par_1_9' title="bbox 391 1028 2039 1110">
     <span class='ocr_line' id='line_1_9' title="bbox 391 1028 2039 1110; baseline -0.005 -17"><span class='ocrx_word' id='word_1_57' title='bbox 391 1028 923 1110; x_wconf 77' lang='lat' dir='ltr'><strong>Gymnosophistae,</strong></span> <span class='ocrx_word' id='word_1_58' title='bbox 947 1035 1047 1108; x_wconf 90' lang='lat' dir='ltr'><strong>qui</strong></span> <span class='ocrx_word' id='word_1_59' title='bbox 1076 1034 1223 1091; x_wconf 89' lang='lat' dir='ltr'><strong>nulli</strong></span> <span class='ocrx_word' id='word_1_60' title='bbox 1255 1034 1637 1107; x_wconf 73' lang='lat' dir='ltr'><strong>perhibentur</strong></span> <span class='ocrx_word' id='word_1_61' title='bbox 1669 1028 2039 1103; x_wconf 89' lang='lat' dir='ltr'><strong>philosopha-</strong></span> 
     </span>
    </p>
   </div>
   <div class='ocr_carea' id='block_1_10' title="bbox 392 1115 2037 1185">
    <p class='ocr_par' dir='ltr' id='par_1_10' title="bbox 392 1115 2037 1185">
     <span class='ocr_line' id='line_1_10' title="bbox 392 1115 2037 1185; baseline -0.006 -11"><span class='ocrx_word' id='word_1_62' title='bbox 392 1120 441 1174; x_wconf 93' lang='lat' dir='ltr'><strong>ri</strong></span> <span class='ocrx_word' id='word_1_63' title='bbox 473 1118 535 1174; x_wconf 90' lang='lat' dir='ltr'><strong>in</strong></span> <span class='ocrx_word' id='word_1_64' title='bbox 566 1116 984 1173; x_wconf 89' lang='lat' dir='ltr'><strong>solitudinibus</strong></span> <span class='ocrx_word' id='word_1_65' title='bbox 1016 1116 1211 1183; x_wconf 82' lang='lat' dir='ltr'><strong>Indiae,</strong></span> <span class='ocrx_word' id='word_1_66' title='bbox 1246 1116 1399 1172; x_wconf 85' lang='lat' dir='ltr'><strong>cives</strong></span> <span class='ocrx_word' id='word_1_67' title='bbox 1429 1115 1556 1185; x_wconf 86' lang='lat' dir='ltr'><strong>ejus</strong></span> <span class='ocrx_word' id='word_1_68' title='bbox 1585 1117 1744 1178; x_wconf 89' lang='lat' dir='ltr'><strong>sunt,</strong></span> <span class='ocrx_word' id='word_1_69' title='bbox 1779 1118 1832 1166; x_wconf 88' lang='lat' dir='ltr'><strong>et</strong></span> <span class='ocrx_word' id='word_1_70' title='bbox 1870 1127 1904 1165; x_wconf 87' lang='lat' dir='ltr'><strong>a</strong></span> <span class='ocrx_word' id='word_1_71' title='bbox 1939 1124 2037 1179; x_wconf 85' lang='lat' dir='ltr'><strong>ge-</strong></span> 
     </span>
    </p>
   </div>
   <div class='ocr_carea' id='block_1_11' title="bbox 390 1192 2037 1269">
    <p class='ocr_par' dir='ltr' id='par_1_11' title="bbox 390 1192 2037 1269">
     <span class='ocr_line' id='line_1_11' title="bbox 390 1192 2037 1269; baseline -0.007 -14"><span class='ocrx_word' id='word_1_72' title='bbox 390 1199 649 1255; x_wconf 88' lang='lat' dir='ltr'><strong>nerando</strong></span> <span class='ocrx_word' id='word_1_73' title='bbox 679 1212 741 1254; x_wconf 87' lang='lat' dir='ltr'><strong>se</strong></span> <span class='ocrx_word' id='word_1_74' title='bbox 771 1197 1043 1253; x_wconf 88' lang='lat' dir='ltr'><strong>cohibent</strong></span> <span class='ocrx_word' id='word_1_75' title='bbox 1071 1197 1173 1269; x_wconf 87' lang='lat' dir='ltr'><strong>(a).</strong></span> <span class='ocrx_word' id='word_1_76' title='bbox 1211 1196 1334 1254; x_wconf 87' lang='lat' dir='ltr'><strong>Non</strong></span> <span class='ocrx_word' id='word_1_77' title='bbox 1367 1196 1521 1251; x_wconf 90' lang='lat' dir='ltr'><strong>enim</strong></span> <span class='ocrx_word' id='word_1_78' title='bbox 1547 1199 1634 1249; x_wconf 89' lang='lat' dir='ltr'><strong>est</strong></span> <span class='ocrx_word' id='word_1_79' title='bbox 1655 1193 1763 1247; x_wconf 91' lang='lat' dir='ltr'><strong>hoc</strong></span> <span class='ocrx_word' id='word_1_80' title='bbox 1793 1192 2037 1256; x_wconf 90' lang='lat' dir='ltr'><strong>bonum,</strong></span> 
     </span>
    </p>
   </div>
   <div class='ocr_carea' id='block_1_12' title="bbox 390 1272 2041 1344">
    <p class='ocr_par' dir='ltr' id='par_1_12' title="bbox 390 1272 2041 1344">
     <span class='ocr_line' id='line_1_12' title="bbox 390 1272 2041 1344; baseline -0.006 -8"><span class='ocrx_word' id='word_1_81' title='bbox 390 1281 507 1337; x_wconf 85' lang='lat' dir='ltr'><strong>nisi</strong></span> <span class='ocrx_word' id='word_1_82' title='bbox 537 1296 674 1335; x_wconf 89' lang='lat' dir='ltr'><strong>cum</strong></span> <span class='ocrx_word' id='word_1_83' title='bbox 707 1281 770 1335; x_wconf 81' lang='lat' dir='ltr'><strong>fit</strong></span> <span class='ocrx_word' id='word_1_84' title='bbox 799 1279 1125 1334; x_wconf 89' lang='lat' dir='ltr'><strong>secundum</strong></span> <span class='ocrx_word' id='word_1_85' title='bbox 1157 1278 1332 1332; x_wconf 82' lang='lat' dir='ltr'><strong>fidem</strong></span> <span class='ocrx_word' id='word_1_86' title='bbox 1358 1276 1576 1333; x_wconf 87' lang='lat' dir='ltr'><strong>summi</strong></span> <span class='ocrx_word' id='word_1_87' title='bbox 1612 1274 1770 1341; x_wconf 90' lang='lat' dir='ltr'><strong>boni,</strong></span> <span class='ocrx_word' id='word_1_88' title='bbox 1811 1272 1909 1344; x_wconf 91' lang='lat' dir='ltr'><strong>qui</strong></span> <span class='ocrx_word' id='word_1_89' title='bbox 1952 1275 2041 1327; x_wconf 91' lang='lat' dir='ltr'><strong>est</strong></span> 
     </span>
    </p>
   </div>
   <div class='ocr_carea' id='block_1_13' title="bbox 390 1353 2041 1418">
    <p class='ocr_par' dir='ltr' id='par_1_13' title="bbox 390 1353 2041 1418">
     <span class='ocr_line' id='line_1_13' title="bbox 390 1353 2041 1418; baseline -0.006 -1"><span class='ocrx_word' id='word_1_90' title='bbox 390 1361 567 1418; x_wconf 85' lang='lat' dir='ltr'><strong>Deus.</strong></span> <span class='ocrx_word' id='word_1_91' title='bbox 600 1360 718 1415; x_wconf 87' lang='lat' dir='ltr'><strong>Hoc</strong></span> <span class='ocrx_word' id='word_1_92' title='bbox 749 1363 945 1415; x_wconf 90' lang='lat' dir='ltr'><strong>tamen</strong></span> <span class='ocrx_word' id='word_1_93' title='bbox 978 1375 1151 1416; x_wconf 91' lang='lat' dir='ltr'><strong>nemo</strong></span> <span class='ocrx_word' id='word_1_94' title='bbox 1198 1356 1404 1414; x_wconf 85' lang='lat' dir='ltr'><strong>fecisse</strong></span> <span class='ocrx_word' id='word_1_95' title='bbox 1446 1361 1580 1412; x_wconf 91' lang='lat' dir='ltr'><strong>ante</strong></span> <span class='ocrx_word' id='word_1_96' title='bbox 1623 1353 1910 1411; x_wconf 88' lang='lat' dir='ltr'><strong>diluvium</strong></span> <span class='ocrx_word' id='word_1_97' title='bbox 1954 1367 2041 1408; x_wconf 91' lang='lat' dir='ltr'><strong>re-</strong></span> 
     </span>
    </p>
   </div>
   <div class='ocr_carea' id='block_1_14' title="bbox 390 1433 2040 1512">
    <p class='ocr_par' dir='ltr' id='par_1_14' title="bbox 390 1433 2040 1512">
     <span class='ocr_line' id='line_1_14' title="bbox 390 1433 2040 1512; baseline -0.006 -15"><span class='ocrx_word' id='word_1_98' title='bbox 390 1441 650 1512; x_wconf 88' lang='lat' dir='ltr'><strong>peritur:</strong></span> <span class='ocrx_word' id='word_1_99' title='bbox 684 1438 1158 1511; x_wconf 88' lang='lat' dir='ltr'><strong>quandoquidem</strong></span> <span class='ocrx_word' id='word_1_100' title='bbox 1183 1438 1358 1493; x_wconf 86' lang='lat' dir='ltr'><strong>etiam</strong></span> <span class='ocrx_word' id='word_1_101' title='bbox 1383 1438 1507 1509; x_wconf 89' lang='lat' dir='ltr'><strong>ipse</strong></span> <span class='ocrx_word' id='word_1_102' title='bbox 1537 1435 1730 1492; x_wconf 90' lang='lat' dir='ltr'><strong>Enoch</strong></span> <span class='ocrx_word' id='word_1_103' title='bbox 1750 1433 2040 1504; x_wconf 89' lang='lat' dir='ltr'><strong>septimus</strong></span> 
     </span>
    </p>
   </div>
   <div class='ocr_carea' id='block_1_15' title="bbox 392 1518 2037 1590">
    <p class='ocr_par' dir='ltr' id='par_1_15' title="bbox 392 1518 2037 1590">
     <span class='ocr_line' id='line_1_15' title="bbox 392 1518 2037 1590; baseline -0.006 -14"><span class='ocrx_word' id='word_1_104' title='bbox 392 1521 465 1577; x_wconf 90' lang='lat' dir='ltr'><strong>ab</strong></span> <span class='ocrx_word' id='word_1_105' title='bbox 481 1522 685 1590; x_wconf 88' lang='lat' dir='ltr'><strong>Adam,</strong></span> <span class='ocrx_word' id='word_1_106' title='bbox 711 1520 807 1590; x_wconf 89' lang='lat' dir='ltr'><strong>qui</strong></span> <span class='ocrx_word' id='word_1_107' title='bbox 827 1519 1140 1575; x_wconf 90' lang='lat' dir='ltr'><strong>translatus</strong></span> <span class='ocrx_word' id='word_1_108' title='bbox 1162 1520 1413 1574; x_wconf 85' lang='lat' dir='ltr'><strong>refertur</strong></span> <span class='ocrx_word' id='word_1_109' title='bbox 1433 1532 1583 1587; x_wconf 89' lang='lat' dir='ltr'><strong>esse,</strong></span> <span class='ocrx_word' id='word_1_110' title='bbox 1613 1532 1726 1571; x_wconf 91' lang='lat' dir='ltr'><strong>non</strong></span> <span class='ocrx_word' id='word_1_111' title='bbox 1752 1518 2037 1579; x_wconf 90' lang='lat' dir='ltr'><strong>mortuus,</strong></span> 
     </span>
    </p>
   </div>
   <div class='ocr_carea' id='block_1_16' title="bbox 396 1593 2040 1673">
    <p class='ocr_par' dir='ltr' id='par_1_16' title="bbox 396 1593 2040 1673">
     <span class='ocr_line' id='line_1_16' title="bbox 396 1593 2040 1673; baseline -0.004 -19"><span class='ocrx_word' id='word_1_112' title='bbox 396 1601 589 1673; x_wconf 77' lang='lat' dir='ltr'><strong>genuit</strong></span> <span class='ocrx_word' id='word_1_113' title='bbox 622 1601 773 1655; x_wconf 88' lang='lat' dir='ltr'><strong>tilios</strong></span> <span class='ocrx_word' id='word_1_114' title='bbox 817 1605 874 1653; x_wconf 90' lang='lat' dir='ltr'><strong>et</strong></span> <span class='ocrx_word' id='word_1_115' title='bbox 921 1598 1073 1655; x_wconf 81' lang='lat' dir='ltr'><strong>filias</strong></span> <span class='ocrx_word' id='word_1_116' title='bbox 1121 1603 1434 1670; x_wconf 89' lang='lat' dir='ltr'><strong>antequam</strong></span> <span class='ocrx_word' id='word_1_117' title='bbox 1479 1597 1928 1662; x_wconf 83' lang='lat' dir='ltr'><strong>transferretur;</strong></span> <span class='ocrx_word' id='word_1_118' title='bbox 1978 1593 2040 1649; x_wconf 89' lang='lat' dir='ltr'><strong>in</strong></span> 
     </span>
    </p>
   </div>
   <div class='ocr_carea' id='block_1_17' title="bbox 278 1677 2037 1753">
    <p class='ocr_par' dir='ltr' id='par_1_17' title="bbox 278 1677 2037 1753">
     <span class='ocr_line' id='line_1_17' title="bbox 278 1677 2037 1753; baseline -0.005 -17"><span class='ocrx_word' id='word_1_119' title='bbox 278 1686 293 1701; x_wconf 90' lang='grc'><em>⁴</em></span> <span class='ocrx_word' id='word_1_120' title='bbox 393 1680 608 1753; x_wconf 89' lang='lat' dir='ltr'><strong>quibus</strong></span> <span class='ocrx_word' id='word_1_121' title='bbox 638 1680 748 1735; x_wconf 82' lang='lat' dir='ltr'><strong>fuit</strong></span> <span class='ocrx_word' id='word_1_122' title='bbox 775 1679 1182 1747; x_wconf 81' lang='lat' dir='ltr'><strong>Mathusalem,</strong></span> <span class='ocrx_word' id='word_1_123' title='bbox 1227 1696 1324 1749; x_wconf 90' lang='lat' dir='ltr'><strong>per</strong></span> <span class='ocrx_word' id='word_1_124' title='bbox 1372 1694 1543 1751; x_wconf 87' lang='lat' dir='ltr'><strong>quem</strong></span> <span class='ocrx_word' id='word_1_125' title='bbox 1593 1677 2037 1751; x_wconf 86' lang='lat' dir='ltr'><strong>generationum</strong></span> 
     </span>
    </p>
   </div>
   <div class='ocr_carea' id='block_1_18' title="bbox 395 1760 1485 1816">
    <p class='ocr_par' dir='ltr' id='par_1_18' title="bbox 395 1760 1485 1816">
     <span class='ocr_line' id='line_1_18' title="bbox 395 1760 1485 1816; baseline -0.001 0"><span class='ocrx_word' id='word_1_126' title='bbox 395 1760 911 1816; x_wconf 88' lang='lat' dir='ltr'><strong>memorandarum</strong></span> <span class='ocrx_word' id='word_1_127' title='bbox 939 1762 1079 1815; x_wconf 83' lang='lat' dir='ltr'><strong>ordo</strong></span> <span class='ocrx_word' id='word_1_128' title='bbox 1115 1761 1485 1816; x_wconf 86' lang='lat' dir='ltr'><strong>transcurrit.</strong></span> 
     </span>
    </p>
   </div>
   <div class='ocr_carea' id='block_1_19' title="bbox 464 1840 2041 1911">
    <p class='ocr_par' dir='ltr' id='par_1_19' title="bbox 464 1840 2041 1911">
     <span class='ocr_line' id='line_1_19' title="bbox 464 1840 2041 1911; baseline -0.001 -18"><span class='ocrx_word' id='word_1_129' title='bbox 464 1844 517 1895; x_wconf 84' lang='lat'><strong>2.</strong></span> <span class='ocrx_word' id='word_1_130' title='bbox 550 1840 662 1896; x_wconf 90' lang='lat' dir='ltr'><strong>Cur</strong></span> <span class='ocrx_word' id='word_1_131' title='bbox 691 1856 829 1908; x_wconf 83' lang='lat' dir='ltr'><strong>ergo</strong></span> <span class='ocrx_word' id='word_1_132' title='bbox 878 1844 1039 1894; x_wconf 88' lang='lat' dir='ltr'><strong>tanta</strong></span> <span class='ocrx_word' id='word_1_133' title='bbox 1089 1840 1352 1911; x_wconf 90' lang='lat' dir='ltr'><strong>paucitas</strong></span> <span class='ocrx_word' id='word_1_134' title='bbox 1399 1840 1840 1896; x_wconf 87' lang='lat' dir='ltr'><strong>successionum</strong></span> <span class='ocrx_word' id='word_1_135' title='bbox 1883 1851 2041 1892; x_wconf 92' lang='lat' dir='ltr'><strong>com-</strong></span> 
     </span>
    </p>
   </div>
   <div class='ocr_carea' id='block_1_20' title="bbox 396 1918 2039 1990">
    <p class='ocr_par' dir='ltr' id='par_1_20' title="bbox 396 1918 2039 1990">
     <span class='ocr_line' id='line_1_20' title="bbox 396 1918 2039 1990; baseline -0.004 -13"><span class='ocrx_word' id='word_1_136' title='bbox 396 1924 758 1977; x_wconf 85' lang='lat' dir='ltr'><strong>memoratur</strong></span> <span class='ocrx_word' id='word_1_137' title='bbox 789 1920 846 1973; x_wconf 94' lang='lat' dir='ltr'><strong>in</strong></span> <span class='ocrx_word' id='word_1_138' title='bbox 878 1919 1356 1990; x_wconf 82' lang='lat' dir='ltr'><strong>generationibus</strong></span> <span class='ocrx_word' id='word_1_139' title='bbox 1387 1936 1456 1975; x_wconf 82' lang='lat' dir='ltr'><strong>ex</strong></span> <span class='ocrx_word' id='word_1_140' title='bbox 1498 1919 1663 1987; x_wconf 89' lang='lat' dir='ltr'><strong>Cain,</strong></span> <span class='ocrx_word' id='word_1_141' title='bbox 1706 1918 1758 1975; x_wconf 90' lang='lat' dir='ltr'><strong>si</strong></span> <span class='ocrx_word' id='word_1_142' title='bbox 1804 1933 1902 1973; x_wconf 88' lang='lat' dir='ltr'><strong>eas</strong></span> <span class='ocrx_word' id='word_1_143' title='bbox 1942 1933 2039 1971; x_wconf 84' lang='lat' dir='ltr'><strong>us-</strong></span> 
     </span>
    </p>
   </div>
   <div class='ocr_carea' id='block_1_21' title="bbox 396 1998 2042 2072">
    <p class='ocr_par' dir='ltr' id='par_1_21' title="bbox 396 1998 2042 2072">
     <span class='ocr_line' id='line_1_21' title="bbox 396 1998 2042 2072; baseline -0.003 -16"><span class='ocrx_word' id='word_1_144' title='bbox 396 2017 504 2072; x_wconf 91' lang='lat' dir='ltr'><strong>que</strong></span> <span class='ocrx_word' id='word_1_145' title='bbox 534 2001 604 2055; x_wconf 92' lang='lat' dir='ltr'><strong>ad</strong></span> <span class='ocrx_word' id='word_1_146' title='bbox 638 2000 924 2055; x_wconf 84' lang='lat' dir='ltr'><strong>diluvium</strong></span> <span class='ocrx_word' id='word_1_147' title='bbox 958 2000 1196 2070; x_wconf 82' lang='lat' dir='ltr'><strong>perduci</strong></span> <span class='ocrx_word' id='word_1_148' title='bbox 1228 2001 1548 2071; x_wconf 90' lang='lat' dir='ltr'><strong>oportebat,</strong></span> <span class='ocrx_word' id='word_1_149' title='bbox 1585 2016 1691 2058; x_wconf 89' lang='lat' dir='ltr'><strong>nec</strong></span> <span class='ocrx_word' id='word_1_150' title='bbox 1737 2004 1863 2055; x_wconf 91' lang='lat' dir='ltr'><strong>erat</strong></span> <span class='ocrx_word' id='word_1_151' title='bbox 1909 1998 2042 2052; x_wconf 91' lang='lat' dir='ltr'><strong>diu-</strong></span> 
     </span>
    </p>
   </div>
   <div class='ocr_carea' id='block_1_22' title="bbox 398 2080 2042 2152">
    <p class='ocr_par' dir='ltr' id='par_1_22' title="bbox 398 2080 2042 2152">
     <span class='ocr_line' id='line_1_22' title="bbox 398 2080 2042 2152; baseline -0.005 -14"><span class='ocrx_word' id='word_1_152' title='bbox 398 2092 568 2139; x_wconf 89' lang='lat' dir='ltr'><strong>turna</strong></span> <span class='ocrx_word' id='word_1_153' title='bbox 595 2084 733 2135; x_wconf 71' lang='lat' dir='ltr'><strong>aetas</strong></span> <span class='ocrx_word' id='word_1_154' title='bbox 779 2080 1137 2150; x_wconf 65' lang='lat' dir='ltr'><strong>praeveniens</strong></span> <span class='ocrx_word' id='word_1_155' title='bbox 1187 2082 1575 2151; x_wconf 74' lang='lat' dir='ltr'><strong>pubertatem,</strong></span> <span class='ocrx_word' id='word_1_156' title='bbox 1626 2097 1754 2152; x_wconf 65' lang='lat' dir='ltr'><strong>qua</strong></span> <span class='ocrx_word' id='word_1_157' title='bbox 1804 2082 2042 2135; x_wconf 91' lang='lat' dir='ltr'><strong>centum</strong></span> 
     </span>
    </p>
   </div>
   <div class='ocr_carea' id='block_1_23' title="bbox 394 2159 2044 2232">
    <p class='ocr_par' dir='ltr' id='par_1_23' title="bbox 394 2159 2044 2232">
     <span class='ocr_line' id='line_1_23' title="bbox 394 2159 2044 2232; baseline -0.004 -14"><span class='ocrx_word' id='word_1_158' title='bbox 394 2162 482 2218; x_wconf 90' lang='lat' dir='ltr'><strong>vel</strong></span> <span class='ocrx_word' id='word_1_159' title='bbox 514 2159 769 2232; x_wconf 88' lang='lat' dir='ltr'><strong>amplius</strong></span> <span class='ocrx_word' id='word_1_160' title='bbox 798 2176 982 2217; x_wconf 89' lang='lat' dir='ltr'><strong>annos</strong></span> <span class='ocrx_word' id='word_1_161' title='bbox 1010 2167 1241 2217; x_wconf 90' lang='lat' dir='ltr'><strong>vacaret</strong></span> <span class='ocrx_word' id='word_1_162' title='bbox 1267 2178 1301 2216; x_wconf 91' lang='lat' dir='ltr'><strong>a</strong></span> <span class='ocrx_word' id='word_1_163' title='bbox 1337 2161 1596 2218; x_wconf 86' lang='lat' dir='ltr'><strong>fetibus?</strong></span> <span class='ocrx_word' id='word_1_164' title='bbox 1647 2162 1794 2217; x_wconf 90' lang='lat' dir='ltr'><strong>Nam</strong></span> <span class='ocrx_word' id='word_1_165' title='bbox 1835 2160 1886 2215; x_wconf 89' lang='lat' dir='ltr'><strong>si</strong></span> <span class='ocrx_word' id='word_1_166' title='bbox 1926 2174 2044 2214; x_wconf 91' lang='lat' dir='ltr'><strong>non</strong></span> 
     </span>
    </p>
   </div>
   <div class='ocr_carea' id='block_1_24' title="bbox 397 2242 2044 2315">
    <p class='ocr_par' dir='ltr' id='par_1_24' title="bbox 397 2242 2044 2315">
     <span class='ocr_line' id='line_1_24' title="bbox 397 2242 2044 2315; baseline -0.004 -16"><span class='ocrx_word' id='word_1_167' title='bbox 397 2243 738 2300; x_wconf 88' lang='lat' dir='ltr'><strong>intendebat</strong></span> <span class='ocrx_word' id='word_1_168' title='bbox 767 2249 971 2298; x_wconf 90' lang='lat' dir='ltr'><strong>auctor</strong></span> <span class='ocrx_word' id='word_1_169' title='bbox 1017 2242 1152 2297; x_wconf 91' lang='lat' dir='ltr'><strong>libri</strong></span> <span class='ocrx_word' id='word_1_170' title='bbox 1202 2242 1381 2313; x_wconf 91' lang='lat' dir='ltr'><strong>hujus</strong></span> <span class='ocrx_word' id='word_1_171' title='bbox 1422 2242 1701 2315; x_wconf 88' lang='lat' dir='ltr'><strong>aliquem,</strong></span> <span class='ocrx_word' id='word_1_172' title='bbox 1751 2243 1821 2299; x_wconf 94' lang='lat' dir='ltr'><strong>ad</strong></span> <span class='ocrx_word' id='word_1_173' title='bbox 1868 2253 2044 2312; x_wconf 87' lang='lat' dir='ltr'><strong>quem</strong></span> 
     </span>
    </p>
   </div>
   <div class='ocr_carea' id='block_1_25' title="bbox 397 2321 2048 2395">
    <p class='ocr_par' dir='ltr' id='par_1_25' title="bbox 397 2321 2048 2395">
     <span class='ocr_line' id='line_1_25' title="bbox 397 2321 2048 2395; baseline -0.004 -15"><span class='ocrx_word' id='word_1_174' title='bbox 397 2323 724 2380; x_wconf 82' lang='lat' dir='ltr'><strong>necessario</strong></span> <span class='ocrx_word' id='word_1_175' title='bbox 755 2323 1102 2395; x_wconf 87' lang='lat' dir='ltr'><strong>perduceret</strong></span> <span class='ocrx_word' id='word_1_176' title='bbox 1133 2323 1343 2378; x_wconf 90' lang='lat' dir='ltr'><strong>seriem</strong></span> <span class='ocrx_word' id='word_1_177' title='bbox 1375 2324 1847 2394; x_wconf 85' lang='lat' dir='ltr'><strong>generationum,</strong></span> <span class='ocrx_word' id='word_1_178' title='bbox 1891 2321 2048 2377; x_wconf 82' lang='lat' dir='ltr'><strong>sicut</strong></span> 
     </span>
    </p>
   </div>
   <div class='ocr_carea' id='block_1_26' title="bbox 399 2401 2047 2473">
    <p class='ocr_par' dir='ltr' id='par_1_26' title="bbox 399 2401 2047 2473">
     <span class='ocr_line' id='line_1_26' title="bbox 399 2401 2047 2473; baseline -0.002 -14"><span class='ocrx_word' id='word_1_179' title='bbox 399 2404 459 2459; x_wconf 91' lang='lat' dir='ltr'><strong>in</strong></span> <span class='ocrx_word' id='word_1_180' title='bbox 492 2402 610 2458; x_wconf 90' lang='lat' dir='ltr'><strong>illis</strong></span> <span class='ocrx_word' id='word_1_181' title='bbox 657 2418 785 2473; x_wconf 81' lang='lat' dir='ltr'><strong>quae</strong></span> <span class='ocrx_word' id='word_1_182' title='bbox 833 2402 1077 2457; x_wconf 86' lang='lat' dir='ltr'><strong>veniunt</strong></span> <span class='ocrx_word' id='word_1_183' title='bbox 1121 2402 1194 2457; x_wconf 88' lang='lat' dir='ltr'><strong>de</strong></span> <span class='ocrx_word' id='word_1_184' title='bbox 1242 2404 1467 2458; x_wconf 90' lang='lat' dir='ltr'><strong>semine</strong></span> <span class='ocrx_word' id='word_1_185' title='bbox 1515 2403 1655 2459; x_wconf 88' lang='lat' dir='ltr'><strong>Seth</strong></span> <span class='ocrx_word' id='word_1_186' title='bbox 1705 2401 2047 2458; x_wconf 82' lang='lat' dir='ltr'><strong>intendebat</strong></span> 
     </span>
    </p>
   </div>
   <div class='ocr_carea' id='block_1_27' title="bbox 400 2480 2046 2555">
    <p class='ocr_par' dir='ltr' id='par_1_27' title="bbox 400 2480 2046 2555">
     <span class='ocr_line' id='line_1_27' title="bbox 400 2480 2046 2555; baseline -0.002 -15"><span class='ocrx_word' id='word_1_187' title='bbox 400 2481 698 2555; x_wconf 89' lang='lat' dir='ltr'><strong>pervenire</strong></span> <span class='ocrx_word' id='word_1_188' title='bbox 727 2483 800 2537; x_wconf 88' lang='lat' dir='ltr'><strong>ad</strong></span> <span class='ocrx_word' id='word_1_189' title='bbox 832 2486 970 2548; x_wconf 81' lang='lat' dir='ltr'><strong>Noe,</strong></span> <span class='ocrx_word' id='word_1_190' title='bbox 1003 2498 1038 2537; x_wconf 90' lang='lat' dir='ltr'><strong>a</strong></span> <span class='ocrx_word' id='word_1_191' title='bbox 1078 2497 1191 2553; x_wconf 91' lang='lat' dir='ltr'><strong>quo</strong></span> <span class='ocrx_word' id='word_1_192' title='bbox 1240 2498 1446 2539; x_wconf 90' lang='lat' dir='ltr'><strong>rursus</strong></span> <span class='ocrx_word' id='word_1_193' title='bbox 1493 2483 1633 2538; x_wconf 90' lang='lat' dir='ltr'><strong>ordo</strong></span> <span class='ocrx_word' id='word_1_194' title='bbox 1679 2480 2046 2538; x_wconf 85' lang='lat' dir='ltr'><strong>necessarius</strong></span> 
     </span>
    </p>
   </div>
   <div class='ocr_carea' id='block_1_28' title="bbox 399 2563 2049 2635">
    <p class='ocr_par' dir='ltr' id='par_1_28' title="bbox 399 2563 2049 2635">
     <span class='ocr_line' id='line_1_28' title="bbox 399 2563 2049 2635; baseline -0.003 -15"><span class='ocrx_word' id='word_1_195' title='bbox 399 2566 763 2635; x_wconf 84' lang='lat' dir='ltr'><strong>sequeretur;</strong></span> <span class='ocrx_word' id='word_1_196' title='bbox 801 2563 941 2633; x_wconf 90' lang='lat' dir='ltr'><strong>quid</strong></span> <span class='ocrx_word' id='word_1_197' title='bbox 974 2578 1123 2633; x_wconf 86' lang='lat' dir='ltr'><strong>opus</strong></span> <span class='ocrx_word' id='word_1_198' title='bbox 1162 2565 1289 2619; x_wconf 88' lang='lat' dir='ltr'><strong>erat</strong></span> <span class='ocrx_word' id='word_1_199' title='bbox 1334 2563 1778 2634; x_wconf 65' lang='lat' dir='ltr'><strong>praetermittere</strong></span> <span class='ocrx_word' id='word_1_200' title='bbox 1822 2563 2049 2634; x_wconf 84' lang='lat' dir='ltr'><strong>primo-</strong></span> 
     </span>
    </p>
   </div>
   <div class='ocr_carea' id='block_1_29' title="bbox 402 2643 2048 2717">
    <p class='ocr_par' dir='ltr' id='par_1_29' title="bbox 402 2643 2048 2717">
     <span class='ocr_line' id='line_1_29' title="bbox 402 2643 2048 2717; baseline -0.002 -16"><span class='ocrx_word' id='word_1_201' title='bbox 402 2644 628 2717; x_wconf 89' lang='lat' dir='ltr'><strong>genitos</strong></span> <span class='ocrx_word' id='word_1_202' title='bbox 660 2643 831 2712; x_wconf 76' lang='lat' dir='ltr'><strong>filios,</strong></span> <span class='ocrx_word' id='word_1_203' title='bbox 864 2647 929 2698; x_wconf 92' lang='lat' dir='ltr'><strong>ut</strong></span> <span class='ocrx_word' id='word_1_204' title='bbox 968 2643 1363 2712; x_wconf 87' lang='lat' dir='ltr'><strong>perveniretur</strong></span> <span class='ocrx_word' id='word_1_205' title='bbox 1406 2644 1480 2699; x_wconf 90' lang='lat' dir='ltr'><strong>ad</strong></span> <span class='ocrx_word' id='word_1_206' title='bbox 1527 2643 1793 2711; x_wconf 88' lang='lat' dir='ltr'><strong>Lamech,</strong></span> <span class='ocrx_word' id='word_1_207' title='bbox 1839 2644 1899 2698; x_wconf 93' lang='lat' dir='ltr'><strong>in</strong></span> <span class='ocrx_word' id='word_1_208' title='bbox 1944 2657 2048 2698; x_wconf 90' lang='lat' dir='ltr'><strong>cu-</strong></span> 
     </span>
    </p>
   </div>
   <div class='ocr_carea' id='block_1_30' title="bbox 400 2723 2050 2796">
    <p class='ocr_par' dir='ltr' id='par_1_30' title="bbox 400 2723 2050 2796">
     <span class='ocr_line' id='line_1_30' title="bbox 400 2723 2050 2796; baseline -0.002 -15"><span class='ocrx_word' id='word_1_209' title='bbox 400 2727 498 2796; x_wconf 86' lang='lat' dir='ltr'><strong>jus</strong></span> <span class='ocrx_word' id='word_1_210' title='bbox 530 2725 667 2779; x_wconf 85' lang='lat' dir='ltr'><strong>filiis</strong></span> <span class='ocrx_word' id='word_1_211' title='bbox 696 2724 901 2778; x_wconf 86' lang='lat' dir='ltr'><strong>ﬁnitur</strong></span> <span class='ocrx_word' id='word_1_212' title='bbox 929 2723 1031 2780; x_wconf 89' lang='lat' dir='ltr'><strong>illa</strong></span> <span class='ocrx_word' id='word_1_213' title='bbox 1079 2725 1391 2793; x_wconf 82' lang='lat' dir='ltr'><strong>contextio,</strong></span> <span class='ocrx_word' id='word_1_214' title='bbox 1431 2728 1633 2780; x_wconf 88' lang='lat' dir='ltr'><strong>octava</strong></span> <span class='ocrx_word' id='word_1_215' title='bbox 1678 2723 2050 2796; x_wconf 84' lang='lat' dir='ltr'><strong>generatione</strong></span> 
     </span>
    </p>
   </div>
   <div class='ocr_carea' id='block_1_31' title="bbox 412 2804 2049 2878">
    <p class='ocr_par' dir='ltr' id='par_1_31' title="bbox 412 2804 2049 2878">
     <span class='ocr_line' id='line_1_31' title="bbox 412 2804 2049 2878; baseline 0 -18"><span class='ocrx_word' id='word_1_216' title='bbox 412 2806 637 2861; x_wconf 89' lang='lat' dir='ltr'><strong>scilicet</strong></span> <span class='ocrx_word' id='word_1_217' title='bbox 667 2821 733 2860; x_wconf 87' lang='lat' dir='ltr'><strong>ex</strong></span> <span class='ocrx_word' id='word_1_218' title='bbox 762 2806 972 2870; x_wconf 83' lang='lat' dir='ltr'><strong>Adam,</strong></span> <span class='ocrx_word' id='word_1_219' title='bbox 1006 2806 1258 2877; x_wconf 87' lang='lat' dir='ltr'><strong>septima</strong></span> <span class='ocrx_word' id='word_1_220' title='bbox 1286 2823 1354 2862; x_wconf 84' lang='lat' dir='ltr'><strong>ex</strong></span> <span class='ocrx_word' id='word_1_221' title='bbox 1384 2807 1544 2873; x_wconf 91' lang='lat' dir='ltr'><strong>Cain,</strong></span> <span class='ocrx_word' id='word_1_222' title='bbox 1577 2806 1745 2878; x_wconf 87' lang='lat' dir='ltr'><strong>quasi</strong></span> <span class='ocrx_word' id='word_1_223' title='bbox 1774 2811 1926 2861; x_wconf 89' lang='lat' dir='ltr'><strong>esset</strong></span> <span class='ocrx_word' id='word_1_224' title='bbox 1959 2804 2049 2860; x_wconf 91' lang='lat' dir='ltr'><strong>in-</strong></span> 
     </span>
    </p>
   </div>
   <div class='ocr_carea' id='block_1_32' title="bbox 406 2882 2054 2956">
    <p class='ocr_par' dir='ltr' id='par_1_32' title="bbox 406 2882 2054 2956">
     <span class='ocr_line' id='line_1_32' title="bbox 406 2882 2054 2956; baseline -0.002 -15"><span class='ocrx_word' id='word_1_225' title='bbox 406 2886 478 2941; x_wconf 89' lang='lat' dir='ltr'><strong>de</strong></span> <span class='ocrx_word' id='word_1_226' title='bbox 504 2883 720 2955; x_wconf 86' lang='lat' dir='ltr'><strong>aliquid</strong></span> <span class='ocrx_word' id='word_1_227' title='bbox 751 2885 1025 2956; x_wconf 86' lang='lat' dir='ltr'><strong>deinceps</strong></span> <span class='ocrx_word' id='word_1_228' title='bbox 1069 2887 1544 2952; x_wconf 89' lang='lat' dir='ltr'><strong>connectendum,</strong></span> <span class='ocrx_word' id='word_1_229' title='bbox 1590 2887 1746 2941; x_wconf 91' lang='lat' dir='ltr'><strong>unde</strong></span> <span class='ocrx_word' id='word_1_230' title='bbox 1794 2882 2054 2956; x_wconf 89' lang='lat' dir='ltr'><strong>perveni-</strong></span> 
     </span>
    </p>
   </div>
   <div class='ocr_carea' id='block_1_33' title="bbox 404 2964 2051 3038">
    <p class='ocr_par' dir='ltr' id='par_1_33' title="bbox 404 2964 2051 3038">
     <span class='ocr_line' id='line_1_33' title="bbox 404 2964 2051 3038; baseline -0.001 -16"><span class='ocrx_word' id='word_1_231' title='bbox 404 2970 569 3022; x_wconf 85' lang='lat' dir='ltr'><strong>retur</strong></span> <span class='ocrx_word' id='word_1_232' title='bbox 597 2966 684 3020; x_wconf 89' lang='lat' dir='ltr'><strong>vel</strong></span> <span class='ocrx_word' id='word_1_233' title='bbox 717 2966 787 3021; x_wconf 85' lang='lat' dir='ltr'><strong>ad</strong></span> <span class='ocrx_word' id='word_1_234' title='bbox 820 2964 1204 3022; x_wconf 89' lang='lat' dir='ltr'><strong>Israeliticum</strong></span> <span class='ocrx_word' id='word_1_235' title='bbox 1237 2968 1543 3038; x_wconf 83' lang='lat' dir='ltr'><strong>populum,</strong></span> <span class='ocrx_word' id='word_1_236' title='bbox 1571 2967 1631 3021; x_wconf 92' lang='lat' dir='ltr'><strong>in</strong></span> <span class='ocrx_word' id='word_1_237' title='bbox 1679 2982 1795 3038; x_wconf 93' lang='lat' dir='ltr'><strong>quo</strong></span> <span class='ocrx_word' id='word_1_238' title='bbox 1831 2966 2051 3023; x_wconf 74' lang='lat' dir='ltr'><strong>caelesti</strong></span> 
     </span>
    </p>
   </div>
   <div class='ocr_carea' id='block_1_34' title="bbox 405 3045 2053 3119">
    <p class='ocr_par' dir='ltr' id='par_1_34' title="bbox 405 3045 2053 3119">
     <span class='ocr_line' id='line_1_34' title="bbox 405 3045 2053 3119; baseline 0 -17"><span class='ocrx_word' id='word_1_239' title='bbox 405 3045 626 3102; x_wconf 82' lang='lat' dir='ltr'><strong>civitati</strong></span> <span class='ocrx_word' id='word_1_240' title='bbox 657 3046 832 3101; x_wconf 91' lang='lat' dir='ltr'><strong>etiam</strong></span> <span class='ocrx_word' id='word_1_241' title='bbox 854 3049 1085 3101; x_wconf 87' lang='lat' dir='ltr'><strong>terrena</strong></span> <span class='ocrx_word' id='word_1_242' title='bbox 1132 3046 1458 3103; x_wconf 83' lang='lat' dir='ltr'><strong>Jerusalem</strong></span> <span class='ocrx_word' id='word_1_243' title='bbox 1508 3046 1757 3117; x_wconf 83' lang='lat' dir='ltr'><strong>ﬁguram</strong></span> <span class='ocrx_word' id='word_1_244' title='bbox 1799 3046 2053 3119; x_wconf 89' lang='lat' dir='ltr'><strong>prophe-</strong></span> 
     </span>
    </p>
   </div>
   <div class='ocr_carea' id='block_1_35' title="bbox 407 3127 2055 3198">
    <p class='ocr_par' dir='ltr' id='par_1_35' title="bbox 407 3127 2055 3198">
     <span class='ocr_line' id='line_1_35' title="bbox 407 3127 2055 3198; baseline 0 -14"><span class='ocrx_word' id='word_1_245' title='bbox 407 3127 585 3184; x_wconf 90' lang='lat' dir='ltr'><strong>ticam</strong></span> <span class='ocrx_word' id='word_1_246' title='bbox 631 3128 896 3198; x_wconf 63' lang='lat' dir='ltr'><strong>praebuit,</strong></span> <span class='ocrx_word' id='word_1_247' title='bbox 939 3127 1027 3183; x_wconf 88' lang='lat' dir='ltr'><strong>vel</strong></span> <span class='ocrx_word' id='word_1_248' title='bbox 1076 3129 1146 3183; x_wconf 89' lang='lat' dir='ltr'><strong>ad</strong></span> <span class='ocrx_word' id='word_1_249' title='bbox 1194 3128 1495 3183; x_wconf 88' lang='lat' dir='ltr'><strong>Christum</strong></span> <span class='ocrx_word' id='word_1_250' title='bbox 1547 3130 1871 3185; x_wconf 91' lang='lat' dir='ltr'><strong>secundum</strong></span> <span class='ocrx_word' id='word_1_251' title='bbox 1922 3146 2055 3184; x_wconf 89' lang='lat' dir='ltr'><strong>car-</strong></span> 
     </span>
    </p>
   </div>
   <div class='ocr_carea' id='block_1_36' title="bbox 406 3208 2055 3279">
    <p class='ocr_par' dir='ltr' id='par_1_36' title="bbox 406 3208 2055 3279">
     <span class='ocr_line' id='line_1_36' title="bbox 406 3208 2055 3279; baseline -0.001 -13"><span class='ocrx_word' id='word_1_252' title='bbox 406 3224 564 3278; x_wconf 91' lang='lat' dir='ltr'><strong>nem,</strong></span> <span class='ocrx_word' id='word_1_253' title='bbox 597 3208 697 3279; x_wconf 89' lang='lat' dir='ltr'><strong>qui</strong></span> <span class='ocrx_word' id='word_1_254' title='bbox 729 3216 816 3264; x_wconf 87' lang='lat' dir='ltr'><strong>est</strong></span> <span class='ocrx_word' id='word_1_255' title='bbox 851 3224 1032 3278; x_wconf 90' lang='lat' dir='ltr'><strong>super</strong></span> <span class='ocrx_word' id='word_1_256' title='bbox 1059 3208 1256 3264; x_wconf 89' lang='lat' dir='ltr'><strong>omnia</strong></span> <span class='ocrx_word' id='word_1_257' title='bbox 1298 3208 1451 3265; x_wconf 91' lang='lat' dir='ltr'><strong>Deus</strong></span> <span class='ocrx_word' id='word_1_258' title='bbox 1485 3209 1820 3265; x_wconf 89' lang='lat' dir='ltr'><strong>benedictus</strong></span> <span class='ocrx_word' id='word_1_259' title='bbox 1852 3210 1912 3265; x_wconf 90' lang='lat' dir='ltr'><strong>in</strong></span> <span class='ocrx_word' id='word_1_260' title='bbox 1952 3226 2055 3265; x_wconf 71' lang='lat' dir='ltr'><strong>sa:-</strong></span> 
     </span>
    </p>
   </div>
   <div class='ocr_carea' id='block_1_37' title="bbox 409 3288 2056 3360">
    <p class='ocr_par' dir='ltr' id='par_1_37' title="bbox 409 3288 2056 3360">
     <span class='ocr_line' id='line_1_37' title="bbox 409 3288 2056 3360; baseline 0 -15"><span class='ocrx_word' id='word_1_261' title='bbox 409 3289 543 3345; x_wconf 87' lang='lat' dir='ltr'><strong>cula</strong></span> <span class='ocrx_word' id='word_1_262' title='bbox 572 3290 747 3360; x_wconf 86' lang='lat' dir='ltr'><strong>(Rom.</strong></span> <span class='ocrx_word' id='word_1_263' title='bbox 780 3306 858 3357; x_wconf 78' lang='lat' dir='ltr'><strong>1x,</strong></span> <span class='ocrx_word' id='word_1_264' title='bbox 888 3288 968 3360; x_wconf 88' lang='grc'><strong>5),</strong></span> <span class='ocrx_word' id='word_1_265' title='bbox 1001 3304 1265 3358; x_wconf 61' lang='lat' dir='ltr'><strong>superne</strong></span> <span class='ocrx_word' id='word_1_266' title='bbox 1287 3288 1602 3345; x_wconf 84' lang='lat' dir='ltr'><strong>Jerusalem</strong></span> <span class='ocrx_word' id='word_1_267' title='bbox 1634 3290 1947 3345; x_wconf 89' lang='lat' dir='ltr'><strong>fabricator</strong></span> <span class='ocrx_word' id='word_1_268' title='bbox 1975 3296 2056 3346; x_wconf 90' lang='lat' dir='ltr'><strong>at-</strong></span> 
     </span>
    </p>
   </div>
   <div class='ocr_carea' id='block_1_38' title="bbox 413 3369 2055 3442">
    <p class='ocr_par' dir='ltr' id='par_1_38' title="bbox 413 3369 2055 3442">
     <span class='ocr_line' id='line_1_38' title="bbox 413 3369 2055 3442; baseline 0 -18"><span class='ocrx_word' id='word_1_269' title='bbox 413 3385 527 3440; x_wconf 89' lang='lat' dir='ltr'><strong>que</strong></span> <span class='ocrx_word' id='word_1_270' title='bbox 558 3374 863 3439; x_wconf 78' lang='lat' dir='ltr'><strong>regnator:</strong></span> <span class='ocrx_word' id='word_1_271' title='bbox 897 3384 1031 3425; x_wconf 91' lang='lat' dir='ltr'><strong>cum</strong></span> <span class='ocrx_word' id='word_1_272' title='bbox 1064 3372 1187 3425; x_wconf 89' lang='lat' dir='ltr'><strong>tota</strong></span> <span class='ocrx_word' id='word_1_273' title='bbox 1216 3369 1516 3442; x_wconf 79' lang='lat' dir='ltr'><strong>progenies</strong></span> <span class='ocrx_word' id='word_1_274' title='bbox 1545 3370 1682 3426; x_wconf 81' lang='lat' dir='ltr'><strong>Cain</strong></span> <span class='ocrx_word' id='word_1_275' title='bbox 1724 3370 1942 3426; x_wconf 91' lang='lat' dir='ltr'><strong>diluvio</strong></span> <span class='ocrx_word' id='word_1_276' title='bbox 1979 3370 2055 3425; x_wconf 89' lang='lat' dir='ltr'><strong>sit</strong></span> 
     </span>
    </p>
   </div>
   <div class='ocr_carea' id='block_1_39' title="bbox 413 3448 2055 3523">
    <p class='ocr_par' dir='ltr' id='par_1_39' title="bbox 413 3448 2055 3523">
     <span class='ocr_line' id='line_1_39' title="bbox 413 3448 2055 3523; baseline 0.002 -19"><span class='ocrx_word' id='word_1_277' title='bbox 413 3448 643 3504; x_wconf 86' lang='lat' dir='ltr'><strong>deleta?</strong></span> <span class='ocrx_word' id='word_1_278' title='bbox 673 3448 835 3505; x_wconf 90' lang='lat' dir='ltr'><strong>Unde</strong></span> <span class='ocrx_word' id='word_1_279' title='bbox 866 3448 1047 3505; x_wconf 88' lang='lat' dir='ltr'><strong>videri</strong></span> <span class='ocrx_word' id='word_1_280' title='bbox 1082 3454 1289 3517; x_wconf 89' lang='lat' dir='ltr'><strong>potest,</strong></span> <span class='ocrx_word' id='word_1_281' title='bbox 1326 3453 1382 3505; x_wconf 89' lang='lat' dir='ltr'><strong>in</strong></span> <span class='ocrx_word' id='word_1_282' title='bbox 1414 3451 1614 3506; x_wconf 90' lang='lat' dir='ltr'><strong>eodem</strong></span> <span class='ocrx_word' id='word_1_283' title='bbox 1648 3450 1851 3507; x_wconf 89' lang='lat' dir='ltr'><strong>ordine</strong></span> <span class='ocrx_word' id='word_1_284' title='bbox 1882 3466 2055 3523; x_wconf 90' lang='lat' dir='ltr'><strong>gene-</strong></span> 
     </span>
    </p>
   </div>
   <div class='ocr_carea' id='block_1_40' title="bbox 410 3529 2054 3601">
    <p class='ocr_par' dir='ltr' id='par_1_40' title="bbox 410 3529 2054 3601">
     <span class='ocr_line' id='line_1_40' title="bbox 410 3529 2054 3601; baseline 0.001 -16"><span class='ocrx_word' id='word_1_285' title='bbox 410 3529 705 3586; x_wconf 86' lang='lat' dir='ltr'><strong>rationum</strong></span> <span class='ocrx_word' id='word_1_286' title='bbox 737 3529 1158 3601; x_wconf 91' lang='lat' dir='ltr'><strong>primogenitos</strong></span> <span class='ocrx_word' id='word_1_287' title='bbox 1190 3530 1369 3586; x_wconf 82' lang='lat' dir='ltr'><strong>fuisse</strong></span> <span class='ocrx_word' id='word_1_288' title='bbox 1399 3536 1909 3587; x_wconf 81' lang='lat' dir='ltr'><strong>commemoratae.</strong></span> <span class='ocrx_word' id='word_1_289' title='bbox 1941 3533 2054 3588; x_wconf 87' lang='lat' dir='ltr'><strong>Cur</strong></span> 
     </span>
    </p>
   </div>
   <div class='ocr_carea' id='block_1_41' title="bbox 409 3610 2052 3683">
    <p class='ocr_par' dir='ltr' id='par_1_41' title="bbox 409 3610 2052 3683">
     <span class='ocr_line' id='line_1_41' title="bbox 409 3610 2052 3683; baseline 0.001 -16"><span class='ocrx_word' id='word_1_290' title='bbox 409 3627 543 3683; x_wconf 90' lang='lat' dir='ltr'><strong>ergo</strong></span> <span class='ocrx_word' id='word_1_291' title='bbox 575 3616 695 3666; x_wconf 89' lang='lat' dir='ltr'><strong>tam</strong></span> <span class='ocrx_word' id='word_1_292' title='bbox 728 3610 895 3681; x_wconf 90' lang='lat' dir='ltr'><strong>pauci</strong></span> <span class='ocrx_word' id='word_1_293' title='bbox 919 3610 1246 3667; x_wconf 82' lang='lat' dir='ltr'><strong>sunt?Non</strong></span> <span class='ocrx_word' id='word_1_294' title='bbox 1269 3613 1424 3668; x_wconf 91' lang='lat' dir='ltr'><strong>enim</strong></span> <span class='ocrx_word' id='word_1_295' title='bbox 1455 3627 1636 3683; x_wconf 91' lang='lat' dir='ltr'><strong>usque</strong></span> <span class='ocrx_word' id='word_1_296' title='bbox 1665 3613 1737 3667; x_wconf 90' lang='lat' dir='ltr'><strong>ad</strong></span> <span class='ocrx_word' id='word_1_297' title='bbox 1770 3612 2052 3668; x_wconf 89' lang='lat' dir='ltr'><strong>diluvium</strong></span> 
     </span>
    </p>
   </div>
   <div class='ocr_carea' id='block_1_42' title="bbox 408 3693 2056 3763">
    <p class='ocr_par' dir='ltr' id='par_1_42' title="bbox 408 3693 2056 3763">
     <span class='ocr_line' id='line_1_42' title="bbox 408 3693 2056 3763; baseline 0.001 -16"><span class='ocrx_word' id='word_1_298' title='bbox 408 3697 494 3748; x_wconf 90' lang='lat' dir='ltr'><strong>tot</strong></span> <span class='ocrx_word' id='word_1_299' title='bbox 523 3707 648 3746; x_wconf 90' lang='lat' dir='ltr'><strong>esse</strong></span> <span class='ocrx_word' id='word_1_300' title='bbox 680 3695 1015 3761; x_wconf 91' lang='lat' dir='ltr'><strong>potuerunt,</strong></span> <span class='ocrx_word' id='word_1_301' title='bbox 1051 3709 1164 3747; x_wconf 91' lang='lat' dir='ltr'><strong>non</strong></span> <span class='ocrx_word' id='word_1_302' title='bbox 1196 3693 1541 3749; x_wconf 88' lang='lat' dir='ltr'><strong>vacanticus</strong></span> <span class='ocrx_word' id='word_1_303' title='bbox 1584 3709 1770 3763; x_wconf 90' lang='lat' dir='ltr'><strong>usque</strong></span> <span class='ocrx_word' id='word_1_304' title='bbox 1808 3694 1879 3748; x_wconf 91' lang='lat' dir='ltr'><strong>ad</strong></span> <span class='ocrx_word' id='word_1_305' title='bbox 1923 3709 2056 3749; x_wconf 92' lang='lat' dir='ltr'><strong>cen-</strong></span> 
     </span>
    </p>
   </div>
   <div class='ocr_carea' id='block_1_43' title="bbox 408 3773 2055 3846">
    <p class='ocr_par' dir='ltr' id='par_1_43' title="bbox 408 3773 2055 3846">
     <span class='ocr_line' id='line_1_43' title="bbox 408 3773 2055 3846; baseline 0.002 -18"><span class='ocrx_word' id='word_1_306' title='bbox 408 3773 687 3828; x_wconf 84' lang='lat' dir='ltr'><strong>tenariam</strong></span> <span class='ocrx_word' id='word_1_307' title='bbox 720 3773 1081 3843; x_wconf 88' lang='lat' dir='ltr'><strong>pubertatem</strong></span> <span class='ocrx_word' id='word_1_308' title='bbox 1124 3777 1387 3845; x_wconf 86' lang='lat' dir='ltr'><strong>patribus</strong></span> <span class='ocrx_word' id='word_1_309' title='bbox 1437 3775 1510 3829; x_wconf 90' lang='lat' dir='ltr'><strong>ab</strong></span> <span class='ocrx_word' id='word_1_310' title='bbox 1549 3775 1739 3831; x_wconf 81' lang='lat' dir='ltr'><strong>officio</strong></span> <span class='ocrx_word' id='word_1_311' title='bbox 1778 3791 2055 3846; x_wconf 85' lang='lat' dir='ltr'><strong>generan—</strong></span> 
     </span>
    </p>
   </div>
   <div class='ocr_carea' id='block_1_44' title="bbox 410 3852 2054 3927">
    <p class='ocr_par' dir='ltr' id='par_1_44' title="bbox 410 3852 2054 3927">
     <span class='ocr_line' id='line_1_44' title="bbox 410 3852 2054 3927; baseline 0.001 -19"><span class='ocrx_word' id='word_1_312' title='bbox 410 3852 489 3921; x_wconf 90' lang='lat' dir='ltr'><strong>di,</strong></span> <span class='ocrx_word' id='word_1_313' title='bbox 542 3852 590 3909; x_wconf 89' lang='lat' dir='ltr'><strong>si</strong></span> <span class='ocrx_word' id='word_1_314' title='bbox 641 3868 756 3908; x_wconf 91' lang='lat' dir='ltr'><strong>non</strong></span> <span class='ocrx_word' id='word_1_315' title='bbox 799 3856 1098 3908; x_wconf 88' lang='lat' dir='ltr'><strong>erattunc</strong></span> <span class='ocrx_word' id='word_1_316' title='bbox 1146 3854 1517 3924; x_wconf 86' lang='lat' dir='ltr'><strong>proportione</strong></span> <span class='ocrx_word' id='word_1_317' title='bbox 1564 3855 1947 3927; x_wconf 68' lang='lat' dir='ltr'><strong>longaevitatis</strong></span> <span class='ocrx_word' id='word_1_318' title='bbox 1990 3856 2054 3910; x_wconf 88' lang='lat' dir='ltr'><strong>il-</strong></span> 
     </span>
    </p>
   </div>
   <div class='ocr_carea' id='block_1_45' title="bbox 408 3933 2054 4009">
    <p class='ocr_par' dir='ltr' id='par_1_45' title="bbox 408 3933 2054 4009">
     <span class='ocr_line' id='line_1_45' title="bbox 408 3933 2054 4009; baseline 0.003 -20"><span class='ocrx_word' id='word_1_319' title='bbox 408 3933 526 3990; x_wconf 91' lang='lat' dir='ltr'><strong>lius</strong></span> <span class='ocrx_word' id='word_1_320' title='bbox 555 3934 727 3990; x_wconf 87' lang='lat' dir='ltr'><strong>etiam</strong></span> <span class='ocrx_word' id='word_1_321' title='bbox 761 3949 891 3989; x_wconf 88' lang='lat' dir='ltr'><strong>sera</strong></span> <span class='ocrx_word' id='word_1_322' title='bbox 922 3934 1218 4004; x_wconf 90' lang='lat' dir='ltr'><strong>pubertas.</strong></span> <span class='ocrx_word' id='word_1_323' title='bbox 1252 3934 1323 3991; x_wconf 93' lang='lat' dir='ltr'><strong>Ut</strong></span> <span class='ocrx_word' id='word_1_324' title='bbox 1353 3936 1506 3991; x_wconf 90' lang='lat' dir='ltr'><strong>enim</strong></span> <span class='ocrx_word' id='word_1_325' title='bbox 1552 3953 1814 4008; x_wconf 66' lang='lat' dir='ltr'><strong>peraque</strong></span> <span class='ocrx_word' id='word_1_326' title='bbox 1854 3937 2054 4009; x_wconf 85' lang='lat' dir='ltr'><strong>trigin-</strong></span> 
     </span>
    </p>
   </div>
   <div class='ocr_carea' id='block_1_46' title="bbox 408 4016 2050 4088">
    <p class='ocr_par' dir='ltr' id='par_1_46' title="bbox 408 4016 2050 4088">
     <span class='ocr_line' id='line_1_46' title="bbox 408 4016 2050 4088; baseline 0.001 -16"><span class='ocrx_word' id='word_1_327' title='bbox 408 4019 469 4072; x_wconf 91' lang='lat' dir='ltr'><strong>ta</strong></span> <span class='ocrx_word' id='word_1_328' title='bbox 493 4031 781 4072; x_wconf 84' lang='lat' dir='ltr'><strong>annorum</strong></span> <span class='ocrx_word' id='word_1_329' title='bbox 809 4016 1046 4081; x_wconf 86' lang='lat' dir='ltr'><strong>fuerint,</strong></span> <span class='ocrx_word' id='word_1_330' title='bbox 1077 4032 1212 4071; x_wconf 91' lang='lat' dir='ltr'><strong>cum</strong></span> <span class='ocrx_word' id='word_1_331' title='bbox 1246 4016 1397 4072; x_wconf 83' lang='lat' dir='ltr'><strong>ﬁlios</strong></span> <span class='ocrx_word' id='word_1_332' title='bbox 1423 4033 1700 4088; x_wconf 87' lang='lat' dir='ltr'><strong>generare</strong></span> <span class='ocrx_word' id='word_1_333' title='bbox 1731 4022 2050 4088; x_wconf 86' lang='lat' dir='ltr'><strong>cceperunt,</strong></span> 
     </span>
    </p>
   </div>
   <div class='ocr_carea' id='block_1_47' title="bbox 409 4096 2053 4171">
    <p class='ocr_par' dir='ltr' id='par_1_47' title="bbox 409 4096 2053 4171">
     <span class='ocr_line' id='line_1_47' title="bbox 409 4096 2053 4171; baseline 0.002 -18"><span class='ocrx_word' id='word_1_334' title='bbox 409 4098 587 4154; x_wconf 85' lang='lat' dir='ltr'><strong>octies</strong></span> <span class='ocrx_word' id='word_1_335' title='bbox 642 4096 851 4152; x_wconf 89' lang='lat' dir='ltr'><strong>triceni</strong></span> <span class='ocrx_word' id='word_1_336' title='bbox 904 4096 1209 4168; x_wconf 86' lang='lat' dir='ltr'><strong>(quoniam</strong></span> <span class='ocrx_word' id='word_1_337' title='bbox 1268 4106 1395 4154; x_wconf 91' lang='lat' dir='ltr'><strong>octo</strong></span> <span class='ocrx_word' id='word_1_338' title='bbox 1456 4102 1595 4154; x_wconf 90' lang='lat' dir='ltr'><strong>sunt</strong></span> <span class='ocrx_word' id='word_1_339' title='bbox 1649 4100 2053 4171; x_wconf 84' lang='lat' dir='ltr'><strong>generationes</strong></span> 
     </span>
    </p>
   </div>
   <div class='ocr_carea' id='block_1_48' title="bbox 408 4178 2054 4251">
    <p class='ocr_par' dir='ltr' id='par_1_48' title="bbox 408 4178 2054 4251">
     <span class='ocr_line' id='line_1_48' title="bbox 408 4178 2054 4251; baseline 0 -16"><span class='ocrx_word' id='word_1_340' title='bbox 408 4196 543 4236; x_wconf 90' lang='lat' dir='ltr'><strong>cum</strong></span> <span class='ocrx_word' id='word_1_341' title='bbox 575 4179 760 4234; x_wconf 85' lang='lat' dir='ltr'><strong>Adam</strong></span> <span class='ocrx_word' id='word_1_342' title='bbox 792 4181 848 4233; x_wconf 89' lang='lat' dir='ltr'><strong>et</strong></span> <span class='ocrx_word' id='word_1_343' title='bbox 877 4195 1010 4234; x_wconf 90' lang='lat' dir='ltr'><strong>cum</strong></span> <span class='ocrx_word' id='word_1_344' title='bbox 1041 4178 1126 4234; x_wconf 90' lang='lat' dir='ltr'><strong>eis</strong></span> <span class='ocrx_word' id='word_1_345' title='bbox 1171 4195 1316 4251; x_wconf 91' lang='lat' dir='ltr'><strong>quos</strong></span> <span class='ocrx_word' id='word_1_346' title='bbox 1360 4178 1559 4251; x_wconf 82' lang='lat' dir='ltr'><strong>genuit</strong></span> <span class='ocrx_word' id='word_1_347' title='bbox 1610 4179 1904 4251; x_wconf 87' lang='lat' dir='ltr'><strong>Lamech),</strong></span> <span class='ocrx_word' id='word_1_348' title='bbox 1943 4182 2054 4236; x_wconf 92' lang='lat' dir='ltr'><strong>du—</strong></span> 
     </span>
    </p>
   </div>
   <div class='ocr_carea' id='block_1_49' title="bbox 410 4258 2051 4331">
    <p class='ocr_par' dir='ltr' id='par_1_49' title="bbox 410 4258 2051 4331">
     <span class='ocr_line' id='line_1_49' title="bbox 410 4258 2051 4331; baseline 0.002 -17"><span class='ocrx_word' id='word_1_349' title='bbox 410 4258 562 4315; x_wconf 90' lang='lat' dir='ltr'><strong>centi</strong></span> <span class='ocrx_word' id='word_1_350' title='bbox 609 4262 667 4314; x_wconf 90' lang='lat' dir='ltr'><strong>et</strong></span> <span class='ocrx_word' id='word_1_351' title='bbox 706 4258 1097 4331; x_wconf 88' lang='lat' dir='ltr'><strong>quadraginta</strong></span> <span class='ocrx_word' id='word_1_352' title='bbox 1126 4263 1262 4314; x_wconf 88' lang='lat' dir='ltr'><strong>sunt</strong></span> <span class='ocrx_word' id='word_1_353' title='bbox 1298 4258 1436 4314; x_wconf 90' lang='lat' dir='ltr'><strong>anni</strong></span> <span class='ocrx_word' id='word_1_354' title='bbox 1470 4274 1485 4313; x_wconf 92' lang='lat'><strong>:</strong></span> <span class='ocrx_word' id='word_1_355' title='bbox 1520 4275 1656 4314; x_wconf 92' lang='lat' dir='ltr'><strong>num</strong></span> <span class='ocrx_word' id='word_1_356' title='bbox 1694 4260 1891 4331; x_wconf 86' lang='lat' dir='ltr'><strong>itaque</strong></span> <span class='ocrx_word' id='word_1_357' title='bbox 1929 4264 2051 4317; x_wconf 90' lang='lat' dir='ltr'><strong>toto</strong></span> 
     </span>
    </p>
   </div>
   <div class='ocr_carea' id='block_1_50' title="bbox 410 4337 2052 4409">
    <p class='ocr_par' dir='ltr' id='par_1_50' title="bbox 410 4337 2052 4409">
     <span class='ocr_line' id='line_1_50' title="bbox 410 4337 2052 4409; baseline 0.001 -15"><span class='ocrx_word' id='word_1_358' title='bbox 410 4337 621 4395; x_wconf 88' lang='lat' dir='ltr'><strong>deinde</strong></span> <span class='ocrx_word' id='word_1_359' title='bbox 648 4342 905 4408; x_wconf 89' lang='lat' dir='ltr'><strong>tempore</strong></span> <span class='ocrx_word' id='word_1_360' title='bbox 936 4354 1121 4409; x_wconf 90' lang='lat' dir='ltr'><strong>usque</strong></span> <span class='ocrx_word' id='word_1_361' title='bbox 1151 4338 1220 4393; x_wconf 89' lang='lat' dir='ltr'><strong>ad</strong></span> <span class='ocrx_word' id='word_1_362' title='bbox 1263 4337 1547 4393; x_wconf 89' lang='lat' dir='ltr'><strong>diluvium</strong></span> <span class='ocrx_word' id='word_1_363' title='bbox 1589 4354 1701 4393; x_wconf 92' lang='lat' dir='ltr'><strong>non</strong></span> <span class='ocrx_word' id='word_1_364' title='bbox 1745 4355 2052 4409; x_wconf 86' lang='lat' dir='ltr'><strong>generave-</strong></span> 
     </span>
    </p>
   </div>
   <div class='ocr_carea' id='block_1_51' title="bbox 410 4418 2050 4492">
    <p class='ocr_par' dir='ltr' id='par_1_51' title="bbox 410 4418 2050 4492">
     <span class='ocr_line' id='line_1_51' title="bbox 410 4418 2050 4492; baseline -0.001 -16"><span class='ocrx_word' id='word_1_365' title='bbox 410 4421 589 4476; x_wconf 83' lang='lat' dir='ltr'><strong>runt?</strong></span> <span class='ocrx_word' id='word_1_366' title='bbox 619 4419 744 4484; x_wconf 87' lang='lat' dir='ltr'><strong>Qua</strong></span> <span class='ocrx_word' id='word_1_367' title='bbox 771 4421 1003 4475; x_wconf 88' lang='lat' dir='ltr'><strong>tandem</strong></span> <span class='ocrx_word' id='word_1_368' title='bbox 1032 4435 1225 4488; x_wconf 88' lang='lat' dir='ltr'><strong>causa,</strong></span> <span class='ocrx_word' id='word_1_369' title='bbox 1261 4419 1359 4489; x_wconf 90' lang='lat' dir='ltr'><strong>qui</strong></span> <span class='ocrx_word' id='word_1_370' title='bbox 1391 4419 1513 4475; x_wconf 66' lang='lat' dir='ltr'><strong>haec</strong></span> <span class='ocrx_word' id='word_1_371' title='bbox 1535 4418 1786 4491; x_wconf 90' lang='lat' dir='ltr'><strong>scripsit,</strong></span> <span class='ocrx_word' id='word_1_372' title='bbox 1810 4436 2050 4492; x_wconf 82' lang='lat' dir='ltr'><strong>genera-</strong></span> 
     </span>
    </p>
   </div>
   <div class='ocr_carea' id='block_1_52' title="bbox 398 4498 2051 4572">
    <p class='ocr_par' dir='ltr' id='par_1_52' title="bbox 398 4498 2051 4572">
     <span class='ocr_line' id='line_1_52' title="bbox 398 4498 2051 4572; baseline 0.001 -16"><span class='ocrx_word' id='word_1_373' title='bbox 398 4501 598 4557; x_wconf 80' lang='lat' dir='ltr'><strong>tiones</strong></span> <span class='ocrx_word' id='word_1_374' title='bbox 646 4515 1103 4556; x_wconf 89' lang='lat' dir='ltr'><strong>commemorare</strong></span> <span class='ocrx_word' id='word_1_375' title='bbox 1158 4498 1347 4555; x_wconf 90' lang='lat' dir='ltr'><strong>noluit</strong></span> <span class='ocrx_word' id='word_1_376' title='bbox 1385 4515 1512 4572; x_wconf 64' lang='lat' dir='ltr'><strong>qua:</strong></span> <span class='ocrx_word' id='word_1_377' title='bbox 1553 4502 1878 4572; x_wconf 81' lang='lat' dir='ltr'><strong>sequntur?</strong></span> <span class='ocrx_word' id='word_1_378' title='bbox 1906 4500 2051 4559; x_wconf 91' lang='lat' dir='ltr'><strong>Nam</strong></span> 
     </span>
    </p>
   </div>
   <div class='ocr_carea' id='block_1_53' title="bbox 407 4580 2050 4653">
    <p class='ocr_par' dir='ltr' id='par_1_53' title="bbox 407 4580 2050 4653">
     <span class='ocr_line' id='line_1_53' title="bbox 407 4580 2050 4653; baseline 0.001 -16"><span class='ocrx_word' id='word_1_379' title='bbox 407 4597 477 4637; x_wconf 88' lang='lat' dir='ltr'><strong>ex</strong></span> <span class='ocrx_word' id='word_1_380' title='bbox 510 4583 689 4637; x_wconf 89' lang='lat' dir='ltr'><strong>Adam</strong></span> <span class='ocrx_word' id='word_1_381' title='bbox 731 4596 919 4653; x_wconf 92' lang='lat' dir='ltr'><strong>usque</strong></span> <span class='ocrx_word' id='word_1_382' title='bbox 968 4582 1038 4637; x_wconf 89' lang='lat' dir='ltr'><strong>ad</strong></span> <span class='ocrx_word' id='word_1_383' title='bbox 1088 4580 1373 4637; x_wconf 90' lang='lat' dir='ltr'><strong>diluvium</strong></span> <span class='ocrx_word' id='word_1_384' title='bbox 1425 4586 1841 4653; x_wconf 90' lang='lat' dir='ltr'><strong>computantur</strong></span> <span class='ocrx_word' id='word_1_385' title='bbox 1889 4583 2050 4651; x_wconf 89' lang='lat' dir='ltr'><strong>anni,</strong></span> 
     </span>
    </p>
   </div>
   <div class='ocr_carea' id='block_1_54' title="bbox 407 4663 2055 4727">
    <p class='ocr_par' dir='ltr' id='par_1_54' title="bbox 407 4663 2055 4727">
     <span class='ocr_line' id='line_1_54' title="bbox 407 4663 2055 4727; baseline 0 -9"><span class='ocrx_word' id='word_1_386' title='bbox 407 4664 731 4718; x_wconf 89' lang='lat' dir='ltr'><strong>secundum</strong></span> <span class='ocrx_word' id='word_1_387' title='bbox 765 4663 991 4719; x_wconf 84' lang='lat' dir='ltr'><strong>codices</strong></span> <span class='ocrx_word' id='word_1_388' title='bbox 1021 4667 1276 4727; x_wconf 87' lang='lat' dir='ltr'><strong>nostros,</strong></span> <span class='ocrx_word' id='word_1_389' title='bbox 1308 4663 1425 4717; x_wconf 88' lang='lat' dir='ltr'><strong>duo</strong></span> <span class='ocrx_word' id='word_1_390' title='bbox 1456 4663 1643 4719; x_wconf 86' lang='lat' dir='ltr'><strong>millia</strong></span> <span class='ocrx_word' id='word_1_391' title='bbox 1666 4663 1919 4719; x_wconf 90' lang='lat' dir='ltr'><strong>ducendi</strong></span> <span class='ocrx_word' id='word_1_392' title='bbox 1966 4679 2055 4718; x_wconf 90' lang='lat' dir='ltr'><strong>se-</strong></span> 
     </span>
    </p>
   </div>
   <div class='ocr_carea' id='block_1_55' title="bbox 406 4743 2051 4815">
    <p class='ocr_par' dir='ltr' id='par_1_55' title="bbox 406 4743 2051 4815">
     <span class='ocr_line' id='line_1_55' title="bbox 406 4743 2051 4815; baseline 0 -16"><span class='ocrx_word' id='word_1_393' title='bbox 406 4743 642 4815; x_wconf 80' lang='lat' dir='ltr'><strong>xaginta</strong></span> <span class='ocrx_word' id='word_1_394' title='bbox 692 4743 898 4799; x_wconf 59' lang='lat' dir='ltr'><strong>duo”:</strong></span> <span class='ocrx_word' id='word_1_395' title='bbox 952 4744 1276 4798; x_wconf 81' lang='lat' dir='ltr'><strong>secundum</strong></span> <span class='ocrx_word' id='word_1_396' title='bbox 1330 4744 1590 4799; x_wconf 75' lang='lat' dir='ltr'><strong>hebrzeos</strong></span> <span class='ocrx_word' id='word_1_397' title='bbox 1638 4749 1855 4812; x_wconf 88' lang='lat' dir='ltr'><strong>autem,</strong></span> <span class='ocrx_word' id='word_1_398' title='bbox 1889 4743 2051 4800; x_wconf 87' lang='lat' dir='ltr'><strong>mille</strong></span> 
     </span>
    </p>
   </div>
   <div class='ocr_carea' id='block_1_56' title="bbox 404 4822 2053 4894">
    <p class='ocr_par' dir='ltr' id='par_1_56' title="bbox 404 4822 2053 4894">
     <span class='ocr_line' id='line_1_56' title="bbox 404 4822 2053 4894; baseline -0.001 -15"><span class='ocrx_word' id='word_1_399' title='bbox 404 4822 660 4879; x_wconf 86' lang='lat' dir='ltr'><strong>sexcenti</strong></span> <span class='ocrx_word' id='word_1_400' title='bbox 708 4822 1137 4894; x_wconf 83' lang='lat' dir='ltr'><strong>quinquaginta</strong></span> <span class='ocrx_word' id='word_1_401' title='bbox 1172 4840 1290 4878; x_wconf 87' lang='lat' dir='ltr'><strong>sex.</strong></span> <span class='ocrx_word' id='word_1_402' title='bbox 1345 4823 1415 4879; x_wconf 92' lang='lat' dir='ltr'><strong>Ut</strong></span> <span class='ocrx_word' id='word_1_403' title='bbox 1452 4840 1585 4891; x_wconf 72' lang='lat' dir='ltr'><strong>ergo</strong></span> <span class='ocrx_word' id='word_1_404' title='bbox 1633 4823 1806 4877; x_wconf 88' lang='lat' dir='ltr'><strong>istum</strong></span> <span class='ocrx_word' id='word_1_405' title='bbox 1854 4839 2053 4877; x_wconf 83' lang='lat' dir='ltr'><strong>nume-</strong></span> 
     </span>
    </p>
   </div>
   <div class='ocr_carea' id='block_1_57' title="bbox 404 4902 2051 4967">
    <p class='ocr_par' dir='ltr' id='par_1_57' title="bbox 404 4902 2051 4967">
     <span class='ocr_line' id='line_1_57' title="bbox 404 4902 2051 4967; baseline 0 -8"><span class='ocrx_word' id='word_1_406' title='bbox 404 4920 535 4959; x_wconf 88' lang='lat' dir='ltr'><strong>rum</strong></span> <span class='ocrx_word' id='word_1_407' title='bbox 570 4902 849 4959; x_wconf 88' lang='lat' dir='ltr'><strong>minorem</strong></span> <span class='ocrx_word' id='word_1_408' title='bbox 895 4904 1204 4959; x_wconf 84' lang='lat' dir='ltr'><strong>credamue</strong></span> <span class='ocrx_word' id='word_1_409' title='bbox 1251 4919 1378 4957; x_wconf 83' lang='lat' dir='ltr'><strong>esse</strong></span> <span class='ocrx_word' id='word_1_410' title='bbox 1428 4905 1737 4967; x_wconf 87' lang='lat' dir='ltr'><strong>veriorem,</strong></span> <span class='ocrx_word' id='word_1_411' title='bbox 1779 4905 1849 4956; x_wconf 92' lang='lat' dir='ltr'><strong>de</strong></span> <span class='ocrx_word' id='word_1_412' title='bbox 1894 4903 2051 4959; x_wconf 88' lang='lat' dir='ltr'><strong>mille</strong></span> 
     </span>
    </p>
   </div>
   <div class='ocr_carea' id='block_1_58' title="bbox 400 4981 2048 5053">
    <p class='ocr_par' dir='ltr' id='par_1_58' title="bbox 400 4981 2048 5053">
     <span class='ocr_line' id='line_1_58' title="bbox 400 4981 2048 5053; baseline -0.001 -13"><span class='ocrx_word' id='word_1_413' title='bbox 400 4984 688 5040; x_wconf 85' lang='lat' dir='ltr'><strong>sexcentis</strong></span> <span class='ocrx_word' id='word_1_414' title='bbox 725 4984 1148 5053; x_wconf 80' lang='lat' dir='ltr'><strong>quinquaginta</strong></span> <span class='ocrx_word' id='word_1_415' title='bbox 1181 5001 1275 5039; x_wconf 86' lang='lat' dir='ltr'><strong>sex</strong></span> <span class='ocrx_word' id='word_1_416' title='bbox 1307 4985 1477 5039; x_wconf 89' lang='lat' dir='ltr'><strong>annis</strong></span> <span class='ocrx_word' id='word_1_417' title='bbox 1522 4981 1756 5039; x_wconf 91' lang='lat' dir='ltr'><strong>ducenti</strong></span> <span class='ocrx_word' id='word_1_418' title='bbox 1799 4983 2048 5053; x_wconf 88' lang='lat' dir='ltr'><strong>quadra-</strong></span> 
     </span>
    </p>
   </div>
   <div class='ocr_carea' id='block_1_59' title="bbox 466 5171 2051 5227">
    <p class='ocr_par' dir='ltr' id='par_1_59' title="bbox 466 5171 2051 5227">
     <span class='ocr_line' id='line_1_59' title="bbox 466 5171 2051 5227; baseline 0.001 -7"><span class='ocrx_word' id='word_1_419' title='bbox 466 5176 484 5209; x_wconf 76' lang='grc'>¹</span> <span class='ocrx_word' id='word_1_420' title='bbox 516 5172 597 5222; x_wconf 86' lang='lat' dir='ltr'><strong>Ita</strong></span> <span class='ocrx_word' id='word_1_421' title='bbox 625 5171 745 5221; x_wconf 82' lang='lat' dir='ltr'><strong>MSS.</strong></span> <span class='ocrx_word' id='word_1_422' title='bbox 781 5172 921 5221; x_wconf 84' lang='lat' dir='ltr'><strong>Editi</strong></span> <span class='ocrx_word' id='word_1_423' title='bbox 967 5175 1164 5227; x_wconf 89' lang='lat' dir='ltr'><strong>autem,</strong></span> <span class='ocrx_word' id='word_1_424' title='bbox 1210 5175 1303 5221; x_wconf 78' lang='lat' dir='ltr'><strong>sed</strong></span> <span class='ocrx_word' id='word_1_425' title='bbox 1351 5175 1510 5223; x_wconf 79' lang='lat' dir='ltr'><strong>habet</strong></span> <span class='ocrx_word' id='word_1_426' title='bbox 1552 5174 1723 5223; x_wconf 77' lang='lat' dir='ltr'><strong>etiam</strong></span> <span class='ocrx_word' id='word_1_427' title='bbox 1771 5174 1877 5222; x_wconf 80' lang='lat' dir='ltr'><strong>illa</strong></span> <span class='ocrx_word' id='word_1_428' title='bbox 1910 5174 2051 5223; x_wconf 78' lang='lat' dir='ltr'><strong>cives</strong></span> 
     </span>
    </p>
   </div>
   <div class='ocr_carea' id='block_1_60' title="bbox 398 5235 2051 5300">
    <p class='ocr_par' dir='ltr' id='par_1_60' title="bbox 398 5235 2051 5300">
     <span class='ocr_line' id='line_1_60' title="bbox 398 5235 2051 5300; baseline 0 -15"><span class='ocrx_word' id='word_1_429' title='bbox 398 5236 707 5286; x_wconf 79' lang='lat' dir='ltr'><strong>nonnullos</strong></span> <span class='ocrx_word' id='word_1_430' title='bbox 754 5236 877 5285; x_wconf 78' lang='lat' dir='ltr'><strong>istis</strong></span> <span class='ocrx_word' id='word_1_431' title='bbox 920 5235 1135 5283; x_wconf 78' lang='lat' dir='ltr'><strong>similes</strong></span> <span class='ocrx_word' id='word_1_432' title='bbox 1178 5250 1247 5283; x_wconf 71' lang='lat' dir='ltr'><strong>ea:</strong></span> <span class='ocrx_word' id='word_1_433' title='bbox 1295 5237 1609 5285; x_wconf 72' lang='lat' dir='ltr'><strong>imitatione</strong></span> <span class='ocrx_word' id='word_1_434' title='bbox 1650 5238 1891 5300; x_wconf 80' lang='lat' dir='ltr'><strong>quadam</strong></span> <span class='ocrx_word' id='word_1_435' title='bbox 1929 5237 2051 5286; x_wconf 78' lang='lat' dir='ltr'><strong>licet</strong></span> 
     </span>
    </p>
   </div>
   <div class='ocr_carea' id='block_1_61' title="bbox 401 5307 673 5349">
    <p class='ocr_par' dir='ltr' id='par_1_61' title="bbox 401 5307 673 5349">
     <span class='ocr_line' id='line_1_61' title="bbox 401 5307 673 5349; baseline 0 0"><span class='ocrx_word' id='word_1_436' title='bbox 401 5307 673 5349; x_wconf 72' lang='lat' dir='ltr'><strong>errantes.</strong></span> 
     </span>
    </p>
   </div>
   <div class='ocr_carea' id='block_1_62' title="bbox 383 5359 2048 5424">
    <p class='ocr_par' dir='ltr' id='par_1_62' title="bbox 383 5359 2048 5424">
     <span class='ocr_line' id='line_1_62' title="bbox 383 5359 2048 5424; baseline 0.001 -15"><span class='ocrx_word' id='word_1_437' title='bbox 383 5419 387 5424; x_wconf 23' lang='lat'><strong>‘</strong></span> <span class='ocrx_word' id='word_1_438' title='bbox 461 5363 483 5396; x_wconf 71' lang='grc'><strong>2</strong></span> <span class='ocrx_word' id='word_1_439' title='bbox 512 5362 731 5424; x_wconf 83' lang='lat' dir='ltr'><strong>Aliquot</strong></span> <span class='ocrx_word' id='word_1_440' title='bbox 768 5361 913 5419; x_wconf 72' lang='lat' dir='ltr'><strong>Mss,</strong></span> <span class='ocrx_word' id='word_1_441' title='bbox 960 5359 1070 5408; x_wconf 83' lang='lat' dir='ltr'><strong>duo</strong></span> <span class='ocrx_word' id='word_1_442' title='bbox 1104 5359 1307 5424; x_wconf 60' lang='lat' dir='ltr'><strong>gnillia</strong></span> <span class='ocrx_word' id='word_1_443' title='bbox 1361 5361 1584 5411; x_wconf 80' lang='lat' dir='ltr'><strong>ducenti</strong></span> <span class='ocrx_word' id='word_1_444' title='bbox 1612 5361 2048 5424; x_wconf 78' lang='lat' dir='ltr'><strong>quinquaginta.</strong></span> 
     </span>
    </p>
   </div>
   <div class='ocr_carea' id='block_1_63' title="bbox 398 5422 2049 5488">
    <p class='ocr_par' dir='ltr' id='par_1_63' title="bbox 398 5422 2049 5488">
     <span class='ocr_line' id='line_1_63' title="bbox 398 5422 2049 5488; baseline -0.001 -14"><span class='ocrx_word' id='word_1_445' title='bbox 398 5422 669 5478; x_wconf 72' lang='lat' dir='ltr'><strong>Eusebius.</strong></span> <span class='ocrx_word' id='word_1_446' title='bbox 700 5424 1069 5488; x_wconf 72' lang='lat' dir='ltr'><strong>Hieronymus,</strong></span> <span class='ocrx_word' id='word_1_447' title='bbox 1102 5422 1240 5471; x_wconf 89' lang='lat' dir='ltr'><strong>Beda</strong></span> <span class='ocrx_word' id='word_1_448' title='bbox 1268 5424 1464 5488; x_wconf 85' lang='lat' dir='ltr'><strong>aliique</strong></span> <span class='ocrx_word' id='word_1_449' title='bbox 1509 5422 1798 5475; x_wconf 72' lang='lat' dir='ltr'><strong>secundum</strong></span> <span class='ocrx_word' id='word_1_450' title='bbox 1845 5422 2049 5487; x_wconf 82' lang='lat' dir='ltr'><strong>septua-</strong></span> 
     </span>
    </p>
   </div>
   <div class='ocr_carea' id='block_1_64' title="bbox 398 5485 2048 5551">
    <p class='ocr_par' dir='ltr' id='par_1_64' title="bbox 398 5485 2048 5551">
     <span class='ocr_line' id='line_1_64' title="bbox 398 5485 2048 5551; baseline 0 -16"><span class='ocrx_word' id='word_1_451' title='bbox 398 5489 548 5551; x_wconf 82' lang='lat' dir='ltr'><strong>ginta</strong></span> <span class='ocrx_word' id='word_1_452' title='bbox 574 5487 924 5551; x_wconf 78' lang='lat' dir='ltr'><strong>interpretum</strong></span> <span class='ocrx_word' id='word_1_453' title='bbox 953 5485 1160 5551; x_wconf 83' lang='lat' dir='ltr'><strong>codices</strong></span> <span class='ocrx_word' id='word_1_454' title='bbox 1181 5485 1493 5548; x_wconf 82' lang='lat' dir='ltr'><strong>computant</strong></span> <span class='ocrx_word' id='word_1_455' title='bbox 1525 5488 1631 5551; x_wconf 86' lang='lat' dir='ltr'><strong>duo</strong></span> <span class='ocrx_word' id='word_1_456' title='bbox 1658 5488 1828 5551; x_wconf 78' lang='lat' dir='ltr'><strong>millia</strong></span> <span class='ocrx_word' id='word_1_457' title='bbox 1856 5485 2048 5551; x_wconf 71' lang='lat' dir='ltr'><strong>(lucen-</strong></span> 
     </span>
    </p>
   </div>
   <div class='ocr_carea' id='block_1_65' title="bbox 398 5549 2046 5623">
    <p class='ocr_par' dir='ltr' id='par_1_65' title="bbox 398 5549 2046 5623">
     <span class='ocr_line' id='line_1_65' title="bbox 398 5549 2046 5623; baseline -0.002 -23"><span class='ocrx_word' id='word_1_458' title='bbox 938 5550 991 5598; x_wconf 88' lang='lat' dir='ltr'><strong>et</strong></span> <span class='ocrx_word' id='word_1_459' title='bbox 1017 5550 1170 5623; x_wconf 71' lang='lat' dir='ltr'><strong>_duos</strong></span> <span class='ocrx_word' id='word_1_460' title='bbox 1223 5562 1408 5598; x_wconf 86' lang='lat' dir='ltr'><strong>annos.</strong></span> <span class='ocrx_word' id='word_1_461' title='bbox 1455 5578 1517 5586; x_wconf 92' lang='lat'><strong>—</strong></span> <span class='ocrx_word' id='word_1_462' title='bbox 1554 5550 1728 5599; x_wconf 83' lang='lat' dir='ltr'><strong>Codex</strong></span> <span class='ocrx_word' id='word_1_463' title='bbox 1763 5549 1907 5611; x_wconf 82' lang='lat'><strong>2050,</strong></span> <span class='ocrx_word' id='word_1_464' title='bbox 1939 5551 2046 5598; x_wconf 79' lang='lat' dir='ltr'><strong>duo</strong></span> 
     </span>
    </p>
   </div>
   <div class='ocr_carea' id='block_1_66' title="bbox 401 5610 1084 5662">
    <p class='ocr_par' dir='ltr' id='par_1_66' title="bbox 401 5610 1084 5662">
     <span class='ocr_line' id='line_1_66' title="bbox 401 5610 1084 5662; baseline -0.003 0"><span class='ocrx_word' id='word_1_465' title='bbox 401 5610 587 5662; x_wconf 73' lang='lat' dir='ltr'><strong>millia</strong></span> <span class='ocrx_word' id='word_1_466' title='bbox 618 5610 839 5661; x_wconf 69' lang='lat' dir='ltr'><strong>ducenti</strong></span> <span class='ocrx_word' id='word_1_467' title='bbox 868 5612 1084 5660; x_wconf 73' lang='lat' dir='ltr'><strong>LXXII.M.</strong></span> 
     </span>
    </p>
   </div>
   <div class='ocr_carea' id='block_1_67' title="bbox 470 5672 1626 5737">
    <p class='ocr_par' dir='ltr' id='par_1_67' title="bbox 470 5672 1626 5737">
     <span class='ocr_line' id='line_1_67' title="bbox 470 5672 1626 5737; baseline 0.004 -17"><span class='ocrx_word' id='word_1_468' title='bbox 470 5673 538 5735; x_wconf 87' lang='grc' dir='ltr'><strong>(α)</strong></span> <span class='ocrx_word' id='word_1_469' title='bbox 569 5672 715 5721; x_wconf 84' lang='lat' dir='ltr'><strong>Conf.</strong></span> <span class='ocrx_word' id='word_1_470' title='bbox 747 5687 922 5735; x_wconf 86' lang='lat' dir='ltr'><strong>supra,</strong></span> <span class='ocrx_word' id='word_1_471' title='bbox 954 5674 1047 5724; x_wconf 88' lang='lat' dir='ltr'><strong>lib.</strong></span> <span class='ocrx_word' id='word_1_472' title='bbox 1082 5673 1158 5732; x_wconf 75' lang='grc'><strong>14,</strong></span> <span class='ocrx_word' id='word_1_473' title='bbox 1188 5687 1300 5737; x_wconf 84' lang='lat' dir='ltr'><strong>cap.</strong></span> <span class='ocrx_word' id='word_1_474' title='bbox 1338 5674 1413 5731; x_wconf 84' lang='grc'><strong>17,</strong></span> <span class='ocrx_word' id='word_1_475' title='bbox 1443 5674 1500 5724; x_wconf 90' lang='lat' dir='ltr'><strong>in</strong></span> <span class='ocrx_word' id='word_1_476' title='bbox 1528 5675 1626 5725; x_wconf 76' lang='lat' dir='ltr'><strong>fin.</strong></span> 
     </span>
    </p>
   </div>
   <div class='ocr_carea' id='block_1_68' title="bbox 1448 320 2740 398">
    <p class='ocr_par' dir='ltr' id='par_1_68' title="bbox 1448 320 2740 398">
     <span class='ocr_line' id='line_1_68' title="bbox 1448 320 2740 398; baseline -0.003 -4"><span class='ocrx_word' id='word_1_477' title='bbox 1448 333 1551 394; x_wconf 87' lang='lat' dir='ltr'><strong>DE</strong></span> <span class='ocrx_word' id='word_1_478' title='bbox 1593 326 1960 393; x_wconf 81' lang='lat' dir='ltr'><strong>CIVITA&#39;I‘E</strong></span> <span class='ocrx_word' id='word_1_479' title='bbox 2002 320 2153 398; x_wconf 84' lang='lat' dir='ltr'><strong>DEI,</strong></span> <span class='ocrx_word' id='word_1_480' title='bbox 2203 324 2270 385; x_wconf 88' lang='lat' dir='ltr'><strong>S.</strong></span> <span class='ocrx_word' id='word_1_481' title='bbox 2313 326 2740 392; x_wconf 79' lang='lat' dir='ltr'><strong>AUGUSTINI</strong></span> 
     </span>
    </p>
   </div>
   <div class='ocr_carea' id='block_1_69' title="bbox 3675 321 3796 384">
    <p class='ocr_par' dir='ltr' id='par_1_69' title="bbox 3675 321 3796 384">
     <span class='ocr_line' id='line_1_69' title="bbox 3675 321 3796 384; baseline 0 -2"><span class='ocrx_word' id='word_1_482' title='bbox 3675 321 3796 384; x_wconf 65' lang='lat'><strong>464</strong></span> 
     </span>
    </p>
   </div>
   <div class='ocr_carea' id='block_1_70' title="bbox 2145 463 3794 542">
    <p class='ocr_par' dir='ltr' id='par_1_70' title="bbox 2145 463 3794 542">
     <span class='ocr_line' id='line_1_70' title="bbox 2145 463 3794 542; baseline 0.003 -24"><span class='ocrx_word' id='word_1_483' title='bbox 2145 463 2306 535; x_wconf 87' lang='lat' dir='ltr'><strong>ginta</strong></span> <span class='ocrx_word' id='word_1_484' title='bbox 2335 466 2716 526; x_wconf 83' lang='lat' dir='ltr'><strong>detrahantur</strong></span> <span class='ocrx_word' id='word_1_485' title='bbox 2744 484 2760 527; x_wconf 96' lang='lat'><strong>:</strong></span> <span class='ocrx_word' id='word_1_486' title='bbox 2794 469 3085 542; x_wconf 89' lang='lat' dir='ltr'><strong>numquid</strong></span> <span class='ocrx_word' id='word_1_487' title='bbox 3114 468 3392 526; x_wconf 90' lang='lat' dir='ltr'><strong>credibile</strong></span> <span class='ocrx_word' id='word_1_488' title='bbox 3418 474 3508 524; x_wconf 88' lang='lat' dir='ltr'><strong>est</strong></span> <span class='ocrx_word' id='word_1_489' title='bbox 3526 482 3632 540; x_wconf 88' lang='lat' dir='ltr'><strong>per</strong></span> <span class='ocrx_word' id='word_1_490' title='bbox 3657 468 3794 525; x_wconf 87' lang='lat' dir='ltr'><strong>mil-</strong></span> 
     </span>
    </p>
   </div>
   <div class='ocr_carea' id='block_1_71' title="bbox 2145 546 3796 624">
    <p class='ocr_par' dir='ltr' id='par_1_71' title="bbox 2145 546 3796 624">
     <span class='ocr_line' id='line_1_71' title="bbox 2145 546 3796 624; baseline 0.005 -26"><span class='ocrx_word' id='word_1_491' title='bbox 2145 546 2200 599; x_wconf 91' lang='lat' dir='ltr'><strong>le</strong></span> <span class='ocrx_word' id='word_1_492' title='bbox 2246 548 2734 623; x_wconf 87' lang='lat' dir='ltr'><strong>quadringentos,</strong></span> <span class='ocrx_word' id='word_1_493' title='bbox 2794 555 2851 607; x_wconf 89' lang='lat' dir='ltr'><strong>et</strong></span> <span class='ocrx_word' id='word_1_494' title='bbox 2907 552 3065 624; x_wconf 90' lang='lat' dir='ltr'><strong>quod</strong></span> <span class='ocrx_word' id='word_1_495' title='bbox 3108 551 3386 619; x_wconf 84' lang='lat' dir='ltr'><strong>excurrit,</strong></span> <span class='ocrx_word' id='word_1_496' title='bbox 3433 564 3639 618; x_wconf 85' lang='lat' dir='ltr'><strong>annos,</strong></span> <span class='ocrx_word' id='word_1_497' title='bbox 3691 549 3796 621; x_wconf 89' lang='lat' dir='ltr'><strong>qui</strong></span> 
     </span>
    </p>
   </div>
   <div class='ocr_carea' id='block_1_72' title="bbox 2146 631 3794 705">
    <p class='ocr_par' dir='ltr' id='par_1_72' title="bbox 2146 631 3794 705">
     <span class='ocr_line' id='line_1_72' title="bbox 2146 631 3794 705; baseline 0.003 -22"><span class='ocrx_word' id='word_1_498' title='bbox 2146 633 2368 685; x_wconf 82' lang='lat' dir='ltr'><strong>restant</strong></span> <span class='ocrx_word' id='word_1_499' title='bbox 2398 647 2583 703; x_wconf 91' lang='lat' dir='ltr'><strong>usque</strong></span> <span class='ocrx_word' id='word_1_500' title='bbox 2614 633 2688 689; x_wconf 92' lang='lat' dir='ltr'><strong>ad</strong></span> <span class='ocrx_word' id='word_1_501' title='bbox 2721 631 3035 701; x_wconf 86' lang='lat' dir='ltr'><strong>diluvium,</strong></span> <span class='ocrx_word' id='word_1_502' title='bbox 3069 633 3402 705; x_wconf 87' lang='lat' dir='ltr'><strong>progeniem</strong></span> <span class='ocrx_word' id='word_1_503' title='bbox 3430 631 3574 687; x_wconf 86' lang='lat' dir='ltr'><strong>Cain</strong></span> <span class='ocrx_word' id='word_1_504' title='bbox 3614 647 3648 688; x_wconf 87' lang='lat' dir='ltr'><strong>a</strong></span> <span class='ocrx_word' id='word_1_505' title='bbox 3694 647 3794 704; x_wconf 87' lang='lat' dir='ltr'><strong>ge-</strong></span> 
     </span>
    </p>
   </div>
   <div class='ocr_carea' id='block_1_73' title="bbox 2148 709 3113 784">
    <p class='ocr_par' dir='ltr' id='par_1_73' title="bbox 2148 709 3113 784">
     <span class='ocr_line' id='line_1_73' title="bbox 2148 709 3113 784; baseline 0.006 -21"><span class='ocrx_word' id='word_1_506' title='bbox 2148 709 2547 768; x_wconf 87' lang='lat' dir='ltr'><strong>nerationibus</strong></span> <span class='ocrx_word' id='word_1_507' title='bbox 2573 727 2779 769; x_wconf 87' lang='lat' dir='ltr'><strong>vacare</strong></span> <span class='ocrx_word' id='word_1_508' title='bbox 2810 713 3068 784; x_wconf 88' lang='lat' dir='ltr'><strong>potuisse</strong></span> <span class='ocrx_word' id='word_1_509' title='bbox 3085 713 3113 769; x_wconf 76' lang='lat' dir='ltr'><strong>‘I</strong></span> 
     </span>
    </p>
   </div>
   <div class='ocr_carea' id='block_1_74' title="bbox 2216 790 3796 865">
    <p class='ocr_par' dir='ltr' id='par_1_74' title="bbox 2216 790 3796 865">
     <span class='ocr_line' id='line_1_74' title="bbox 2216 790 3796 865; baseline 0.004 -22"><span class='ocrx_word' id='word_1_510' title='bbox 2216 790 2269 843; x_wconf 92' lang='lat'><strong>3.</strong></span> <span class='ocrx_word' id='word_1_511' title='bbox 2302 790 2412 846; x_wconf 89' lang='lat' dir='ltr'><strong>Sed</strong></span> <span class='ocrx_word' id='word_1_512' title='bbox 2436 791 2532 862; x_wconf 91' lang='lat' dir='ltr'><strong>qui</strong></span> <span class='ocrx_word' id='word_1_513' title='bbox 2564 809 2634 850; x_wconf 78' lang='lat' dir='ltr'><strong>ex</strong></span> <span class='ocrx_word' id='word_1_514' title='bbox 2665 793 2771 850; x_wconf 89' lang='lat' dir='ltr'><strong>hoc</strong></span> <span class='ocrx_word' id='word_1_515' title='bbox 2804 800 3087 861; x_wconf 89' lang='lat' dir='ltr'><strong>movetur,</strong></span> <span class='ocrx_word' id='word_1_516' title='bbox 3111 792 3459 856; x_wconf 86' lang='lat' dir='ltr'><strong>meminerit.</strong></span> <span class='ocrx_word' id='word_1_517' title='bbox 3481 808 3617 850; x_wconf 92' lang='lat' dir='ltr'><strong>cum</strong></span> <span class='ocrx_word' id='word_1_518' title='bbox 3639 809 3796 865; x_wconf 71' lang='lat' dir='ltr'><strong>quie-</strong></span> 
     </span>
    </p>
   </div>
   <div class='ocr_carea' id='block_1_75' title="bbox 2147 873 3796 946">
    <p class='ocr_par' dir='ltr' id='par_1_75' title="bbox 2147 873 3796 946">
     <span class='ocr_line' id='line_1_75' title="bbox 2147 873 3796 946; baseline 0.004 -22"><span class='ocrx_word' id='word_1_519' title='bbox 2147 884 2333 925; x_wconf 90' lang='lat' dir='ltr'><strong>rerem</strong></span> <span class='ocrx_word' id='word_1_520' title='bbox 2365 875 2657 943; x_wconf 92' lang='lat' dir='ltr'><strong>quomodo</strong></span> <span class='ocrx_word' id='word_1_521' title='bbox 2690 875 3048 930; x_wconf 90' lang='lat' dir='ltr'><strong>credendum</strong></span> <span class='ocrx_word' id='word_1_522' title='bbox 3083 874 3179 941; x_wconf 86' lang='lat' dir='ltr'><strong>sit,</strong></span> <span class='ocrx_word' id='word_1_523' title='bbox 3210 875 3487 946; x_wconf 90' lang='lat' dir='ltr'><strong>antiquos</strong></span> <span class='ocrx_word' id='word_1_524' title='bbox 3516 873 3651 930; x_wconf 90' lang='lat' dir='ltr'><strong>illos</strong></span> <span class='ocrx_word' id='word_1_525' title='bbox 3688 873 3796 931; x_wconf 91' lang='lat' dir='ltr'><strong>ho-</strong></span> 
     </span>
    </p>
   </div>
   <div class='ocr_carea' id='block_1_76' title="bbox 2148 950 3794 1026">
    <p class='ocr_par' dir='ltr' id='par_1_76' title="bbox 2148 950 3794 1026">
     <span class='ocr_line' id='line_1_76' title="bbox 2148 950 3794 1026; baseline 0.005 -21"><span class='ocrx_word' id='word_1_526' title='bbox 2148 950 2336 1007; x_wconf 90' lang='lat' dir='ltr'><strong>mines</strong></span> <span class='ocrx_word' id='word_1_527' title='bbox 2385 969 2488 1024; x_wconf 91' lang='lat' dir='ltr'><strong>per</strong></span> <span class='ocrx_word' id='word_1_528' title='bbox 2542 959 2661 1011; x_wconf 88' lang='lat' dir='ltr'><strong>tam</strong></span> <span class='ocrx_word' id='word_1_529' title='bbox 2717 955 2937 1011; x_wconf 91' lang='lat' dir='ltr'><strong>multos</strong></span> <span class='ocrx_word' id='word_1_530' title='bbox 2991 972 3179 1012; x_wconf 86' lang='lat' dir='ltr'><strong>annos</strong></span> <span class='ocrx_word' id='word_1_531' title='bbox 3212 971 3247 1011; x_wconf 90' lang='lat' dir='ltr'><strong>a</strong></span> <span class='ocrx_word' id='word_1_532' title='bbox 3299 955 3607 1026; x_wconf 84' lang='lat' dir='ltr'><strong>gignendis</strong></span> <span class='ocrx_word' id='word_1_533' title='bbox 3657 954 3794 1013; x_wconf 82' lang='lat' dir='ltr'><strong>ﬁliis</strong></span> 
     </span>
    </p>
   </div>
   <div class='ocr_carea' id='block_1_77' title="bbox 2147 1036 3795 1105">
    <p class='ocr_par' dir='ltr' id='par_1_77' title="bbox 2147 1036 3795 1105">
     <span class='ocr_line' id='line_1_77' title="bbox 2147 1036 3795 1105; baseline 0.002 -14"><span class='ocrx_word' id='word_1_534' title='bbox 2147 1049 2374 1091; x_wconf 86' lang='lat' dir='ltr'><strong>cessare</strong></span> <span class='ocrx_word' id='word_1_535' title='bbox 2394 1036 2672 1105; x_wconf 88' lang='lat' dir='ltr'><strong>potuisse,</strong></span> <span class='ocrx_word' id='word_1_536' title='bbox 2697 1038 2924 1094; x_wconf 88' lang='lat' dir='ltr'><strong>duobus</strong></span> <span class='ocrx_word' id='word_1_537' title='bbox 2953 1038 3143 1095; x_wconf 89' lang='lat' dir='ltr'><strong>modis</strong></span> <span class='ocrx_word' id='word_1_538' title='bbox 3173 1038 3347 1094; x_wconf 90' lang='lat' dir='ltr'><strong>istam</strong></span> <span class='ocrx_word' id='word_1_539' title='bbox 3378 1038 3633 1095; x_wconf 87' lang='lat' dir='ltr'><strong>solutam</strong></span> <span class='ocrx_word' id='word_1_540' title='bbox 3665 1055 3795 1095; x_wconf 84' lang='lat' dir='ltr'><strong>esse</strong></span> 
     </span>
    </p>
   </div>
   <div class='ocr_carea' id='block_1_78' title="bbox 2147 1116 3795 1193">
    <p class='ocr_par' dir='ltr' id='par_1_78' title="bbox 2147 1116 3795 1193">
     <span class='ocr_line' id='line_1_78' title="bbox 2147 1116 3795 1193; baseline 0.005 -24"><span class='ocrx_word' id='word_1_541' title='bbox 2147 1116 2567 1188; x_wconf 65' lang='lat' dir='ltr'><strong>quaestionem;</strong></span> <span class='ocrx_word' id='word_1_542' title='bbox 2605 1124 2709 1175; x_wconf 88' lang='lat' dir='ltr'><strong>aut</strong></span> <span class='ocrx_word' id='word_1_543' title='bbox 2751 1120 2823 1175; x_wconf 91' lang='lat' dir='ltr'><strong>de</strong></span> <span class='ocrx_word' id='word_1_544' title='bbox 2870 1135 3002 1175; x_wconf 89' lang='lat' dir='ltr'><strong>sera</strong></span> <span class='ocrx_word' id='word_1_545' title='bbox 3050 1119 3376 1191; x_wconf 87' lang='lat' dir='ltr'><strong>pubertate,</strong></span> <span class='ocrx_word' id='word_1_546' title='bbox 3418 1122 3795 1193; x_wconf 87' lang='lat' dir='ltr'><strong>proportione</strong></span> 
     </span>
    </p>
   </div>
   <div class='ocr_carea' id='block_1_79' title="bbox 2149 1195 3797 1272">
    <p class='ocr_par' dir='ltr' id='par_1_79' title="bbox 2149 1195 3797 1272">
     <span class='ocr_line' id='line_1_79' title="bbox 2149 1195 3797 1272; baseline 0.004 -22"><span class='ocrx_word' id='word_1_547' title='bbox 2149 1202 2258 1251; x_wconf 88' lang='lat' dir='ltr'><strong>tam</strong></span> <span class='ocrx_word' id='word_1_548' title='bbox 2288 1195 2472 1269; x_wconf 68' lang='lat' dir='ltr'><strong>longe:</strong></span> <span class='ocrx_word' id='word_1_549' title='bbox 2502 1199 2668 1268; x_wconf 62' lang='lat' dir='ltr'><strong>vita;</strong></span> <span class='ocrx_word' id='word_1_550' title='bbox 2693 1204 2797 1256; x_wconf 91' lang='lat' dir='ltr'><strong>aut</strong></span> <span class='ocrx_word' id='word_1_551' title='bbox 2827 1201 2899 1255; x_wconf 91' lang='lat' dir='ltr'><strong>de</strong></span> <span class='ocrx_word' id='word_1_552' title='bbox 2942 1199 3081 1256; x_wconf 82' lang='lat' dir='ltr'><strong>filiis</strong></span> <span class='ocrx_word' id='word_1_553' title='bbox 3128 1201 3229 1272; x_wconf 86' lang='lat' dir='ltr'><strong>qui</strong></span> <span class='ocrx_word' id='word_1_554' title='bbox 3273 1204 3797 1257; x_wconf 85' lang='lat' dir='ltr'><strong>commemorantur</strong></span> 
     </span>
    </p>
   </div>
   <div class='ocr_carea' id='block_1_80' title="bbox 2143 1274 3796 1353">
    <p class='ocr_par' dir='ltr' id='par_1_80' title="bbox 2143 1274 3796 1353">
     <span class='ocr_line' id='line_1_80' title="bbox 2143 1274 3796 1353; baseline 0.004 -24"><span class='ocrx_word' id='word_1_555' title='bbox 2143 1274 2208 1330; x_wconf 85' lang='lat' dir='ltr'><strong>in</strong></span> <span class='ocrx_word' id='word_1_556' title='bbox 2239 1278 2732 1347; x_wconf 87' lang='lat' dir='ltr'><strong>generationibus,</strong></span> <span class='ocrx_word' id='word_1_557' title='bbox 2765 1281 2923 1353; x_wconf 89' lang='lat' dir='ltr'><strong>quod</strong></span> <span class='ocrx_word' id='word_1_558' title='bbox 2969 1296 3083 1336; x_wconf 93' lang='lat' dir='ltr'><strong>non</strong></span> <span class='ocrx_word' id='word_1_559' title='bbox 3126 1280 3342 1337; x_wconf 85' lang='lat' dir='ltr'><strong>fuerint</strong></span> <span class='ocrx_word' id='word_1_560' title='bbox 3382 1280 3796 1352; x_wconf 89' lang='lat' dir='ltr'><strong>primogeniti;</strong></span> 
     </span>
    </p>
   </div>
   <div class='ocr_carea' id='block_1_81' title="bbox 2149 1354 3798 1432">
    <p class='ocr_par' dir='ltr' id='par_1_81' title="bbox 2149 1354 3798 1432">
     <span class='ocr_line' id='line_1_81' title="bbox 2149 1354 3798 1432; baseline 0.004 -22"><span class='ocrx_word' id='word_1_561' title='bbox 2149 1354 2254 1411; x_wconf 80' lang='lat' dir='ltr'><strong>sed</strong></span> <span class='ocrx_word' id='word_1_562' title='bbox 2284 1356 2343 1412; x_wconf 92' lang='lat' dir='ltr'><strong>hi</strong></span> <span class='ocrx_word' id='word_1_563' title='bbox 2374 1373 2476 1428; x_wconf 89' lang='lat' dir='ltr'><strong>per</strong></span> <span class='ocrx_word' id='word_1_564' title='bbox 2504 1375 2644 1429; x_wconf 91' lang='lat' dir='ltr'><strong>quos</strong></span> <span class='ocrx_word' id='word_1_565' title='bbox 2670 1376 2737 1416; x_wconf 92' lang='lat' dir='ltr'><strong>ac</strong></span> <span class='ocrx_word' id='word_1_566' title='bbox 2781 1376 2939 1426; x_wconf 89' lang='lat' dir='ltr'><strong>eum,</strong></span> <span class='ocrx_word' id='word_1_567' title='bbox 2990 1375 3167 1432; x_wconf 89' lang='lat' dir='ltr'><strong>quem</strong></span> <span class='ocrx_word' id='word_1_568' title='bbox 3218 1361 3557 1417; x_wconf 87' lang='lat' dir='ltr'><strong>intendebat</strong></span> <span class='ocrx_word' id='word_1_569' title='bbox 3593 1365 3798 1417; x_wconf 87' lang='lat' dir='ltr'><strong>auctor</strong></span> 
     </span>
    </p>
   </div>
   <div class='ocr_carea' id='block_1_82' title="bbox 2149 1435 3798 1513">
    <p class='ocr_par' dir='ltr' id='par_1_82' title="bbox 2149 1435 3798 1513">
     <span class='ocr_line' id='line_1_82' title="bbox 2149 1435 3798 1513; baseline 0.005 -23"><span class='ocrx_word' id='word_1_570' title='bbox 2149 1435 2305 1500; x_wconf 88' lang='lat' dir='ltr'><strong>libri,</strong></span> <span class='ocrx_word' id='word_1_571' title='bbox 2339 1444 2563 1508; x_wconf 90' lang='lat' dir='ltr'><strong>poterat</strong></span> <span class='ocrx_word' id='word_1_572' title='bbox 2591 1441 2908 1510; x_wconf 84' lang='lat' dir='ltr'><strong>pervenire,</strong></span> <span class='ocrx_word' id='word_1_573' title='bbox 2940 1441 3094 1497; x_wconf 82' lang='lat' dir='ltr'><strong>sicut</strong></span> <span class='ocrx_word' id='word_1_574' title='bbox 3123 1442 3195 1498; x_wconf 90' lang='lat' dir='ltr'><strong>ad</strong></span> <span class='ocrx_word' id='word_1_575' title='bbox 3226 1441 3343 1497; x_wconf 87' lang='lat' dir='ltr'><strong>Noe</strong></span> <span class='ocrx_word' id='word_1_576' title='bbox 3372 1440 3432 1496; x_wconf 89' lang='lat' dir='ltr'><strong>in</strong></span> <span class='ocrx_word' id='word_1_577' title='bbox 3467 1442 3798 1513; x_wconf 86' lang='lat' dir='ltr'><strong>generatio-</strong></span> 
     </span>
    </p>
   </div>
   <div class='ocr_carea' id='block_1_83' title="bbox 2153 1516 3795 1593">
    <p class='ocr_par' dir='ltr' id='par_1_83' title="bbox 2153 1516 3795 1593">
     <span class='ocr_line' id='line_1_83' title="bbox 2153 1516 3795 1593; baseline 0.004 -21"><span class='ocrx_word' id='word_1_578' title='bbox 2153 1516 2327 1573; x_wconf 90' lang='lat' dir='ltr'><strong>nibus</strong></span> <span class='ocrx_word' id='word_1_579' title='bbox 2375 1519 2534 1575; x_wconf 90' lang='lat' dir='ltr'><strong>Seth.</strong></span> <span class='ocrx_word' id='word_1_580' title='bbox 2587 1522 2838 1577; x_wconf 89' lang='lat' dir='ltr'><strong>Proinde</strong></span> <span class='ocrx_word' id='word_1_581' title='bbox 2880 1522 2941 1577; x_wconf 92' lang='lat' dir='ltr'><strong>in</strong></span> <span class='ocrx_word' id='word_1_582' title='bbox 2990 1522 3472 1593; x_wconf 83' lang='lat' dir='ltr'><strong>generationibus</strong></span> <span class='ocrx_word' id='word_1_583' title='bbox 3531 1523 3684 1593; x_wconf 81' lang='lat' dir='ltr'><strong>Cain,</strong></span> <span class='ocrx_word' id='word_1_584' title='bbox 3738 1523 3795 1579; x_wconf 91' lang='lat' dir='ltr'><strong>si</strong></span> 
     </span>
    </p>
   </div>
   <div class='ocr_carea' id='block_1_84' title="bbox 2151 1600 3796 1676">
    <p class='ocr_par' dir='ltr' id='par_1_84' title="bbox 2151 1600 3796 1676">
     <span class='ocr_line' id='line_1_84' title="bbox 2151 1600 3796 1676; baseline 0.006 -25"><span class='ocrx_word' id='word_1_585' title='bbox 2151 1613 2268 1652; x_wconf 92' lang='lat' dir='ltr'><strong>non</strong></span> <span class='ocrx_word' id='word_1_586' title='bbox 2300 1600 2556 1656; x_wconf 89' lang='lat' dir='ltr'><strong>occurrit</strong></span> <span class='ocrx_word' id='word_1_587' title='bbox 2586 1601 2685 1672; x_wconf 90' lang='lat' dir='ltr'><strong>qui</strong></span> <span class='ocrx_word' id='word_1_588' title='bbox 2721 1602 2955 1658; x_wconf 89' lang='lat' dir='ltr'><strong>deberet</strong></span> <span class='ocrx_word' id='word_1_589' title='bbox 2984 1602 3235 1673; x_wconf 88' lang='lat' dir='ltr'><strong>intendi,</strong></span> <span class='ocrx_word' id='word_1_590' title='bbox 3258 1605 3328 1659; x_wconf 90' lang='lat' dir='ltr'><strong>ad</strong></span> <span class='ocrx_word' id='word_1_591' title='bbox 3366 1620 3539 1676; x_wconf 91' lang='lat' dir='ltr'><strong>quem</strong></span> <span class='ocrx_word' id='word_1_592' title='bbox 3568 1612 3796 1676; x_wconf 66' lang='lat' dir='ltr'><strong>praeter-</strong></span> 
     </span>
    </p>
   </div>
   <div class='ocr_carea' id='block_1_85' title="bbox 2152 1677 3799 1754">
    <p class='ocr_par' dir='ltr' id='par_1_85' title="bbox 2152 1677 3799 1754">
     <span class='ocr_line' id='line_1_85' title="bbox 2152 1677 3799 1754; baseline 0.005 -22"><span class='ocrx_word' id='word_1_593' title='bbox 2152 1677 2351 1734; x_wconf 91' lang='lat' dir='ltr'><strong>missis</strong></span> <span class='ocrx_word' id='word_1_594' title='bbox 2399 1680 2817 1752; x_wconf 86' lang='lat' dir='ltr'><strong>primogenitis,</strong></span> <span class='ocrx_word' id='word_1_595' title='bbox 2868 1699 2971 1754; x_wconf 90' lang='lat' dir='ltr'><strong>per</strong></span> <span class='ocrx_word' id='word_1_596' title='bbox 3032 1699 3131 1739; x_wconf 90' lang='lat' dir='ltr'><strong>eos</strong></span> <span class='ocrx_word' id='word_1_597' title='bbox 3199 1683 3295 1754; x_wconf 90' lang='lat' dir='ltr'><strong>qui</strong></span> <span class='ocrx_word' id='word_1_598' title='bbox 3354 1684 3799 1741; x_wconf 81' lang='lat' dir='ltr'><strong>commemorati</strong></span> 
     </span>
    </p>
   </div>
   <div class='ocr_carea' id='block_1_86' title="bbox 2151 1763 3801 1837">
    <p class='ocr_par' dir='ltr' id='par_1_86' title="bbox 2151 1763 3801 1837">
     <span class='ocr_line' id='line_1_86' title="bbox 2151 1763 3801 1837; baseline 0.005 -25"><span class='ocrx_word' id='word_1_599' title='bbox 2151 1764 2309 1824; x_wconf 90' lang='lat' dir='ltr'><strong>sunt,</strong></span> <span class='ocrx_word' id='word_1_600' title='bbox 2342 1763 2627 1831; x_wconf 90' lang='lat' dir='ltr'><strong>perveniri</strong></span> <span class='ocrx_word' id='word_1_601' title='bbox 2657 1765 2979 1834; x_wconf 89' lang='lat' dir='ltr'><strong>oportebat,</strong></span> <span class='ocrx_word' id='word_1_602' title='bbox 3012 1780 3140 1819; x_wconf 91' lang='lat' dir='ltr'><strong>sera</strong></span> <span class='ocrx_word' id='word_1_603' title='bbox 3172 1765 3449 1833; x_wconf 89' lang='lat' dir='ltr'><strong>pubertas</strong></span> <span class='ocrx_word' id='word_1_604' title='bbox 3473 1765 3801 1837; x_wconf 81' lang='lat' dir='ltr'><strong>intelligen-</strong></span> 
     </span>
    </p>
   </div>
   <div class='ocr_carea' id='block_1_87' title="bbox 2152 1838 3796 1918">
    <p class='ocr_par' dir='ltr' id='par_1_87' title="bbox 2152 1838 3796 1918">
     <span class='ocr_line' id='line_1_87' title="bbox 2152 1838 3796 1918; baseline 0.005 -26"><span class='ocrx_word' id='word_1_605' title='bbox 2152 1838 2225 1893; x_wconf 90' lang='lat' dir='ltr'><strong>da</strong></span> <span class='ocrx_word' id='word_1_606' title='bbox 2257 1840 2540 1908; x_wconf 88' lang='lat' dir='ltr'><strong>restabit;</strong></span> <span class='ocrx_word' id='word_1_607' title='bbox 2574 1846 2639 1896; x_wconf 92' lang='lat' dir='ltr'><strong>ut</strong></span> <span class='ocrx_word' id='word_1_608' title='bbox 2668 1844 2969 1914; x_wconf 90' lang='lat' dir='ltr'><strong>aliquanto</strong></span> <span class='ocrx_word' id='word_1_609' title='bbox 3001 1847 3134 1915; x_wconf 91' lang='lat' dir='ltr'><strong>post</strong></span> <span class='ocrx_word' id='word_1_610' title='bbox 3162 1850 3402 1900; x_wconf 86' lang='lat' dir='ltr'><strong>centum</strong></span> <span class='ocrx_word' id='word_1_611' title='bbox 3446 1862 3652 1913; x_wconf 87' lang='lat' dir='ltr'><strong>annos,</strong></span> <span class='ocrx_word' id='word_1_612' title='bbox 3690 1863 3796 1918; x_wconf 85' lang='lat' dir='ltr'><strong>pu-</strong></span> 
     </span>
    </p>
   </div>
   <div class='ocr_carea' id='block_1_88' title="bbox 2153 1918 3801 1995">
    <p class='ocr_par' dir='ltr' id='par_1_88' title="bbox 2153 1918 3801 1995">
     <span class='ocr_line' id='line_1_88' title="bbox 2153 1918 3801 1995; baseline 0.004 -20"><span class='ocrx_word' id='word_1_613' title='bbox 2153 1918 2319 1977; x_wconf 88' lang='lat' dir='ltr'><strong>beres</strong></span> <span class='ocrx_word' id='word_1_614' title='bbox 2347 1921 2689 1992; x_wconf 85' lang='lat' dir='ltr'><strong>habilesque</strong></span> <span class='ocrx_word' id='word_1_615' title='bbox 2741 1924 2810 1977; x_wconf 91' lang='lat' dir='ltr'><strong>ad</strong></span> <span class='ocrx_word' id='word_1_616' title='bbox 2862 1923 3221 1995; x_wconf 89' lang='lat' dir='ltr'><strong>gignendum</strong></span> <span class='ocrx_word' id='word_1_617' title='bbox 3261 1922 3397 1980; x_wconf 82' lang='lat' dir='ltr'><strong>facti</strong></span> <span class='ocrx_word' id='word_1_618' title='bbox 3448 1924 3682 1994; x_wconf 85' lang='lat' dir='ltr'><strong>fuerint,</strong></span> <span class='ocrx_word' id='word_1_619' title='bbox 3731 1928 3801 1981; x_wconf 91' lang='lat' dir='ltr'><strong>ut</strong></span> 
     </span>
    </p>
   </div>
   <div class='ocr_carea' id='block_1_89' title="bbox 2152 2000 3802 2076">
    <p class='ocr_par' dir='ltr' id='par_1_89' title="bbox 2152 2000 3802 2076">
     <span class='ocr_line' id='line_1_89' title="bbox 2152 2000 3802 2076; baseline 0.004 -22"><span class='ocrx_word' id='word_1_620' title='bbox 2152 2000 2293 2055; x_wconf 91' lang='lat' dir='ltr'><strong>ordo</strong></span> <span class='ocrx_word' id='word_1_621' title='bbox 2324 2003 2761 2070; x_wconf 86' lang='lat' dir='ltr'><strong>generationum</strong></span> <span class='ocrx_word' id='word_1_622' title='bbox 2807 2019 2912 2075; x_wconf 91' lang='lat' dir='ltr'><strong>per</strong></span> <span class='ocrx_word' id='word_1_623' title='bbox 2956 2004 3378 2076; x_wconf 88' lang='lat' dir='ltr'><strong>primogenitos</strong></span> <span class='ocrx_word' id='word_1_624' title='bbox 3423 2011 3700 2074; x_wconf 89' lang='lat' dir='ltr'><strong>curreret,</strong></span> <span class='ocrx_word' id='word_1_625' title='bbox 3741 2010 3802 2061; x_wconf 90' lang='lat' dir='ltr'><strong>et</strong></span> 
     </span>
    </p>
   </div>
   <div class='ocr_carea' id='block_1_90' title="bbox 2155 2080 3801 2151">
    <p class='ocr_par' dir='ltr' id='par_1_90' title="bbox 2155 2080 3801 2151">
     <span class='ocr_line' id='line_1_90' title="bbox 2155 2080 3801 2151; baseline 0.004 -17"><span class='ocrx_word' id='word_1_626' title='bbox 2155 2095 2342 2151; x_wconf 90' lang='lat' dir='ltr'><strong>usque</strong></span> <span class='ocrx_word' id='word_1_627' title='bbox 2370 2081 2438 2135; x_wconf 93' lang='lat' dir='ltr'><strong>ad</strong></span> <span class='ocrx_word' id='word_1_628' title='bbox 2483 2080 2768 2138; x_wconf 90' lang='lat' dir='ltr'><strong>diluvium</strong></span> <span class='ocrx_word' id='word_1_629' title='bbox 2815 2083 2887 2137; x_wconf 90' lang='lat' dir='ltr'><strong>ad</strong></span> <span class='ocrx_word' id='word_1_630' title='bbox 2931 2098 3247 2140; x_wconf 90' lang='lat' dir='ltr'><strong>numerum</strong></span> <span class='ocrx_word' id='word_1_631' title='bbox 3289 2101 3574 2140; x_wconf 88' lang='lat' dir='ltr'><strong>annorum</strong></span> <span class='ocrx_word' id='word_1_632' title='bbox 3621 2089 3801 2141; x_wconf 64' lang='lat' dir='ltr'><strong>tanta</strong></span> 
     </span>
    </p>
   </div>
   <div class='ocr_carea' id='block_1_91' title="bbox 2154 2160 3807 2237">
    <p class='ocr_par' dir='ltr' id='par_1_91' title="bbox 2154 2160 3807 2237">
     <span class='ocr_line' id='line_1_91' title="bbox 2154 2160 3807 2237; baseline 0.004 -23"><span class='ocrx_word' id='word_1_633' title='bbox 2154 2160 2501 2232; x_wconf 84' lang='lat' dir='ltr'><strong>quantitatis</strong></span> <span class='ocrx_word' id='word_1_634' title='bbox 2549 2168 2900 2220; x_wconf 91' lang='lat' dir='ltr'><strong>occurreret.</strong></span> <span class='ocrx_word' id='word_1_635' title='bbox 2968 2165 3248 2230; x_wconf 87' lang='lat' dir='ltr'><strong>Quamvis</strong></span> <span class='ocrx_word' id='word_1_636' title='bbox 3311 2164 3436 2221; x_wconf 85' lang='lat' dir='ltr'><strong>fieri</strong></span> <span class='ocrx_word' id='word_1_637' title='bbox 3484 2165 3686 2237; x_wconf 88' lang='lat' dir='ltr'><strong>possit,</strong></span> <span class='ocrx_word' id='word_1_638' title='bbox 3736 2170 3807 2222; x_wconf 88' lang='lat' dir='ltr'><strong>ut</strong></span> 
     </span>
    </p>
   </div>
   <div class='ocr_carea' id='block_1_92' title="bbox 2155 2241 3803 2318">
    <p class='ocr_par' dir='ltr' id='par_1_92' title="bbox 2155 2241 3803 2318">
     <span class='ocr_line' id='line_1_92' title="bbox 2155 2241 3803 2318; baseline 0.004 -22"><span class='ocrx_word' id='word_1_639' title='bbox 2155 2246 2390 2314; x_wconf 90' lang='lat' dir='ltr'><strong>propter</strong></span> <span class='ocrx_word' id='word_1_640' title='bbox 2421 2241 2676 2314; x_wconf 87' lang='lat' dir='ltr'><strong>aliquam</strong></span> <span class='ocrx_word' id='word_1_641' title='bbox 2710 2244 3081 2303; x_wconf 83' lang='lat' dir='ltr'><strong>secretiorem</strong></span> <span class='ocrx_word' id='word_1_642' title='bbox 3114 2261 3374 2317; x_wconf 89' lang='lat' dir='ltr'><strong>causam,</strong></span> <span class='ocrx_word' id='word_1_643' title='bbox 3416 2263 3539 2318; x_wconf 71' lang='lat' dir='ltr'><strong>qua:</strong></span> <span class='ocrx_word' id='word_1_644' title='bbox 3585 2263 3677 2302; x_wconf 90' lang='lat' dir='ltr'><strong>me</strong></span> <span class='ocrx_word' id='word_1_645' title='bbox 3717 2248 3803 2303; x_wconf 88' lang='lat' dir='ltr'><strong>la-</strong></span> 
     </span>
    </p>
   </div>
   <div class='ocr_carea' id='block_1_93' title="bbox 2155 2323 3800 2398">
    <p class='ocr_par' dir='ltr' id='par_1_93' title="bbox 2155 2323 3800 2398">
     <span class='ocr_line' id='line_1_93' title="bbox 2155 2323 3800 2398; baseline 0.004 -22"><span class='ocrx_word' id='word_1_646' title='bbox 2155 2325 2257 2390; x_wconf 89' lang='lat' dir='ltr'><strong>tet,</strong></span> <span class='ocrx_word' id='word_1_647' title='bbox 2290 2337 2473 2393; x_wconf 90' lang='lat' dir='ltr'><strong>usque</strong></span> <span class='ocrx_word' id='word_1_648' title='bbox 2504 2324 2573 2378; x_wconf 88' lang='lat' dir='ltr'><strong>ad</strong></span> <span class='ocrx_word' id='word_1_649' title='bbox 2605 2323 2853 2381; x_wconf 88' lang='lat' dir='ltr'><strong>Lamech</strong></span> <span class='ocrx_word' id='word_1_650' title='bbox 2886 2328 2944 2381; x_wconf 88' lang='lat' dir='ltr'><strong>et</strong></span> <span class='ocrx_word' id='word_1_651' title='bbox 2990 2325 3118 2396; x_wconf 85' lang='lat' dir='ltr'><strong>ejus</strong></span> <span class='ocrx_word' id='word_1_652' title='bbox 3159 2326 3309 2382; x_wconf 84' lang='lat' dir='ltr'><strong>filios</strong></span> <span class='ocrx_word' id='word_1_653' title='bbox 3353 2326 3800 2398; x_wconf 87' lang='lat' dir='ltr'><strong>generationum</strong></span> 
     </span>
    </p>
   </div>
   <div class='ocr_carea' id='block_1_94' title="bbox 2157 2402 3802 2475">
    <p class='ocr_par' dir='ltr' id='par_1_94' title="bbox 2157 2402 3802 2475">
     <span class='ocr_line' id='line_1_94' title="bbox 2157 2402 3802 2475; baseline 0.005 -21"><span class='ocrx_word' id='word_1_654' title='bbox 2157 2402 2519 2473; x_wconf 88' lang='lat' dir='ltr'><strong>perveniente</strong></span> <span class='ocrx_word' id='word_1_655' title='bbox 2550 2407 2838 2473; x_wconf 81' lang='lat' dir='ltr'><strong>contextu,</strong></span> <span class='ocrx_word' id='word_1_656' title='bbox 2874 2404 3384 2460; x_wconf 89' lang='lat' dir='ltr'><strong>commendaretur</strong></span> <span class='ocrx_word' id='word_1_657' title='bbox 3410 2404 3530 2462; x_wconf 71' lang='lat' dir='ltr'><strong>haec</strong></span> <span class='ocrx_word' id='word_1_658' title='bbox 3570 2405 3802 2475; x_wconf 80' lang='lat' dir='ltr'><strong>civitas,</strong></span> 
     </span>
    </p>
   </div>
   <div class='ocr_carea' id='block_1_95' title="bbox 2157 2481 3807 2554">
    <p class='ocr_par' dir='ltr' id='par_1_95' title="bbox 2157 2481 3807 2554">
     <span class='ocr_line' id='line_1_95' title="bbox 2157 2481 3807 2554; baseline 0.005 -19"><span class='ocrx_word' id='word_1_659' title='bbox 2157 2496 2337 2552; x_wconf 90' lang='lat' dir='ltr'><strong>quam</strong></span> <span class='ocrx_word' id='word_1_660' title='bbox 2387 2481 2635 2538; x_wconf 90' lang='lat' dir='ltr'><strong>dicimus</strong></span> <span class='ocrx_word' id='word_1_661' title='bbox 2677 2500 2803 2540; x_wconf 89' lang='lat' dir='ltr'><strong>esse</strong></span> <span class='ocrx_word' id='word_1_662' title='bbox 2841 2488 3169 2554; x_wconf 88' lang='lat' dir='ltr'><strong>terrenam;</strong></span> <span class='ocrx_word' id='word_1_663' title='bbox 3203 2500 3270 2541; x_wconf 86' lang='lat' dir='ltr'><strong>ac</strong></span> <span class='ocrx_word' id='word_1_664' title='bbox 3307 2486 3516 2542; x_wconf 91' lang='lat' dir='ltr'><strong>deinde</strong></span> <span class='ocrx_word' id='word_1_665' title='bbox 3555 2491 3807 2544; x_wconf 87' lang='lat' dir='ltr'><strong>cessaret</strong></span> 
     </span>
    </p>
   </div>
   <div class='ocr_carea' id='block_1_96' title="bbox 2157 2560 3804 2639">
    <p class='ocr_par' dir='ltr' id='par_1_96' title="bbox 2157 2560 3804 2639">
     <span class='ocr_line' id='line_1_96' title="bbox 2157 2560 3804 2639; baseline 0.005 -24"><span class='ocrx_word' id='word_1_666' title='bbox 2157 2562 2400 2632; x_wconf 75' lang='lat' dir='ltr'><strong>scriptor</strong></span> <span class='ocrx_word' id='word_1_667' title='bbox 2450 2560 2580 2617; x_wconf 89' lang='lat' dir='ltr'><strong>libri</strong></span> <span class='ocrx_word' id='word_1_668' title='bbox 2626 2579 3085 2620; x_wconf 81' lang='lat' dir='ltr'><strong>commemorare</strong></span> <span class='ocrx_word' id='word_1_669' title='bbox 3134 2568 3396 2633; x_wconf 63' lang='lat' dir='ltr'><strong>caeteras,</strong></span> <span class='ocrx_word' id='word_1_670' title='bbox 3441 2583 3567 2639; x_wconf 72' lang='lat' dir='ltr'><strong>qua:</strong></span> <span class='ocrx_word' id='word_1_671' title='bbox 3616 2582 3804 2638; x_wconf 87' lang='lat' dir='ltr'><strong>usque</strong></span> 
     </span>
    </p>
   </div>
   <div class='ocr_carea' id='block_1_97' title="bbox 2159 2642 3808 2717">
    <p class='ocr_par' dir='ltr' id='par_1_97' title="bbox 2159 2642 3808 2717">
     <span class='ocr_line' id='line_1_97' title="bbox 2159 2642 3808 2717; baseline 0.004 -19"><span class='ocrx_word' id='word_1_672' title='bbox 2159 2644 2229 2698; x_wconf 91' lang='lat' dir='ltr'><strong>ad</strong></span> <span class='ocrx_word' id='word_1_673' title='bbox 2262 2642 2545 2699; x_wconf 90' lang='lat' dir='ltr'><strong>diluvium</strong></span> <span class='ocrx_word' id='word_1_674' title='bbox 2577 2660 2706 2700; x_wconf 91' lang='lat' dir='ltr'><strong>esse</strong></span> <span class='ocrx_word' id='word_1_675' title='bbox 2736 2650 3051 2716; x_wconf 89' lang='lat' dir='ltr'><strong>potuerunt</strong></span> <span class='ocrx_word' id='word_1_676' title='bbox 3077 2645 3180 2717; x_wconf 89' lang='lat' dir='ltr'><strong>(a).</strong></span> <span class='ocrx_word' id='word_1_677' title='bbox 3213 2645 3407 2703; x_wconf 88' lang='lat' dir='ltr'><strong>Potest</strong></span> <span class='ocrx_word' id='word_1_678' title='bbox 3446 2657 3500 2703; x_wconf 89' lang='lat' dir='ltr'><strong>et</strong></span> <span class='ocrx_word' id='word_1_679' title='bbox 3532 2646 3630 2703; x_wconf 89' lang='lat' dir='ltr'><strong>illa</strong></span> <span class='ocrx_word' id='word_1_680' title='bbox 3672 2663 3808 2704; x_wconf 85' lang='lat' dir='ltr'><strong>esse</strong></span> 
     </span>
    </p>
   </div>
   <div class='ocr_carea' id='block_1_98' title="bbox 2159 2726 3805 2799">
    <p class='ocr_par' dir='ltr' id='par_1_98' title="bbox 2159 2726 3805 2799">
     <span class='ocr_line' id='line_1_98' title="bbox 2159 2726 3805 2799; baseline 0.002 -20"><span class='ocrx_word' id='word_1_681' title='bbox 2159 2738 2354 2788; x_wconf 88' lang='lat' dir='ltr'><strong>causa,</strong></span> <span class='ocrx_word' id='word_1_682' title='bbox 2387 2740 2491 2779; x_wconf 90' lang='lat' dir='ltr'><strong>cur</strong></span> <span class='ocrx_word' id='word_1_683' title='bbox 2521 2740 2631 2779; x_wconf 91' lang='lat' dir='ltr'><strong>non</strong></span> <span class='ocrx_word' id='word_1_684' title='bbox 2665 2726 2803 2780; x_wconf 90' lang='lat' dir='ltr'><strong>ordo</strong></span> <span class='ocrx_word' id='word_1_685' title='bbox 2835 2728 3276 2797; x_wconf 85' lang='lat' dir='ltr'><strong>generationum</strong></span> <span class='ocrx_word' id='word_1_686' title='bbox 3311 2743 3411 2796; x_wconf 88' lang='lat' dir='ltr'><strong>per</strong></span> <span class='ocrx_word' id='word_1_687' title='bbox 3441 2727 3805 2799; x_wconf 82' lang='lat' dir='ltr'><strong>primogeni-</strong></span> 
     </span>
    </p>
   </div>
   <div class='ocr_carea' id='block_1_99' title="bbox 2161 2806 3812 2871">
    <p class='ocr_par' dir='ltr' id='par_1_99' title="bbox 2161 2806 3812 2871">
     <span class='ocr_line' id='line_1_99' title="bbox 2161 2806 3812 2871; baseline 0.003 -12"><span class='ocrx_word' id='word_1_688' title='bbox 2161 2811 2248 2860; x_wconf 90' lang='lat' dir='ltr'><strong>tos</strong></span> <span class='ocrx_word' id='word_1_689' title='bbox 2278 2806 2606 2871; x_wconf 89' lang='lat' dir='ltr'><strong>duceretur,</strong></span> <span class='ocrx_word' id='word_1_690' title='bbox 2640 2809 2704 2861; x_wconf 90' lang='lat' dir='ltr'><strong>ut</strong></span> <span class='ocrx_word' id='word_1_691' title='bbox 2743 2822 2978 2862; x_wconf 90' lang='lat' dir='ltr'><strong>necesse</strong></span> <span class='ocrx_word' id='word_1_692' title='bbox 3022 2824 3139 2862; x_wconf 91' lang='lat' dir='ltr'><strong>non</strong></span> <span class='ocrx_word' id='word_1_693' title='bbox 3165 2808 3243 2863; x_wconf 89' lang='lat' dir='ltr'><strong>sit</strong></span> <span class='ocrx_word' id='word_1_694' title='bbox 3288 2809 3346 2863; x_wconf 92' lang='lat' dir='ltr'><strong>in</strong></span> <span class='ocrx_word' id='word_1_695' title='bbox 3396 2809 3512 2864; x_wconf 91' lang='lat' dir='ltr'><strong>illis</strong></span> <span class='ocrx_word' id='word_1_696' title='bbox 3559 2807 3812 2865; x_wconf 86' lang='lat' dir='ltr'><strong>homini-</strong></span> 
     </span>
    </p>
   </div>
   <div class='ocr_carea' id='block_1_100' title="bbox 2160 2884 3814 2958">
    <p class='ocr_par' dir='ltr' id='par_1_100' title="bbox 2160 2884 3814 2958">
     <span class='ocr_line' id='line_1_100' title="bbox 2160 2884 3814 2958; baseline 0.004 -19"><span class='ocrx_word' id='word_1_697' title='bbox 2160 2884 2271 2940; x_wconf 92' lang='lat' dir='ltr'><strong>bus</strong></span> <span class='ocrx_word' id='word_1_698' title='bbox 2300 2889 2419 2940; x_wconf 86' lang='lat' dir='ltr'><strong>tam</strong></span> <span class='ocrx_word' id='word_1_699' title='bbox 2444 2901 2635 2941; x_wconf 91' lang='lat' dir='ltr'><strong>seram</strong></span> <span class='ocrx_word' id='word_1_700' title='bbox 2667 2888 2899 2942; x_wconf 85' lang='lat' dir='ltr'><strong>credere</strong></span> <span class='ocrx_word' id='word_1_701' title='bbox 2942 2887 3325 2958; x_wconf 88' lang='lat' dir='ltr'><strong>pubertatem,</strong></span> <span class='ocrx_word' id='word_1_702' title='bbox 3366 2889 3519 2958; x_wconf 91' lang='lat' dir='ltr'><strong>quod</strong></span> <span class='ocrx_word' id='word_1_703' title='bbox 3575 2888 3814 2945; x_wconf 83' lang='lat' dir='ltr'><strong>scilicet</strong></span> 
     </span>
    </p>
   </div>
   <div class='ocr_carea' id='block_1_101' title="bbox 2159 2965 3802 3037">
    <p class='ocr_par' dir='ltr' id='par_1_101' title="bbox 2159 2965 3802 3037">
     <span class='ocr_line' id='line_1_101' title="bbox 2159 2965 3802 3037; baseline 0.003 -18"><span class='ocrx_word' id='word_1_704' title='bbox 2159 2965 2362 3020; x_wconf 90' lang='lat' dir='ltr'><strong>eadem</strong></span> <span class='ocrx_word' id='word_1_705' title='bbox 2431 2965 2655 3036; x_wconf 88' lang='lat' dir='ltr'><strong>civitas,</strong></span> <span class='ocrx_word' id='word_1_706' title='bbox 2726 2983 2905 3037; x_wconf 86' lang='lat' dir='ltr'><strong>quam</strong></span> <span class='ocrx_word' id='word_1_707' title='bbox 2968 2966 3110 3023; x_wconf 88' lang='lat' dir='ltr'><strong>Cain</strong></span> <span class='ocrx_word' id='word_1_708' title='bbox 3174 2968 3232 3022; x_wconf 91' lang='lat' dir='ltr'><strong>in</strong></span> <span class='ocrx_word' id='word_1_709' title='bbox 3289 2967 3525 3023; x_wconf 92' lang='lat' dir='ltr'><strong>nomine</strong></span> <span class='ocrx_word' id='word_1_710' title='bbox 3595 2968 3802 3024; x_wconf 86' lang='lat' dir='ltr'><strong>Enocb</strong></span> 
     </span>
    </p>
   </div>
   <div class='ocr_carea' id='block_1_102' title="bbox 2161 3045 3815 3119">
    <p class='ocr_par' dir='ltr' id='par_1_102' title="bbox 2161 3045 3815 3119">
     <span class='ocr_line' id='line_1_102' title="bbox 2161 3045 3815 3119; baseline 0.004 -21"><span class='ocrx_word' id='word_1_711' title='bbox 2161 3045 2267 3099; x_wconf 83' lang='lat' dir='ltr'><strong>tilii</strong></span> <span class='ocrx_word' id='word_1_712' title='bbox 2294 3045 2381 3100; x_wconf 92' lang='lat' dir='ltr'><strong>sui</strong></span> <span class='ocrx_word' id='word_1_713' title='bbox 2414 3046 2697 3111; x_wconf 85' lang='lat' dir='ltr'><strong>condidit,</strong></span> <span class='ocrx_word' id='word_1_714' title='bbox 2730 3046 2901 3119; x_wconf 90' lang='lat' dir='ltr'><strong>longe</strong></span> <span class='ocrx_word' id='word_1_715' title='bbox 2932 3046 3161 3118; x_wconf 90' lang='lat' dir='ltr'><strong>lateque</strong></span> <span class='ocrx_word' id='word_1_716' title='bbox 3188 3062 3423 3117; x_wconf 87' lang='lat' dir='ltr'><strong>regnare</strong></span> <span class='ocrx_word' id='word_1_717' title='bbox 3448 3050 3725 3119; x_wconf 89' lang='lat' dir='ltr'><strong>potuerit,</strong></span> <span class='ocrx_word' id='word_1_718' title='bbox 3746 3054 3815 3104; x_wconf 86' lang='lat' dir='ltr'><strong>et</strong></span> 
     </span>
    </p>
   </div>
   <div class='ocr_carea' id='block_1_103' title="bbox 2161 3126 3813 3200">
    <p class='ocr_par' dir='ltr' id='par_1_103' title="bbox 2161 3126 3813 3200">
     <span class='ocr_line' id='line_1_103' title="bbox 2161 3126 3813 3200; baseline 0.002 -18"><span class='ocrx_word' id='word_1_719' title='bbox 2161 3143 2326 3199; x_wconf 89' lang='lat' dir='ltr'><strong>reges</strong></span> <span class='ocrx_word' id='word_1_720' title='bbox 2355 3126 2567 3183; x_wconf 90' lang='lat' dir='ltr'><strong>habere</strong></span> <span class='ocrx_word' id='word_1_721' title='bbox 2599 3144 2715 3183; x_wconf 86' lang='lat' dir='ltr'><strong>non</strong></span> <span class='ocrx_word' id='word_1_722' title='bbox 2746 3127 2922 3183; x_wconf 90' lang='lat' dir='ltr'><strong>simul</strong></span> <span class='ocrx_word' id='word_1_723' title='bbox 2967 3127 3182 3200; x_wconf 90' lang='lat' dir='ltr'><strong>plures,</strong></span> <span class='ocrx_word' id='word_1_724' title='bbox 3225 3129 3326 3184; x_wconf 90' lang='lat' dir='ltr'><strong>sed</strong></span> <span class='ocrx_word' id='word_1_725' title='bbox 3368 3130 3495 3184; x_wconf 91' lang='lat' dir='ltr'><strong>suis</strong></span> <span class='ocrx_word' id='word_1_726' title='bbox 3535 3129 3813 3185; x_wconf 60' lang='lat' dir='ltr'><strong>aetatibus</strong></span> 
     </span>
    </p>
   </div>
   <div class='ocr_carea' id='block_1_104' title="bbox 2162 3207 3812 3283">
    <p class='ocr_par' dir='ltr' id='par_1_104' title="bbox 2162 3207 3812 3283">
     <span class='ocr_line' id='line_1_104' title="bbox 2162 3207 3812 3283; baseline 0.002 -21"><span class='ocrx_word' id='word_1_727' title='bbox 2162 3207 2446 3280; x_wconf 86' lang='lat' dir='ltr'><strong>singulos,</strong></span> <span class='ocrx_word' id='word_1_728' title='bbox 2478 3225 2623 3280; x_wconf 92' lang='lat' dir='ltr'><strong>quos</strong></span> <span class='ocrx_word' id='word_1_729' title='bbox 2670 3208 3016 3280; x_wconf 88' lang='lat' dir='ltr'><strong>genuissent</strong></span> <span class='ocrx_word' id='word_1_730' title='bbox 3054 3209 3166 3265; x_wconf 91' lang='lat' dir='ltr'><strong>sibi</strong></span> <span class='ocrx_word' id='word_1_731' title='bbox 3192 3212 3208 3245; x_wconf 81' lang='grc'>¹</span> <span class='ocrx_word' id='word_1_732' title='bbox 3255 3226 3635 3267; x_wconf 87' lang='lat' dir='ltr'><strong>successuros</strong></span> <span class='ocrx_word' id='word_1_733' title='bbox 3670 3210 3812 3283; x_wconf 89' lang='lat' dir='ltr'><strong>qui-</strong></span> 
     </span>
    </p>
   </div>
   <div class='ocr_carea' id='block_1_105' title="bbox 2163 3290 3816 3363">
    <p class='ocr_par' dir='ltr' id='par_1_105' title="bbox 2163 3290 3816 3363">
     <span class='ocr_line' id='line_1_105' title="bbox 2163 3290 3816 3363; baseline 0.002 -19"><span class='ocrx_word' id='word_1_734' title='bbox 2163 3305 2413 3360; x_wconf 89' lang='lat' dir='ltr'><strong>cumque</strong></span> <span class='ocrx_word' id='word_1_735' title='bbox 2443 3295 2801 3361; x_wconf 86' lang='lat' dir='ltr'><strong>regnassent.</strong></span> <span class='ocrx_word' id='word_1_736' title='bbox 2835 3290 3051 3345; x_wconf 82' lang='lat' dir='ltr'><strong>Horum</strong></span> <span class='ocrx_word' id='word_1_737' title='bbox 3088 3306 3288 3360; x_wconf 88' lang='lat' dir='ltr'><strong>regum</strong></span> <span class='ocrx_word' id='word_1_738' title='bbox 3314 3292 3542 3361; x_wconf 90' lang='lat' dir='ltr'><strong>primus</strong></span> <span class='ocrx_word' id='word_1_739' title='bbox 3563 3308 3686 3348; x_wconf 88' lang='lat' dir='ltr'><strong>esse</strong></span> <span class='ocrx_word' id='word_1_740' title='bbox 3708 3306 3816 3363; x_wconf 79' lang='lat' dir='ltr'><strong>po-</strong></span> 
     </span>
    </p>
   </div>
   <div class='ocr_carea' id='block_1_106' title="bbox 2161 3369 3817 3442">
    <p class='ocr_par' dir='ltr' id='par_1_106' title="bbox 2161 3369 3817 3442">
     <span class='ocr_line' id='line_1_106' title="bbox 2161 3369 3817 3442; baseline 0.002 -19"><span class='ocrx_word' id='word_1_741' title='bbox 2161 3370 2273 3424; x_wconf 89' lang='lat' dir='ltr'><strong>tuit</strong></span> <span class='ocrx_word' id='word_1_742' title='bbox 2301 3369 2427 3441; x_wconf 88' lang='lat' dir='ltr'><strong>ipse</strong></span> <span class='ocrx_word' id='word_1_743' title='bbox 2457 3371 2618 3438; x_wconf 91' lang='lat' dir='ltr'><strong>Cain,</strong></span> <span class='ocrx_word' id='word_1_744' title='bbox 2652 3373 2944 3426; x_wconf 88' lang='lat' dir='ltr'><strong>secundus</strong></span> <span class='ocrx_word' id='word_1_745' title='bbox 2987 3369 3147 3427; x_wconf 82' lang='lat' dir='ltr'><strong>filius</strong></span> <span class='ocrx_word' id='word_1_746' title='bbox 3178 3372 3306 3442; x_wconf 87' lang='lat' dir='ltr'><strong>ejus</strong></span> <span class='ocrx_word' id='word_1_747' title='bbox 3340 3372 3556 3440; x_wconf 87' lang='lat' dir='ltr'><strong>Enocb,</strong></span> <span class='ocrx_word' id='word_1_748' title='bbox 3597 3372 3655 3427; x_wconf 91' lang='lat' dir='ltr'><strong>in</strong></span> <span class='ocrx_word' id='word_1_749' title='bbox 3698 3388 3817 3427; x_wconf 91' lang='lat' dir='ltr'><strong>cu-</strong></span> 
     </span>
    </p>
   </div>
   <div class='ocr_carea' id='block_1_107' title="bbox 2157 3450 3813 3523">
    <p class='ocr_par' dir='ltr' id='par_1_107' title="bbox 2157 3450 3813 3523">
     <span class='ocr_line' id='line_1_107' title="bbox 2157 3450 3813 3523; baseline 0.002 -20"><span class='ocrx_word' id='word_1_750' title='bbox 2157 3451 2256 3518; x_wconf 90' lang='lat' dir='ltr'><strong>jus</strong></span> <span class='ocrx_word' id='word_1_751' title='bbox 2286 3450 2521 3506; x_wconf 89' lang='lat' dir='ltr'><strong>nomine</strong></span> <span class='ocrx_word' id='word_1_752' title='bbox 2560 3451 2658 3506; x_wconf 90' lang='lat' dir='ltr'><strong>ubi</strong></span> <span class='ocrx_word' id='word_1_753' title='bbox 2703 3456 3065 3523; x_wconf 90' lang='lat' dir='ltr'><strong>regnaretur,</strong></span> <span class='ocrx_word' id='word_1_754' title='bbox 3121 3450 3357 3507; x_wconf 90' lang='lat' dir='ltr'><strong>condita</strong></span> <span class='ocrx_word' id='word_1_755' title='bbox 3413 3457 3502 3508; x_wconf 91' lang='lat' dir='ltr'><strong>est</strong></span> <span class='ocrx_word' id='word_1_756' title='bbox 3567 3450 3813 3508; x_wconf 88' lang='lat' dir='ltr'><strong>civitas:</strong></span> 
     </span>
    </p>
   </div>
   <div class='ocr_carea' id='block_1_108' title="bbox 2161 3529 3811 3603">
    <p class='ocr_par' dir='ltr' id='par_1_108' title="bbox 2161 3529 3811 3603">
     <span class='ocr_line' id='line_1_108' title="bbox 2161 3529 3811 3603; baseline 0.002 -20"><span class='ocrx_word' id='word_1_757' title='bbox 2161 3530 2369 3584; x_wconf 90' lang='lat' dir='ltr'><strong>tertius</strong></span> <span class='ocrx_word' id='word_1_758' title='bbox 2399 3529 2642 3594; x_wconf 88' lang='lat' dir='ltr'><strong>Gaidad,</strong></span> <span class='ocrx_word' id='word_1_759' title='bbox 2666 3548 2837 3601; x_wconf 89' lang='lat' dir='ltr'><strong>quem</strong></span> <span class='ocrx_word' id='word_1_760' title='bbox 2869 3532 3070 3602; x_wconf 89' lang='lat' dir='ltr'><strong>genuit</strong></span> <span class='ocrx_word' id='word_1_761' title='bbox 3108 3531 3301 3586; x_wconf 87' lang='lat' dir='ltr'><strong>Enoch</strong></span> <span class='ocrx_word' id='word_1_762' title='bbox 3338 3547 3352 3585; x_wconf 91' lang='lat'><strong>:</strong></span> <span class='ocrx_word' id='word_1_763' title='bbox 3401 3535 3644 3603; x_wconf 88' lang='lat' dir='ltr'><strong>quartus</strong></span> <span class='ocrx_word' id='word_1_764' title='bbox 3676 3530 3811 3587; x_wconf 82' lang='lat' dir='ltr'><strong>Ma-</strong></span> 
     </span>
    </p>
   </div>
   <div class='ocr_carea' id='block_1_109' title="bbox 2163 3609 3813 3685">
    <p class='ocr_par' dir='ltr' id='par_1_109' title="bbox 2163 3609 3813 3685">
     <span class='ocr_line' id='line_1_109' title="bbox 2163 3609 3813 3685; baseline 0.003 -21"><span class='ocrx_word' id='word_1_765' title='bbox 2163 3609 2381 3680; x_wconf 74' lang='lat' dir='ltr'><strong>nihel’,</strong></span> <span class='ocrx_word' id='word_1_766' title='bbox 2417 3626 2587 3681; x_wconf 91' lang='lat' dir='ltr'><strong>quem</strong></span> <span class='ocrx_word' id='word_1_767' title='bbox 2621 3612 2818 3683; x_wconf 88' lang='lat' dir='ltr'><strong>genuit</strong></span> <span class='ocrx_word' id='word_1_768' title='bbox 2856 3610 3080 3667; x_wconf 88' lang='lat' dir='ltr'><strong>Gaidad</strong></span> <span class='ocrx_word' id='word_1_769' title='bbox 3118 3626 3132 3666; x_wconf 93' lang='lat'><strong>:</strong></span> <span class='ocrx_word' id='word_1_770' title='bbox 3174 3611 3417 3682; x_wconf 86' lang='lat' dir='ltr'><strong>quintus</strong></span> <span class='ocrx_word' id='word_1_771' title='bbox 3458 3611 3813 3685; x_wconf 88' lang='lat' dir='ltr'><strong>Mathusael,</strong></span> 
     </span>
    </p>
   </div>
   <div class='ocr_carea' id='block_1_110' title="bbox 2163 3691 3816 3764">
    <p class='ocr_par' dir='ltr' id='par_1_110' title="bbox 2163 3691 3816 3764">
     <span class='ocr_line' id='line_1_110' title="bbox 2163 3691 3816 3764; baseline 0.002 -18"><span class='ocrx_word' id='word_1_772' title='bbox 2163 3708 2337 3763; x_wconf 88' lang='lat' dir='ltr'><strong>quem</strong></span> <span class='ocrx_word' id='word_1_773' title='bbox 2370 3695 2571 3763; x_wconf 87' lang='lat' dir='ltr'><strong>genuit</strong></span> <span class='ocrx_word' id='word_1_774' title='bbox 2600 3691 2852 3748; x_wconf 83' lang='lat' dir='ltr'><strong>Manihel</strong></span> <span class='ocrx_word' id='word_1_775' title='bbox 2886 3709 2900 3748; x_wconf 93' lang='lat'><strong>:</strong></span> <span class='ocrx_word' id='word_1_776' title='bbox 2949 3698 3146 3747; x_wconf 83' lang='lat' dir='ltr'><strong>sextus</strong></span> <span class='ocrx_word' id='word_1_777' title='bbox 3193 3691 3459 3761; x_wconf 86' lang='lat' dir='ltr'><strong>Lamech,</strong></span> <span class='ocrx_word' id='word_1_778' title='bbox 3506 3710 3678 3764; x_wconf 90' lang='lat' dir='ltr'><strong>quem</strong></span> <span class='ocrx_word' id='word_1_779' title='bbox 3714 3709 3816 3764; x_wconf 79' lang='lat' dir='ltr'><strong>ge-</strong></span> 
     </span>
    </p>
   </div>
   <div class='ocr_carea' id='block_1_111' title="bbox 2163 3770 3819 3843">
    <p class='ocr_par' dir='ltr' id='par_1_111' title="bbox 2163 3770 3819 3843">
     <span class='ocr_line' id='line_1_111' title="bbox 2163 3770 3819 3843; baseline 0.003 -18"><span class='ocrx_word' id='word_1_780' title='bbox 2163 3773 2292 3825; x_wconf 92' lang='lat' dir='ltr'><strong>nuit</strong></span> <span class='ocrx_word' id='word_1_781' title='bbox 2340 3770 2683 3839; x_wconf 83' lang='lat' dir='ltr'><strong>Mathusael,</strong></span> <span class='ocrx_word' id='word_1_782' title='bbox 2732 3772 2830 3842; x_wconf 90' lang='lat' dir='ltr'><strong>qui</strong></span> <span class='ocrx_word' id='word_1_783' title='bbox 2871 3772 3160 3843; x_wconf 82' lang='lat' dir='ltr'><strong>septimus</strong></span> <span class='ocrx_word' id='word_1_784' title='bbox 3208 3777 3297 3827; x_wconf 90' lang='lat' dir='ltr'><strong>est</strong></span> <span class='ocrx_word' id='word_1_785' title='bbox 3343 3772 3414 3827; x_wconf 92' lang='lat' dir='ltr'><strong>ab</strong></span> <span class='ocrx_word' id='word_1_786' title='bbox 3471 3774 3658 3827; x_wconf 80' lang='lat' dir='ltr'><strong>Adam</strong></span> <span class='ocrx_word' id='word_1_787' title='bbox 3710 3789 3819 3843; x_wconf 86' lang='lat' dir='ltr'><strong>per</strong></span> 
     </span>
    </p>
   </div>
   <div class='ocr_carea' id='block_1_112' title="bbox 2162 3850 3818 3925">
    <p class='ocr_par' dir='ltr' id='par_1_112' title="bbox 2162 3850 3818 3925">
     <span class='ocr_line' id='line_1_112' title="bbox 2162 3850 3818 3925; baseline 0.002 -19"><span class='ocrx_word' id='word_1_788' title='bbox 2162 3850 2324 3906; x_wconf 88' lang='lat' dir='ltr'><strong>Cain.</strong></span> <span class='ocrx_word' id='word_1_789' title='bbox 2357 3851 2481 3907; x_wconf 90' lang='lat' dir='ltr'><strong>Non</strong></span> <span class='ocrx_word' id='word_1_790' title='bbox 2513 3857 2705 3908; x_wconf 89' lang='lat' dir='ltr'><strong>autem</strong></span> <span class='ocrx_word' id='word_1_791' title='bbox 2738 3856 2863 3907; x_wconf 88' lang='lat' dir='ltr'><strong>erat</strong></span> <span class='ocrx_word' id='word_1_792' title='bbox 2900 3869 3282 3924; x_wconf 89' lang='lat' dir='ltr'><strong>consequens,</strong></span> <span class='ocrx_word' id='word_1_793' title='bbox 3326 3857 3385 3907; x_wconf 89' lang='lat' dir='ltr'><strong>ut</strong></span> <span class='ocrx_word' id='word_1_794' title='bbox 3437 3854 3818 3925; x_wconf 87' lang='lat' dir='ltr'><strong>primogenili</strong></span> 
     </span>
    </p>
   </div>
   <div class='ocr_carea' id='block_1_113' title="bbox 2164 3934 3813 4007">
    <p class='ocr_par' dir='ltr' id='par_1_113' title="bbox 2164 3934 3813 4007">
     <span class='ocr_line' id='line_1_113' title="bbox 2164 3934 3813 4007; baseline 0.002 -19"><span class='ocrx_word' id='word_1_795' title='bbox 2164 3934 2403 4007; x_wconf 55' lang='lat' dir='ltr'><strong>regum”</strong></span> <span class='ocrx_word' id='word_1_796' title='bbox 2468 3935 2844 4006; x_wconf 85' lang='lat' dir='ltr'><strong>regnantibus</strong></span> <span class='ocrx_word' id='word_1_797' title='bbox 2905 3937 3283 3991; x_wconf 88' lang='lat' dir='ltr'><strong>succederent</strong></span> <span class='ocrx_word' id='word_1_798' title='bbox 3349 3935 3637 4006; x_wconf 88' lang='lat' dir='ltr'><strong>patrihus,</strong></span> <span class='ocrx_word' id='word_1_799' title='bbox 3702 3937 3813 3992; x_wconf 88' lang='lat' dir='ltr'><strong>sed</strong></span> 
     </span>
    </p>
   </div>
   <div class='ocr_carea' id='block_1_114' title="bbox 2163 4014 3815 4087">
    <p class='ocr_par' dir='ltr' id='par_1_114' title="bbox 2163 4014 3815 4087">
     <span class='ocr_line' id='line_1_114' title="bbox 2163 4014 3815 4087; baseline 0.002 -19"><span class='ocrx_word' id='word_1_800' title='bbox 2163 4030 2308 4085; x_wconf 92' lang='lat' dir='ltr'><strong>quos</strong></span> <span class='ocrx_word' id='word_1_801' title='bbox 2340 4014 2619 4086; x_wconf 86' lang='lat' dir='ltr'><strong>regnandi</strong></span> <span class='ocrx_word' id='word_1_802' title='bbox 2652 4016 2928 4070; x_wconf 88' lang='lat' dir='ltr'><strong>meritum</strong></span> <span class='ocrx_word' id='word_1_803' title='bbox 2960 4019 3201 4087; x_wconf 87' lang='lat' dir='ltr'><strong>propter</strong></span> <span class='ocrx_word' id='word_1_804' title='bbox 3249 4015 3522 4070; x_wconf 89' lang='lat' dir='ltr'><strong>virtutem</strong></span> <span class='ocrx_word' id='word_1_805' title='bbox 3568 4024 3815 4072; x_wconf 65' lang='lat' dir='ltr'><strong>terrena</strong></span> 
     </span>
    </p>
   </div>
   <div class='ocr_carea' id='block_1_115' title="bbox 2163 4094 3817 4168">
    <p class='ocr_par' dir='ltr' id='par_1_115' title="bbox 2163 4094 3817 4168">
     <span class='ocr_line' id='line_1_115' title="bbox 2163 4094 3817 4168; baseline 0.003 -18"><span class='ocrx_word' id='word_1_806' title='bbox 2163 4094 2369 4150; x_wconf 89' lang='lat' dir='ltr'><strong>utilem</strong></span> <span class='ocrx_word' id='word_1_807' title='bbox 2403 4095 2640 4158; x_wconf 88' lang='lat' dir='ltr'><strong>civitati.</strong></span> <span class='ocrx_word' id='word_1_808' title='bbox 2687 4095 2775 4151; x_wconf 90' lang='lat' dir='ltr'><strong>vel</strong></span> <span class='ocrx_word' id='word_1_809' title='bbox 2823 4111 2951 4152; x_wconf 89' lang='lat' dir='ltr'><strong>sors</strong></span> <span class='ocrx_word' id='word_1_810' title='bbox 3000 4095 3197 4168; x_wconf 90' lang='lat' dir='ltr'><strong>aliqua</strong></span> <span class='ocrx_word' id='word_1_811' title='bbox 3244 4095 3540 4167; x_wconf 89' lang='lat' dir='ltr'><strong>reperiret,</strong></span> <span class='ocrx_word' id='word_1_812' title='bbox 3589 4096 3676 4153; x_wconf 88' lang='lat' dir='ltr'><strong>vel</strong></span> <span class='ocrx_word' id='word_1_813' title='bbox 3708 4095 3817 4155; x_wconf 86' lang='lat' dir='ltr'><strong>ille</strong></span> 
     </span>
    </p>
   </div>
   <div class='ocr_carea' id='block_1_116' title="bbox 2161 4175 3816 4248">
    <p class='ocr_par' dir='ltr' id='par_1_116' title="bbox 2161 4175 3816 4248">
     <span class='ocr_line' id='line_1_116' title="bbox 2161 4175 3816 4248; baseline 0.002 -17"><span class='ocrx_word' id='word_1_814' title='bbox 2161 4175 2532 4247; x_wconf 88' lang='lat' dir='ltr'><strong>potissimum</strong></span> <span class='ocrx_word' id='word_1_815' title='bbox 2564 4176 2902 4232; x_wconf 89' lang='lat' dir='ltr'><strong>succederet</strong></span> <span class='ocrx_word' id='word_1_816' title='bbox 2945 4176 3094 4247; x_wconf 91' lang='lat' dir='ltr'><strong>patri</strong></span> <span class='ocrx_word' id='word_1_817' title='bbox 3144 4176 3509 4232; x_wconf 63' lang='lat' dir='ltr'><strong>hereditario</strong></span> <span class='ocrx_word' id='word_1_818' title='bbox 3550 4176 3816 4248; x_wconf 85' lang='lat' dir='ltr'><strong>quodam</strong></span> 
     </span>
    </p>
   </div>
   <div class='ocr_carea' id='block_1_117' title="bbox 2153 4255 3816 4327">
    <p class='ocr_par' dir='ltr' id='par_1_117' title="bbox 2153 4255 3816 4327">
     <span class='ocr_line' id='line_1_117' title="bbox 2153 4255 3816 4327; baseline 0.002 -18"><span class='ocrx_word' id='word_1_819' title='bbox 2153 4255 2290 4324; x_wconf 90' lang='lat' dir='ltr'><strong>jure</strong></span> <span class='ocrx_word' id='word_1_820' title='bbox 2329 4256 2633 4326; x_wconf 89' lang='lat' dir='ltr'><strong>regnandi,</strong></span> <span class='ocrx_word' id='word_1_821' title='bbox 2667 4271 2841 4327; x_wconf 90' lang='lat' dir='ltr'><strong>quem</strong></span> <span class='ocrx_word' id='word_1_822' title='bbox 2894 4271 3008 4326; x_wconf 67' lang='lat' dir='ltr'><strong>prae</strong></span> <span class='ocrx_word' id='word_1_823' title='bbox 3050 4255 3271 4311; x_wconf 71' lang='lat' dir='ltr'><strong>caeteris</strong></span> <span class='ocrx_word' id='word_1_824' title='bbox 3312 4255 3449 4312; x_wconf 81' lang='lat' dir='ltr'><strong>ﬁliis</strong></span> <span class='ocrx_word' id='word_1_825' title='bbox 3489 4255 3816 4313; x_wconf 82' lang='lat' dir='ltr'><strong>dilexisset.</strong></span> 
     </span>
    </p>
   </div>
   <div class='ocr_carea' id='block_1_118' title="bbox 2160 4334 3821 4409">
    <p class='ocr_par' dir='ltr' id='par_1_118' title="bbox 2160 4334 3821 4409">
     <span class='ocr_line' id='line_1_118' title="bbox 2160 4334 3821 4409; baseline 0.002 -20"><span class='ocrx_word' id='word_1_826' title='bbox 2160 4334 2358 4391; x_wconf 90' lang='lat' dir='ltr'><strong>Potuit</strong></span> <span class='ocrx_word' id='word_1_827' title='bbox 2387 4340 2576 4391; x_wconf 89' lang='lat' dir='ltr'><strong>autem</strong></span> <span class='ocrx_word' id='word_1_828' title='bbox 2605 4336 2833 4392; x_wconf 92' lang='lat' dir='ltr'><strong>vivente</strong></span> <span class='ocrx_word' id='word_1_829' title='bbox 2857 4335 3047 4391; x_wconf 88' lang='lat' dir='ltr'><strong>adhuc</strong></span> <span class='ocrx_word' id='word_1_830' title='bbox 3080 4336 3324 4392; x_wconf 92' lang='lat' dir='ltr'><strong>Lamech</strong></span> <span class='ocrx_word' id='word_1_831' title='bbox 3359 4339 3529 4406; x_wconf 89' lang='lat' dir='ltr'><strong>atque</strong></span> <span class='ocrx_word' id='word_1_832' title='bbox 3560 4352 3821 4409; x_wconf 82' lang='lat' dir='ltr'><strong>regnan-</strong></span> 
     </span>
    </p>
   </div>
   <div class='ocr_carea' id='block_1_119' title="bbox 2162 4415 3818 4488">
    <p class='ocr_par' dir='ltr' id='par_1_119' title="bbox 2162 4415 3818 4488">
     <span class='ocr_line' id='line_1_119' title="bbox 2162 4415 3818 4488; baseline 0.003 -18"><span class='ocrx_word' id='word_1_833' title='bbox 2162 4419 2216 4470; x_wconf 92' lang='lat' dir='ltr'><strong>te</strong></span> <span class='ocrx_word' id='word_1_834' title='bbox 2247 4415 2368 4470; x_wconf 84' lang='lat' dir='ltr'><strong>fieri</strong></span> <span class='ocrx_word' id='word_1_835' title='bbox 2405 4416 2713 4483; x_wconf 88' lang='lat' dir='ltr'><strong>diluvium,</strong></span> <span class='ocrx_word' id='word_1_836' title='bbox 2748 4417 3025 4488; x_wconf 90' lang='lat' dir='ltr'><strong>utipsum</strong></span> <span class='ocrx_word' id='word_1_837' title='bbox 3060 4433 3194 4471; x_wconf 91' lang='lat' dir='ltr'><strong>cum</strong></span> <span class='ocrx_word' id='word_1_838' title='bbox 3230 4415 3362 4472; x_wconf 90' lang='lat' dir='ltr'><strong>aliis</strong></span> <span class='ocrx_word' id='word_1_839' title='bbox 3391 4417 3665 4473; x_wconf 86' lang='lat' dir='ltr'><strong>omnibus</strong></span> <span class='ocrx_word' id='word_1_840' title='bbox 3694 4417 3818 4475; x_wconf 76' lang='lat' dir='ltr'><strong>ho—</strong></span> 
     </span>
    </p>
   </div>
   <div class='ocr_carea' id='block_1_120' title="bbox 2142 4495 3819 4571">
    <p class='ocr_par' dir='ltr' id='par_1_120' title="bbox 2142 4495 3819 4571">
     <span class='ocr_line' id='line_1_120' title="bbox 2142 4495 3819 4571; baseline 0.003 -20"><span class='ocrx_word' id='word_1_841' title='bbox 2142 4495 2437 4566; x_wconf 83' lang='lat' dir='ltr'><strong>minibus,</strong></span> <span class='ocrx_word' id='word_1_842' title='bbox 2462 4496 2714 4568; x_wconf 82' lang='lat' dir='ltr'><strong>exceptis</strong></span> <span class='ocrx_word' id='word_1_843' title='bbox 2747 4498 2841 4568; x_wconf 91' lang='lat' dir='ltr'><strong>qui</strong></span> <span class='ocrx_word' id='word_1_844' title='bbox 2872 4498 2931 4553; x_wconf 91' lang='lat' dir='ltr'><strong>in</strong></span> <span class='ocrx_word' id='word_1_845' title='bbox 2960 4513 3097 4553; x_wconf 90' lang='lat' dir='ltr'><strong>arca</strong></span> <span class='ocrx_word' id='word_1_846' title='bbox 3129 4498 3382 4567; x_wconf 83' lang='lat' dir='ltr'><strong>fuerunt,</strong></span> <span class='ocrx_word' id='word_1_847' title='bbox 3407 4514 3577 4571; x_wconf 90' lang='lat' dir='ltr'><strong>quem</strong></span> <span class='ocrx_word' id='word_1_848' title='bbox 3603 4498 3819 4570; x_wconf 84' lang='lat' dir='ltr'><strong>perde—</strong></span> 
     </span>
    </p>
   </div>
   <div class='ocr_carea' id='block_1_121' title="bbox 2225 4672 3822 4736">
    <p class='ocr_par' dir='ltr' id='par_1_121' title="bbox 2225 4672 3822 4736">
     <span class='ocr_line' id='line_1_121' title="bbox 2225 4672 3822 4736; baseline 0.001 -14"><span class='ocrx_word' id='word_1_849' title='bbox 2225 4676 2241 4709; x_wconf 74' lang='grc' dir='ltr'>ί</span> <span class='ocrx_word' id='word_1_850' title='bbox 2273 4672 2396 4722; x_wconf 87' lang='lat' dir='ltr'><strong>Sola</strong></span> <span class='ocrx_word' id='word_1_851' title='bbox 2422 4672 2583 4722; x_wconf 87' lang='lat' dir='ltr'><strong>editio</strong></span> <span class='ocrx_word' id='word_1_852' title='bbox 2611 4672 2757 4725; x_wconf 85' lang='lat' dir='ltr'><strong>Lov..</strong></span> <span class='ocrx_word' id='word_1_853' title='bbox 2802 4673 2878 4724; x_wconf 84' lang='lat' dir='ltr'><strong>ibi</strong></span> <span class='ocrx_word' id='word_1_854' title='bbox 2906 4689 2923 4723; x_wconf 82' lang='lat'><strong>.&#39;</strong></span> <span class='ocrx_word' id='word_1_855' title='bbox 2953 4674 3006 4723; x_wconf 87' lang='lat' dir='ltr'><strong>et</strong></span> <span class='ocrx_word' id='word_1_856' title='bbox 3025 4674 3186 4736; x_wconf 90' lang='lat' dir='ltr'><strong>paulo</strong></span> <span class='ocrx_word' id='word_1_857' title='bbox 3213 4675 3350 4736; x_wconf 87' lang='lat' dir='ltr'><strong>post,</strong></span> <span class='ocrx_word' id='word_1_858' title='bbox 3382 4672 3479 4722; x_wconf 79' lang='lat' dir='ltr'><strong>ubi</strong></span> <span class='ocrx_word' id='word_1_859' title='bbox 3508 4681 3779 4736; x_wconf 77' lang='lat' dir='ltr'><strong>regnaret</strong></span> <span class='ocrx_word' id='word_1_860' title='bbox 3804 4688 3822 4734; x_wconf 85' lang='lat'><strong>;</strong></span> 
     </span>
    </p>
   </div>
   <div class='ocr_carea' id='block_1_122' title="bbox 2142 4733 2784 4799">
    <p class='ocr_par' dir='ltr' id='par_1_122' title="bbox 2142 4733 2784 4799">
     <span class='ocr_line' id='line_1_122' title="bbox 2142 4733 2784 4799; baseline -0.002 -14"><span class='ocrx_word' id='word_1_861' title='bbox 2142 4733 2272 4799; x_wconf 61' lang='lat' dir='ltr'><strong>’pro,</strong></span> <span class='ocrx_word' id='word_1_862' title='bbox 2304 4736 2399 4783; x_wconf 81' lang='lat' dir='ltr'><strong>ubi</strong></span> <span class='ocrx_word' id='word_1_863' title='bbox 2426 4745 2784 4798; x_wconf 78' lang='lat' dir='ltr'><strong>regnaretur.</strong></span> 
     </span>
    </p>
   </div>
   <div class='ocr_carea' id='block_1_123' title="bbox 2225 4797 3825 4873">
    <p class='ocr_par' dir='ltr' id='par_1_123' title="bbox 2225 4797 3825 4873">
     <span class='ocr_line' id='line_1_123' title="bbox 2225 4797 3825 4873; baseline 0.002 -28"><span class='ocrx_word' id='word_1_864' title='bbox 2225 4799 2494 4873; x_wconf 35' lang='lat' dir='ltr'><strong>{Aliquot</strong></span> <span class='ocrx_word' id='word_1_865' title='bbox 2537 4799 2658 4846; x_wconf 85' lang='lat' dir='ltr'><strong>Mss.</strong></span> <span class='ocrx_word' id='word_1_866' title='bbox 2708 4799 2909 4873; x_wconf 45' lang='lat' dir='ltr'><strong>{licuit}.</strong></span> <span class='ocrx_word' id='word_1_867' title='bbox 2949 4798 3023 4873; x_wconf 44' lang='lat' dir='ltr'><strong>‘Et</strong></span> <span class='ocrx_word' id='word_1_868' title='bbox 3062 4798 3334 4862; x_wconf 87' lang='lat' dir='ltr'><strong>nonnulli,</strong></span> <span class='ocrx_word' id='word_1_869' title='bbox 3374 4797 3637 4848; x_wconf 79' lang='lat' dir='ltr'><strong>Maviael.</strong></span> <span class='ocrx_word' id='word_1_870' title='bbox 3656 4799 3825 4862; x_wconf 78' lang='lat' dir='ltr'><strong>Apud</strong></span> 
     </span>
    </p>
   </div>
   <div class='ocr_carea' id='block_1_124' title="bbox 2161 4860 3823 5034">
    <p class='ocr_par' dir='ltr' id='par_1_124' title="bbox 2161 4860 3823 5034">
     <span class='ocr_line' id='line_1_124' title="bbox 2161 4860 3719 4936; baseline 0 -27"><span class='ocrx_word' id='word_1_871' title='bbox 2161 4860 2505 4935; x_wconf 68' lang='lat' dir='ltr'><strong>Septuaginta</strong></span> <span class='ocrx_word' id='word_1_872' title='bbox 2533 4874 2676 4919; x_wconf 82' lang='lat' dir='ltr'><strong>vero,</strong></span> <span class='ocrx_word' id='word_1_873' title='bbox 2708 4861 2980 4936; x_wconf 58' lang='lat' dir='ltr'><strong>Mdieleel.</strong></span> <span class='ocrx_word' id='word_1_874' title='bbox 3246 4924 3257 4935; x_wconf 45' lang='lat'><strong>&#39;</strong></span> <span class='ocrx_word' id='word_1_875' title='bbox 3319 4860 3327 4862; x_wconf 65' lang='grc'><em>”</em></span> <span class='ocrx_word' id='word_1_876' title='bbox 3470 4923 3482 4934; x_wconf 43' lang='grc'><strong><em>⁸</em></strong></span> <span class='ocrx_word' id='word_1_877' title='bbox 3517 4923 3529 4935; x_wconf 42' lang='grc'><strong><em>⁸</em></strong></span> <span class='ocrx_word' id='word_1_878' title='bbox 3601 4925 3613 4936; x_wconf 37' lang='grc' dir='ltr'><em>ι</em></span> <span class='ocrx_word' id='word_1_879' title='bbox 3701 4860 3719 4862; x_wconf 47' lang='grc'><strong>’“</strong></span> 
     </span>
     <span class='ocr_line' id='line_1_125' title="bbox 2161 4923 3823 5034; baseline 0.001 -63"><span class='ocrx_word' id='word_1_880' title='bbox 2161 4924 2595 5034; x_wconf 51' lang='grc' dir='ltr'><strong>ηἰηῗιοΜίῗοὼοθε</strong></span> <span class='ocrx_word' id='word_1_881' title='bbox 2622 4928 2808 4974; x_wconf 79' lang='lat' dir='ltr'><strong>nostri.</strong></span> <span class='ocrx_word' id='word_1_882' title='bbox 2859 4926 2915 4973; x_wconf 92' lang='lat' dir='ltr'><strong>In</strong></span> <span class='ocrx_word' id='word_1_883' title='bbox 2952 4923 3027 4985; x_wconf 89' lang='lat' dir='ltr'><strong>B.,</strong></span> <span class='ocrx_word' id='word_1_884' title='bbox 3073 4933 3136 4974; x_wconf 80' lang='lat' dir='ltr'><strong>ut</strong></span> <span class='ocrx_word' id='word_1_885' title='bbox 3156 4932 3527 4987; x_wconf 67' lang='lat' dir='ltr'><strong>primogenita</strong></span> <span class='ocrx_word' id='word_1_886' title='bbox 3590 4939 3653 4972; x_wconf 78' lang='grc' dir='ltr'><strong>ιη</strong></span> <span class='ocrx_word' id='word_1_887' title='bbox 3687 4939 3823 4988; x_wconf 76' lang='lat' dir='ltr'><strong>reg-</strong></span> 
     </span>
    </p>
   </div>
   <div class='ocr_carea' id='block_1_125' title="bbox 2159 5001 2415 5035">
    <p class='ocr_par' dir='ltr' id='par_1_125' title="bbox 2159 5001 2415 5035">
     <span class='ocr_line' id='line_1_126' title="bbox 2159 5001 2415 5035; baseline 0.004 -1"><span class='ocrx_word' id='word_1_888' title='bbox 2159 5001 2311 5035; x_wconf 83' lang='lat' dir='ltr'><strong>num.</strong></span> <span class='ocrx_word' id='word_1_889' title='bbox 2350 5001 2415 5035; x_wconf 81' lang='grc' dir='ltr'><strong>Μ.</strong></span> 
     </span>
    </p>
   </div>
   <div class='ocr_carea' id='block_1_126' title="bbox 2223 5050 3823 5111">
    <p class='ocr_par' dir='ltr' id='par_1_126' title="bbox 2223 5050 3823 5111">
     <span class='ocr_line' id='line_1_127' title="bbox 2223 5050 3823 5111; baseline 0.004 -17"><span class='ocrx_word' id='word_1_890' title='bbox 2223 5050 2301 5107; x_wconf 83' lang='grc' dir='ltr'><strong>(α)</strong></span> <span class='ocrx_word' id='word_1_891' title='bbox 2356 5050 2518 5098; x_wconf 85' lang='lat' dir='ltr'><strong>Credo</strong></span> <span class='ocrx_word' id='word_1_892' title='bbox 2581 5063 2694 5099; x_wconf 89' lang='lat' dir='ltr'><strong>esse</strong></span> <span class='ocrx_word' id='word_1_893' title='bbox 2762 5052 3100 5100; x_wconf 87' lang='lat' dir='ltr'><strong>enumeratas</strong></span> <span class='ocrx_word' id='word_1_894' title='bbox 3161 5051 3372 5100; x_wconf 89' lang='lat' dir='ltr'><strong>tantum</strong></span> <span class='ocrx_word' id='word_1_895' title='bbox 3446 5050 3823 5111; x_wconf 86' lang='lat' dir='ltr'><strong>generationes</strong></span> 
     </span>
    </p>
   </div>
   <div class='ocr_carea' id='block_1_127' title="bbox 2231 5112 3823 5184">
    <p class='ocr_par' dir='ltr' id='par_1_127' title="bbox 2231 5112 3823 5184">
     <span class='ocr_line' id='line_1_128' title="bbox 2231 5112 3823 5184; baseline 0.004 -27"><span class='ocrx_word' id='word_1_896' title='bbox 2231 5112 2308 5184; x_wconf 72' lang='lat' dir='ltr'><strong>in,</strong></span> <span class='ocrx_word' id='word_1_897' title='bbox 2339 5125 2499 5184; x_wconf 68' lang='lat' dir='ltr'><strong>quae</strong></span> <span class='ocrx_word' id='word_1_898' title='bbox 2526 5114 2999 5184; x_wconf 48' lang='lat' dir='ltr'><strong>puniriﬂdebebant</strong></span> <span class='ocrx_word' id='word_1_899' title='bbox 3043 5116 3271 5184; x_wconf 51' lang='lat' dir='ltr'><strong>prepten</strong></span> <span class='ocrx_word' id='word_1_900' title='bbox 3302 5113 3695 5184; x_wconf 40' lang='lat' dir='ltr'><strong>fratricidiunm;</strong></span> <span class='ocrx_word' id='word_1_901' title='bbox 3726 5112 3823 5184; x_wconf 65' lang='lat' dir='ltr'><strong>§ic</strong></span> 
     </span>
    </p>
   </div>
   <div class='ocr_carea' id='block_1_128' title="bbox 2160 5128 3817 5249">
    <p class='ocr_par' dir='ltr' id='par_1_128' title="bbox 2160 5128 3817 5249">
     <span class='ocr_line' id='line_1_129' title="bbox 2160 5128 3817 5224; baseline 0.004 -67"><span class='ocrx_word' id='word_1_902' title='bbox 2160 5128 2308 5184; x_wconf 56' lang='lat' dir='ltr'><strong>eam,</strong></span> <span class='ocrx_word' id='word_1_903' title='bbox 2339 5128 2476 5174; x_wconf 89' lang='lat' dir='ltr'><strong>quae</strong></span> <span class='ocrx_word' id='word_1_904' title='bbox 2526 5128 2706 5175; x_wconf 74' lang='lat' dir='ltr'><strong>puniri</strong></span> <span class='ocrx_word' id='word_1_905' title='bbox 2734 5128 2999 5163; x_wconf 73' lang='lat' dir='ltr'><strong>uenenant</strong></span> <span class='ocrx_word' id='word_1_906' title='bbox 3043 5128 3256 5224; x_wconf 57' lang='lat' dir='ltr'><strong>progter</strong></span> <span class='ocrx_word' id='word_1_907' title='bbox 3302 5128 3673 5163; x_wconf 76' lang='lat' dir='ltr'><strong>Iramcimum.</strong></span> <span class='ocrx_word' id='word_1_908' title='bbox 3726 5128 3817 5170; x_wconf 61' lang='lat' dir='ltr'><strong>we</strong></span> 
     </span>
     <span class='ocr_line' id='line_1_130' title="bbox 2160 5174 3817 5249; baseline 0.002 -27"><span class='ocrx_word' id='word_1_909' title='bbox 2160 5187 2304 5249; x_wconf 53' lang='lat' dir='ltr'><strong>enim</strong></span> <span class='ocrx_word' id='word_1_910' title='bbox 2329 5176 2592 5249; x_wconf 58' lang='lat' dir='ltr'><strong>Josephug</strong></span> <span class='ocrx_word' id='word_1_911' title='bbox 2618 5177 2817 5249; x_wconf 71' lang='lat' dir='ltr'><strong>scribit,</strong></span> <span class='ocrx_word' id='word_1_912' title='bbox 2850 5176 3028 5249; x_wconf 45' lang='lat' dir='ltr'><strong>antiq.</strong></span> <span class='ocrx_word' id='word_1_913' title='bbox 3060 5176 3130 5249; x_wconf 49' lang='grc' dir='ltr'><strong>ξι]</strong></span> <span class='ocrx_word' id='word_1_914' title='bbox 3175 5215 3184 5224; x_wconf 94' lang='grc'>.</span> <span class='ocrx_word' id='word_1_915' title='bbox 3216 5176 3310 5224; x_wconf 86' lang='lat' dir='ltr'><strong>lib.</strong></span> <span class='ocrx_word' id='word_1_916' title='bbox 3345 5177 3390 5230; x_wconf 89' lang='grc'><strong>1.</strong></span> <span class='ocrx_word' id='word_1_917' title='bbox 3439 5189 3553 5249; x_wconf 82' lang='lat' dir='ltr'><strong>cap.</strong></span> <span class='ocrx_word' id='word_1_918' title='bbox 3587 5174 3638 5234; x_wconf 85' lang='lat'><strong>2,</strong></span> <span class='ocrx_word' id='word_1_919' title='bbox 3668 5176 3698 5236; x_wconf 89' lang='lat'><strong>§</strong></span> <span class='ocrx_word' id='word_1_920' title='bbox 3731 5175 3761 5223; x_wconf 86' lang='grc'><strong>1</strong></span> <span class='ocrx_word' id='word_1_921' title='bbox 3786 5190 3817 5249; x_wconf 81' lang='lat'><strong>_:</strong></span> 
     </span>
    </p>
   </div>
   <div class='ocr_carea' id='block_1_129' title="bbox 2159 5235 3823 5301">
    <p class='ocr_par' dir='ltr' id='par_1_129' title="bbox 2159 5235 3823 5301">
     <span class='ocr_line' id='line_1_131' title="bbox 2159 5235 3823 5301; baseline 0.005 -21"><span class='ocrx_word' id='word_1_922' title='bbox 2159 5255 2186 5280; x_wconf 83' lang='grc'><strong>«</strong></span> <span class='ocrx_word' id='word_1_923' title='bbox 2218 5235 2383 5301; x_wconf 66' lang='grc' dir='ltr'><strong>βειὶῑιΔ</strong></span> <span class='ocrx_word' id='word_1_924' title='bbox 2421 5235 2740 5287; x_wconf 75' lang='lat' dir='ltr'><strong>sacrificium</strong></span> <span class='ocrx_word' id='word_1_925' title='bbox 2806 5235 3097 5289; x_wconf 71' lang='lat' dir='ltr'><strong>Celebranti</strong></span> <span class='ocrx_word' id='word_1_926' title='bbox 3164 5252 3227 5288; x_wconf 89' lang='lat' dir='ltr'><strong>ac</strong></span> <span class='ocrx_word' id='word_1_927' title='bbox 3292 5235 3532 5301; x_wconf 76' lang='lat' dir='ltr'><strong>poscenti</strong></span> <span class='ocrx_word' id='word_1_928' title='bbox 3603 5235 3691 5301; x_wconf 12' lang='lat' dir='ltr'><strong>neri</strong></span> <span class='ocrx_word' id='word_1_929' title='bbox 3720 5238 3823 5301; x_wconf 21' lang='lat' dir='ltr'><strong>40b</strong></span> 
     </span>
    </p>
   </div>
   <div class='ocr_carea' id='block_1_130' title="bbox 2163 5299 3825 5363">
    <p class='ocr_par' dir='ltr' id='par_1_130' title="bbox 2163 5299 3825 5363">
     <span class='ocr_line' id='line_1_132' title="bbox 2163 5299 3825 5363; baseline 0.002 -18"><span class='ocrx_word' id='word_1_930' title='bbox 2163 5316 2185 5345; x_wconf 72' lang='grc' dir='ltr'>ι</span> <span class='ocrx_word' id='word_1_931' title='bbox 2216 5299 2315 5349; x_wconf 90' lang='lat' dir='ltr'><strong>hoc</strong></span> <span class='ocrx_word' id='word_1_932' title='bbox 2373 5299 2509 5348; x_wconf 84' lang='lat' dir='ltr'><strong>iram</strong></span> <span class='ocrx_word' id='word_1_933' title='bbox 2564 5301 2869 5363; x_wconf 88' lang='lat' dir='ltr'><strong>susciperet,</strong></span> <span class='ocrx_word' id='word_1_934' title='bbox 2928 5301 3222 5350; x_wconf 83' lang='lat' dir='ltr'><strong>saeviorem</strong></span> <span class='ocrx_word' id='word_1_935' title='bbox 3274 5299 3491 5362; x_wconf 77' lang='lat' dir='ltr'><strong>pmnam</strong></span> <span class='ocrx_word' id='word_1_936' title='bbox 3539 5299 3825 5363; x_wconf 83' lang='lat' dir='ltr'><strong>homicidii</strong></span> 
     </span>
    </p>
   </div>
   <div class='ocr_carea' id='block_1_131' title="bbox 2160 5362 3822 5426">
    <p class='ocr_par' dir='ltr' id='par_1_131' title="bbox 2160 5362 3822 5426">
     <span class='ocr_line' id='line_1_133' title="bbox 2160 5362 3822 5426; baseline 0.001 -15"><span class='ocrx_word' id='word_1_937' title='bbox 2160 5376 2182 5411; x_wconf 74' lang='grc' dir='ltr'>α</span> <span class='ocrx_word' id='word_1_938' title='bbox 2214 5363 2521 5426; x_wconf 83' lang='lat' dir='ltr'><strong>relaxavit:</strong></span> <span class='ocrx_word' id='word_1_939' title='bbox 2572 5362 3019 5426; x_wconf 85' lang='lat' dir='ltr'><strong>maledictumque</strong></span> <span class='ocrx_word' id='word_1_940' title='bbox 3070 5376 3184 5414; x_wconf 87' lang='lat' dir='ltr'><strong>esse</strong></span> <span class='ocrx_word' id='word_1_941' title='bbox 3240 5363 3538 5418; x_wconf 87' lang='lat' dir='ltr'><strong>constituit,</strong></span> <span class='ocrx_word' id='word_1_942' title='bbox 3598 5365 3652 5426; x_wconf 81' lang='lat' dir='ltr'><strong>et</strong></span> <span class='ocrx_word' id='word_1_943' title='bbox 3695 5362 3822 5424; x_wconf 76' lang='lat' dir='ltr'><strong>eius</strong></span> 
     </span>
    </p>
   </div>
   <div class='ocr_carea' id='block_1_132' title="bbox 2160 5424 3824 5488">
    <p class='ocr_par' dir='ltr' id='par_1_132' title="bbox 2160 5424 3824 5488">
     <span class='ocr_line' id='line_1_134' title="bbox 2160 5424 3824 5488; baseline 0.002 -18"><span class='ocrx_word' id='word_1_944' title='bbox 2160 5443 2186 5470; x_wconf 83' lang='grc'><strong>«</strong></span> <span class='ocrx_word' id='word_1_945' title='bbox 2215 5425 2449 5475; x_wconf 88' lang='lat' dir='ltr'><strong>sobolem</strong></span> <span class='ocrx_word' id='word_1_946' title='bbox 2506 5438 2675 5488; x_wconf 86' lang='lat' dir='ltr'><strong>usque</strong></span> <span class='ocrx_word' id='word_1_947' title='bbox 2733 5427 2803 5475; x_wconf 87' lang='lat' dir='ltr'><strong>ad</strong></span> <span class='ocrx_word' id='word_1_948' title='bbox 2851 5424 3132 5488; x_wconf 78' lang='lat' dir='ltr'><strong>septimam</strong></span> <span class='ocrx_word' id='word_1_949' title='bbox 3184 5426 3580 5488; x_wconf 83' lang='lat' dir='ltr'><strong>generationem</strong></span> <span class='ocrx_word' id='word_1_950' title='bbox 3638 5424 3824 5474; x_wconf 77' lang='lat' dir='ltr'><strong>inter—</strong></span> 
     </span>
    </p>
   </div>
   <div class='ocr_carea' id='block_1_133' title="bbox 2161 5487 3828 5551">
    <p class='ocr_par' dir='ltr' id='par_1_133' title="bbox 2161 5487 3828 5551">
     <span class='ocr_line' id='line_1_135' title="bbox 2161 5487 3828 5551; baseline 0.002 -15"><span class='ocrx_word' id='word_1_951' title='bbox 2161 5506 2187 5532; x_wconf 65' lang='lat' dir='ltr'><strong>c:</strong></span> <span class='ocrx_word' id='word_1_952' title='bbox 2217 5489 2475 5551; x_wconf 15' lang='lat' dir='ltr'><strong>minatus,</strong></span> <span class='ocrx_word' id='word_1_953' title='bbox 2508 5487 2603 5538; x_wconf 53' lang='lat' dir='ltr'><strong>est&quot;</strong></span> <span class='ocrx_word' id='word_1_954' title='bbox 2642 5501 2756 5540; x_wconf 89' lang='lat' dir='ltr'><strong>esse</strong></span> <span class='ocrx_word' id='word_1_955' title='bbox 2799 5487 3141 5551; x_wconf 84' lang='lat' dir='ltr'><strong>puniendam.</strong></span> <span class='ocrx_word' id='word_1_956' title='bbox 3202 5508 3226 5533; x_wconf 76' lang='grc' dir='ltr'><strong>ι»</strong></span> <span class='ocrx_word' id='word_1_957' title='bbox 3304 5488 3437 5551; x_wconf 89' lang='lat' dir='ltr'><strong>Tum</strong></span> <span class='ocrx_word' id='word_1_958' title='bbox 3466 5550 3472 5551; x_wconf 16' lang='grc' dir='ltr'><em>γ</em></span> <span class='ocrx_word' id='word_1_959' title='bbox 3509 5487 3673 5536; x_wconf 86' lang='lat' dir='ltr'><strong>etiam</strong></span> <span class='ocrx_word' id='word_1_960' title='bbox 3708 5501 3828 5551; x_wconf 64' lang='lat' dir='ltr'><strong>ns-</strong></span> 
     </span>
    </p>
   </div>
   <div class='ocr_carea' id='block_1_134' title="bbox 2158 5549 3828 5614">
    <p class='ocr_par' dir='ltr' id='par_1_134' title="bbox 2158 5549 3828 5614">
     <span class='ocr_line' id='line_1_136' title="bbox 2158 5549 3828 5614; baseline -0.001 -16"><span class='ocrx_word' id='word_1_961' title='bbox 2158 5562 2261 5611; x_wconf 87' lang='lat' dir='ltr'><strong>que</strong></span> <span class='ocrx_word' id='word_1_962' title='bbox 2316 5550 2382 5599; x_wconf 89' lang='lat' dir='ltr'><strong>ad</strong></span> <span class='ocrx_word' id='word_1_963' title='bbox 2434 5550 2505 5614; x_wconf 14' lang='lat' dir='ltr'><strong>id,</strong></span> <span class='ocrx_word' id='word_1_964' title='bbox 2549 5552 2757 5614; x_wconf 87' lang='lat' dir='ltr'><strong>tempus</strong></span> <span class='ocrx_word' id='word_1_965' title='bbox 2800 5549 2951 5600; x_wconf 50' lang='lat' dir='ltr'><strong>Vixit</strong></span> <span class='ocrx_word' id='word_1_966' title='bbox 3004 5551 3177 5601; x_wconf 85' lang='lat' dir='ltr'><strong>Cain:</strong></span> <span class='ocrx_word' id='word_1_967' title='bbox 3238 5550 3393 5613; x_wconf 82' lang='lat' dir='ltr'><strong>cujus</strong></span> <span class='ocrx_word' id='word_1_968' title='bbox 3439 5550 3603 5599; x_wconf 82' lang='lat' dir='ltr'><strong>finem</strong></span> <span class='ocrx_word' id='word_1_969' title='bbox 3638 5549 3828 5614; x_wconf 64' lang='grc' dir='ltr'><strong>Δγὶῑελο</strong></span> 
     </span>
    </p>
   </div>
   <div class='ocr_carea' id='block_1_135' title="bbox 2160 5611 3827 5723">
    <p class='ocr_par' dir='ltr' id='par_1_135' title="bbox 2160 5611 3827 5723">
     <span class='ocr_line' id='line_1_137' title="bbox 2160 5611 3827 5723; baseline 0.002 -62"><span class='ocrx_word' id='word_1_970' title='bbox 2160 5625 2257 5723; x_wconf 53' lang='lat' dir='ltr'><strong>pg;</strong></span> <span class='ocrx_word' id='word_1_971' title='bbox 2278 5611 2677 5723; x_wconf 41' lang='lat' dir='ltr'><strong>ggperationeni</strong></span> <span class='ocrx_word' id='word_1_972' title='bbox 2698 5616 2813 5677; x_wconf 89' lang='lat' dir='ltr'><strong>ejus</strong></span> <span class='ocrx_word' id='word_1_973' title='bbox 2842 5613 3057 5664; x_wconf 85' lang='lat' dir='ltr'><strong>nolebat</strong></span> <span class='ocrx_word' id='word_1_974' title='bbox 3098 5611 3340 5663; x_wconf 78' lang='lat' dir='ltr'><strong>narrator</strong></span> <span class='ocrx_word' id='word_1_975' title='bbox 3367 5611 3827 5676; x_wconf 77' lang='lat' dir='ltr'><strong>praetermittere,</strong></span> 
     </span>
     <span class='ocr_line' id='line_1_138' title="bbox 2263 5690 2475 5723; baseline 0.005 -1"><span class='ocrx_word' id='word_1_976' title='bbox 2263 5709 2274 5722; x_wconf 94' lang='lat'><strong>.</strong></span> <span class='ocrx_word' id='word_1_977' title='bbox 2371 5690 2475 5723; x_wconf 78' lang='lat' dir='ltr'><strong>vas.</strong></span> 
     </span>
    </p>
   </div>
   <div class='ocr_carea' id='block_1_136' title="bbox 2199 5687 2475 5726">
    <p class='ocr_par' dir='ltr' id='par_1_136' title="bbox 2199 5687 2475 5726">
     <span class='ocr_line' id='line_1_139' title="bbox 2199 5687 2475 5726; baseline 0.011 -4"><span class='ocrx_word' id='word_1_978' title='bbox 2199 5687 2274 5723; x_wconf 79' lang='grc' dir='ltr'><strong>ιη).</strong></span> <span class='ocrx_word' id='word_1_979' title='bbox 2314 5687 2475 5726; x_wconf 69' lang='lat' dir='ltr'><strong>VIVIS.</strong></span> 
     </span>
    </p>
   </div>
   <div class='ocr_carea' id='block_1_137' title="bbox 2160 5109 2999 5175">
    <p class='ocr_par' dir='ltr' id='par_1_137' title="bbox 2160 5109 2999 5175">
     <span class='ocr_line' id='line_1_140' title="bbox 2160 5109 2999 5175; baseline 0.004 -17"><span class='ocrx_word' id='word_1_980' title='bbox 2160 5109 2308 5169; x_wconf 90' lang='lat' dir='ltr'><strong>Cain,</strong></span> <span class='ocrx_word' id='word_1_981' title='bbox 2339 5125 2476 5174; x_wconf 83' lang='lat' dir='ltr'><strong>quae</strong></span> <span class='ocrx_word' id='word_1_982' title='bbox 2526 5114 2706 5175; x_wconf 89' lang='lat' dir='ltr'><strong>puniri</strong></span> <span class='ocrx_word' id='word_1_983' title='bbox 2734 5114 2999 5163; x_wconf 89' lang='lat' dir='ltr'><strong>debebant</strong></span> 
     </span>
    </p>
   </div>
  </div>
