4138 6192
333 319 446 383 465

333 463 433 524 ret,
468 455 774 513 inveniret.
806 455 1006 529 Neque
1036 456 1192 512 enim
1230 459 1555 515 mirandum
1589 464 1698 527 est,
1733 459 1782 514 si
1815 459 1970 515 varia

333 539 658 610 quantitate
689 537 1124 593 numerositatis
1155 554 1441 595 annorum
1474 539 1837 610 interposita,
1872 555 1970 608 per

333 624 447 675 tam
480 618 718 690 longam
751 624 976 674 aetatem
1009 620 1082 674 ab
1115 621 1294 674 Adam
1349 637 1534 691 usque
1573 622 1645 676 ad
1689 621 1972 676 diluvium

335 716 445 756 non
476 699 710 768 aequalis
752 700 978 754 numeri
1030 701 1435 770 generationes
1484 702 1690 756 habuit
1728 706 1977 771 utraque

332 782 655 852 progenies,
690 779 793 835 sed
833 796 934 850 per
962 779 1100 834 Cain
1146 787 1391 852 septem,
1437 798 1537 853 per
1584 781 1721 837 Seth
1782 787 1974 835 autem

333 863 523 917 decem
556 878 570 917 :
604 859 880 933 septimus
908 865 994 915 est
1026 860 1202 926 enim,
1237 866 1300 915 ut
1323 862 1447 931 jam
1493 862 1631 930 dixi,
1677 862 1748 916 ab
1793 863 1975 916 Adam

336 941 604 1009 Lamecb,
652 941 913 996 decimus
961 945 1127 996 Noe:
1163 948 1215 996 et
1261 941 1390 997 ideo
1443 959 1558 997 non
1611 959 1767 998 unus
1820 942 1976 996 ﬁlius

335 1023 605 1090 Lamech,
649 1022 798 1077 sicut
855 1021 913 1076 in
973 1022 1197 1078 caeteris
1262 1022 1558 1094 superius,
1617 1024 1716 1078 sed
1780 1021 1978 1093 plures

335 1103 765 1160 commemorati
820 1107 994 1171 sunt;
1055 1103 1190 1174 quia
1239 1104 1523 1159 incertum
1572 1109 1697 1160 erat
1747 1102 1978 1176 quis'ei

334 1184 541 1239 fuisset
581 1188 808 1239 mortuo
857 1199 1262 1252 successurus,
1314 1183 1361 1238 si
1410 1184 1693 1256 regnandi
1745 1189 1977 1255 tempus

331 1265 486 1322 inter
514 1266 707 1336 ipsum
739 1269 796 1321 et
824 1264 1113 1321 diluvium
1147 1266 1550 1322 remansisset.

401 1347 455 1401 4.
489 1346 596 1403 Sed
627 1362 860 1418 quoquo
892 1347 1064 1402 modo
1096 1363 1158 1402 se
1201 1347 1428 1413 habeat,
1459 1347 1577 1404 sive
1616 1364 1717 1420 per
1757 1347 1979 1419 primo-

330 1427 576 1500 genitos,
612 1428 734 1482 sive
766 1442 868 1498 per
889 1443 1075 1498 reges,
1100 1443 1170 1482 ex
1199 1426 1338 1483 Cain
1371 1430 1807 1498 generationem
1840 1428 1979 1484 ordo

329 1517 662 1582 decurrens,
708 1514 855 1570 illud
913 1515 1054 1571 mihi
1089 1515 1253 1571 nullo
1302 1520 1468 1588 pacto
1513 1517 1978 1588 praetereundum

330 1595 560 1652 silentio
622 1595 866 1663 videtur,
909 1594 1066 1666 quod
1121 1611 1253 1651 cum
1299 1596 1547 1652 Lamech
1579 1597 1858 1668 septimus
1906 1596 1978 1651 ab

328 1677 512 1733 Adam
538 1675 746 1730 fuisset
774 1676 1166 1745 inventus,tot
1188 1678 1314 1747 ejus
1333 1678 1703 1733 annumerati
1734 1680 1876 1732 sunt
1909 1676 1978 1731 ﬁ-

328 1757 414 1823 lii,
438 1757 622 1812 donec
637 1757 990 1811 undenarius
1011 1773 1285 1813 numerus
1301 1758 1656 1828 impleretur,
1674 1775 1789 1830 quo
1807 1756 1979 1828 signi-

329 1838 543 1895 ﬁcatur
574 1843 900 1909 peccatum.
933 1837 1248 1894 Adduntur
1278 1840 1434 1894 enim
1467 1845 1584 1895 tres
1618 1841 1745 1910 ﬁlii,
1767 1845 1822 1895 et
1863 1856 1982 1894 una

331 1919 471 1976 ﬁlia.
508 1923 724 1993 Uxores
755 1922 952 1974 autem
977 1918 1135 1974 aliud
1186 1925 1430 1990 possunt
1463 1920 1816 1991 signiﬁcare,
1862 1936 1976 1975 non

331 2000 441 2055 hoc
462 2001 613 2072 quod
638 2016 792 2055 nunc
813 2001 1344 2055 commendandum
1375 2001 1620 2056 videtur.
1645 2001 1809 2055 Nunc
1827 2001 1978 2055 enim

332 2081 404 2137 de
444 2081 918 2153 generationibus
958 2080 1293 2152 loquimur:
1327 2081 1439 2138 illae
1471 2099 1600 2136 vero
1650 2083 1808 2136 unde
1861 2082 1980 2136 sint

330 2163 562 2236 genitae,
587 2164 823 2218 tacitum
847 2168 956 2219 est.
991 2162 1274 2228 Quoniam
1303 2179 1437 2232 ergo
1469 2163 1578 2218 Lex
1609 2162 1846 2218 denario
1877 2179 1982 2217 nu-

333 2260 486 2298 mero
518 2244 883 2314 praedicatur,
919 2245 1071 2296 unde
1101 2248 1190 2297 est
1235 2243 1627 2296 memorabilis
1671 2242 1767 2296 ille
1809 2242 1984 2296 Deca-

335 2322 542 2393 logus;
596 2322 850 2392 profecto
900 2337 1186 2376 numerus
1256 2323 1634 2390 undenarius,
1705 2322 1984 2392 quoniam

333 2401 772 2472 transgreditur
801 2401 1132 2468 denarium,
1164 2402 1686 2472 transgressionem
1717 2402 1884 2473 legis,
1916 2417 1983 2458 ac

329 2497 438 2553 per
457 2482 566 2537 hoc
589 2484 889 2552 peccatum
909 2481 1223 2552 signiﬁcat.
1262 2481 1401 2536 Hinc
1425 2490 1511 2536 est
1534 2483 1688 2553 quod
1713 2482 1770 2536 in
1791 2483 1982 2537 taber-

332 2561 548 2617 naculo
580 2559 918 2628 testimonii,
954 2563 1107 2632 quod
1151 2565 1274 2616 erat
1312 2562 1372 2615 in
1413 2561 1618 2616 itinere
1650 2560 1847 2632 populi
1879 2561 1982 2616 Dei

328 2639 489 2697 velut
519 2640 804 2710 templum
844 2641 1302 2696 ambulatorium
1328 2644 1368 2706 ¹,
1403 2641 1670 2697 undecim
1702 2641 1826 2696 vela
1856 2641 1982 2696 cili-

329 2722 460 2778 cina
494 2719 618 2774 ﬁeri
652 2724 937 2790 praecepta
976 2725 1114 2775 sunt
1149 2720 1342 2790 (Exod.
1382 2737 1532 2792 xxvr,
1566 2723 1641 2792 7).
1693 2723 1755 2776 In
1789 2720 1979 2776 cilicio

318 2801 536 2873 quippe
567 2800 895 2854 recordatio
941 2803 1032 2854 est
1067 2807 1454 2870 peccatorum,
1490 2805 1723 2871 propter
1779 2799 1979 2855 hedos

315 2882 386 2940 ad
421 2880 728 2936 sinistram
768 2881 1039 2934 futuros:
1089 2882 1241 2950 quod
1291 2881 1636 2935 conﬁtentes
1675 2879 1734 2933 in
1786 2880 1975 2934 cilicio

315 2961 769 3034 prosternimur,
816 2965 1098 3030 tanquam
1159 2960 1418 3016 dicentes
1450 2960 1690 3032 quodin
1740 2959 1975 3015 Psalmo

312 3043 598 3114 scriptum
623 3047 735 3104 est,
769 3045 844 3096 Et
869 3044 1155 3112 peccatum
1175 3056 1359 3096 meum
1379 3044 1506 3096 ante
1535 3056 1619 3095 me
1647 3045 1727 3095 est
1764 3056 1974 3110 semper

311 3123 483 3193 (Psat.
519 3140 572 3191 L,
601 3123 680 3193 5).
715 3121 1030 3192 Progenies
1058 3136 1195 3192 ergo
1227 3137 1296 3176 ex
1323 3121 1505 3176 Adam
1539 3137 1640 3190 per
1669 3120 1805 3175 Cain
1851 3136 1975 3175 sce-

309 3201 564 3258 leratum
597 3201 917 3258 undenario
969 3216 1214 3256 numero
1239 3199 1460 3266 ﬁnitur,
1515 3217 1629 3272 quo
1664 3204 1969 3271 peccatum

311 3283 713 3354 signiﬁcatur:
748 3285 804 3336 et
832 3281 958 3348 ipse
991 3297 1273 3337 numerus
1321 3280 1538 3335 femina
1587 3280 1897 3347 clauditur,
1939 3298 1971 3335 a

310 3381 423 3436 quo
466 3380 612 3420 sexu
670 3362 904 3418 initium
960 3361 1176 3416 factum
1211 3365 1300 3416 est
1358 3360 1602 3432 peccati,
1655 3377 1754 3431 per
1813 3359 1968 3429 quod

308 3459 519 3500 omnes
568 3443 875 3498 morimur.
928 3443 1321 3497 Commissum
1379 3445 1463 3495 est
1521 3445 1741 3506 autem,
1792 3445 1858 3494 ut
1915 3443 1971 3493 et

308 3524 578 3595 voluptas
606 3523 820 3592 carnis,
853 3538 982 3594 quia
1013 3521 1247 3593 spiritui
1292 3520 1967 3590 resisteret,sequeretur.

308 3604 453 3661 Nam
490 3608 548 3660 et
587 3603 714 3674 ipsa
756 3603 877 3658 ﬁlia
920 3601 1168 3657 Lamech
1202 3601 1420 3655 Noema
1458 3599 1743 3670 Voluptas
1783 3598 1971 3652 inter-

311 3689 600 3758 pretatur.
631 3685 739 3742 Per
766 3683 900 3740 Seth
950 3688 1146 3738 autem
1196 3681 1267 3736 ab
1292 3681 1474 3735 Adam
1522 3695 1705 3750 usque
1751 3680 1821 3733 ad
1852 3677 1970 3758 Noe

311 3757 593 3824 denarius
632 3765 964 3820 insinuatur
1010 3763 1304 3832 legitimus
1355 3776 1658 3816 numerus.
1716 3759 1814 3813 Cui
1853 3757 1971 3812 Noe

313 3853 426 3906 tres
458 3845 825 3918 adjiciuntur
856 3844 997 3900 ﬁlii:
1032 3844 1188 3899 unde
1220 3857 1332 3898 uno
1365 3841 1525 3912 lapso
1563 3842 1676 3896 duo
1725 3838 1972 3895 benedi-

314 3934 536 3984 cuntur
584 3945 616 3983 a
667 3933 850 3997 patre,
907 3933 968 3980 ut
1026 3928 1250 3979 remoto
1310 3921 1548 3991 reprobo
1607 3924 1663 3976 et
1711 3919 1970 3991 probatis

311 4009 447 4066 ﬁliis
483 4009 557 4064 ad
583 4023 891 4063 numerum
916 4004 1132 4060 additis
1157 4003 1333 4059 etiam
1357 4001 1747 4058 duodenarius
1771 4015 1972 4055 nume-

311 4105 408 4147 rus
437 4089 769 4156 intimatur,
793 4086 892 4158 qui
923 4090 979 4141 et
1007 4085 1067 4140 in
1099 4084 1559 4139 Patriarcharum
1578 4088 1632 4138 et
1650 4081 1708 4136 in
1732 4083 1972 4150 Aposto-

311 4169 508 4226 lorum
526 4184 769 4224 numero
786 4166 1035 4237 insignis
1056 4169 1165 4229 est,
1188 4170 1422 4236 propter
1453 4163 1766 4235 septenarii
1793 4163 1973 4230 Apos-

315 4253 571 4307 tolorum
625 4264 867 4303 numero
919 4245 1172 4316 insignis
1235 4249 1345 4312 est,
1379 4248 1614 4316 prOpter
1656 4241 1968 4312 septenarii

313 4338 532 4404 partes,
568 4328 808 4385 alteram
842 4343 944 4399 per
973 4325 1211 4381 alteram
1239 4324 1670 4395 multiplicatas.
1696 4323 1841 4378 Nam
1888 4326 1974 4378 ter

315 4403 586 4481 quaterni
619 4409 706 4464 vel
739 4416 943 4478 quater
965 4406 1114 4462 terni
1148 4406 1338 4477 ipsum
1370 4405 1609 4460 faciunt.
1658 4403 1755 4458 llis
1796 4404 1873 4458 ita
1912 4419 1975 4459 se

317 4489 702 4554 habentibus,
755 4487 920 4542 video
972 4485 1483 4552 considerandum,
1533 4492 1586 4539 et
1625 4499 1975 4539 commemo-

320 4575 593 4634 randum,
626 4569 738 4625 ista
769 4573 1012 4638 utraque
1039 4568 1363 4638 progenies,
1397 4581 1524 4636 quas
1556 4565 1849 4619 distinctis
1884 4579 1975 4635 ge-

320 4650 726 4708 nerationibus
747 4649 895 4704 duas
917 4646 1180 4703 insinuat
1207 4646 1491 4712 civitates,
1520 4661 1698 4699 unam
1741 4646 1978 4715 terrige-

321 4747 550 4799 narum,
612 4729 856 4784 alteram
902 4731 1396 4798 regeneratorum,
1443 4725 1731 4796 quomodo
1780 4735 1979 4796 postea

322 4811 407 4868 sic
458 4809 776 4867 commixta
826 4809 998 4863 fuerit
1046 4815 1219 4877 atque
1248 4807 1511 4874 confusa,
1545 4810 1610 4860 ut
1638 4804 1975 4861 universum

326 4907 512 4962 genus
542 4890 892 4958 humanum,
939 4887 1190 4959 exceptis
1222 4891 1349 4941 octo
1399 4885 1761 4952 hominibus,
1793 4887 1978 4956 perire

337 4980 657 5030 mereretur
683 4969 921 5027 diluvio.

337 5135 571 5193 CAPUT
600 5136 748 5192 XXI.
783 5165 852 5176 -—
895 5134 1011 5204 Qua
1061 5131 1274 5190 ratione
1315 5134 1732 5189 commemorato
1779 5130 1980 5201 Enoch,

411 5219 509 5288 qui
525 5218 637 5287 fuit
666 5216 820 5287 ﬁlius
855 5213 1013 5282 Cain,
1047 5214 1215 5269 totius
1259 5213 1629 5285 generationis
1666 5214 1779 5285 ejus
1817 5229 1985 5286 usque

413 5297 484 5352 ad
515 5297 796 5354 diluvium
824 5295 899 5352 sit
929 5296 1251 5352 continuata
1271 5294 1565 5356 narratio;
1585 5308 1986 5350 commemora-

403 5526 420 5559 ί
479 5525 541 5574 In
595 5524 710 5576 sola
772 5524 1000 5576 editione
1072 5523 1218 5579 ιον..
1295 5521 1565 5582 templum
1620 5521 1986 5574 deambulato-

341 5585 516 5638 rium.

1526 325 1760 386 LIBER
1801 322 2144 386 DECIMUS
2192 327 2558 398 QUINTUS.

3609 345 3729 405 466

2150 465 2203 517 to
2221 467 2405 518 autem
2433 467 2699 540 Enos,qui
2717 471 2826 540 fuit
2854 472 3003 539 ﬁlius
3033 471 3252 541 Seth,ad
3279 475 3606 534 conditionis
3626 479 3730 534 hu-

2147 559 2323 598 manm
2346 547 2684 618 principium
2715 553 2789 604 sit
2825 551 3089 608 reditum.

2153 675 2346 733 Primo
2371 686 2565 737 autem
2600 681 2942 739 intuendum
2964 687 3568 754 est,quemadmodum
3595 707 3727 748 cum

2081 771 2147 810 ex
2168 757 2304 812 Cain
2337 762 2742 830 generationes
2769 777 3728 833 enumerarentur,commemorato

2082 842 2223 920 ante
2261 847 2497 896 casteros
2550 850 2806 913 posteros
2865 848 2991 914 ejus
3035 848 3132 902 illo
3164 849 3224 902 in
3275 850 3441 920 cujus
3489 855 3723 910 nomine

2081 919 2315 974 condita
2340 930 2424 975 est
2457 924 2682 994 civitas,
2711 926 2766 980 id
2800 939 2884 981 est
2910 927 3124 996 Enoch,
3159 919 3406 984 contexti
3447 939 3586 987 sunt
3615 951 3729 988 oze-

2082 999 2190 1079 teri
2213 1016 2393 1071 usque
2409 1003 2478 1057 ad
2499 1003 2665 1060 illum
2691 1005 2888 1073 ﬁnem,
2909 1007 2980 1062 de
2998 1024 3112 1078 quo
3134 1009 3362 1065 locutus
3377 1027 3530 1079 sum,
3547 1013 3728 1069 donec

2080 1077 2222 1134 illud
2256 1096 2441 1152 genus
2473 1088 2648 1156 atque
2700 1088 2972 1143 universa
3022 1077 3282 1161 propago
3329 1077 3545 1147 diluvio
3576 1092 3728 1150 dele-

2081 1163 2437 1217 returzcum
2475 1181 2609 1221 vero
2649 1165 2804 1222 ﬁlius
2849 1167 2984 1223 Seth
3027 1185 3175 1224 unus
3233 1176 3725 1226 commemoratae

2079 1239 2288 1296 fuisset
2318 1247 2488 1310 Enos,
2523 1247 2779 1302 nondum
2826 1265 3012 1319 usque
3050 1249 3123 1303 ad
3171 1249 3457 1306 diluvium
3511 1252 3726 1306 additis

2082 1321 2607 1400 caeteris,articulus
2631 1327 2868 1398 quidam
2896 1330 3284 1400 interponitur
3314 1335 3370 1386 et
3395 1331 3734 1400 dicitur,Hic

2083 1399 2223 1482 liber
2243 1403 2554 1460 nativitatis
2588 1407 2898 1474 hominum,
2933 1399 3165 1480 qua’die
3193 1413 3321 1480 fecit
3370 1413 3506 1467 Deus
3537 1399 3732 1482 Adam,

2081 1481 2156 1561 ad
2184 1482 2479 1553 imaginem
2510 1486 2607 1541 Dei
2651 1489 2780 1557 fecit
2818 1489 3000 1543 illum.
3038 1491 3333 1545 Mascutum
3371 1495 3421 1546 et
3465 1491 3736 1561 feminam

2080 1553 2209 1619 fecit
2240 1563 2383 1628 illos,
2425 1569 2475 1619 et
2508 1553 2791 1622 benedixit
2827 1569 2973 1634 illos,
3006 1575 3056 1624 et
3092 1553 3509 1639 cognominavit
3536 1587 3733 1626 nomen

2081 1655 2272 1696 eorum
2302 1642 2495 1711 Adam,
2529 1661 2637 1716 qua
2667 1646 2756 1701 die
2782 1649 2913 1717 fecit
2942 1647 3235 1718 ittos(Gen.
3276 1665 3330 1716 v,
3368 1651 3415 1713 1,
3455 1652 3535 1719 2).
3570 1650 3732 1712 Quod

2084 1720 2228 1776 mihi
2261 1721 2488 1778 videtur
2517 1726 2588 1779 ad
2625 1725 2730 1780 hoc
2760 1727 3198 1798 interpositum,
3231 1733 3291 1782 ut
3338 1727 3475 1783 hinc
3529 1745 3734 1787 rursus

2079 1800 2362 1872 inciperet
2407 1804 2477 1858 ab
2531 1804 2658 1875 ipso
2706 1807 2891 1861 Adam
2927 1807 3319 1862 dinumeratio
3371 1811 3730 1878 temporum,

2082 1896 2253 1950 quam
2290 1882 2475 1938 noluit
2499 1884 2688 1939 facere
2719 1887 2817 1954 qui
2847 1887 2967 1942 haec
2998 1887 3231 1958 scripsit
3263 1886 3325 1942 in
3364 1887 3593 1944 civitate
3622 1895 3734 1945 ter-

2083 1977 2257 2016 rena:
2293 1966 2568 2032 tanquam
2608 1979 2734 2018 eam
2771 1967 2921 2020 Deus
2974 1967 3057 2022 sic
3115 1974 3618 2038 commemoraret,
3673 1975 3736 2025 ut

2086 2057 2200 2095 non
2234 2047 2611 2112 computarat.
2648 2045 2756 2100 Sed
2813 2063 2993 2116 quare
3025 2046 3158 2101 hinc
3187 2047 3408 2101 reditur
3444 2049 3514 2102 ad
3560 2050 3735 2105 istam

2086 2123 2653 2192 recapitulationem,
2704 2131 3079 2195 posteaquam
3122 2133 3610 2183 commemoratus
3649 2134 3739 2185 est

2085 2199 2245 2254 ﬁlius
2303 2201 2462 2267 Seth,
2517 2203 2691 2258 homo
2742 2207 2841 2274 qui
2896 2206 3150 2275 speravit
3199 2206 3465 2260 invocare
3525 2224 3737 2263 nomen

2085 2279 2315 2335 Domini
2348 2283 2449 2336 Dei
2475 2301 2490 2349 ;
2518 2283 2628 2338 nisi
2661 2285 2796 2354 quia
2827 2285 2910 2339 sic
2941 2285 3406 2356 Oportebatistas
3428 2287 3576 2340 duas
3609 2304 3739 2358 pro-

2087 2377 2300 2432 ponere
2339 2361 2620 2429 civitates,
2656 2379 2822 2418 unam
2869 2381 2968 2435 per
3025 2364 3382 2420 homicidam
3436 2382 3616 2436 usque
3665 2368 3738 2422 ad

2086 2439 2469 2506 homicidam;
2505 2459 2636 2497 nam
2671 2450 2726 2498 et
2760 2444 3006 2499 Lamech
3039 2446 3270 2500 duabus
3295 2445 3574 2501 uxoribus
3613 2447 3738 2501 suis

2085 2538 2148 2577 se
2179 2526 2544 2592 perpetrasse
2570 2523 2946 2579 homicidium
2972 2525 3285 2581 conﬁtetur
3313 2525 3470 2596 (Gen.
3503 2542 3580 2596 ιν,
3610 2528 3733 2597 23):

2084 2601 2326 2658 alteram
2361 2619 2464 2674 per
2490 2619 2624 2658 eum
2657 2605 2755 2676 qui
2797 2609 3050 2676 speravit
3087 2606 3355 2662 invocare
3387 2624 3596 2663 nomen
3626 2608 3736 2663 Do-

2083 2681 2229 2736 mini
2259 2683 2360 2738 Dei
2391 2685 2418 2738 ?
2448 2684 2570 2738 Hoc
2600 2689 2689 2739 est
2713 2686 2929 2757 quippe
2960 2687 3018 2740 in
3068 2686 3180 2742 hoc
3211 2688 3431 2744 mundo
3483 2690 3735 2759 peregri-

2085 2764 2274 2818 nantis
2308 2764 2558 2819 civitatis
2587 2764 2691 2820 Dei
2722 2769 2905 2820 totum
2952 2771 3129 2838 atque
3175 2783 3476 2822 summum
3508 2767 3568 2822 in
3619 2768 3727 2824 hac

2082 2843 2435 2898 mortalitate
2470 2844 2794 2914 negotium,
2827 2846 2981 2915 quod
3034 2862 3133 2917 per
3182 2862 3363 2900 unum
3407 2845 3727 2912 hominem,

2079 2939 2252 2993 quem
2285 2939 2426 2978 sane
2457 2923 2628 2978 occisi
2665 2925 3010 2980 resurrectio
3051 2926 3269 2996 genuit,
3318 2927 3731 2982 commendan-

2078 3003 2218 3056 dum
2253 3003 2381 3058 fuit.
2416 3002 2598 3060 Homo
2629 3007 2842 3076 quippe
2888 3005 2986 3062 ille
3018 3022 3170 3062 unus
3226 3006 3406 3061 totius
3459 3023 3726 3077 superne

2076 3081 2328 3137 civitatis
2382 3092 2466 3139 est
2507 3086 2698 3141 unitas
2744 3103 2758 3152 ;
2818 3087 3082 3142 nondum
3143 3086 3378 3153 quidem
3419 3087 3726 3157 completa,

2075 3165 2176 3219 sed
2211 3165 2514 3233 praemissa
2544 3167 2658 3223 ista
2698 3167 3037 3238 prophetica
3072 3166 3539 3239 praeﬁguratione
3568 3182 3724 3222 com-

2075 3243 2307 3314 plenda.
2350 3245 2529 3302 Filius
2577 3263 2712 3317 ergo
2761 3249 2923 3315 Cain,
2957 3249 3065 3303 hoc
3123 3252 3212 3303 est
3271 3247 3434 3303 filius
3490 3263 3728 3318 posses-

2072 3323 2258 3384 sionis
2292 3325 2505 3396 (cujus,
2537 3326 2652 3381 nisi
2677 3329 2980 3396 terrente?)
3015 3329 3226 3382 habeat
3257 3343 3468 3382 nomen
3499 3328 3559 3381 in
3592 3325 3726 3382 civi-

2074 3404 2188 3455 tate
2219 3410 2464 3468 terrena,
2498 3420 2624 3475 quas
2674 3404 2732 3458 in
2764 3407 2892 3475 ejus
2916 3406 3152 3460 nomine
3200 3405 3435 3460 condita
3474 3410 3582 3461 est.
3644 3406 3724 3460 De

2074 3479 2164 3534 his
2194 3485 2282 3535 est
2311 3484 2468 3536 enim
2501 3483 2573 3537 de
2603 3481 2815 3553 quibus
2840 3488 3111 3538 cantatur
3138 3483 3197 3538 in
3217 3483 3466 3552 Psalmo,
3496 3485 3722 3539 Inuoca-

2075 3559 2207 3613 bunt
2237 3562 2466 3616 nomina
2495 3577 2688 3617 eorum
2717 3564 2782 3618 in
2810 3565 2976 3618 terris
3005 3563 3248 3633 ipsorum
3299 3563 3474 3632 (Psal.
3524 3579 3720 3629 vam,

2075 3639 2185 3710 12).
2218 3639 2456 3708 Propter
2478 3644 2632 3712 quod
2666 3644 2923 3711 sequitur
2947 3658 3047 3697 eos
3076 3643 3228 3712 quod
3254 3643 3313 3696 in
3347 3641 3460 3696 alio
3492 3640 3718 3696 Psalmo

2073 3719 2356 3788 scriptum
2388 3723 2491 3784 est,
2528 3720 2852 3788 Domine,in
2873 3723 3095 3776 civitate
3127 3726 3222 3776 tua
3242 3722 3537 3788 imaginem
3567 3720 3719 3791 ipso-

2073 3815 2198 3854 rum
2220 3799 2291 3854 ad
2320 3799 2565 3856 nihilum
2625 3801 2836 3872 rediges
2867 3802 3039 3873 (Psat,
3063 3818 3232 3868 Lxxn,
3265 3802 3380 3871 20).
3410 3800 3591 3856 Filius
3614 3817 3717 3855 au-

2073 3883 2189 3935 tem
2219 3880 2379 3942 Seth,
2408 3881 2516 3937 hoc
2549 3886 2636 3937 est
2659 3882 2812 3937 ﬁlius
2862 3881 3326 3948 resurrectionis,
3379 3886 3572 3952 speret
3627 3881 3723 3935 in-

2074 3979 2281 4020 vocare
2313 3980 2519 4019 nomen
2544 3965 2775 4019 Domini
2811 3965 2928 4021 Dei.
2963 3964 3095 4019 Eam
3129 3963 3346 4035 quippe
3385 3963 3720 4017 societatem

2075 4045 2381 4101 hominum
2417 4047 2746 4118 prasﬁgurat
2778 4063 2906 4117 quas
2924 4045 3085 4112 dicit,
3113 4046 3216 4116 Ego
3238 4053 3440 4110 autem,
3463 4045 3600 4098 sicut
3616 4044 3723 4098 ott-

2075 4143 2144 4182 va
2173 4127 2470 4197 fructifera
2511 4128 2572 4181 in
2602 4127 2758 4182 domo
2805 4128 2902 4182 Dei
2928 4129 3168 4196 speravi,
3218 4127 3278 4179 in
3337 4125 3724 4180 misericordia

2077 4207 2174 4264 Dei
2203 4209 2383 4280 (Psat.
2427 4225 2502 4274 Li,
2546 4206 2872 4279 lO).Vanas
2904 4213 3096 4261 autem
3151 4206 3364 4275 glorias
3414 4205 3614 4260 famosi
3662 4206 3722 4261 in

2076 4293 2232 4344 terra
2258 4288 2515 4343 nominis
2547 4305 2661 4343 non
2695 4287 2997 4358 requirat:
3019 4288 3217 4341 Beatus
3246 4286 3399 4340 enim
3433 4287 3539 4352 vir,
3568 4284 3723 4357 cujus

2076 4372 2154 4425 est
2191 4383 2390 4423 nomen
2420 4368 2640 4424 Domini
2658 4383 2777 4439 spes
2808 4371 2948 4440 ejus,
2979 4370 3030 4422 et
3061 4382 3168 4422 non
3207 4367 3444 4438 respexit
3477 4367 3537 4421 in
3568 4367 3728 4422 vani-

2077 4453 2232 4514 tates,
2264 4457 2313 4503 et
2331 4449 2583 4503 insanias
2613 4448 2900 4502 mendaces
2932 4448 2946 4481 ¹
2981 4446 3437 4518 (Psat.xxx1x,5).
3465 4445 3728 4518 Proposi-

2078 4527 2155 4583 tis
2189 4529 2383 4598 itaque
2425 4529 2656 4584 duabus
2681 4528 3040 4596 civitatibus,
3076 4545 3192 4583 una
3225 4529 3285 4583 in
3310 4543 3370 4582 re
3397 4527 3573 4598 hujus
3622 4543 3726 4581 saa-

2077 4606 2218 4673 culi,
2253 4605 2432 4662 altera
2475 4609 2533 4662 in
2567 4625 2668 4676 spe
2699 4608 3103 4679 Dei,tanquam
3137 4624 3205 4662 ex
3239 4607 3556 4673 communi,
3597 4621 3724 4676 quas

2077 4693 2277 4757 aperta
2305 4693 2394 4742 est
2415 4689 2472 4742 in
2505 4689 2707 4755 Adam,
2729 4690 2910 4758 janua
2953 4686 3325 4742 mortalitatis
3355 4686 3625 4756 egressis,
3662 4696 3725 4747 ut

2080 4773 2427 4840 procurrant
2456 4768 2476 4802 ²
2508 4773 2564 4823 et
2593 4776 2900 4823 excurrant
2929 4768 3000 4821 ad
3045 4766 3328 4820 discretos
3357 4765 3618 4834 proprios
3657 4779 3724 4819 ac

2080 4850 2306 4906 debitos
2339 4850 2505 4917 ﬁnes,
2559 4849 2765 4918 incipit
2802 4846 3194 4901 dinumeratio
3245 4849 3573 4915 temporum
3609 4859 3624 4902 :
3665 4843 3725 4898 in

2081 4946 2199 5002 qua
2219 4934 2275 4984 et
2299 4929 2420 4985 aliae
2471 4928 2871 5000 generationes
2909 4923 3286 4995 adjiciuntur,
3320 4924 3470 4979 facto
3511 4921 3728 5002 recapi-

2082 5000 2362 5066 tﬁulatione
2393 5027 2458 5065 ex
2488 5010 2770 5074 Adam,ex
2792 5007 2962 5078 cujus
2994 5004 3218 5076 origine
3250 5004 3542 5070 damnata,
3576 5000 3731 5060 velu-

2083 5100 2128 5155 ti
2161 5117 2355 5157 massa
2386 5115 2504 5156 una
2527 5100 2741 5155 meritae
2760 5094 3124 5153 damnationi
3155 5093 3389 5164 tradita,
3422 5092 3556 5150 fecit
3574 5091 3726 5150 Deus

2151 5400 2168 5434 ί
2189 5396 2357 5472 Εᾱὶῐί,
2387 5397 2586 5458 falsas.
2634 5395 2702 5444 At
2745 5394 2889 5452 Mss.,
2923 5393 3211 5443 mendaces
3243 5408 3260 5441 :
3290 5391 3367 5443 sic
3391 5389 3588 5456 passim
3613 5390 3723 5444 Διι-

2086 5462 2348 5522 gustinus.

2153 5523 2173 5556 ’3
2208 5524 2287 5571 Ita
2319 5523 2440 5572 Mss.
2473 5520 2613 5571 Editi
2639 5523 2837 5579 autem,
2861 5525 3224 5582 percurrunt.
