4136 6190
373 277 491 338 467

370 415 488 473 alia
508 416 568 472 in
591 416 1006 472 contumeliam
1037 432 1174 472 vasa
1194 417 1311 482 ira,
1345 416 1459 472 alia
1482 417 1541 472 in
1574 417 1851 472 honorem
1881 431 2013 470 vasa

373 498 965 568 misericordieU’lom.
991 514 1068 565 ιχ,
1092 498 1180 564 23)
1207 515 1220 565 ;
1249 498 1364 553 illis
1389 501 1632 554 reddens
1653 499 1805 569 quod
1839 497 2012 552 debe-

372 581 470 631 tur
498 577 557 632 in
592 593 780 648 pmna,
801 577 930 631 istis
962 579 1186 632 donans
1208 577 1366 648 quod
1391 594 1506 633 non
1538 580 1783 634 debetur
1810 579 1863 631 in
1888 593 2014 649 gra-

373 656 488 714 tia:
534 662 598 712 ut
626 675 692 712 ex
727 659 850 727 ipsa
898 657 1071 712 etiam
1105 659 1536 729 comparatione
1566 675 1838 714 vasorum
1899 659 2018 725 irae,

374 752 628 806 superna
657 739 860 793 civitas
890 737 1101 803 discat,
1135 754 1267 808 qua;
1299 739 1697 809 peregrinatur
1728 739 1784 792 in
1828 740 2016 803 terris,

374 833 494 872 non
528 818 705 872 fidere
735 816 1000 872 libertate
1049 817 1276 873 arbitrii
1327 819 1442 888 sui,
1491 823 1587 875 sed
1621 824 1815 890 speret
1851 818 2023 874 invo—

377 915 510 954 care
539 914 752 954 nomen
784 899 1020 954 Domini
1052 897 1170 954 Dei.
1207 899 1488 966 Quoniam
1520 901 1811 967 voluntas,
1845 900 1902 954 in
1918 916 2020 953 na-

374 983 508 1035 tura
538 995 661 1051 quae
702 979 847 1034 facta
881 983 969 1034 est
1001 980 1151 1035 bona
1181 997 1214 1035 a
1247 986 1357 1036 Deo
1391 981 1566 1046 bono,
1595 983 1696 1036 sed
1721 979 2024 1036 mutabilis

375 1059 449 1114 ab
478 1057 858 1127 immutabili,
896 1058 1031 1130 quia
1049 1074 1114 1114 ex
1141 1059 1346 1125 nihilo,
1385 1066 1440 1115 ct
1469 1078 1503 1116 a
1538 1060 1686 1117 bono
1711 1065 1900 1131 potest
1921 1060 2022 1115 de-

375 1139 614 1208 clinare,
640 1145 705 1196 ut
733 1141 905 1195 faciat
927 1140 1168 1207 malum,
1194 1143 1345 1212 quod
1373 1141 1437 1196 fit
1465 1141 1647 1198 libero
1670 1142 1907 1198 arbitrio
1930 1159 1944 1210 ;
1967 1144 2025 1196 et

377 1237 412 1276 a
442 1219 616 1288 malo,
652 1227 712 1275 ut
743 1220 914 1276 faciat
945 1221 1184 1290 bonum,
1225 1223 1377 1292 quod
1413 1238 1528 1277 non
1561 1223 1627 1277 ﬁt
1673 1223 1798 1278 sine
1831 1222 2024 1278 divino

377 1300 689 1371 adjutorio.

379 1463 612 1520 CAPUT
641 1464 808 1521 XXII.
843 1497 912 1506 —
945 1468 1019 1522 De
1047 1467 1214 1537 lapsu
1263 1468 1508 1537 ﬁliorum
1549 1469 1644 1524 Dei
1681 1469 2024 1540 alienigena-

449 1562 574 1600 rum
607 1546 904 1602 mulierum
932 1564 1119 1604 amore
1138 1555 1445 1617 captorum,
1470 1550 1610 1604 unde
1629 1554 1681 1604 et
1704 1567 1911 1616 omnes,
1933 1568 2025 1606 ex-

454 1626 625 1695 ceptis
655 1629 767 1681 octo
799 1627 1136 1691 hominibus,
1167 1628 1376 1684 diluvio
1398 1629 1582 1701 perire
1614 1639 1953 1686 meruerunt.

452 1758 570 1814 Hoc
598 1760 789 1831 itaque
833 1760 1015 1817 libero
1048 1761 1366 1818 voluntatis
1405 1763 1643 1819 arbitrio
1681 1782 1890 1837 genere
1921 1767 2029 1823 hu-

380 1855 552 1894 mano
585 1841 987 1910 progrediente
1009 1847 1183 1912 atque
1223 1850 1540 1912 crescente,
1595 1846 1743 1902 facta
1781 1852 1869 1902 est
1901 1864 2027 1918 per-

378 1920 593 1988 mixtio,
625 1926 682 1975 et
711 1921 1016 1994 iniquitate
1049 1923 1390 1993 participata
1429 1929 1690 1995 quaedam
1728 1928 2030 1998 utriusque

379 2000 644 2055 confusio
675 2002 942 2057 civitatis.
977 2002 1133 2066 Quod
1160 2004 1378 2058 malum
1404 2022 1435 2059 a
1458 2022 1597 2060 sexu
1621 2008 1867 2062 femineo
1899 2025 2030 2063 cau-

379 2097 505 2160 sam
539 2097 745 2136 rursus
769 2083 1024 2137 invenit:
1062 2100 1175 2138 non
1211 2085 1445 2154 quidem
1469 2087 1568 2142 illo
1600 2091 1772 2144 modo
1804 2107 1916 2160 quo
1958 2093 2028 2148 ab

381 2159 578 2225 initio;
615 2177 729 2215 non
761 2163 915 2216 enim
949 2163 1296 2232 cujusquam
1320 2165 1494 2220 etiam
1529 2173 1669 2222 tunc
1693 2159 1917 2226 fallacia
1947 2189 2032 2227 se-

383 2240 570 2295 ductas
617 2240 729 2296 illa;
771 2242 999 2297 feminae
1033 2250 1449 2313 persuaserunt
1499 2256 1799 2318 peccatum
1849 2253 2024 2309 viris:

385 2323 482 2378 sed
519 2321 591 2377 ab
615 2322 782 2378 initio
805 2339 932 2396 quae
957 2325 1145 2394 pravis
1177 2327 1436 2382 moribus
1459 2328 1686 2385 fuerant
1716 2331 1774 2387 in
1807 2341 2032 2390 terrena

386 2402 634 2470 civitate,
690 2403 748 2458 id
797 2410 883 2458 est
921 2405 981 2459 in
1029 2406 1451 2478 terrigenarum
1495 2411 1790 2480 societate,
1823 2421 2032 2472 amata:

387 2491 519 2539 sunt
552 2501 586 2540 a
630 2485 766 2540 ﬁliis
798 2485 922 2554 Dei,
975 2487 1196 2543 civibus
1227 2489 1447 2544 scilicet
1500 2495 1921 2563 peregrinantis
1971 2499 2028 2552 in

387 2564 497 2620 hoc
537 2564 749 2621 seculo
780 2567 1013 2622 alterius
1052 2567 1322 2637 civitatis,
1366 2579 1602 2642 propter
1643 2576 2033 2645 pulchritudi-

386 2661 520 2700 nem
563 2649 822 2718 corporis
864 2647 1017 2718 (Gen.
1060 2649 1194 2714 v1.4
1244 2652 1405 2724 sqq.).
1459 2653 1620 2716 Quod
1674 2659 1886 2713 bonum
1930 2660 2030 2715 Dei

386 2724 611 2806 quidem
641 2726 856 2780 donum
889 2732 1009 2782 est:
1035 2730 1136 2783 sed
1172 2738 1474 2800 propterea
1497 2733 1553 2786 id
1579 2734 1828 2806 largitur
1856 2739 2030 2794 etiam

386 2804 579 2872 malis,
613 2820 684 2860 ne
718 2822 996 2876 magnum
1028 2808 1246 2864 bonum
1275 2812 1539 2868 videatur
1569 2804 1756 2872 bonis.
1795 2818 2030 2876 Deserto

385 2885 578 2971 itaque
609 2902 819 2971 magno
852 2888 1000 2944 bono
1029 2895 1086 2945 et
1118 2893 1400 2950 bonorum
1434 2898 1686 2968 proprio,
1717 2898 1915 2971 lapsus
1943 2908 2032 2958 est

381 2965 572 3049 factus
601 2967 669 3049 ad
712 2967 927 3049 bonum
962 2971 1300 3040 minimum,
1333 2991 1446 3029 non
1498 2965 1664 3031 bonis
1705 2965 2028 3049 proprium,

381 3046 484 3103 sed
517 3045 688 3102 bonis
721 3047 998 3120 malisque
1031 3067 1340 3107 commune
1373 3070 1385 3108 :
1420 3070 1485 3109 ac
1518 3057 1565 3110 si
1599 3045 1718 3111 filii
1739 3045 1838 3114 Dei
1887 3045 2029 3116 ﬁlia?

381 3143 510 3182 rum
545 3128 846 3184 hominum
878 3148 1074 3188 amore
1104 3138 1243 3187 sunt
1273 3135 1449 3206 capti,
1483 3143 1658 3208 atque
1690 3149 1751 3194 ut
1781 3142 1864 3196 eis
1897 3159 2032 3198 con-

377 3208 624 3294 j_ug_ibus
661 3211 1010 3294 fruerentur,
1051 3213 1125 3294 in,
1158 3229 1349 3270 mores
1396 3218 1690 3274 societatis
1729 3223 2029 3294 terrigenas

380 3289 769 3356 deﬂuxerunt,
803 3291 1034 3346 deserta
1073 3292 1285 3362 pietate
1319 3311 1489 3366 quam
1524 3297 1581 3351 in
1624 3306 1822 3357 sancta
1853 3289 2033 3360 socie-

382 3371 502 3450 tate
540 3371 857 3425 servabant.
909 3370 1002 3426 Sic
1049 3373 1206 3427 enim
1255 3377 1511 3446 corporis
1561 3379 1954 3450 pulchritudo,
1999 3403 2031 3441 a

383 3446 500 3503 Deo
543 3450 777 3518 quidem
811 3450 1049 3516 factum,
1083 3453 1183 3507 sed
1225 3446 1578 3526 temporale;
1599 3461 1856 3527 carnale,
1898 3446 2029 3520 inii-

382 3543 540 3615 mum
573 3529 812 3599 bonum,
839 3531 999 3615 male
1029 3542 1259 3588 amatur
1285 3538 1606 3607 postposito
1641 3541 1771 3611 Deo,
1795 3548 2026 3615 aeterno,

383 3607 636 3692 interno,
669 3613 1019 3682 sempiterno
1053 3615 1203 3669 bono
1239 3631 1252 3668 :
1290 3607 1777 3686 quemadmodum
1805 3607 2032 3692 justitia

383 3687 613 3770 deserta
636 3693 700 3770 et
737 3707 946 3745 aurum
989 3700 1222 3747 amatur
1251 3696 1320 3748 ab
1365 3698 1574 3764 avaris,
1609 3700 1766 3754 nullo
1803 3687 2030 3770 peccato

380 3767 528 3831 auri,
549 3769 650 3822 sed
674 3769 953 3826 hominis.
982 3771 1061 3826 Ita
1084 3790 1145 3828 se
1163 3773 1339 3829 habet
1361 3778 1553 3832 omnis
1575 3767 1859 3836 creatura.
1885 3785 2029 3838 Cum

380 3845 538 3930 enim
564 3846 715 3902 bona
732 3851 835 3930 sit,
860 3856 916 3905 et
939 3852 1085 3905 bene
1110 3859 1296 3922 potest
1328 3858 1535 3924 amari,
1560 3865 1616 3913 et
1641 3860 1790 3916 male
1816 3878 1828 3915 :
1861 3862 2028 3930 bene,

380 3925 607 4011 scilicet
645 3928 850 4011 ordine
889 3932 1206 4000 custodito;
1243 3936 1415 4006 uncle,
1441 3940 1645 3994 ordine
1672 3925 2026 4011 perturbato.

381 4005 651 4142 oin
712 4007 883 4064 laude
941 4012 1195 4081 quadam
1242 4015 1399 4072 Cerei
1459 4005 1709 4077 breviter
1765 4024 2029 4082 versibus

445 4239 583 4313 ἔξω
611 4242 706 4313 tua
733 4244 1218 4313 sunt,_bona_snnt,
1248 4251 1376 4311 quia
1403 4254 1461 4302 tu
1494 4253 1665 4304 bonus
1692 4255 1795 4304 ista
1819 4259 2026 4306 creasti.

443 4301 794 4380 ἕξζῃρειτιιιξι
824 4310 904 4380 est
941 4309 998 4356 in
1026 4311 1120 4380 eis,
1151 4301 1442 4380 nisi-quod
1462 4301 2026 4380 pecceadé'azﬁa'xiiéé,

445 4363 638 4414 Ordine
665 4369 919 4428 neglecto,
949 4384 1044 4432 pro
1075 4374 1142 4425 te.
1172 4363 1326 4436 quod:
1341 4363 1808 4431 oomﬁiﬁilbg'té'.‘

382 4517 621 4608 Greater
647 4527 838 4608 autem
872 4523 1216 4608 siveraciter
1245 4534 1493 4597 ametur,
1527 4532 1632 4588 hoc
1664 4541 1767 4604 est,
1802 4536 1849 4590 si
1883 4537 2024 4608 ipse,

382 4613 496 4685 non
549 4597 866 4685 aliud-pro
917 4602 1014 4657 illo
1073 4605 1225 4674 quod
1269 4623 1381 4661 non
1442 4615 1528 4664 est
1577 4613 1722 4682 ipse,
1755 4597 2026 4685 ametur,

381 4677 533 4733 male
564 4681 740 4761 amari
776 4698 892 4738 non
925 4688 1131 4754 potest.
1165 4686 1307 4740 Nam
1340 4693 1579 4743 etamor
1603 4677 1732 4761 ipse
1765 4677 2026 4751 ordinate

381 4757 672 4842 amandus
702 4765 810 4826 est,
834 4779 948 4834 quo
972 4763 1114 4820 bene
1143 4771 1371 4821 amatur
1393 4768 1548 4838 quod
1567 4757 1886 4827 amandum
1915 4780 2023 4842 est,

379 4845 446 4894 ut
475 4839 554 4894 sit
584 4839 643 4895 in
677 4842 845 4898 nobis
874 4845 1056 4899 virtus
1089 4861 1205 4918 qua
1233 4848 1448 4902 vivitur
1478 4849 1642 4908 bene.
1677 4852 1842 4908 Unde
1884 4839 2026 4908 mihi

379 4921 630 4990 videtur,
657 4925 809 4993 quod
841 4927 1102 4982 definitio
1135 4929 1325 4986 brevis
1351 4937 1406 4986 et
1435 4948 1568 4987 vera
1598 4932 1850 5002 virtutis,
1875 4934 2027 4991 Ordo

381 5009 468 5056 est
508 5005 723 5058 amoris
756 5021 768 5058 :
803 5013 1034 5076 propter
1066 5011 1218 5078 quod
1259 5012 1317 5065 in
1351 5018 1550 5068 sancto
1582 5012 1821 5070 Cantico
1853 5017 2028 5071 canti-

383 5096 580 5136 corum
625 5090 820 5138 cantat
855 5104 1067 5155 sponsa
1107 5089 1558 5158 Christi,civitas
1601 5095 1723 5159 Dei,
1768 5097 2030 5154 Ordinate

383 5162 912 5248 inlinecharitatem
943 5167 1170 5236 (Cantic.
1209 5186 1268 5235 ιι,
1303 5173 1374 5240 4).
1409 5173 1593 5242 Hujus
1628 5175 1808 5248 igitur
1837 5178 2028 5232 chari-

383 5241 540 5312 tatis,
565 5243 674 5299 hoc
696 5248 805 5312 est,
830 5245 1158 5304 dilectionis
1179 5253 1464 5307 etamoris
1486 5241 1688 5311 ordine
1708 5257 1784 5328 (α)
1802 5264 2029 5328 pertur-

447 5413 532 5496 Sic
548 5431 742 5496 pmnes
770 5421 837 5495 ad
859 5435 1032 5496 unum
1060 5421 1183 5471 libri
1210 5423 1331 5496 Mss.
1363 5426 1436 5496 At_
1449 5428 1585 5496 editi
1617 5429 1681 5480 in
1711 5431 1876 5481 laude
1909 5434 2028 5496 qui-

384 5477 514 5525 dam
545 5479 824 5531 Creatoris
851 5485 1089 5534 breviter
1124 5487 1370 5535 versibus
1401 5477 1567 5539 dixit.

451 5540 524 5600 (α)
552 5541 696 5593 Cont.
727 5546 820 5597 lib.
853 5547 874 5595 1
899 5549 963 5599 de
992 5549 1134 5600 Doct.
1170 5549 1381 5608 Christ,
1412 5565 1466 5602 n.
1495 5553 1575 5603 28.

1425 278 1524 338 DE
1567 277 1932 342 CIVITATE
1977 278 2132 354 DEI,
2178 280 2243 338 S.
2291 280 2724 343 AUGUSTINI

3659 284 3776 348 468

2124 414 2278 482 bato,
2311 415 2493 470 Deum
2527 416 2631 471 filii
2657 418 2755 474 Dei
2786 417 3260 489 neglexerunt,et
3290 418 3441 475 ﬁlias
3463 419 3774 477 hominum

2124 495 2469 550 dilexerunt.
2503 497 2724 560 Quibu
2763 500 2997 554 duobus
3032 500 3367 555 nominibus
3397 501 3538 555 satis
3569 501 3777 558 civitas

2127 581 2374 647 utraque
2423 577 2790 633 discernitur.
2825 579 3022 650 Neque
3059 581 3212 634 enim
3244 585 3302 634 et
3332 580 3419 636 illi
3451 597 3564 636 non
3609 587 3781 636 erant

2127 655 2228 710 filii
2258 657 2561 712 hominum
2596 674 2696 729 per
2734 667 3032 726 naturam;
3067 661 3168 715 sed
3203 659 3359 715 aliud
3393 676 3606 717 nomen
3659 678 3779 718 cm-

2127 746 2331 808 perant
2349 737 2556 793 habere
2580 755 2681 810 per
2694 742 2961 811 gratiam.
2981 741 3124 796 Nam
3145 742 3202 796 in
3221 741 3424 796 eadem
3449 742 3778 814 Scriptura,

2128 828 2228 883 ubi
2283 829 2424 883 dicti
2471 834 2610 884 sunt
2653 830 2926 886 dilexisse
2978 831 3126 886 filias
3175 830 3479 887 hominum
3514 831 3619 887 filii
3651 833 3781 901 Dei,

2126 908 2300 964 iidem
2335 909 2472 963 dicti
2503 915 2643 965 sunt
2673 913 2842 966 etiam
2859 912 3049 982 angeli
3083 911 3200 967 Dei.
3235 911 3397 968 Unde
3442 913 3575 969 illos
3606 913 3783 969 multi

2126 993 2334 1061 putant
2366 1005 2477 1044 non
2512 990 2780 1046 homines
2811 991 3019 1058 fuisse,
3055 996 3152 1048 sed
3186 991 3438 1064 angelos.

2127 1168 2354 1224 CAPUT
2383 1169 2587 1225 XXIII.
2623 1200 2688 1210 —
2719 1170 2800 1224 An
2819 1169 3145 1225 credendum
3172 1170 3245 1225 sit
3275 1170 3492 1241 angelos
3520 1171 3782 1226 substan-

2197 1251 2289 1304 tiae
2308 1247 2839 1319 spiritualis,amore
2857 1251 3223 1319 speciosarum
3253 1251 3548 1305 mulierum
3567 1260 3782 1321 captos,

2199 1329 2514 1384 earumdem
2545 1328 2737 1384 iniisse
2765 1328 3042 1400 conjugia,
3074 1345 3144 1385 ex
3171 1328 3370 1401 quibus
3389 1333 3638 1401 gigantes
3663 1333 3784 1386 sint

2202 1414 2395 1467 creati.

2202 1570 2252 1625 l.
2287 1573 2470 1634 Quam
2490 1571 2868 1642 quaestionem
2892 1587 2998 1626 nos
3022 1574 3387 1626 transeunter
3415 1586 3782 1627 commemo-

2131 1656 2314 1706 ratam
2350 1652 2404 1703 in
2449 1651 2614 1706 tertio
2649 1650 2827 1720 hujus
2857 1652 3048 1722 cperis
3081 1651 3227 1705 libro
3258 1652 3404 1721 (cap.
3435 1651 3491 1721 5)
3543 1651 3784 1721 reliqui-

2133 1749 2264 1787 mus
2296 1731 2633 1798 insolutam,
2666 1730 2867 1786 Utrum
2903 1732 3130 1803 possint
3160 1731 3510 1802 angeli,cum
3535 1734 3783 1802 spiritus

2132 1814 2270 1880 sint,
2304 1813 2680 1883 corporaliter
2709 1814 2862 1868 coire
2894 1829 3027 1869 cum
3060 1814 3322 1869 feminis.
3361 1813 3656 1883 Scriptum
3694 1821 3782 1869 est

2135 1895 2312 1961 enim,
2366 1895 2474 1961 Qui
2495 1895 2628 1963 [acit
2679 1894 2902 1962 angelos
2948 1909 3075 1948 suos
3123 1896 3386 1964 spiritus:
3421 1893 3476 1947 id
3524 1899 3635 1958 est,
3681 1911 3780 1949 eos

2134 1976 2233 2046 qui
2278 1983 2481 2029 natura
2521 1975 2760 2045 spiritus
2805 1978 2962 2042 sunt,
3001 1974 3134 2029 facit
3163 1990 3288 2030 esse
3336 1975 3575 2045 angelos
3615 1992 3779 2040 suos,

2133 2056 2488 2124 injungendo
2517 2055 2602 2109 eis
2633 2055 2891 2109 ofﬁcium
2920 2055 3246 2109 nuntiandi.
3281 2054 3386 2118 Qui
3409 2056 3562 2108 enim
3596 2071 3782 2126 graece

2133 2137 2350 2190 dicitur
2370 2131 2620 2208 ἄγγελος,
2645 2136 2798 2206 quod
2822 2151 3031 2188 nomen
3053 2134 3233 2189 latina
3256 2134 3644 2190 declinatione
3677 2153 3780 2190 an-

2134 2216 2297 2286 gelus
2331 2216 2684 2286 perhibetur,
2721 2217 2895 2269 latina
2929 2215 3131 2286 lingua
3163 2215 3406 2269 nuntius
3431 2216 3776 2286 interpreta-

2134 2300 2250 2351 tur.
2304 2297 2409 2350 Sed
2463 2300 2653 2349 utrum
2689 2310 2887 2349 eorum
2921 2310 3165 2365 corpora
3218 2300 3645 2366 consequenter
3675 2296 3778 2349 ad-

2127 2377 2409 2448 junxerit,
2434 2375 2699 2442 dicendo,
2723 2376 2785 2429 Et
2817 2377 3098 2430 ministros
3123 2391 3250 2431 suos
3279 2377 3464 2446 ignem
3492 2375 3781 2432 ardentem

2135 2456 2306 2528 (Psal.
2331 2472 2449 2521 cm,
2481 2455 2575 2526 5):
2603 2473 2675 2510 an
2699 2456 2848 2525 quod
2872 2455 3158 2510 charitate
3182 2461 3463 2526 tanquam
3492 2456 3630 2526 igne
3663 2458 3781 2528 spi-

2135 2537 2332 2591 rituali
2363 2537 2579 2591 fervere
2627 2538 2873 2591 debeant
2924 2536 3177 2590 ministri
3227 2536 3374 2606 ejus,
3429 2536 3778 2607 ambiguum

2135 2617 2602 2688 est.Apparuisse
2635 2624 2826 2671 tamen
2859 2615 3201 2672 hominibus
3223 2616 3536 2687 angelosin
3562 2618 3778 2673 talibus

2135 2699 2497 2769 corporibus,
2523 2707 2583 2752 ut
2615 2715 2727 2753 non
2751 2697 2937 2753 solum
2963 2699 3162 2765 videri,
3180 2713 3380 2752 verum
3403 2698 3578 2753 etiam
3619 2699 3776 2770 tangi

2137 2784 2396 2851 possent,
2446 2779 2647 2832 eadem
2701 2779 3002 2833 verissima
3049 2778 3352 2847 Scriptura
3402 2782 3675 2832 testatur.
3709 2783 3779 2834 Et

2137 2860 2414 2932 quoniam
2445 2859 2795 2913 creberrima
2827 2861 2981 2913 fama
3010 2867 3116 2922 est,
3151 2858 3437 2928 multique
3469 2875 3531 2913 se
3571 2874 3779 2929 exper—

2134 2944 2247 3006 tos,
2275 2939 2362 2993 vel
2395 2938 2466 2992 ab
2487 2939 2568 2992 eis
2598 2939 2698 3009 qui
2757 2939 2979 3008 experti
3009 2943 3224 3005 essent,
3259 2939 3330 2992 de
3375 2955 3622 3008 quorum
3666 2939 3776 2992 (ide

2134 3019 2521 3074 dubitandum
2555 3035 2670 3073 non
2714 3023 2803 3074 est
2834 3020 2872 3086 ‘,
2905 3018 3137 3074 audisse
3185 3018 3556 3087 confirmant,
3603 3019 3782 3075 Silva-

2137 3115 2243 3154 nos
2269 3099 2310 3164 ³,
2329 3103 2383 3154 et
2409 3099 2661 3166 Faunos,
2686 3115 2834 3171 quos
2857 3099 3028 3168 vulgo
3060 3098 3304 3153 incubos
3327 3100 3778 3170 vocant,impro-

2138 3179 2238 3234 bos
2261 3195 2412 3249 saepe
2442 3179 2735 3234 exstitisse
2759 3179 3124 3247 mulieribus,
3168 3183 3226 3233 et
3255 3195 3450 3233 earum
3490 3181 3780 3249 appetisse

2136 3278 2202 3316 ac
2227 3260 2520 3330 peregisse
2542 3260 2918 3314 concubitum
2942 3261 3020 3330 (α)
3045 3260 3430 3328 ;etquosdam
3457 3260 3775 3329 daemones,

2137 3358 2281 3413 quos
2303 3340 2507 3396 Dusios
2527 3339 2671 3395 Galli
2696 3347 3055 3411 nuncupant,
3087 3339 3238 3393 hanc
3264 3339 3486 3394 aes-idus
3509 3343 3778 3393 immun-

2135 3421 2338 3485 ditiam
2371 3425 2429 3474 et
2458 3427 2678 3474 tentare
2701 3424 2755 3473 et
2771 3419 3019 3487 efficere,
3053 3418 3248 3489 plures
3272 3418 3528 3489 talesque
3561 3434 3784 3474 asseve-

2135 3507 2288 3568 rant,
2323 3506 2387 3555 ut
2406 3502 2511 3556 hoc
2534 3517 2744 3572 negare
2766 3500 3145 3571 impudentiae
3178 3499 3480 3554 videatur:
3505 3515 3617 3553 non
3641 3498 3785 3555 hinc

2135 3582 2355 3653 aliquid
2388 3585 2568 3637 audeo
2613 3581 2873 3648 delinire,
2910 3586 3108 3635 utrum
3156 3580 3336 3652 aliqui
3389 3580 3633 3650 spiritus
3678 3583 3788 3636 cle-

2135 3670 2330 3719 mente
2358 3663 2510 3718 aerio
2555 3663 2840 3733 corporati
2873 3661 3033 3733 (nam
3067 3661 3174 3716 hoc
3203 3663 3570 3716 elementum
3616 3661 3789 3716 etiam

2134 3761 2267 3800 cum
2302 3747 2550 3816 agitatur
2567 3742 2817 3807 ﬂabello,
2852 3758 3025 3796 sensu
3052 3741 3308 3811 corporis
3343 3749 3622 3813 tactuque
3659 3759 3791 3797 sen-

2132 3827 2318 3896 titur),
2354 3825 2577 3896 possint
2621 3825 2794 3878 etiam
2842 3823 2990 3877 hanc
3027 3821 3141 3893 pati
3190 3821 3520 3889 libidinem,
3554 3827 3619 3877 ut
3655 3839 3789 3894 quo-

2134 3907 2305 3961 modo
2340 3901 2998 3976 possunt,sentientibus
3037 3901 3266 3957 feminis
3298 3903 3675 3958 misceantur.
3694 3903 3786 3958 Dei

2133 3990 2328 4041 tamen
2359 3984 2607 4056 Angelos
2636 3989 2866 4038 sanctos
2887 3982 3043 4038 nullo
3077 3984 3249 4038 modo
3282 3981 3381 4037 illo
3415 3994 3676 4054 tempore
3705 3984 3784 4038 sic

2130 4067 2244 4121 labi
2279 4068 2536 4138 potuisse
2567 4064 2913 4120 crediderim
2944 4081 2956 4118 :
2991 4080 3095 4119 nec
3126 4065 3196 4119 de
3230 4065 3318 4119 his
3353 4064 3570 4119 dixisse
3619 4081 3786 4136 apos-

2131 4151 2316 4204 tolum
2353 4145 2670 4208 Petrum,Si
2699 4144 2851 4200 enim
2882 4145 3021 4199 Deus
3049 4145 3266 4215 angelis
3297 4145 3650 4211 peccantibus
3681 4160 3785 4200 non

2130 4231 2386 4301 pepercit,
2405 4228 2496 4281 sed
2520 4225 2828 4281 carceribus
2857 4225 3116 4294 caliginis
3146 4225 3322 4295 inferi
3353 4225 3647 4281 retrudens
3668 4231 3783 4280 tra-

2129 4310 2267 4366 didit
2310 4310 2370 4360 in
2402 4306 2616 4376 judicio
2645 4307 2949 4374 puniendos
2990 4309 3263 4362 reservari
3289 4307 3366 4374 (II
3396 4307 3538 4361 Pelr.
3595 4323 3653 4373 ιι,
3687 4307 3780 4374 4);

2132 4392 2230 4446 sed
2267 4388 2458 4460 potius
2491 4388 2560 4441 de
2590 4386 2705 4441 illis
2737 4388 2838 4457 qui
2874 4389 3128 4456 primum
3176 4391 3577 4456 apostatantes
3608 4404 3638 4440 a
3668 4385 3783 4441 Deo

2131 4486 2266 4526 cum
2298 4467 2525 4523 diabolo
2559 4468 2812 4539 principe
2851 4482 2956 4522 suo
2983 4467 3334 4534 ceciderunt,
3368 4465 3467 4536 qui
3532 4466 3784 4536 primum

2132 4547 2427 4605 hominem
2453 4564 2555 4618 per
2580 4547 2860 4602 invidiam
2895 4546 3227 4617 serpentino
3257 4546 3462 4601 fraude
3509 4547 3717 4615 dejecit
3743 4545 3785 4600 ³.

2134 4629 2386 4696 Angelos
2428 4632 2625 4683 autem
2679 4627 2854 4681 fuisse
2899 4626 3072 4680 etiam
3109 4626 3205 4680 Dei
3247 4626 3516 4680 homines
3567 4641 3790 4679 nuncu-

2134 4710 2319 4771 patos,
2348 4701 2548 4756 eadem
2582 4698 2884 4769 Scriptura
2914 4703 3113 4752 sancta
3135 4696 3598 4769 locupletissima
3627 4697 3789 4752 testis

2134 4787 2222 4838 est
2251 4781 2345 4852 (ὁ).
2373 4778 2517 4835 Nam
2547 4783 2603 4835 et
2633 4779 2700 4834 de
2732 4778 2948 4835 Joanne
2989 4777 3276 4848 scriptum
3310 4781 3420 4847 est,
3467 4777 3598 4832 Ecce
3633 4779 3786 4832 milia

2200 5059 2215 5093 ι
2245 5057 2418 5106 Nostri
2445 5056 2664 5112 codices,
2694 5069 2809 5103 non
2841 5061 2993 5104 esset.
3030 5055 3098 5103 M.

2198 5120 2220 5153 ‘3
2249 5120 2342 5168 Hic
2371 5121 2512 5182 apud
2544 5120 2688 5174 Lov.,
2721 5118 2950 5174 additur,
2971 5117 3180 5166 Panes:
3215 5117 3356 5179 quod
3386 5117 3453 5165 ab
3481 5115 3637 5166 editis
3663 5116 3783 5165 aliis

2135 5184 2188 5233 et
2214 5183 2339 5232 Mss.
2375 5183 2541 5231 abest.

2200 5247 2221 5280 ³
2255 5247 2340 5295 Sic
2366 5245 2488 5294 Mss.
2518 5243 2655 5292 Editi
2682 5255 2828 5301 vero,
2858 5242 3080 5304 decepti.

2201 5309 2276 5368 (α)
2308 5310 2494 5370 Supra,
2524 5307 2616 5355 lib.
2650 5305 2698 5366 6,
2729 5319 2840 5367 cap.
2872 5305 2922 5364 9,
2952 5319 3003 5352 n.
3035 5304 3082 5370 2.

2192 5365 2270 5433 (b)
2309 5365 2451 5420 Idem
2497 5365 2849 5433 observarunt
2888 5369 3262 5433 Tertullianus.
3315 5365 3782 5433 contra__Jndaeo_s,

2134 5429 2227 5496 lib.
2251 5429 2315 5487 '2.
2367 5447 2461 5496 cap
2511 5433 2575 5489 0;
2629 5432 2858 5480 Joannes
2905 5429 3582 5492 Chrysostomus,llomilia
3621 5430 3680 5478 21
3730 5430 3784 5476 in

2137 5495 2398 5545 Genesim.
2431 5496 2687 5548 Coouuus.
