4138 6192
297 329 411 390 469

299 465 560 538 angelum
591 478 772 518 meum
815 462 940 516 ante
963 458 1370 538 faciemtuam,
1432 457 1528 530 qui
1585 458 1936 528 praeparabit

294 547 436 602 viam
458 552 610 600 tuam
640 543 824 611 (Marc.
858 556 899 604 ι,
927 543 1008 608 2).
1045 539 1106 592 Et
1139 537 1457 593 Malachias
1502 537 1782 608 propheta
1806 555 1936 609 pro-

293 626 413 698 pria
435 623 709 694 quadam,
743 621 799 674 id
831 623 918 674 est
967 619 1076 672 sibi
1107 617 1355 698 proprie
1399 618 1712 688 impertita,
1760 618 1944 687 gratia

291 697 482 763 dictus
513 708 602 760 est
631 701 874 773 angelus
903 697 1151 766 (Malach.
1185 715 1248 764 ιι,
1267 699 1342 768 7),

358 787 411 840 2.
442 785 656 840 Verum
695 781 805 837 hoc
837 785 1027 834 movet
1059 779 1369 849 quosdam,
1414 779 1564 850 quod
1599 794 1666 832 ex
1695 777 1810 834 illis
1839 780 1939 848 qui

292 867 427 923 dicti
459 870 596 922 sunt
626 861 817 934 angeli
853 861 972 926 Dei,
1004 863 1061 914 et
1082 875 1151 914 ex
1176 859 1523 914 mulieribus
1545 875 1688 929 quas
1713 876 1941 915 amave-

291 951 447 1012 runt,
472 961 587 1001 non
620 943 787 1015 quasi
820 941 1088 996 homines
1113 938 1342 1011 generis
1375 939 1578 1004 nostri,
1613 941 1706 993 sed
1735 939 1940 1009 gigan-

289 1034 375 1086 tes
391 1026 642 1099 legimus
662 1039 791 1080 esse
812 1026 999 1078 natos.
1023 1020 1198 1086 Quasi
1219 1036 1352 1077 vero
1373 1035 1618 1090 corpora
1643 1020 1938 1074 hominum

289 1109 530 1164 modum
561 1108 826 1160 nostrum
859 1102 1024 1172 longe
1055 1099 1410 1168 excedentia,
1442 1099 1591 1169 quod
1619 1099 1794 1154 etiam
1840 1115 1939 1153 su-

286 1207 386 1260 pra
417 1182 870 1244 commemoravi
900 1182 1045 1251 (cap.
1077 1181 1157 1251 9),
1191 1197 1304 1235 non
1328 1180 1506 1234 etiam
1540 1179 1757 1234 nostris
1791 1187 1937 1234 tem-

286 1269 525 1341 poribus
558 1269 693 1321 nata
723 1267 882 1318 sunt.
911 1261 1112 1316 Nonne
1144 1265 1278 1315 ante
1308 1276 1526 1330 paucos
1551 1276 1756 1324 annos,
1800 1276 1933 1315 cum

286 1351 560 1407 Romanis
608 1345 793 1408 urbis,
825 1343 975 1414 quod
1011 1359 1044 1396 a
1081 1341 1284 1396 Gothis
1327 1342 1548 1396 factum
1580 1348 1686 1406 est,
1719 1358 1938 1412 appro-

285 1431 600 1502 pinquaret
646 1423 954 1490 excidium,
1003 1421 1197 1476 Romae
1243 1421 1348 1475 fuit
1389 1422 1606 1475 femina
1654 1438 1785 1475 cum
1827 1439 1934 1477 suo

283 1520 445 1583 patre
476 1517 530 1565 et
552 1524 661 1563 sua
702 1509 911 1570 matre,
956 1520 1083 1573 quas
1117 1518 1353 1572 corpore
1383 1502 1814 1571 quodammodo
1841 1503 1934 1572 gi-

279 1596 490 1665 ganteo
542 1589 714 1658 longe
762 1585 981 1665 caeteris
1028 1584 1469 1654 praemineret?
1510 1585 1586 1636 Ad
1638 1600 1810 1654 quam
1853 1586 1934 1638 vi-

277 1664 521 1728 sendam
571 1667 857 1724 mirabilis
903 1664 1078 1719 ﬁebat
1123 1680 1541 1734 usquequaque
1590 1680 1929 1720 concursus.

276 1753 343 1808 Et
377 1753 485 1807 hoc
516 1754 642 1806 erat
671 1746 919 1802 maxime
967 1744 1362 1813 admirationi,
1413 1745 1568 1816 quod
1619 1748 1791 1800 ambo
1832 1762 1930 1815 pa-

276 1837 470 1888 rentes
501 1831 629 1900 ejus
665 1844 767 1882 nec
803 1824 1012 1881 saltem
1059 1833 1176 1879 tam
1223 1825 1380 1894 longi
1432 1824 1700 1879 homines
1744 1830 1925 1896 erant,

273 1930 450 1984 quam
482 1908 861 1982 longissimos
891 1905 1083 1960 videre
1127 1903 1558 1960 consuevimus.
1607 1906 1928 1960 Potuerunt

271 2009 415 2064 ergo
448 1993 710 2064 gigantes
745 1988 904 2043 nasci
937 1996 991 2041 et
1021 1985 1179 2056 prius
1213 2002 1388 2057 quam
1423 1985 1529 2038 ﬁlii
1563 1985 1685 2050 Dei,
1720 1987 1820 2055 qui
1871 1991 1927 2040 et

270 2073 466 2144 angeli
518 2071 620 2126 Dei
667 2068 806 2124 dicti
839 2075 987 2134 sunt,
1020 2065 1252 2119 ﬁliabus
1289 2064 1631 2131 hominum,
1684 2065 1791 2120 hoc
1839 2070 1926 2120 est

270 2153 607 2210 secundum
639 2148 938 2204 hominem
981 2145 1318 2212 viventium,
1364 2145 1779 2209 miscerentur;
1822 2144 1925 2198 ﬁlii

266 2233 504 2289 scilicet
533 2229 672 2284 Seth
705 2227 938 2280 ﬁliabus
969 2225 1128 2278 Cain.
1163 2224 1304 2278 Nam
1335 2230 1392 2278 et
1421 2225 1700 2278 canonica
1732 2225 1924 2294 Scrip-

265 2317 414 2367 tura
444 2310 528 2364 sic
562 2307 841 2377 loquitur,
877 2305 937 2358 in
967 2319 1079 2372 quo
1109 2302 1256 2358 libro
1289 2303 1408 2357 haec
1451 2302 1713 2371 legimus,
1758 2304 1927 2372 cujus

263 2391 454 2448 verba
485 2390 599 2444 ista
631 2390 768 2442 sunt
803 2403 814 2440 :
849 2385 912 2438 Et
937 2384 1148 2452 factum
1186 2389 1284 2448 est,
1329 2387 1610 2454 postquam
1653 2387 1928 2454 cceperunt

266 2473 534 2528 homines
563 2468 728 2522 multi
757 2467 884 2536 ﬁeri
913 2480 1076 2533 super
1101 2468 1328 2529 terram,
1366 2468 1416 2518 et
1441 2465 1576 2532 ﬁliae
1620 2475 1765 2518 natae
1804 2471 1931 2519 sunt

262 2550 395 2607 illis
428 2567 446 2604 :
491 2547 736 2603 videntes
777 2543 1008 2599 autem‘
1052 2543 1238 2612 angeli
1283 2544 1380 2598 Dei
1424 2544 1571 2612 ﬁlias
1619 2544 1927 2615 hominum,

263 2635 407 2706 quia
442 2632 593 2685 bona
623 2631 771 2693 sunt,
803 2630 1155 2694 sumpserunt
1191 2624 1300 2678 sibi
1332 2640 1526 2679 uxores
1565 2641 1637 2680 ea:
1672 2626 1930 2681 omnibus

263 2704 409 2787 quas
447 2710 744 2780 elegerant.
781 2708 843 2761 Et
872 2706 1015 2760 dixit
1047 2704 1310 2787 Dominus
1344 2706 1480 2787 Deus
1514 2722 1533 2759 :
1564 2707 1677 2761 Non
1707 2723 1926 2776 perma-

262 2785 431 2851 nebit
461 2791 703 2861 spiritus
735 2802 886 2841 meus
929 2787 994 2841 in
1043 2785 1358 2840 hominibus
1403 2785 1490 2840 his
1535 2788 1593 2840 in
1632 2794 1928 2846 aeternum,

262 2879 498 2947 propter
542 2867 683 2941 quod
733 2883 861 2922 caro
907 2867 1282 2947 sunt._rErunt
1338 2870 1519 2920 autem
1569 2865 1692 2920 dies
1744 2883 1931 2921 eorum

269 2944 500 3011 centum
554 2947 764 3022 viginti
821 2946 981 3001 anni.
1034 2944 1288 3013 Gigantes
1332 2950 1513 2999 autem
1553 2951 1712 3000 erant
1763 2962 1932 3015 super

266 3045 483 3092 terram
508 3034 566 3086 in
607 3030 800 3085 diebus
853 3027 1021 3081 illis:
1071 3035 1120 3080 et
1166 3033 1287 3096 post
1331 3025 1471 3080 illud
1498 3042 1623 3079 cum
1655 3025 1931 3081 intrarent

266 3115 381 3186 ﬁlii
439 3113 540 3168 Dei
591 3111 659 3166 ad
709 3107 858 3180 ﬁlias
927 3106 1237 3173 hominum,
1284 3112 1343 3186 et
1416 3106 1755 3175 generabant
1799 3107 1927 3174 sibi,

264 3185 364 3251 illi
420 3201 584 3249 erant
640 3190 909 3260 gigantes.
943 3204 975 3242 a
1022 3187 1222 3241 saeculo
1271 3185 1514 3241 homines
1559 3187 1834 3241 nominati
1853 3187 1931 3259 (a)

269 3276 441 3348 (Gen.
496 3289 574 3337 v1,
623 3270 766 3340 1-4).
818 3270 946 3322 llaec
1000 3266 1135 3348 libri
1205 3267 1374 3348 verba
1422 3266 1602 3348 divini
1655 3268 1799 3322 satis
1848 3269 1934 3322 in-

272 3346 509 3418 dicant,
569 3352 692 3422 jam
749 3348 865 3404 illis
948 3347 1153 3401 diebus
1204 3346 1386 3400 fuisse
1439 3346 1702 3416 gigantes
1762 3363 1936 3418 super

264 3439 521 3500 terram,
555 3431 790 3504 quando
837 3428 938 3484 ﬁlii
996 3427 1095 3483 Dei
1166 3431 1509 3497 acceperunt
1550 3443 1750 3482 uxores
1782 3429 1936 3482 ﬁlias

267 3515 619 3578 hominum,
660 3527 791 3566 cum
842 3526 940 3566 eas
988 3512 1254 3563 amarent
1304 3509 1506 3572 bonas,
1559 3506 1617 3560 id
1663 3511 1751 3561 est
1808 3507 1938 3578 pul-

265 3599 477 3655 chras.
534 3592 908 3650 Consuetudo
971 3590 1186 3661 quippe
1224 3589 1537 3659 Scriptura
1593 3587 1770 3658 hujus
1828 3593 1935 3664 est,

267 3679 462 3734 etiam
514 3673 807 3746 speciosos
876 3686 1134 3740 corpore,
1202 3669 1386 3723 bonos
1437 3683 1660 3722 vocare.
1724 3669 1832 3723 Sed
1884 3674 1940 3725 et

266 3764 601 3831 postquam
634 3754 741 3808 hoc
784 3752 1000 3807 factum
1035 3755 1142 3816 est,
1179 3749 1297 3804 nati
1343 3754 1482 3804 sunt
1519 3749 1807 3819 gigantes.
1845 3750 1939 3804 Sic

270 3841 437 3897 enim
479 3837 606 3893 ait:
665 3837 926 3904 Gigantes
977 3835 1160 3886 autem
1203 3836 1364 3886 erant
1412 3846 1580 3902 super
1624 3835 1833 3886 terram
1883 3833 1937 3887 in

267 3921 479 3977 diebus
508 3916 628 3972 illis
659 3933 676 3969 :
708 3921 755 3970 et
781 3919 897 3984 post
928 3911 1093 3980 illud,
1125 3927 1248 3966 cum
1281 3909 1558 3966 intrarent
1585 3911 1702 3979 ﬁlii
1734 3912 1835 3967 Dei
1871 3911 1941 3966 ad

267 4000 428 4069 ﬁlias
465 3996 772 4051 hominum.
808 3994 954 4064 Ergo
977 4001 1030 4046 et
1060 3996 1193 4046 ante
1225 3991 1283 4045 in
1315 3989 1433 4045 illis
1463 3989 1691 4056 diebus,
1724 3996 1781 4046 et
1812 3998 1943 4062 post

272 4077 455 4134 illud.
513 4075 673 4141 Quod
721 4081 913 4128 autem
965 4072 1066 4136 ait,
1117 4071 1192 4125 Et
1240 4071 1576 4138 generabant
1619 4070 1748 4139 sibi,
1799 4071 1941 4127 satis

271 4158 550 4216 ostendit
579 4155 734 4227 quod
785 4154 968 4224 prius,
1017 4156 1332 4223 antequam
1385 4152 1463 4206 sic
1515 4152 1784 4207 caderent
1834 4152 1941 4207 ﬁlii

273 4241 406 4306 Dei,
447 4240 566 4294 Deo
597 4237 976 4309 generabant,
1011 4250 1124 4288 non
1170 4233 1302 4301 sibi,
1338 4231 1397 4286 id
1437 4237 1545 4298 est,
1595 4249 1709 4288 non
1756 4233 1940 4288 domi-

274 4324 464 4375 nante
494 4317 735 4372 libidine
761 4312 1028 4380 coeundi,
1062 4312 1161 4366 sed
1201 4313 1479 4367 serviente
1511 4311 1699 4366 ofﬁcio
1733 4329 1939 4383 prOpa-

272 4397 508 4470 gandi;
543 4411 659 4450 non
691 4393 972 4449 familiam
1006 4392 1193 4446 fastus
1226 4391 1339 4459 sui,
1373 4392 1471 4446 sed
1495 4391 1648 4446 cives
1689 4391 1940 4447 civitatis

275 4479 380 4534 Dei
419 4496 436 4534 :
476 4477 694 4548 quibus
724 4473 1440 4542 annuntiarenttanquam
1473 4472 1664 4543 angeli
1708 4472 1831 4538 Dei,
1875 4477 1940 4527 ut

268 4561 574 4630 ponerent
629 4555 688 4609 in
742 4555 859 4609 Deo
918 4567 1083 4624 spem
1141 4569 1308 4607 suam
1359 4552 1535 4622 (Psal.
1593 4569 1800 4620 Lxxvn,
1858 4554 1938 4624 7),

269 4637 512 4694 similes
537 4634 696 4690 illius
727 4635 820 4703 qui
849 4637 1021 4688 natus
1053 4636 1142 4687 est
1171 4633 1241 4686 de
1275 4632 1434 4696 Seth,
1469 4631 1624 4686 ﬁlius
1657 4647 1942 4688 resurrec-

268 4719 490 4788 tionis,
522 4721 578 4772 et
608 4714 1150 4786 speravitinvocare
1182 4727 1394 4768 nomen
1427 4711 1657 4766 Domini
1693 4713 1786 4766 Dei
1822 4730 1835 4770 :
1880 4713 1938 4768 in

268 4815 400 4872 qua
421 4812 528 4867 spe
559 4798 756 4852 essent
786 4810 917 4850 cum
951 4793 1072 4849 suis
1108 4792 1355 4863 posteris
1400 4793 1724 4848 cohaeredes
1763 4798 1936 4848 aeter-

271 4871 498 4934 norum
526 4877 836 4940 bonorum,
868 4881 921 4928 et
952 4873 1058 4928 sub
1090 4873 1206 4927 Deo
1238 4877 1400 4942 patre
1435 4873 1638 4927 fratres
1661 4871 1936 4928 ﬁliorum.

349 4959 412 5014 3.
449 4957 576 5013 Non
610 4962 807 5010 autem
841 4953 968 5008 illos
997 4954 1078 5007 ita
1111 4953 1288 5007 fuisse
1319 4951 1553 5020 angelos
1586 4952 1708 5018 Dei,
1742 4959 1804 5007 ut
1836 4953 1942 5007 ho-

270 5039 478 5096 mines
511 5053 626 5092 non
676 5040 893 5103 essent,
922 5035 1076 5090 sicut
1124 5033 1364 5104 quidam
1408 5038 1639 5104 putant,
1689 5034 1784 5089 sed
1831 5033 1940 5089 ho-

342 5253 364 5287 1
402 5247 693 5303 Particula,
722 5255 926 5298 autem.
959 5258 1096 5308 quae
1124 5245 1320 5294 omissa
1348 5245 1404 5293 in
1433 5243 1590 5293 editis
1631 5245 1818 5299 fuerat,
1849 5247 1941 5294 ha-

265 5311 446 5364 betur
473 5312 530 5359 in
558 5311 679 5359 Mss.
712 5311 765 5358 et
792 5311 931 5371 apud
960 5309 1102 5356 LXX.

340 5378 432 5434 (a)
496 5374 590 5422 Hic
640 5373 788 5422 locus
826 5369 1094 5421 *Geneseos
1141 5371 1279 5418 male
1315 5383 1356 5434 ar
1393 5371 1679 5423 Lectantio,
1725 5369 1943 5434 Institu-

272 5433 502 5486 tionum
531 5437 667 5484 libro
696 5435 746 5493 2,
794 5448 905 5497 cap.
954 5435 1030 5492 15,
1063 5433 1540 5497 SulpicioSevero,
1574 5433 1832 5497 Historiae
1862 5447 1942 5483 sa-

269 5514 405 5552 crae
463 5499 596 5547 libro
655 5498 699 5550 1.
749 5495 873 5559 θερί
921 5497 969 5558 2,
1013 5500 1065 5546 et
1122 5495 1392 5544 ncnnullis
1448 5496 1568 5543 aliis
1621 5495 1938 5550 intellectus.

268 5575 480 5613 ansam
533 5561 677 5609 dedit
733 5560 926 5609 tabulis
982 5561 1175 5622 quibus
1226 5559 1476 5606 dicuntur
1514 5559 1699 5618 Angeli
1737 5572 1791 5607 se
1822 5574 1940 5607 cum

270 5623 609 5675 mulieribus
638 5623 940 5681 miscuisse;
969 5636 1126 5685 quem
1155 5634 1383 5671 errorem
1412 5622 1589 5683 plures
1617 5635 1679 5670 ex
1707 5622 1941 5683 antiquis

269 5687 468 5740 secuti
495 5688 637 5736 sunt.
671 5686 908 5736 Lucana.

1485 321 1718 383 LIBER
1765 323 2113 386 DECIMUS
2158 326 2526 397 QUINTUS.

3574 329 3694 392 470

2048 460 2232 514 mines
2263 459 2462 531 procul
2494 460 2669 515 dubio
2700 459 2900 527 fuisse,
2932 460 3235 532 Scriptura
3255 461 3382 533 ipsa
3411 463 3540 518 sine
3573 464 3694 520 ulla

2045 541 2430 612 ambiguitate
2463 542 2740 596 declarat.
2777 542 2918 596 Cum
2950 543 3101 598 enim
3128 545 3496 613 praamissum
3517 555 3691 615 esset,

2055 623 2208 692 quod
2243 624 2479 678 videntes
2508 624 2690 692 angeli
2723 624 2816 677 Dei
2843 624 2988 692 ﬁlias
3028 623 3334 691 hominum,
3376 627 3511 694 quia
3543 626 3692 681 bona

2043 707 2190 769 sunt,
2223 705 2569 772 sumpserunt
2599 701 2709 756 sibi
2743 717 2939 756 uxores
2982 718 3050 756 ex
3097 702 3351 756 omnibus
3399 720 3535 772 quas
3583 707 3691 759 ele-

2037 787 2275 852 gerant;
2301 799 2431 837 mox
2464 782 2808 852 adjunctum
2841 787 2949 850 est,
2976 783 3033 835 Et
3056 782 3202 838 dixit
3232 783 3492 838 Dominus
3513 785 3686 840 Deus:

2040 863 2157 918 Non
2185 864 2526 934 permanebit
2563 862 2799 932 spiritus
2829 879 2980 918 meus
3028 865 3085 918 in
3136 864 3448 918 hominibus
3496 865 3580 920 his
3629 869 3688 922 in

2038 953 2334 1012 aeternum,
2389 949 2612 1014 prapter
2653 944 2795 1013 quod
2830 959 2964 998 caro
3011 952 3158 999 sunt.
3211 944 3425 1014 Spiritu
3474 946 3688 1017 quippe

2040 1024 2141 1080 Dei
2177 1025 2402 1079 fuerant
2435 1024 2569 1078 facti
2601 1023 2790 1094 angeli
2823 1023 2923 1077 Dei
2954 1027 3010 1077 et
3040 1023 3143 1078 ﬁlii
3183 1024 3282 1078 Dei
3320 1042 3331 1078 :
3375 1025 3472 1078 sed
3509 1027 3686 1079 decli-

2040 1106 2234 1159 nando
2292 1105 2361 1158 ad
2421 1103 2717 1171 inferiora,
2778 1102 3046 1158 homines
3105 1103 3382 1158 dicuntur
3450 1104 3688 1159 nomine

2040 1189 2285 1251 naturae,
2316 1201 2430 1239 non
2465 1184 2694 1255 gratias;
2743 1183 3019 1238 dicuntur
3061 1189 3117 1238 et
3157 1200 3311 1250 caro,
3363 1185 3686 1240 desertores

2039 1266 2281 1336 spiritus
2313 1269 2368 1319 et
2394 1264 2712 1318 deserendo
2754 1263 2983 1318 deserti.
3036 1263 3100 1317 Et
3137 1263 3518 1334 Septuaginta
3558 1265 3687 1334 qui-

2038 1347 2170 1400 dem
2203 1345 2545 1415 interpretes
2590 1349 2645 1398 et
2689 1343 2928 1414 angelos
2971 1342 3072 1397 Dei
3105 1343 3374 1398 dixerunt
3417 1344 3579 1411 istos,
3629 1347 3686 1398 et

2039 1427 2188 1482 ﬁlios
2211 1426 2311 1481 Dei
2342 1443 2354 1480 :
2379 1426 2531 1495 quod
2557 1425 2791 1493 quidem
2821 1440 2931 1478 non
2956 1441 3160 1478 omnes
3183 1425 3410 1478 codices
3437 1424 3679 1492 habent;

2040 1525 2172 1562 nam
2225 1508 2464 1578 quidam
2519 1503 2628 1558 nisi
2679 1504 2826 1558 ﬁlios
2876 1505 2974 1559 Dei
3020 1522 3131 1558 non
3193 1505 3421 1558 habent.
3475 1505 3683 1574 Aquila

2036 1593 2253 1652 autem,
2308 1603 2481 1657 quem
2551 1585 2924 1653 interpretem
2990 1584 3168 1638 Judaei
3249 1585 3470 1638 caeteris
3529 1594 3683 1638 ante-

2035 1672 2283 1739 ponunt,
2318 1683 2432 1721 non
2465 1663 2702 1734 angelos
2737 1664 2852 1726 Dei,
2897 1680 2998 1718 nec
3033 1665 3183 1716 ﬁlios
3217 1663 3342 1730 Dei,
3385 1663 3486 1718 sed
3529 1663 3680 1719 ﬁlios

2033 1749 2276 1804 deorum
2325 1749 2742 1816 interpretatus
2791 1750 2880 1798 est
2944 1745 3042 1815 (a).
3102 1743 3427 1813 Utrumque
3485 1751 3676 1799 autem

2030 1846 2229 1885 verum
2262 1837 2364 1885 est.
2399 1830 2544 1884 Nam
2575 1833 2632 1883 et
2674 1827 2775 1882 ﬁlii
2826 1827 2924 1883 Dei
2968 1831 3152 1890 erant,
3201 1825 3310 1878 sub
3351 1841 3465 1894 quo
3517 1830 3679 1895 patre

2029 1927 2264 1966 suorum
2286 1916 2512 1980 patrum
2539 1912 2713 1968 etiam
2734 1913 2942 1966 fratres
2972 1911 3172 1972 erant;
3207 1910 3262 1959 et
3286 1906 3386 1959 ﬁlii
3419 1906 3676 1972 deorum,

2031 1991 2304 2062 quoniam
2338 2007 2370 2044 a
2399 1991 2513 2046 diis
2552 1993 2729 2061 geniti
2760 1997 2944 2053 erant,
2979 2003 3112 2041 cum
3145 1986 3358 2055 quibus
3389 1986 3569 2053 etipsi
3595 1985 3680 2040 dii

2030 2081 2217 2138 erant,
2252 2073 2421 2142 juxta
2464 2072 2609 2128 illud
2653 2073 2903 2138 Psalmi;
2958 2072 3063 2141 Ego
3108 2068 3256 2134 dixi,
3285 2067 3382 2120 Dii
3429 2067 3576 2133 estis,
3627 2071 3678 2122 et

2028 2152 2139 2223 ﬁlii
2169 2153 2380 2207 Excelsi
2401 2168 2585 2209 omnes
2611 2155 2775 2224 (Psal.
2815 2168 3000 2218 LXXXI,
3031 2151 3108 2217 6).
3141 2146 3346 2202 Merito
3367 2145 3519 2200 enim
3553 2162 3677 2200 cre-

2031 2234 2250 2288 duntur
2278 2233 2658 2304 Septuaginta
2697 2235 3040 2302 interpretes
3088 2227 3378 2293 accepisse
3427 2225 3680 2295 prophe-

2031 2313 2215 2369 ticum
2265 2314 2562 2385 spiritum,
2588 2320 2653 2369 ut
2705 2314 2753 2367 si
2789 2312 2926 2383 quid
2964 2311 3092 2378 ejus
3123 2305 3467 2361 auctoritate
3500 2308 3682 2358 muta-

2031 2401 2180 2461 rent,
2205 2399 2379 2466 atque
2410 2394 2576 2450 aliter
2605 2410 2781 2464 quam
2814 2397 2937 2447 erat
2967 2389 3120 2461 quod
3146 2386 3683 2466 interpretabantur
3726 2449 3727 2452 η

2032 2464 2308 2544 dicerent,
2350 2493 2534 2546 neque
2590 2475 2694 2531 hoc
2741 2471 3023 2529 divinitus
3074 2484 3204 2523 esse
3248 2466 3466 2520 dictum
3521 2464 3686 2518 dubi-

2031 2565 2270 2616 taretur.
2303 2559 2574 2623 Quamvis
2613 2559 2721 2612 hoc
2762 2557 2819 2609 in
2860 2553 3087 2608 hebran
3127 2564 3257 2604 esse
3314 2546 3687 2618 perhibeatur

2034 2643 2400 2712 ambiguum,
2437 2644 2500 2693 ut
2535 2643 2591 2694 et
2635 2637 2736 2691 ﬁlii
2785 2634 2904 2701 Dei,
2953 2639 3007 2687 et
3044 2630 3147 2684 ﬁlii
3193 2629 3453 2694 deorum,
3493 2631 3687 2697 posset

2035 2721 2426 2792 interpretari.

2108 2803 2158 2856 4.
2193 2787 2545 2856 Dmittamus
2587 2798 2766 2870 igitur
2811 2809 3009 2850 earum
3053 2790 3479 2870 scripturarum
3520 2787 3688 2841 fabu—

2037 2884 2142 2953 las,
2175 2899 2303 2953 quae
2334 2867 2676 2952 apocrypha:
2712 2882 3142 2945 nuncupantur,
3175 2887 3240 2926 eo
3291 2867 3446 2953 quod
3489 2882 3687 2921 earum

2035 2951 2261 3022 occulta
2291 2951 2452 3033 origo
2485 2979 2600 3018 non
2634 2961 2838 3016 claruit
2883 2955 3164 3033 patrihus,
3202 2968 3236 3004 a
3267 2951 3480 3022 quibus
3504 2964 3691 3033 usque

2035 3048 2106 3102 ad
2142 3062 2247 3101 nos
2297 3029 2612 3100 auctoritas
2671 3038 2961 3096 veracium
3012 3032 3440 3103 Scripturarum
3493 3029 3692 3084 certis.

2035 3129 2188 3184 sima
2255 3131 2312 3182 et
2363 3125 2667 3180 notissima
2721 3117 3093 3177 successione
3145 3114 3426 3185 pervenit.
3485 3116 3546 3164 In
3599 3108 3690 3163 his

2037 3213 2232 3264 autem
2299 3205 2646 3278 apocryphis
2714 3201 2820 3258 etsi
2870 3197 3168 3254 invenitur
3215 3189 3690 3278 aliqua_veritas,

2037 3294 2232 3343 tamen
2268 3272 2716 3358 propter’multa
2748 3282 2893 3336 falsa
2923 3277 3086 3333 nulla
3113 3279 3204 3329 est
3233 3272 3512 3328 canonica
3554 3285 3692 3358 auc-

2039 3349 2611 3437 toritas-Scripsisse
2639 3362 2877 3432 quidem
2906 3356 3192 3413 nonnulla
3231 3355 3428 3408 divina
3468 3349 3687 3413 Enoch,

2041 3450 2208 3504 illum
2241 3450 2553 3518 septimum
2589 3445 2660 3498 ab
2693 3443 2901 3505 Adam,
2937 3452 3146 3506 negare
3170 3451 3310 3518 _non
3356 3447 3693 3518 possumus,

2043 3544 2178 3584 cum
2227 3508 2336 3581 hoc
2387 3527 2448 3580 in
2507 3521 2770 3594 Epistola
2821 3519 3103 3572 canonica
3162 3514 3346 3567 Judas
3397 3508 3698 3594 apostolus

2044 3609 2204 3664 dicat
2233 3605 2404 3676 (Judm
2438 3587 2688 3673 lily-Sed
2737 3615 2853 3654 non
2902 3597 3120 3676 frustra
3148 3607 3286 3676 non
3334 3593 3487 3676 spnt
3521 3587 3579 3639 in
3629 3601 3695 3676 eo

2045 3663 2264 3744 canone
2332 3663 2788 3755 Scripturarum,
2838 3675 2936 3747 qui
2977 3672 3320 3755 servabatur
3367 3668 3425 3755 in
3475 3663 3694 3736 templo

2047 3767 2270 3824 Hebraei
2328 3747 2527 3837 populi
2617 3755 3054 3816 succedentium
3136 3747 3472 3837 diligentia‘
3498 3761 3696 3837 sacer-

2046 3853 2272 3920 dotum,
2304 3828 2426 3902 nisi.
2447 3845 2584 3917 quia
2610 3843 2682 3898 ob
2701 3837 3110 3911 antiquitatem
3133 3833 3418 3920 suspectas
3442 3828 3572 3882 ﬁdei
3591 3829 3696 3918 ju-

2047 3933 2237 3988 dicata
2260 3907 2423 3996 sunt,
2463 3907 2566 3982 nec
2592 3930 2785 3981 utrum
2818 3907 2940 3974 haec
2972 3919 3171 3996 essent
3203 3929 3331 3984 qua:
3355 3909 3458 3996 ille
3509 3907 3696 3996 scrip-

2045 4013 2221 4068 sisset
2241 4012 2281 4078 ί,
2316 3987 2537 4080 poterat
2562 4001 2827 4068 inveniri,
2853 4015 2969 4053 non
2995 3995 3215 4050 talibus
3243 3987 3698 4080 proferentibus,

2047 4092 2146 4164 qui
2193 4063 2281 4146 ea,
2313 4063 2413 4161 per
2461 4086 2664 4141 seriem
2710 4063 3106 4137 successionis
3152 4070 3543 4160 reperirentur
3593 4063 3700 4164 rite

2047 4145 2329 4229 servasse:
2356 4169 2521 4226 Unde
2574 4165 2673 4221 illa
2704 4179 2832 4235 quae
2881 4159 2988 4214 sub
3041 4157 3166 4225 ejus
3215 4150 3456 4235 nomine
3493 4145 3700 4235 prote-

2047 4226 2368 4320 runtur,“
2397 4250 2698 4307 continent
2720 4226 2886 4298 -istas
2931 4239 3001 4294 de
3053 4233 3404 4320 gigantibus.
3432 4226 3682 4295 fabulas,
3781 4248 3792 4270 κ

2047 4336 2196 4407 quod
2232 4315 2345 4388 non
2395 4329 2709 4385 habuerint
2738 4321 3006 4407 homines
3029 4323 3258 4407 .patres,
3294 4315 3447 4368 recte
3477 4327 3512 4407 ξι
3551 4324 3694 4407 pru-

2047 4387 2323 4470 dentibus
2365 4411 2704 4480 judicautur
2751 4419 2867 4458 non
2932 4399 3118 4470 ipsius
3174 4409 3305 4480 esse
3361 4387 3698 4480 credenda;

2047 4469 2195 4550 sicut
2244 4469 2424 4546 mulia
2483 4488 2591 4542 sub
2642 4469 2985 4539 nominibus
3033 4482 3090 4533 et
3137 4475 3380 4530 aliorum
3437 4469 3692 4539 Pr0phe-

2045 4577 2264 4638 tarum,
2292 4578 2345 4625 et
2376 4567 2694 4625 recentiora
2740 4563 2850 4619 sub
2889 4556 3225 4616 nominibus
3268 4551 3679 4626 Apostolorum

2110 4871 2124 4904 ¹
2158 4869 2253 4916 Hic
2285 4866 2416 4915 editi
2443 4863 2664 4913 addunt.
2710 4859 2826 4908 Cur
2852 4861 3038 4902 autem
3071 4851 3166 4898 hoc
3195 4865 3214 4907 ;
3260 4845 3406 4906 quod
3433 4843 3502 4892 ab
3529 4839 3697 4890 omni~

2047 4931 2147 4980 bus
2177 4923 2750 4989 manuscriptisabest:
2829 4978 2888 4989 ﬂ
2927 4977 2938 4989 ,
3031 4988 3034 4989 ν
3097 4973 3110 4989 ,

2656 4965 3075 5052 's—uhHAdriano
3088 4971 3412 5052 impera-mre
3493 4965 3702 5052 etaiam

2048 5028 2196 5117 prii};
2225 5028 2939 5117 ὸῆἶίὲιὶἷῗιῦὶὶῖέηὶῑέίξίεεεει,
2975 5040 3028 5086 et
3055 5028 3404 5117 abduceretpr
3432 5043 3463 5079 a
3492 5028 3701 5117 math:-

2047 5090 2258 5166 i’nat‘icis
2286 5090 2718 5174 astrologicisque
2747 5090 3190 5174 studiisxlquibus
3208 5090 3703 5174 'nimipmgp‘rat'de:

2748 5152 3029 5240 discipulis
3075 5152 3702 5240 Domini,nnihilp.minnt1‘s

2050 5215 2228 5292 {113;}
2243 5215 2332 5290 “ign
2353 5215 2911 5289 .i-lylisﬂstudiis
2954 5225 3271 5292 persisteret,
3315 5217 3561 5292 Ecclesia
3582 5215 3703 5292 pol:

2049 5277 2669 5361 §“u§”é§t.'6u6"r§6aiﬁi'
2683 5277 2982 5345 ui'iéucta
3016 5285 3420 5361 Christianismo
3451 5277 3704 5361 transiret

2049 5345 2140 5418 Eii"
2170 5345 2632 5417 iudaiswmu-mtwet
2682 5371 2876 5419 magna
2915 5357 3099 5419 postea
3143 5347 3320 5419 animi
3362 5345 3703 5419 cantem-igne

2047 5405 2544 5480 BEbrLEEBTEiEncit
2575 5405 2830 5483 linguam.
2882 5405 2942 5466 eo
2960 5417 3200 5483 Lanimox
3227 5412 3359 5483 teste
3390 5405 3700 5483 Epiphapjp:

2046 5469 2113 5543 iit
2121 5469 2912 5553 "iﬁﬁiighziééi"inihgitii’iqnem
2957 5475 3319 5553 Septuaginta,
3333 5548 3351 5553 Α
3360 5469 3701 5553 ςξ-Ϊέξῖοἱιιὲεέ

2047 5531 2109 5605 ἑἱέ
2146 5531 2816 5603 "sagittis"3;.ts1-2nsa.
2839 5531 2930 5609 ﬁet!
2977 5531 3072 5609 ηεξ,
3123 5531 3702 5609 ῇῐὶςρειδρτθμωᾳξιξξῖιυιξι

2046 5593 2848 5673 "eié‘ﬁh'atr'n
2903 5607 2966 5654 de
3021 5602 3230 5652 Christo
3265 5593 3374 5659 ἀεὶ
3411 5593 3697 5644 videretur.

2049 5683 2307 5737 Cosanus.
