4136 6190
466 297 583 362 471

462 434 538 491 ab
571 431 858 488 hereticis
891 433 1288 504 proferuntur,
1331 449 1458 504 quae
1491 435 1689 491 omnia
1719 438 1954 494 nomine
1986 456 2121 511 apo-

465 514 820 587 cryphorum
854 513 926 569 ab
973 518 1318 570 auctoritate
1362 517 1641 572 canonica
1685 517 1946 590 diligenti
1984 537 2116 576 exa-

467 594 795 650 minatione
846 602 1061 648 remota
1110 599 1268 649 sunt.
1321 594 1506 667 Igitur
1553 601 1873 654 secundum
1920 601 2119 673 Scrip-

467 679 631 730 turas
663 674 973 729 canonicas
1023 675 1284 732 hebraeas
1329 682 1502 749 atque
1548 678 1915 749 Christianas,
1968 683 2118 737 mul-

465 757 555 810 tos
585 753 848 825 gigantes
877 758 1011 808 ante
1041 754 1328 811 diluvium
1361 757 1563 822 fuisse,
1592 775 1706 813 non
1735 761 1977 816 dubium
2009 765 2115 826 est,

458 840 519 892 et
550 835 656 890 hos
687 834 865 889 fuisse
921 835 1074 890 cives
1106 837 1408 908 terrigenas
1438 839 1734 894 societatis
1776 839 2072 896 hominum
2101 866 2116 909 ;

461 915 566 971 Dei
595 922 788 969 autem
818 915 990 981 ﬁlios,
1045 916 1146 986 qui
1195 918 1518 973 secundum
1569 936 1798 975 carnem
1851 922 1920 976 de
1979 923 2116 978 Seth

467 995 770 1068 propagati
803 1000 960 1059 sunt,
995 996 1056 1051 in
1088 997 1239 1053 hanc
1283 1000 1621 1055 societatem
1673 1004 1901 1057 deserta
1935 1004 2119 1072 justi-

466 1077 549 1132 tia
589 1074 932 1131 declinasse.
965 1076 1080 1132 Nec
1114 1079 1450 1134 mirandum
1493 1087 1601 1150 est,
1644 1083 1799 1152 quod
1840 1083 2011 1138 etiam
2048 1084 2119 1138 de

462 1155 612 1227 ipsis
645 1158 907 1227 gigantes
940 1158 1099 1212 nasci
1123 1165 1458 1228 potuerunt.
1492 1161 1688 1234 Neque
1720 1163 1876 1218 enim
1919 1179 2119 1219 omnes

457 1235 742 1306 gigantes,
790 1237 891 1292 sed
945 1239 1134 1309 magis
1185 1239 1354 1295 multi
1410 1241 1613 1312 utique
1662 1249 1802 1298 tunc
1866 1245 2120 1310 fuerunt,

458 1332 634 1386 quam
697 1321 829 1388 post
879 1317 1164 1374 diluvium
1229 1321 1596 1392 temporibus
1667 1324 1911 1379 caeteris.
1969 1326 2121 1390 Quos

460 1401 765 1469 propterea
815 1414 1011 1454 creare
1062 1399 1284 1470 placuit
1333 1401 1608 1469 Creatori,
1662 1411 1724 1459 ut
1764 1406 1940 1460 etiam
1986 1406 2122 1460 hinc

463 1478 867 1533 ostenderetur
916 1495 1033 1534 non
1113 1480 1306 1536 solum
1365 1483 1854 1552 pulchritudines,
1918 1501 2119 1541 verum

461 1559 643 1612 etiam
686 1563 744 1612 et
800 1559 1235 1628 magnitudines
1283 1568 1340 1617 et
1391 1563 1762 1620 fortitudines
1807 1583 2120 1638 corporum

471 1653 587 1691 non
624 1637 1160 1708 magnipendendas
1208 1657 1337 1697 esse
1389 1643 1658 1714 sapienti,
1705 1647 1804 1717 qui
1856 1647 2121 1719 spiritua-

464 1716 622 1772 libus
653 1723 828 1801 atque
873 1719 1302 1801 immortalibus
1343 1723 1514 1795 longe
1562 1716 1904 1783 melioribus
1947 1733 2120 1801 atque

465 1797 825 1853 ﬁrmioribus
878 1804 936 1854 et
996 1800 1280 1856 bonorum
1329 1805 1601 1874 propriis,
1655 1824 1767 1861 non
1829 1797 2112 1864 bonorum

462 1879 868 1950 malorumque
898 1883 1314 1939 communibus
1335 1886 1697 1942 beatiﬁcatur
1721 1888 1910 1943 bonis.
1933 1891 2119 1954 Quam

455 1974 590 2014 rem
639 1959 789 2014 alius
835 1962 1115 2030 propheta
1166 1968 1581 2022 commendans
1611 1969 1738 2024 ait:
1772 1969 1856 2024 Ibi
1892 1971 2122 2039 fuerunt

462 2042 715 2110 gigantes
746 2039 846 2094 illi
867 2044 1159 2111 nominati,
1183 2044 1280 2114 qui
1302 2045 1370 2099 ab
1395 2048 1560 2102 initio
1588 2051 1814 2118 [uerunt
1836 2054 2118 2120 staturosi,

465 2119 695 2175 scientes
727 2122 1003 2190 praelium.
1037 2126 1164 2179 Non
1208 2125 1304 2180 hos
1343 2127 1505 2198 elegit
1535 2129 1816 2198 Dominus,
1848 2147 1947 2187 nec
1976 2119 2120 2188 viam

461 2199 708 2256 scientia
726 2201 874 2257 dedit
897 2202 1020 2258 illis
1041 2221 1060 2258 :
1081 2209 1135 2259 et
1150 2207 1504 2274 interierunt,
1521 2211 1652 2280 quia
1671 2227 1782 2266 non
1806 2211 2119 2269 habuerunt

461 2283 819 2351 sapientiam,
849 2285 1135 2353 perierunt
1156 2295 1386 2359 propter
1417 2289 1951 2348 inconsiderantiam
1979 2293 2115 2365 (Ba-

477 2361 614 2415 ruch
645 2377 728 2429 Ill,
757 2362 976 2434 26-28).

474 2521 704 2606 CAPU'l‘
732 2521 1343 2606 XX‘IYfg—Quomodo
1367 2527 1801 2599 intelligendum
1844 2537 1936 2600 sit,
1982 2537 2121 2606 quod

542 2601 607 2656 de
635 2601 716 2657 eis
744 2602 842 2674 qui
869 2603 1083 2660 diluvio
1109 2606 1375 2676 perdendi
1409 2622 1588 2680 erant,
1639 2615 1903 2670 Dominus
1949 2601 2115 2687 dixit,

545 2684 730 2739 Erunt
759 2686 882 2740 dies
911 2703 1109 2742 eorum
1141 2700 1370 2744 centum
1404 2693 1605 2765 viginti
1638 2697 1796 2753 anni.

534 2823 696 2885 Quod
730 2831 912 2880 autem
945 2827 1092 2881 dixit
1123 2828 1298 2896 Deus,
1332 2832 1509 2887 Erunt
1538 2833 1653 2888 dies
1684 2850 1873 2891 eorum
1897 2845 2117 2893 centum

462 2903 666 2973 viginti
690 2907 830 2959 anni
856 2905 1009 2975 (Gen.
1047 2924 1121 2972 vr,
1153 2910 1232 2977 3),
1266 2927 1383 2966 non
1434 2914 1515 2967 sic
1557 2916 1956 2984 accipiendum
2006 2925 2115 2988 est,

460 2983 627 3054 quasi
680 2987 1131 3056 praenuntiatum
1167 2992 1266 3055 sit,
1301 2998 1430 3062 post
1462 2993 1581 3048 haec
1612 2983 1862 3052 homines
1892 2983 2117 3055 centum

454 3065 661 3136 viginti
696 3083 880 3122 annos
913 3069 1156 3125 vivendo
1192 3088 1304 3126 non
1332 3077 1678 3144 transgredi,
1713 3094 1846 3132 cum
1889 3084 1944 3133 et
1989 3087 2119 3152 post

457 3145 742 3202 diluvium
775 3149 951 3203 etiam
996 3151 1343 3221 quingentos
1365 3156 1683 3210 excessisse
1724 3145 2114 3219 inveniamus.

459 3225 572 3282 Sed
629 3227 1074 3299 intelligendum
1133 3235 1222 3285 est
1269 3231 1379 3286 hoc
1429 3233 1614 3290 Deum
1679 3237 1914 3307 dixisse,
1983 3259 2114 3298 cum

458 3306 614 3362 circa
644 3307 819 3362 ﬁnem
855 3310 1302 3381 quingentorum
1338 3330 1624 3370 annorum
1667 3325 1822 3374 esset
1866 3306 2002 3392 Noe,
2055 3323 2113 3378 id

458 3391 568 3454 est,
638 3389 1092 3473 quadringentos
1141 3394 1441 3464 octoginta
1490 3397 1618 3450 vitae
1665 3415 1850 3455 annos
1893 3389 2110 3473 ageret,

458 3481 608 3538 quos
642 3484 797 3523 more
829 3486 933 3524 suo
963 3471 1258 3542 Scriptura
1290 3475 1644 3547 quingentos
1667 3487 1850 3550 vocat,
1877 3471 2114 3542 nomine

456 3547 640 3602 totius
686 3553 1004 3606 maximam
1055 3560 1277 3624 partem
1329 3556 1673 3631 plerumque
1722 3547 2108 3634 signiﬁcans:

452 3631 874 3686 sexcentesimo
943 3633 1160 3704 quippe
1235 3653 1388 3692 anno
1448 3640 1577 3695 vitae
1653 3631 1807 3708 Noe:
1854 3650 2111 3704 secundo

459 3721 656 3761 mense
699 3708 927 3794 factum
959 3718 1049 3766 est
1077 3713 1362 3771 diluvium
1413 3718 1517 3788 (Id.
1580 3736 1679 3788 vn,
1734 3723 1855 3794 11);
1907 3742 1972 3779 ac
2027 3727 2112 3782 sic

459 3793 696 3842 centum
728 3789 929 3862 viginti
964 3794 1102 3848 anni
1132 3797 1387 3865 praedicti
1419 3803 1558 3854 sunt
1577 3800 1757 3856 futuri
1781 3789 1910 3858 vitae
1929 3805 2110 3861 homi-

457 3881 597 3922 num
631 3869 1048 3939 periturorum,
1082 3877 1296 3945 quibus
1337 3881 1645 3937 transactis
1685 3882 1902 3940 diluvio
1949 3887 2108 3943 dele-

454 3954 679 4004 rentur.
713 3949 828 4006 Nec
861 3953 1076 4008 frustra
1107 3959 1360 4012 creditur
1391 3960 1476 4015 sic
1513 3962 1731 4018 factum
1781 3980 1906 4021 esse
1954 3969 2111 4023 dilu-

452 4028 634 4097 vium,
673 4028 798 4098 jam
853 4048 963 4087 non
1019 4033 1269 4092 inventis
1318 4037 1376 4091 in
1427 4043 1585 4095 terra
1634 4044 1730 4113 qui
1774 4060 1886 4099 non
1944 4055 2111 4106 erant

450 4108 610 4180 digni
640 4109 742 4164 tali
775 4116 962 4167 morte
993 4112 1254 4186 defungi,
1287 4133 1404 4188 qua
1434 4120 1491 4174 in
1515 4108 1721 4190 impios
1744 4126 2106 4186 vindicatum

451 4198 539 4242 est
572 4203 597 4279 ε.
640 4205 756 4279 non
815 4208 929 4279 quo
989 4192 1082 4247 hic
1141 4195 1469 4267 quidquam
1531 4201 1700 4256 bonis
1759 4202 2109 4279 quandoque

452 4267 753 4354 mori-turis
785 4272 901 4326 tale
931 4289 1116 4341 genus
1152 4278 1355 4332 mortis
1387 4279 1559 4334 faciat
1591 4267 1804 4352 aliquid
1839 4288 1990 4354 quod
2011 4267 2106 4345 .eis

452 4345 642 4415 possit
671 4347 874 4404 obesse
927 4357 1056 4419 post
1107 4361 1375 4411 mortem.
1437 4345 1869 4420 Verumtamen'
1908 4368 2107 4427 nullus

452 4440 650 4478 eorum
684 4427 901 4483 diluvio
935 4436 1203 4488 mortuus
1243 4443 1352 4502 est,
1394 4453 1542 4508 quos
1591 4440 1662 4496 de
1707 4446 1925 4502 semine
1972 4451 2105 4505 Seth

449 4511 803 4588 propagatos
855 4516 1060 4565 sancta
1127 4513 1429 4586 Scriptura
1502 4534 1942 4582 commemorat.
2013 4530 2108 4588 Sic

450 4589 644 4640 autem
690 4585 974 4645 divinitus
1033 4589 1233 4648 diluvii
1262 4585 1465 4652 causa
1508 4609 1824 4660 narratur:
1876 4609 2104 4681 Videns,

447 4663 657 4749 inquit,
690 4667 956 4749 Dominus
983 4671 1143 4740 Deus,
1175 4677 1309 4745 quia
1338 4677 1732 4749 multiplicatae
1760 4690 1889 4740 sunt
1926 4663 2101 4744 mali:

449 4746 547 4802 tiae
569 4745 854 4804 hominum
877 4766 1044 4822 super
1064 4756 1302 4826 terram,
1327 4763 1379 4813 et
1402 4745 1583 4814 omnis
1605 4763 1871 4834 quisque‘
1899 4772 2106 4838 cogitat

447 4826 508 4883 in
541 4828 700 4913 corde
729 4846 828 4887 suo
852 4833 1151 4907 diligenter
1178 4854 1342 4912 super
1371 4826 1629 4913 maligna
1647 4826 1832 4902 omnes
1859 4826 1989 4905 diesv
2007 4869 2026 4906 :
2053 4863 2104 4910 et

448 4911 708 5001 cogitavit
737 4913 879 5002 Deus
907 4916 1040 4988 quia
1068 4921 1206 4989 fecit
1246 4911 1526 4978 hominem
1572 4941 1738 4997 super
1775 4936 1999 5002 terram,
2050 4945 2105 4989 et

448 4991 799 5084 recogitqvit,
845 4999 894 5050 et
943 4997 1090 5054 dixit
1140 5002 1299 5084 Deus,
1344 5005 1578 5062 Delebo2
1625 4991 1902 5067 hominem
1944 4991 2103 5084 quem

446 5073 556 5141 feci
580 5074 790 5163 afacie
819 5080 1001 5144 terra,
1024 5081 1102 5164 ab
1143 5081 1370 5164 homine
1418 5104 1587 5160 usque
1615 5092 1694 5146 ad
1739 5110 1921 5164 pecus,
1949 5073 2024 5151 ἐι
2068 5113 2101 5153 a

449 5152 743 5223 reptilibus
773 5170 941 5226 usque
969 5158 1038 5212 ad
1061 5159 1327 5219 volatilia
1371 5152 1518 5234 caeli,
1569 5172 1700 5241 quia
1739 5152 1920 5231 iratus
1957 5193 2099 5250 sum,

453 5234 716 5300 quoniam
743 5237 857 5304 feci
883 5252 970 5293 eos
1004 5240 1110 5305 (Id.
1141 5257 1220 5310 v1,
1242 5243 1384 5315 5~7).

517 5447 979 5534 f‘l'ldaifi‘ft'q‘u‘qd
998 5458 1410 5534 impsquisque.
1437 5466 1502 5515 At
1521 5465 1664 5529 Mss,
1684 5475 1734 5518 et
1755 5471 1937 5521 omnis
1952 5472 2103 5534 quis-

455 5521 617 5584 φξβ-ἱ
635 5511 790 5584 juxta
815 5511 958 5584 ngx,
991 5518 1086 5569 1ιαί
1112 5511 1211 5584 ρᾶις
1243 5511 1332 5574 ti}.

519 5569 540 5602 ³
567 5569 711 5635 me,
742 5569 963 5629 Deleam
975 5618 986 5630 .

1527 302 1626 362 DE
1670 302 2037 366 CIVITATE
2082 306 2236 383 DEI,
2284 312 2348 370 S.
2394 314 2815 381 AUGUSTINI

3746 337 3854 404 £72

2229 443 2464 502 CAPUT
2498 447 2752 506 XXV.—-
2782 454 2857 510 De
2885 457 2972 512 ira
3020 458 3149 526 Dei,
3195 477 3318 531 qua
3367 464 3860 531 incommutabilem

2209 547 2212 550 λ
2300 531 2762 599 tranquillitatem
2795 538 2955 594 nulla
2987 541 3440 610 inﬂammatione
3459 552 3761 620 perturbat.

2304 664 2395 718 Ira
2425 664 2522 720 Dei
2554 684 2669 760 non
2702 675 3053 742 perturbatio
3085 679 3266 736 animi
3295 684 3421 753 ejus
3452 691 3561 754 est,
3597 691 3696 744 sed
3719 693 3864 763 judi-

2234 743 2388 836 cium
2425 761 2537 816 quo
2583 749 2879 838 irrogatur
2917 773 3084 826 pmna
3122 743 3380 830 peccato.
3423 743 3863 838 Cogitatio‘vero

2233 825 2369 910 ejus.
2387 831 2443 880 et
2473 831 2834 900 recogitatio,
2868 825 3282 898 mutandarum
3316 825 3635 904 rerumuest
3664 851 3862 910 immu-

2235 903 2428 998 tabilis
2487 911 2647 998 ratio.
2707 912 2906 998 Neque
2961 918 3114 974 enim
3175 923 3329 978 sicut
3402 903 3863 998 hominemT—ita

2233 985 2414 1078 Deum
2451 990 2799 1078 cujusquam
2837 997 2968 1051 facti
3005 999 3098 1054 sui
3148 1005 3408 1073 paenitet,
3458 1009 3632 1078 cujus
3673 985 3759 1068 est

2232 1067 2505 1123 omnibus
2536 1073 2774 1129 omnino
2807 1078 2980 1133 rebus
3012 1067 3290 1138 tam-fixa
3333 1067 3646 1159 sententia,
3698 1110 3860 1164 quam

2232 1153 2384 1242 ce‘rta
2436 1153 2818 1242 praiscientia.
2878 1158 2988 1213 Sed
3048 1162 3098 1215 si
3159 1180 3270 1219 non
3331 1171 3527 1223 utatur
3575 1153 3862 1242 scriptura

2233 1227 2450 1312 talibus
2476 1233 2690 1312 verbis,
2760 1253 2872 1292 non
2932 1256 2994 1295 se
3043 1245 3476 1312 quodammodo
3525 1227 3863 1312 familiarius

2231 1307 2556 1368 insinuabit
2585 1315 2744 1368 omni
2783 1320 2980 1387 generi
3015 1307 3342 1395 hominum,
3363 1329 3578 1398 quibus
3610 1333 3732 1388 vult
3752 1351 3865 1392 esse

2232 1391 2589 1480 consultum,
2626 1400 2765 1480 utet
2796 1403 3108 1468 perterrent
3140 1391 3567 1480 superbientes,
3592 1419 3653 1467 et
3675 1391 3868 1472 excitet

2233 1468 2614 1540 negligentes,
2647 1478 2704 1556 et
2731 1484 2989 1534 exerceat
3017 1468 3362 1556 quaerentes,
3401 1493 3456 1544 et
3496 1468 3618 1546 alat.

2230 1560 2475 1620 gentes:
2511 1555 2663 1623 quod
2700 1573 2813 1612 non
2863 1560 3092 1633 faceret,
3134 1564 3182 1618 si
3233 1583 3348 1623 non
3393 1586 3457 1626 se
3504 1571 3672 1641 prius
3708 1576 3863 1632 incli-

2234 1635 2420 1724 paret,
2461 1637 2517 1724 et
2557 1636 2987 1724 quodammodo
3044 1644 3423 1705 descenderet
3470 1635 3540 1706 ad
3585 1655 3864 1724 jacentes.

2233 1712 2392 1776 Quod
2425 1718 2620 1771 autem
2653 1719 2828 1775 etiam
2869 1721 3168 1782 interitum
3217 1731 3480 1788 omnium
3527 1712 3864 1795 adimalium

2230 1795 2590 1890 terrenarum
2657 1799 3103 1876 volatiliumque
3177 1807 3502 1883 denuntiat,
3583 1820 3869 1890 magnitu-

2231 1873 2438 1958 dinem
2480 1877 2688 1932 l‘uturte
2745 1882 2930 1939 cladis
2989 1873 3229 1956 effatur;
3295 1907 3409 1947 non
3471 1873 3872 1958 animadtibus

2231 1955 2474 2046 rationis
2507 1960 2860 2048 expertibus,
2893 1968 3176 2038 tanquam
3216 1955 3274 2026 et
3313 1972 3442 2044 ipsa
3484 1955 3873 2048 peccaverint,

2230 2034 2489 2093 minatur
2517 2041 2782 2098 exitium.

2229 2197 2464 2284 CA‘PUT
2494 2199 2672 2284 XXVI.
2707 2230 2774 2241 —-
2824 2204 2974 2271 Quod
3023 2223 3155 2262 arca
3201 2226 3367 2280 quam
3413 2214 3520 2270 Noe
3549 2215 3746 2284 jussus
3797 2229 3879 2276 est

2297 2281 2503 2349 facere,
2549 2280 2608 2336 in
2641 2284 2894 2340 omnibus
2937 2287 3219 2346 Christum
3270 2280 3672 2370 Ecclesiamque
3705 2302 3871 2371 signi-

2300 2361 2444 2430 ﬂeet.

2302 2498 2350 2549 l.
2375 2495 2509 2580 ,Iam
2543 2514 2676 2555 vero
2707 2501 2859 2572 quod
2892 2502 3010 2559 Noe
3041 2504 3266 2563 homini
3288 2509 3480 2580 justo,
3513 2516 3573 2569 et
3616 2515 3772 2574 sicut
3807 2520 3871 2576 de

2228 2575 2327 2631 illo
2367 2578 2659 2650 Scriptura
2687 2582 3240 2657 veridicaloquitur,
3275 2575 3332 2645 i'n
3367 2575 3477 2647 sua
3498 2598 3868 2666 generatione

2228 2663 2477 2747 perfecto
2506 2659 2769 2747 (Genqu,
2801 2664 2856 2734 9)
2911 2681 3026 2747 non
3078 2671 3278 2740 utique
3327 2659 3867 2747 sicut‘perficiendi

2226 2746 2363 2795 sunt
2394 2741 2544 2795 cives
2573 2742 2820 2832 civitatis
2854 2746 2948 2800 Dei
2981 2746 3041 2832 in
3093 2748 3193 2832 illa
3232 2741 3714 2832 immortalitate,
3763 2778 3868 2832 qua

2225 2821 2609 2906 aequabuntur
2639 2823 2876 2906 Angelis
2911 2825 3026 2893 Dei,
3061 2829 3161 2883 sed
3193 2831 3346 2886 sicut
3374 2849 3503 2890 esse
3536 2821 3868 2906 possuniin

2227 2901 2332 2955 hac
2390 2902 2852 2989 peregrinatione
2901 2909 3177 2978 perfecti),
3231 2910 3485 2983 imperat
3536 2901 3730 2989 Deus,
3812 2925 3872 2975 ut

2224 2997 2416 3036 arcam
2448 2979 2648 3047 faciat,
2683 2983 2741 3036 in
2773 3000 2884 3054 qua
2917 3001 3050 3042 cum
3085 2991 3226 3060 suis,
3259 2979 3460 3062 id—est,
3487 3012 3683 3067 uxore,
3709 2979 3872 3069 tiliis,

2223 3068 2280 3116 et
2315 3062 2583 3127 nuribus,
2617 3067 2838 3144 etcum
2869 3069 3242 3138 animalibus,
3287 3089 3418 3144 qua:
3462 3078 3534 3131 ad
3586 3062 3756 3136 illum
3803 3062 3870 3138 ex

2223 3141 2323 3196 Dei
2357 3146 2640 3212 praecepto
2672 3141 2730 3196 in
2755 3161 2950 3202 arcam
2984 3151 3247 3219 ingressa
3277 3141 3439 3223 sunt,
3466 3154 3869 3217 liberaretura

2222 3222 2427 3276 diluvii
2451 3223 2750 3313 vastitate;
2786 3227 2982 3313 procul
3015 3230 3204 3313 dubio
3231 3222 3430 3304 ﬁgura
3477 3241 3563 3291 est
3613 3242 3874 3313 peregri-

2221 3303 2418 3358 nantis
2449 3302 2508 3358 in
2541 3303 2648 3358 hoc
2677 3306 2890 3362 saeculo
2921 3309 3170 3367 civitatis
3190 3302 3312 3379 Dei,
3335 3315 3439 3370 hoc
3459 3323 3545 3371 est
3568 3302 3874 3390 Ecclesiae,

2222 3399 2346 3453 quae
2381 3384 2442 3438 fit
2469 3384 2621 3438 salva
2654 3401 2755 3455 per
2787 3387 3032 3456 lignum,
3054 3392 3113 3446 in
3147 3409 3260 3464 quo
3285 3397 3554 3465 pependit.
3584 3384 3876 3478 Mediatop

2220 3464 2320 3557 Dei
2352 3471 2407 3520 et
2439 3466 2742 3522 hominum
2776 3469 2947 3557 homo
2979 3473 3246 3557 Christus
3267 3464 3434 3533 Iesus
3454 3479 3500 3550 (Ι
3527 3481 3662 3536 Tim.
3689 3499 3758 3549 ιι,
3788 3464 3870 3557 55.

2219 3544 2363 3600 Nam
2395 3551 2451 3601 et
2510 3563 2792 3603 mensura:
2843 3551 3026 3635 ipsaet
3080 3544 3486 3627 longitudinis,
3537 3544 3869 3635 altitudinis

2221 3625 2669 3698 latitudinisque
2701 3631 2848 3699 ejus,
2883 3625 3216 3715 significant
3262 3625 3481 3710 corpus
3517 3633 3868 3715 humanum,

2217 3707 2276 3762 in
2315 3709 2483 3778 cujus
2541 3711 2782 3766 veritate
2837 3715 2904 3767 ad
2975 3714 3243 3774 homines
3301 3707 3733 3791 prénuntiatus
3782 3735 3870 3786 est

2219 3793 2514 3856 venturus,
2549 3795 2605 3844 et
2634 3792 2813 3847 venit.
2847 3793 3098 3851 Humani
3131 3801 3346 3870 quippe
3376 3805 3638 3874 corporis
3678 3806 3870 3881 longi-

2217 3871 2356 3924 tudo
2387 3887 2420 3925 a
2467 3871 2678 3926 vertice
2737 3889 2924 3943 usque
2981 3876 3051 3930 ad
3100 3880 3346 3952 vestigia
3393 3871 3583 3940 sexies
3632 3871 3865 3946 tantum

2216 3947 2408 4016 habet,
2452 3967 2624 4021 quam
2675 3951 2938 4022 latitudo,
2975 3973 3098 4026 qua:
3135 3965 3224 4014 est
3252 3947 3343 4016 vah
3394 3977 3508 4018 uno
3557 3964 3744 4023 latere
3793 3971 3863 4025 ad

2214 4029 2463 4126 alterum
2503 4033 2656 4126 latus
2680 4052 2706 4124 ς.
2728 4037 2784 4088 et
2831 4035 3021 4092 decies
3070 4042 3321 4126 tantum,
3369 4059 3540 4115 quam
3593 4047 3867 4126 altitudo,

2215 4111 2382 4179 cujus
2414 4112 2740 4167 altitudinis
2775 4130 3050 4173 mensura
3079 4124 3168 4174 est
3198 4121 3256 4176 in
3290 4111 3464 4180 latere
3503 4143 3537 4182 a
3574 4129 3752 4185 dorso
3795 4111 3866 4187 ad

2215 4196 2516 4246 ventrem:
2566 4192 2724 4249 velut
2780 4195 2828 4248 si
2883 4197 3174 4266 jacentem
3241 4201 3535 4260 hominem
3600 4209 3870 4270 metiaris

2215 4270 2514 4338 supinum,
2548 4289 2646 4328 seu
2681 4291 2955 4345 pronum,
2999 4279 3184 4336 sexies
3240 4285 3470 4340 tantum
3523 4286 3729 4358 longus
3781 4301 3874 4349 est

2215 4350 2461 4417 acapitc
2493 4354 2560 4406 ad
2597 4357 2794 4424 pedes,
2828 4374 3003 4429 quam
3054 4359 3208 4416 latus
3259 4381 3291 4419 a
3339 4365 3540 4422 dextra
3589 4350 3658 4423 ad
3713 4372 3871 4428 sini-

2213 4432 2417 4497 stram,
2441 4431 2529 4486 vel
2565 4450 2594 4486 a
2621 4437 2863 4491 sinistra
2893 4439 2950 4493 in
2983 4440 3313 4514 dexteram;
3346 4450 3406 4500 et
3434 4447 3643 4518 decies,
3677 4467 3869 4523 quam

2213 4507 2365 4589 altus
2398 4528 2431 4566 a
2459 4516 2634 4569 terra.
2667 4514 2831 4571 Unde
2870 4518 3020 4574 facta
3061 4526 3151 4576 est
3191 4507 3325 4579 arca
3365 4507 3755 4586 trecentorum

2211 4587 2576 4675 longitudine
2607 4596 2960 4675 cubitorum,
2993 4605 3049 4654 et
3087 4602 3513 4675 quinquaginta
3552 4607 3607 4661 in
3656 4587 3869 4668 latitu:

2211 4669 2367 4756 dine,
2403 4678 2457 4727 et
2488 4673 2725 4756 triginta
2757 4677 2813 4731 in
2841 4669 3174 4738 altitudine.
3217 4669 3284 4738 Et
3331 4669 3485 4756 qvuod
3537 4690 3754 4747 ostium
3804 4693 3866 4749 in

2208 4749 2386 4841 latere
2434 4755 2678 4841 accepit,
2715 4759 2974 4841 profecto
3019 4759 3163 4817 illud
3207 4773 3293 4819 est
3335 4749 3570 4837 vulnus,
3618 4774 3865 4841 quando

2208 4831 2363 4890 latus
2403 4836 2662 4923 crucifixi
2713 4839 2916 4923 lancea
2961 4843 3313 4910 perforatum
3364 4853 3454 4904 est
3499 4831 3683 4921 (Joan.
3732 4831 3864 4923 ιιὶ,

2206 4917 2341 5006 34).;
2379 4917 2483 5007 hac
2515 4919 2728 5007 qpippe
2755 4922 2821 4975 ad
2854 4921 3022 5007 illum
3066 4925 3364 4984 venientes
3405 4917 3860 5007 ingrediunturi

2207 4996 2345 5066 quia
2377 4996 2510 5051 inde
2541 4997 2916 5054 Sacramenta
2947 5009 3279 5070 manarunt,
3312 4996 3528 5077 quibus
3549 4996 3864 5070 credentes

2204 5073 2526 5130 initiantur.
2661 5079 2814 5161 quod
2840 5079 2911 5161 de
2932 5078 3106 5150 lignis
3130 5073 3426 5153 quadratis
3446 5087 3861 5161 fierijubetur,

2206 5155 2460 5226 undique
2527 5157 2793 5212 stabilem
2861 5158 3037 5215 vitam
3106 5170 3439 5221 sanctorum
3507 5155 3858 5240 significatt

2201 5252 2572 5307 quacumque
2611 5238 2767 5291 enim
2817 5240 3050 5296 verteris
3098 5245 3469 5314 quadratum,
3533 5238 3732 5306 stabit.
3761 5253 3860 5308 'Et

2199 5322 2402 5373 caetera
2432 5334 2558 5388 quae
2582 5319 2639 5372 in
2657 5319 2914 5389 ejusdem
2935 5338 3079 5377 arcae
3097 5328 3527 5386 constructione
3550 5331 3856 5403 dicuntur,

2202 5396 2722 5455 ecclesiasticarum
2753 5399 2922 5471 signa
2952 5407 3088 5458 sunt
3118 5419 3333 5463 rerum.

2266 5597 2282 5632 ι
2312 5597 2495 5647 Plures
2522 5599 2666 5660 Mss"
2698 5600 2894 5662 ipsius.
2931 5601 3018 5652 Sic
3044 5604 3208 5655 etiam
3233 5604 3376 5658 2051.
3407 5608 3474 5659 Μ.
