4138 6192
325 349 422 409 477

325 479 544 549 conjuge
591 494 657 533 ac
713 476 902 533 tribus
964 477 1099 534 ﬁliis
1142 478 1509 550 totidemque
1540 478 1787 534 nuribus
1826 476 1950 532 suis

325 558 520 615 meruit
551 575 654 629 per
681 575 879 613 aream
900 577 932 613 a
963 560 1282 616 vastatione
1309 559 1512 615 diluvii
1545 558 1799 624 liberari,
1833 573 1946 611 non

323 639 631 695 invenimus
666 655 850 709 usque
880 639 951 693 ad
975 639 1264 695 Abraham
1290 644 1640 711 cujusquam
1675 640 1943 709 pietatem

323 721 553 778 evidenti
585 719 780 774 divino
813 721 1042 791 eloquio
1075 722 1466 791 praedicatum,
1499 721 1611 776 nisi
1644 720 1796 791 quod
1830 719 1947 774 Noe

322 802 447 858 duos
469 800 618 855 ﬁlios
650 815 790 856 suos
819 801 951 855 Sem
993 806 1049 855 et
1076 802 1283 872 Japhet
1316 803 1652 872 prophetica
1675 800 1948 855 benedic—

321 883 455 939 tione
486 885 867 949 commendat,
905 881 1140 938 intuens
1172 888 1228 938 et
1255 884 1576 955 praevidens
1607 883 1758 954 quod
1778 881 1947 950 longe

324 963 496 1018 fuerat
526 967 660 1034 post
686 963 975 1017 futurum.
1012 962 1175 1018 Unde
1207 964 1422 1018 factum
1447 969 1536 1019 est
1571 965 1741 1018 etiam
1775 961 1942 1025 illud,

325 1044 578 1098 utﬁlium
600 1059 773 1098 suum
792 1044 1070 1107 medium,
1101 1043 1209 1100 hoc
1241 1049 1326 1099 est
1358 1044 1742 1116 primogenito
1765 1043 1946 1099 mino-

313 1139 424 1179 rem
446 1127 462 1161 ι
485 1123 806 1194 ultimoque
834 1125 1133 1192 majorem,
1159 1125 1256 1196 qui
1276 1125 1680 1194 peccaveratin
1699 1132 1948 1195 patrem,

302 1219 419 1260 non
441 1203 496 1258 in
531 1205 678 1274 ipso,
699 1204 798 1258 sed
821 1203 874 1258 in
906 1202 1023 1258 ﬁlio
1055 1205 1180 1274 ejus
1213 1220 1315 1259 suo
1340 1213 1541 1272 nepote
1574 1205 1947 1259 malediceret

310 1284 389 1339 his
412 1285 638 1340 verbis:
674 1283 987 1339 Maledictus
1038 1285 1302 1340 Chanaan
1351 1301 1513 1355 puer,
1560 1287 1811 1356 famulus
1841 1286 1947 1339 erit

306 1365 572 1436 fratribus
600 1368 734 1420 suis.
752 1365 1028 1421 Chanaan
1061 1383 1230 1436 porro
1255 1372 1423 1422 natus
1456 1367 1939 1434 fueratexCham,

305 1445 395 1516 qui
430 1448 609 1516 patris
640 1447 985 1501 dormientis
1017 1463 1121 1501 nec
1176 1452 1411 1515 texerat,
1445 1449 1542 1502 sed
1586 1450 1777 1518 potius
1809 1464 1944 1518 pro-

304 1526 522 1581 diderat
544 1526 892 1582 nuditatem.
927 1528 1092 1582 Unde
1109 1528 1278 1582 etiam
1303 1531 1456 1600 quod
1475 1534 1708 1584 secutus
1741 1529 1944 1598 adjun-

301 1606 381 1677 git
407 1606 870 1662 benedictionem
918 1608 1162 1662 duorum
1201 1609 1423 1663 maximi
1453 1614 1510 1663 et
1540 1610 1762 1663 minimi
1794 1609 1942 1663 ﬁlio-

300 1701 440 1752 rum,
476 1688 676 1741 dicens
711 1703 725 1741 :
761 1688 1080 1743 Benedictus
1117 1689 1376 1743 Dominus
1415 1691 1553 1744 Deus
1592 1690 1736 1754 Sem,
1770 1694 1818 1744 et
1837 1692 1944 1744 erit

307 1766 558 1821 Chanaan
585 1784 727 1838 puer
757 1768 911 1822 illius
941 1785 959 1828 ;
991 1769 1227 1833 taetiﬁcet
1259 1771 1393 1824 Deus
1411 1773 1622 1841 Japhet,
1657 1777 1708 1825 et
1741 1769 1943 1825 habitet

298 1845 361 1901 in
384 1845 630 1901 domibus
661 1847 1248 1921 Sem(Gen.ix,25-27)
1285 1867 1298 1904 :
1335 1851 1488 1904 sicut
1519 1853 1646 1921 ipsa
1677 1852 1941 1919 ejusdem

294 1926 407 1981 Noe
437 1936 490 1981 et
520 1928 697 1983 vineae
731 1929 1031 1999 plantatio,
1056 1936 1111 1984 et
1140 1947 1206 1984 ex
1230 1932 1358 1999 ejus
1392 1932 1579 1986 fructu
1612 1931 1941 2002 inebriatio,

289 2011 350 2063 et
375 2007 713 2064 dormientis
739 2011 996 2078 nudatio,
1018 2017 1216 2082 etquae
1247 2011 1325 2066 ibi
1359 2016 1566 2067 caetera
1601 2013 1747 2067 facta
1770 2019 1944 2082 atque

287 2088 612 2158 conscripta
663 2093 825 2152 sunt,
860 2091 1209 2160 propheticis
1261 2100 1397 2146 sunt
1427 2091 1732 2162 gravidata
1765 2093 1946 2148 sensi-

286 2165 398 2220 bus
439 2172 498 2220 et
553 2169 740 2221 velata
770 2169 1128 2237 tegminibus
1160 2170 1258 2240 (a).

288 2326 526 2382 CAPUT
556 2327 698 2382 ll.—
731 2329 873 2396 Quid
901 2328 958 2383 in
967 2331 1118 2481 giliis
1140 2332 1246 2386 Noe
1277 2333 1592 2402 prophetiae
1608 2335 1784 2402 fuerit
1811 2350 1948 2405 prm-

1010 2421 1288 2479 guratum.

1010 2421 1288 2479 guratum.

344 2543 391 2596 1.
416 2541 532 2596 Sed
563 2558 719 2597 nunc
738 2559 927 2598 rerum
951 2543 1293 2615 eﬁectnjam
1317 2547 1374 2601 in
1400 2549 1649 2618 posteris
1679 2565 1948 2606 consecu-

281 2627 370 2689 to,
397 2639 528 2694 quae
559 2629 763 2693 operta
787 2626 1032 2686 fuerant.
1060 2626 1200 2681 satis
1232 2633 1427 2694 aperta
1458 2638 1606 2684 sunt.
1636 2632 1772 2695 Quis
1805 2633 1950 2686 enim

280 2703 413 2757 haec
436 2702 746 2772 diligenter
768 2709 826 2757 et
857 2704 1250 2775 intelligenter
1273 2707 1600 2770 advertens,
1628 2726 1741 2763 non
1773 2727 1948 2780 agno-

283 2789 412 2839 scat
442 2783 500 2837 in
544 2782 774 2837 Christo
796 2784 825 2836 ?
853 2784 985 2838 Sem
1034 2786 1268 2857 quippe,
1301 2788 1372 2840 de
1415 2789 1588 2856 cujus
1634 2790 1857 2844 semine
1889 2792 1945 2846 in

279 2878 464 2919 carne
495 2869 668 2917 natus
699 2869 786 2918 est
817 2863 1106 2932 Christus,
1133 2867 1548 2937 interpretatur
1577 2868 1943 2926 Nominatus.

280 2944 436 3010 Quid
471 2954 664 2998 autem
697 2944 1054 3000 nominatius
1084 2945 1332 3012 Christo,
1365 2950 1536 3016 cujus
1573 2964 1780 3003 nomen
1816 2950 1946 3004 ubi-

279 3039 397 3095 que
420 3024 545 3092 jam
573 3024 808 3096 fragrat,
837 3027 916 3079 ita
944 3034 998 3079 ut
1022 3024 1078 3077 in
1113 3028 1345 3082 Cantico
1369 3028 1751 3097 canticorum,
1776 3030 1946 3085 etiam

276 3105 414 3174 ipsa
447 3104 801 3175 praecinente
833 3104 854 3138 ²
887 3105 1211 3176 prophetia,
1244 3114 1544 3178 unguento
1578 3117 1946 3178 comparetur

281 3183 723 3254 eﬂusowantic.
771 3185 820 3252 1,
853 3186 909 3255 2)
943 3202 955 3239 :
993 3187 1052 3238 in
1091 3186 1258 3255 cujus
1298 3187 1589 3251 domibus,
1624 3188 1681 3243 id
1722 3199 1805 3244 est
1846 3207 1946 3246 ec-

278 3264 507 3328 clesiis,
555 3265 786 3319 habitat
834 3266 1095 3337 gentium
1147 3267 1443 3322 latitudo?
1480 3269 1624 3322 Nam
1693 3269 1944 3340 Japheth

278 3343 567 3422 Latitudo
597 3343 1029 3414 interpretatur.
1065 3345 1244 3400 Cham
1278 3362 1468 3414 porro,
1494 3347 1642 3417 quod
1671 3347 1948 3419 interpre-

283 3427 453 3479 tatur
496 3423 731 3480 Calidus
751 3425 794 3492 ³,
832 3426 1062 3480 medius
1092 3426 1210 3480 Noe
1252 3426 1424 3494 ﬁlius,
1458 3431 1737 3496 tanquam
1783 3444 1845 3482 se
1876 3429 1947 3483 ab

281 3511 543 3574 utroque
595 3504 936 3561 discernens
967 3510 1022 3558 et
1068 3506 1219 3559 inter
1269 3510 1584 3575 utrumque
1617 3523 1946 3574 remanens,

279 3600 397 3639 nec
444 3586 504 3639 in
556 3584 828 3656 primitiis
881 3584 1295 3652 lsraelitarum,
1328 3600 1432 3638 nec
1485 3586 1542 3638 in
1593 3584 1951 3654 plenitudine

277 3664 596 3731 Gentium,
645 3665 779 3736 quid
827 3665 1119 3736 signiﬁcat
1164 3665 1274 3718 nisi
1321 3663 1722 3719 hereticorum
1768 3681 1951 3734 genus

275 3744 571 3810 calidum,
604 3761 722 3799 non
772 3745 980 3815 spiritu
1028 3743 1350 3815 sapientia,
1401 3743 1498 3798 sed
1546 3742 1948 3814 impatientia,

276 3841 406 3895 quo
463 3825 655 3879 solent
684 3823 706 3857 ⁴
738 3824 1140 3880 haereticorum
1193 3825 1408 3878 fervere
1459 3823 1775 3894 praecordia
1817 3825 1860 3889 ⁸,
1895 3829 1950 3879 et

275 3921 497 3975 pacem
547 3906 883 3976 perturbare
924 3904 1309 3959 sanctorum?
1351 3904 1462 3959 Sed
1512 3903 1628 3959 haec
1671 3905 1728 3958 in
1776 3920 1949 3959 usum

279 3985 512 4039 cedunt
545 3985 997 4055 proﬁcientium,
1024 3986 1185 4054 juxta
1218 3984 1353 4038 illud
1389 3985 1642 4054 Apostoli
1681 4000 1692 4037 :
1727 3985 1949 4056 Oportet

279 4071 344 4122 et
371 4067 612 4122 haereses
658 4083 793 4132 esse,
824 4070 882 4120 ut
929 4067 1156 4138 probati
1201 4067 1495 4137 manifesti
1539 4067 1674 4136 ﬁant
1706 4067 1762 4120 in
1807 4069 1951 4121 vobis

285 4147 339 4226 (Ι
366 4149 500 4203 Cor.
536 4164 612 4214 x1,
650 4148 759 4216 19).
795 4148 953 4204 Unde
987 4147 1157 4201 etiam
1191 4149 1468 4218 scriptum
1503 4152 1610 4211 est,
1635 4147 1805 4201 Filius
1831 4164 1952 4202 eru-

283 4228 444 4283 ditus
477 4229 697 4299 sapiens
727 4227 852 4298 erit,
885 4227 1232 4290 imprudente
1261 4232 1443 4282 autem
1482 4227 1737 4283 ministro
1768 4233 1954 4284 utetur

284 4311 491 4382 (Prov.
523 4327 579 4376 x,
614 4310 666 4378 4,
700 4311 843 4377 apud
877 4307 1054 4379 LXX).
1090 4308 1271 4364 Multa
1303 4309 1515 4381 quippe
1547 4311 1618 4364 ad
1652 4310 1824 4365 ﬁdem
1859 4328 1951 4367 ca-

281 4390 578 4445 tholicam
614 4389 980 4460 pertinentia,
1015 4389 1151 4443 dum
1189 4390 1584 4444 haereticorum
1621 4390 1804 4446 calida
1829 4391 1955 4446 6in-

284 4471 644 4542 quietudine
693 4471 1078 4541 exagitantur,
1130 4475 1195 4524 ut
1243 4471 1522 4526 adversus
1569 4486 1668 4526 eos
1719 4472 1951 4528 defendi

277 4551 546 4622 possint,
581 4555 638 4605 et
670 4551 1114 4605 considerantur
1145 4547 1504 4620 diligentius,
1529 4554 1586 4604 et
1618 4551 1953 4624 intelligun-

273 4637 388 4686 tur
414 4631 655 4699 clarius,
679 4637 735 4687 et
765 4630 1085 4684 instantius
1115 4630 1504 4700 praedicantur
1531 4648 1544 4686 :
1569 4641 1622 4686 et
1654 4633 1724 4686 ab
1755 4635 1950 4687 adver-

273 4711 452 4765 sario
480 4717 631 4765 mota
662 4711 926 4782 quaestio,
957 4709 1212 4764 discendi
1245 4709 1438 4765 existit
1469 4711 1717 4766 occasio.
1747 4713 1951 4776 Quam-

268 4791 377 4846 vis
400 4807 524 4846 non
557 4793 748 4848 solum
772 4790 869 4862 qui
901 4796 1042 4846 sunt
1063 4790 1433 4862 apertissime
1460 4791 1731 4863 separati,
1758 4808 1951 4851 verum

285 4969 290 4976 .
352 4930 375 4965 1
408 4927 561 4989 Msa,
581 4925 894 4987 juniorem.

352 4990 1081 5063 ἒὲξδνρταεσεάεπξεο..
1217 5051 1266 5063 ..
1381 5052 1412 5063 η

355 5054 378 5087 ³
408 5053 573 5101 Vind.
595 5050 724 5102 ’Am.
757 5053 838 5100 Er.
869 5054 920 5102 et
952 5051 1190 5114 plerique
1217 5051 1341 5102 Mss.
1373 5050 1663 5114 Callidus;
1688 5055 1955 5119 pauloque

355 5119 418 5163 ist
447 5117 666 5163 habent.
703 5129 873 5163 genus
903 5114 1192 5163 callidum.

271 5119 418 5181 post
447 5117 666 5171 habent,
697 5129 873 5176 genus
903 5117 1192 5188 callidum:
1237 5176 1250 5188 .
1483 5177 1495 5189 .
1700 5117 1706 5118 7
1866 5117 1884 5119 ἡ

352 5179 378 5214 4
409 5178 573 5228 Vind.
602 5181 719 5226 Am.
756 5180 810 5226 et
835 5177 916 5225 Er.
925 5214 941 5239 ,
983 5177 1076 5226 sed
1105 5185 1314 5240 spiritu
1345 5178 1661 5238 versipelli:
1689 5180 1950 5238 astutiae,

273 5257 441 5306 Quae
479 5242 672 5304 solent,
705 5242 803 5289 etc.

355 5307 377 5340 ⁸
413 5304 527 5353 Mss
553 5342 565 5363 ,
589 5301 932 5364 primoi'dia.

352 5367 376 5401 δ
409 5367 504 5430 Sic
533 5363 612 5414 Eri
652 5365 942 5430 EditiAvero
974 5363 1067 5430 alii
1095 5376 1216 5430 cun}
1243 5365 1508 5428 plerisque
1553 5367 1948 5430 manuscriptis,

263 5429 526 5479 calsida.
562 5455 622 5464 —
651 5429 748 5477 Ms.
776 5425 888 5482 253.
919 5427 1120 5475 calida.
1152 5427 1223 5475 M.

345 5494 423 5555 (α)
465 5492 665 5555 Sensus
706 5491 827 5539 illos
867 5489 988 5539 vide
1033 5489 1125 5538 lib.
1178 5488 1236 5537 12
1282 5491 1424 5539 cont.
1473 5490 1648 5541 Faust.
1699 5491 1945 5548 Manich.,

256 5553 433 5618 capp.
472 5553 538 5603 22
563 5557 618 5603 et
638 5567 782 5616 seqq.

1513 347 1750 407 LIBER
1790 342 2134 405 DECIMUS
2178 343 2504 407 SEXTUS.

3589 348 3705 406 4'78

2059 475 2235 530 etiam
2266 492 2468 532 omnes
2500 477 2599 549 qui
2630 476 2949 533 christiano
2979 477 3258 533 vocabulo
3286 477 3611 550 gloriantur
3648 483 3705 532 et

2059 557 2283 626 perdite
2308 559 2526 626 vivunt,
2563 577 2675 614 non
2709 561 2958 614 absurde
3003 567 3250 630 possunt
3278 561 3460 613 videri
3508 561 3700 614 medio

2055 636 2176 691 Noe
2209 638 2325 692 ﬁlio
2372 640 2600 698 ﬁgurati
2632 657 2645 694 :
2683 641 3010 709 passionem
3053 642 3269 711 quippe
3307 641 3540 707 Christi,
3574 657 3700 710 quas

2058 715 2219 771 illius
2253 719 2501 773 hominis
2551 721 2813 774 nuditate
2871 720 3197 787 signiﬁcata
3228 728 3330 784 est,
3366 725 3422 774 et
3463 737 3703 774 annuu-

2057 798 2206 852 tiant
2238 801 2641 868 proﬁtendo,et
2676 803 2826 856 male
2859 802 3082 872 agendo
3115 800 3587 857 exbonorant.De
3619 805 3706 855 ta-

2055 876 2209 934 libus
2241 897 2372 953 ergo
2405 882 2624 938 dictum
2656 888 2766 952 est,
2791 885 2871 937 Ex
2899 884 3172 952 fructibus
3202 900 3392 939 eorum
3420 899 3708 955 cognosce-

2056 961 2130 1016 tis
2159 977 2245 1017 eos
2279 963 2485 1034 (Matth.
2512 980 2616 1030 vn,
2648 964 2760 1035 20).
2800 965 2928 1020 Ideo
2960 965 3141 1020 Cbam
3175 967 3230 1020 in
3266 964 3380 1020 ﬁlio
3435 981 3536 1019 suo
3585 981 3704 1020 ma-

2056 1041 2301 1096 ledictus
2332 1047 2439 1109 est,
2465 1048 2742 1114 tanquam
2770 1045 2829 1098 in
2865 1045 3053 1098 fructu
3087 1062 3214 1113 suo,
3239 1045 3294 1108 id
3327 1048 3416 1098 est
3446 1045 3502 1098 in
3533 1060 3704 1114 opere

2055 1137 2183 1177 suo.
2210 1121 2371 1177 Unde
2402 1124 2808 1179 convenienter
2839 1133 2890 1179 et
2924 1125 3046 1196 ipse
3079 1125 3232 1179 ﬁlius
3271 1125 3397 1194 ejus
3428 1124 3702 1178 Chanaan

2055 1201 2467 1272 interpretatur
2510 1209 2701 1260 Motus
2733 1221 2931 1260 eorum
2967 1222 2980 1260 :
3016 1207 3165 1275 quod
3213 1205 3368 1259 aliud
3412 1204 3550 1275 quid
3598 1208 3704 1269 est,

2056 1298 2232 1353 quam
2266 1299 2415 1353 Opus
2461 1300 2659 1339 eorum
2691 1286 2718 1339 ‘2
2745 1290 2872 1340 Sem
2921 1302 3052 1341 vero
3083 1290 3140 1340 et
3169 1285 3380 1356 Japhet
3422 1291 3701 1354 tanquam

2055 1365 2419 1420 circumcisio
2461 1374 2512 1419 et
2549 1370 2916 1437 praeputium,
2948 1369 3035 1422 vel
3074 1367 3226 1422 sicut
3255 1366 3366 1421 alio
3409 1368 3578 1419 modo
3606 1380 3703 1418 eos

2055 1445 2310 1516 appellat
2348 1446 2684 1517 Apostolus,
2743 1448 2926 1502 Judaei
2987 1452 3043 1502 et
3101 1447 3300 1509 (irasci,
3363 1447 3460 1500 sed
3512 1445 3700 1499 vocati

2053 1531 2110 1582 et
2130 1527 2458 1595 justiﬁcati,
2484 1529 2710 1596 cognita
2742 1545 2972 1598 quoquo
3007 1529 3176 1582 modo
3201 1527 3462 1582 nuditate
3495 1525 3701 1595 patris,

2053 1623 2169 1676 qua
2199 1605 2638 1676 signiﬁcabatur
2669 1608 2860 1678 passio
2893 1607 3536 1670 Salvatoris,sumentes
3565 1621 3700 1658 ves-

2053 1686 2391 1754 timentum,
2424 1693 2743 1757 posuerunt
2784 1705 2958 1756 supra
2999 1687 3170 1741 dorsa
3208 1703 3317 1740 sua
3348 1686 3386 1748 ‘,
3421 1691 3477 1739 et
3514 1685 3698 1738 intra-

2052 1771 2261 1821 verunt
2291 1768 2496 1834 aversi,
2529 1776 2580 1822 et
2612 1774 2968 1839 operuerunt
3015 1768 3338 1822 nuditatem
3373 1765 3557 1836 patris
3585 1763 3698 1830 sui,

2053 1861 2159 1901 nec
2194 1847 2452 1901 viderunt
2482 1848 2637 1918 quod
2672 1849 2985 1903 reverendo
3018 1852 3284 1902 texerunt
3314 1846 3466 1919 (Gen.
3502 1844 3701 1914 111,23).

2054 1927 2316 1993 Quodam
2363 1928 2518 1982 enim
2554 1930 2721 1982 modo
2755 1929 2811 1982 in
2861 1928 3134 1999 passione
3184 1927 3416 1993 Christi,
3449 1932 3503 1980 et
3546 1925 3701 1995 quod

2056 2024 2158 2078 pro
2191 2007 2361 2063 nobis
2385 2009 2596 2062 factum
2631 2013 2718 2063 est
2759 2008 3133 2073 honoramus,
3160 2013 3218 2062 et
3247 2009 3580 2063 Judseorum
3613 2005 3704 2060 fa—

2051 2090 2224 2142 cinus
2247 2089 3040 2144 aversamur.Vestimentum
3065 2089 3355 2158 signiﬁcat
3377 2101 3704 2141 sacramen-

2053 2172 2177 2222 tum
2214 2183 2228 2233 ;
2261 2168 2453 2232 dorsa,
2506 2169 2848 2222 memoriam
2896 2164 3519 2238 praeteritorum:quia
3569 2179 3700 2232 pas-

2054 2247 2278 2302 sionem
2306 2246 2518 2301 Christi
2553 2262 2618 2302 eo
2651 2246 2873 2302 scilicet
2897 2250 3014 2316 jam
3049 2253 3306 2316 tempore
3337 2261 3452 2316 quo
3485 2243 3709 2297 habitat

2052 2328 2260 2397 Japhet
2287 2326 2346 2382 in
2387 2327 2661 2382 domibus
2693 2327 2822 2382 Sem
2869 2333 2927 2381 et
2959 2327 3151 2380 malus
3195 2325 3375 2379 frater
3419 2324 3476 2377 in
3512 2321 3702 2376 medio

2053 2421 2281 2474 eorum,
2322 2409 2679 2461 transactam
2728 2405 2983 2468 celebrat
3031 2404 3304 2471 Ecclesia,
3350 2419 3462 2457 non
3514 2401 3706 2457 adhuc

2055 2490 2384 2556 prospectat
2424 2485 2700 2538 futuram.

2125 2568 2177 2617 2.
2213 2564 2323 2620 Sed
2359 2563 2542 2618 malus
2575 2567 2752 2619 frater
2782 2564 2838 2618 in
2874 2564 2988 2619 ﬁlio
3021 2580 3150 2631 suo,
3183 2563 3293 2618 hoc
3325 2570 3408 2617 est
3442 2563 3498 2615 in
3531 2577 3706 2635 opere

2052 2660 2183 2712 suo,
2211 2660 2369 2715 puer,
2404 2645 2462 2698 id
2495 2648 2579 2699 est
2600 2660 2820 2712 servus,
2844 2650 2933 2699 est
2963 2644 3206 2698 fratrum
3239 2645 3548 2710 bonorum,
3574 2661 3704 2701 cum

2052 2724 2140 2780 vel
2175 2726 2245 2779 ad
2287 2724 2757 2779 exercitationem
2801 2725 3108 2795 patientiae,
3137 2726 3221 2779 vel
3263 2724 3333 2779 ad
3379 2727 3702 2794 protectum

2053 2805 2350 2875 sapientia:
2382 2805 2632 2860 scienter
2663 2809 2907 2859 utuntur
2948 2804 3116 2859 malis
3147 2805 3300 2859 boni.
3335 2805 3484 2860 Sunt
3522 2807 3703 2878 enim,

2053 2891 2198 2939 teste
2218 2883 2512 2954 Apostolo,
2540 2885 2638 2955 qui
2666 2884 2961 2940 Christum
2986 2885 3340 2939 annuntiant
3365 2900 3476 2938 non
3501 2891 3661 2940 caste
3688 2903 3701 2941 :

2053 2964 2154 3020 Sed
2183 2967 2297 3019 sive
2333 2967 2631 3033 occasione,
2664 2964 2874 3036 inquit,
2905 2967 3019 3020 sive
3047 2963 3277 3020 veritate
3319 2965 3562 3018 Christus
3592 2983 3704 3020 an-

2052 3045 2360 3111 nuntietur,
2384 3045 2442 3099 in
2474 3046 2572 3100 hoc
2613 3046 2840 3114 gaudeo,
2872 3047 2964 3101 sed
3003 3049 3056 3101 et
3082 3046 3323 3116 gaudebo
3365 3046 3623 3116 (Philipp.
3660 3063 3701 3113 Ι,

2053 3126 2162 3197 18).
2212 3128 2341 3197 ipse
2391 3127 2602 3196 quippe
2650 3126 2932 3195 plantavit
2980 3128 3229 3193 vineam,
3281 3127 3350 3181 de
3400 3143 3511 3194 qua
3558 3128 3702 3182 dicit

2051 3207 2358 3276 PrOpheta,
2417 3208 2584 3262 Vinea
2624 3207 2841 3262 Domini
2887 3207 3125 3262 Sabaoth
3173 3207 3361 3262 domus
3404 3207 3574 3263 Israel
3621 3214 3701 3263 est

2053 3284 2202 3355 (Isai.
2239 3302 2286 3340 ν.
2318 3287 2374 3352 7)
2409 3302 2422 3341 :
2455 3291 2510 3341 et
2559 3287 2707 3342 bibit
2758 3289 2827 3342 de
2877 3290 3007 3341 vino
3059 3288 3224 3356 ejus:
3252 3290 3372 3342 sive
3429 3288 3523 3345 ille
3554 3288 3703 3343 calix

2053 3363 2148 3417 hic
2173 3364 2554 3434 intelligatur,
2577 3367 2649 3419 de
2679 3382 2794 3435 quo
2820 3365 3216 3431 dicit,Potestis
3237 3365 3423 3421 bibere
3450 3369 3703 3434 calicem,

2052 3457 2212 3513 quem
2260 3458 2356 3511 ego
2383 3444 2658 3498 bibiturus
2707 3460 2830 3497 sum
2860 3446 3089 3514 (Matth.
3141 3461 3235 3508 xx,
3259 3445 3400 3515 22)?
3423 3447 3705 3514 et,Pater,

2055 3521 2106 3577 si
2134 3521 2258 3590 ﬁeri
2277 3529 2466 3592 potest,
2489 3527 2731 3578 transeat
2760 3540 2794 3578 a
2823 3539 2909 3577 me
2935 3525 3086 3578 calix
3115 3527 3212 3578 iste
3234 3525 3335 3593 (Id.
3387 3539 3540 3587 xxw,
3576 3526 3666 3593 39)
3691 3544 3705 3590 ;

2057 3617 2172 3672 quo
2220 3616 2386 3655 suam
2436 3603 2563 3656 sine
2612 3603 2790 3658 dubio
2841 3602 3135 3672 signiﬁcat
3184 3606 3555 3672 passionem:
3589 3602 3709 3657 sive

2058 3681 2194 3752 quia
2225 3681 2423 3734 vinum
2476 3681 2695 3736 fructus
2727 3686 2816 3736 est
2865 3682 3062 3746 vineas,
3093 3681 3201 3737 hoc
3253 3681 3443 3752 potius
3485 3681 3582 3737 illo
3632 3681 3710 3736 sit

2055 3761 2473 3830 signiﬁcatum,
2506 3761 2662 3832 quod
2712 3778 2778 3818 ex
2808 3762 2938 3833 ipsa
2985 3762 3171 3828 vinea,
3207 3762 3312 3817 hoc
3362 3765 3449 3817 est
3490 3777 3558 3816 ex
3607 3777 3711 3832 ge-

2056 3858 2194 3897 nere
2242 3840 2654 3910 Israelitarum,
2707 3859 2941 3897 carnem
2994 3859 3096 3913 pro
3145 3842 3314 3897 nobis
3362 3846 3418 3896 et
3466 3844 3708 3914 sangui-

2057 3939 2213 3985 nem,
2249 3927 2311 3975 ut
2342 3922 2460 3992 pati
2505 3930 2716 3992 posset,
2755 3924 3079 3994 assumpsit
3112 3939 3126 3977 :
3161 3923 3222 3977 Et
3263 3922 3572 3978 inebriatus
3602 3926 3706 3990 est,

2055 4002 2115 4058 id
2147 4008 2255 4070 est,
2292 4018 2496 4072 passus
2530 4007 2620 4057 est
2651 4019 2664 4057 :
2701 4003 2761 4057 Et
2790 4004 3029 4057 nudatus
3070 4011 3149 4058 est
3176 4001 3331 4073 (Gen.
3361 4003 3545 4075 tx,21)
3578 4021 3592 4070 ;
3626 4003 3706 4075 ibi

2058 4099 2308 4153 namque
2357 4086 2571 4137 nudata
2614 4091 2720 4149 est,
2754 4083 2809 4137 id
2842 4091 2922 4137 est
2971 4088 3242 4154 apparuit
3291 4085 3418 4154 ejus
3463 4074 3708 4140 inﬁrmi:

2056 4168 2167 4229 tas,
2205 4167 2274 4218 de
2323 4181 2438 4234 qua
2470 4165 2610 4218 dicit
2658 4165 2992 4234 Apostolus,
3025 4165 3138 4218 Etsi
3175 4163 3485 4234 cruxiﬁxus
3532 4175 3610 4220 est
3637 4181 3708 4220 e1:

2057 4244 2385 4312 inﬁrmitate
2417 4246 2487 4313 (ll
2524 4245 2644 4299 Cor.
2682 4261 2801 4310 χιιι,
2834 4245 2908 4314 li).
2945 4243 3102 4299 Unde
3146 4243 3298 4299 idem
3344 4245 3504 4310 dicit,
3535 4246 3706 4316 Inﬁr-

2058 4341 2210 4380 mum
2259 4327 2354 4380 Dei
2381 4325 2584 4395 fortius
2632 4331 2708 4380 est
2739 4324 3079 4391 hominibus,
3109 4330 3158 4380 et
3209 4325 3444 4380 stultum
3477 4326 3571 4380 Dei
3617 4343 3706 4381 sa-

2056 4406 2298 4478 pientius
2329 4413 2405 4461 est
2438 4407 2752 4461 hominibus
2783 4408 2826 4476 (l
2861 4407 2982 4462 Cor.
3016 4424 3054 4473 ι,
3077 4408 3192 4478 25).
3216 4407 3377 4472 Quod
3411 4423 3538 4462 vero
3571 4424 3706 4463 cum

2058 4486 2279 4542 dictum
2312 4491 2489 4553 esset,
2521 4488 2586 4540 Et
2614 4487 2852 4541 nudatus
2882 4495 2959 4541 est
2989 4503 3010 4548 ,'
3039 4487 3267 4542 addidit
3294 4488 3616 4558 Scriptura,
3646 4491 3707 4543 in

2057 4566 2212 4622 domo
2259 4582 2363 4622 sua
2391 4583 2410 4621 :
2441 4566 2736 4637 eleganter
2783 4567 3062 4633 ostendit,
3116 4569 3266 4638 quod
3290 4585 3323 4623 a
3353 4585 3464 4624 suae
3513 4569 3709 4625 carnis

2057 4651 2226 4718 gente
2253 4654 2306 4701 et
2351 4647 2684 4701 domesticis
2735 4647 3040 4717 sanguinis
3083 4650 3198 4714 sui,
3227 4649 3422 4714 utique
3468 4647 3708 4716 Judaeis,

2057 4729 2244 4781 fuerat
2291 4743 2522 4783 crucem
2571 4731 2934 4797 mortemque
2966 4743 3269 4796 passurus.
3297 4727 3456 4781 Hanc
3478 4729 3708 4797 passio-

2059 4822 2190 4862 nem
2212 4807 2424 4862 Christi
2455 4807 2593 4862 l'oris
2624 4807 2681 4861 in
2714 4821 2857 4862 sono
2890 4811 3118 4860 tantum
3153 4805 3305 4859 vocis
3337 4806 3565 4874 reprobi
3599 4821 3705 4860 an-

2057 4889 2370 4943 nuntiant:
2405 4905 2517 4942 non
2550 4887 2703 4941 enim
2737 4885 2886 4958 quod
2920 4883 3299 4948 adnuntiant,
3345 4883 3706 4955 intelligunt.

2057 4969 2228 5024 Probi
2261 4977 2452 5024 autem
2488 4969 2544 5022 in
2578 4969 2848 5022 interiore
2871 4964 3108 5020 homine
3138 4963 3358 5018 habent
3389 4968 3506 5019 tam
3536 4981 3707 5035 gran-

2057 5049 2128 5104 de
2161 5048 2522 5120 mysterium,
2547 5055 2720 5118 atque
2751 5046 3039 5101 honorant
3070 5044 3228 5099 intus
3261 5044 3316 5098 in
3339 5046 3513 5099 corde
3543 5046 3706 5100 inﬁr-

2056 5145 2212 5184 mum
2246 5133 2302 5183 et
2333 5129 2578 5184 stultum
2611 5127 2734 5193 Dei,
2767 5127 2916 5198 quod
2952 5124 3157 5180 fortius
3188 5127 3245 5177 et
3274 5121 3592 5192 sapientius
3623 5131 3707 5176 est

2055 5211 2414 5267 hominibus.
2439 5211 2626 5280 Hujus
2659 5210 2739 5264 rei
2764 5209 2949 5280 ﬁgura
2979 5210 3084 5272 est,
3111 5205 3265 5276 quod
3297 5204 3477 5261 Cbam
3511 5205 3706 5259 exiens

2054 5290 2164 5347 hoc
2205 5291 2496 5346 nuntiavit
2537 5291 2674 5346 foris
2708 5307 2722 5357 ;
2755 5290 2890 5346 Sem
2926 5304 3060 5345 vero
3094 5293 3150 5344 et
3182 5284 3458 5358 Japheth,
3494 5288 3554 5341 ut
3593 5284 3701 5339 hoc

2120 5559 2133 5590 ι
2165 5555 2349 5605 Plures
2378 5555 2522 5610 Mss.,
2552 5553 2660 5602 duo
2689 5552 2854 5601 dorsa
2883 5566 3010 5601 sua.
