4138 6192
467 330 586 391 4⁵79

469 463 749 531 volarent,
779 463 837 519 id
869 468 959 521 est
987 465 1360 532 honorarent,
1397 464 1646 538 ingressi
1677 472 1832 532 sunt,
1862 463 1974 520 hoc
2003 467 2110 532 est,

469 546 717 601 interius
749 545 804 599 id
837 551 1100 616 egerunt.

541 627 594 680 3.
625 625 751 679 Hac
794 626 1100 697 Scripturae
1142 631 1360 682 secreta
1399 627 1608 682 divinae
1646 627 2022 698 indagamus,
2055 627 2117 680 ut

470 722 803 780 possumus,
835 707 982 761 alius
1026 707 1136 763 alio
1184 711 1365 779 magis
1408 709 1670 764 minusve
1709 712 2116 780 congruenter,

469 791 873 842 verumtamen
906 788 1153 844 fideliter
1182 794 1404 844 certum
1434 793 1715 856 tenentes,
1751 805 1865 844 non
1897 805 1965 843 ea
1993 789 2120 842 sine

471 867 669 938 aliqua
709 867 1168 938 praaﬁguratione
1207 871 1538 925 futurorum
1581 878 1743 938 gesta
1783 875 1952 940 atque
1982 884 2119 924 con-

470 949 712 1019 scripta,
746 965 932 1019 neque
965 950 1072 1005 nisi
1107 953 1177 1006 ad
1211 951 1504 1007 Christum
1539 957 1594 1007 et
1625 953 1749 1021 ejus
1783 951 2118 1014 Ecclesiam,

472 1045 600 1098 quae
631 1029 835 1084 civitas
866 1030 963 1086 Dei
997 1041 1102 1103 εει,
1125 1049 1252 1088 εεεε
1284 1034 1625 1088 referenda:
1660 1034 1828 1102 cujus
1857 1031 1928 1087 ab
1961 1031 2122 1085 initio

471 1109 701 1180 generis
749 1110 994 1167 humani
1027 1130 1141 1168 non
1191 1115 1371 1169 defuit
1422 1114 1773 1184 praedicatio,
1807 1128 1984 1183 quam
2025 1126 2126 1182 per

473 1189 668 1245 omnia
715 1192 978 1248 videmus
1029 1193 1278 1266 impleri.
1314 1194 1637 1250 Benedictis
1687 1194 1863 1262 igitur
1893 1193 2123 1247 duobus

476 1269 610 1325 ﬁliis
661 1273 794 1340 Noe,
829 1277 1002 1344 atque
1051 1291 1166 1330 uno
1197 1276 1254 1329 in
1305 1274 1496 1330 medio
1541 1289 1740 1328 eorum
1792 1272 2122 1342 maledicto,

475 1351 750 1422 deinceps
800 1368 983 1424 usque
1015 1355 1083 1409 ad
1112 1354 1403 1410 Abraham
1454 1355 1845 1425 dejustorum
1895 1352 2124 1423 aliquo-

475 1449 630 1497 rum,
683 1434 780 1503 qui
850 1433 942 1503 pie
1004 1435 1185 1490 Deum
1251 1435 1522 1504 colerent,
1572 1435 2126 1490 commemoratione

475 1514 696 1569 silitum
747 1517 835 1569 est
866 1517 884 1551 ¹
913 1532 1016 1586 ρει·
1059 1532 1245 1572 annos
1293 1516 1547 1587 amplius
1574 1533 1747 1588 quam
1797 1516 1975 1570 mille.
2010 1515 2127 1572 Nec

476 1608 574 1649 eos
602 1593 858 1650 defuisse
897 1596 1242 1652 crediderim
1277 1613 1290 1652 :
1324 1598 1420 1652 sed
1455 1597 1500 1651 si
1542 1613 1741 1652 omnes
1772 1611 2127 1653 commemo-

477 1683 765 1745 rarentur,
800 1677 979 1733 nimis
1019 1678 1257 1750 longum
1284 1679 1442 1734 fieret
1475 1693 1489 1745 ;
1519 1685 1578 1734 et
1607 1679 1728 1734 haec
1758 1683 1910 1734 esset
1939 1677 2127 1749 magis

474 1757 751 1812 historica
789 1757 1106 1828 diligentia,
1141 1777 1318 1830 quam
1362 1759 1702 1830 prophetica
1744 1758 2122 1829 providentia.

477 1836 579 1894 Illa
620 1838 817 1909 itaque
847 1841 1190 1909 exsequitur
1236 1841 1575 1894 Litterarum
1612 1856 1942 1894 sarcrarum
1979 1839 2126 1894 scri-

477 1921 607 1987 ptor
637 1918 904 1984 istarum,
938 1918 1022 1975 vel
1057 1919 1252 1992 potius
1280 1936 1379 1991 per
1409 1935 1540 1974 eum
1570 1919 1666 1974 Dei
1697 1919 1968 1988 Spiritus,
2001 1917 2128 1990 qui-

477 1998 589 2053 bus
621 2015 734 2053 non
783 1998 971 2054 solum
1008 2006 1322 2055 narrentur
1371 2001 1679 2072 praeterita,
1713 2015 1912 2054 verum
1952 2001 2125 2054 etiam

477 2078 942 2149 praenuntientur
974 2081 1186 2150 futura,
1221 2097 1347 2150 quae
1390 2087 1586 2135 tamen
1620 2080 1917 2151 pertinent
1943 2080 2011 2133 ad
2041 2078 2126 2134 ci-

479 2159 716 2214 vitatem
752 2159 851 2214 Dei
887 2175 900 2213 :
933 2161 1072 2230 quia
1103 2166 1159 2215 et
1205 2163 1274 2215 de
1313 2160 1653 2215 hominibus
1686 2161 1784 2231 qui
1835 2175 1950 2214 non
1991 2166 2130 2217 sunt

474 2239 633 2294 cives
664 2240 815 2309 ejus,
845 2239 1134 2311 quidquid
1169 2239 1261 2294 hic
1293 2240 1526 2309 dicitur,
1561 2241 1630 2294 ad
1666 2240 1773 2294 hoc
1803 2238 2039 2306 dicitur,
2065 2242 2130 2293 ut

472 2319 573 2376 illa
617 2337 682 2375 ex
735 2324 1169 2392 comparatione
1227 2321 1520 2376 contraria
1562 2320 1649 2376 vel
1713 2321 1999 2393 proﬁciat,
2043 2319 2130 2374 vel

471 2401 742 2457 emineat.
768 2400 893 2456 Non
928 2417 1067 2456 sane
1097 2401 1293 2457 omnia
1317 2417 1439 2472 quae
1471 2406 1630 2471 gesta
1661 2409 1998 2465 narrantur,
2028 2399 2132 2455 ali-

471 2483 608 2553 quid
641 2484 812 2539 etiam
858 2482 1192 2555 signiﬁcare
1224 2482 1489 2551 putanda
1533 2485 1673 2537 sunt
1704 2498 1718 2536 :
1754 2481 1857 2537 scd
1897 2485 2130 2552 propter

472 2561 571 2618 illa
603 2580 732 2634 quae
762 2562 980 2634 aliquid
1014 2562 1366 2631 significant,
1399 2562 1580 2618 etiam
1613 2577 1680 2617 ea
1710 2577 1842 2633 quae
1873 2560 2020 2616 nihil
2056 2559 2133 2614 si-

473 2644 750 2715 gniﬁcant
799 2649 1154 2698 attexuntur.
1188 2642 1321 2698 Solo
1371 2643 1527 2698 enim
1559 2657 1790 2698 vomere
1818 2646 1974 2696 terra
1998 2655 2132 2710 pro-

479 2723 814 2789 scinditur;
857 2723 959 2777 sed
1011 2730 1072 2777 ut
1120 2721 1226 2778 hoc
1278 2723 1401 2777 ﬁeri
1455 2722 1656 2792 possit,
1707 2721 1880 2778 etiam
1930 2725 2133 2777 caetera

477 2803 654 2856 aratri
703 2803 967 2856 membra
1016 2807 1153 2857 sunt
1201 2805 1580 2859 necessaria:
1621 2806 1676 2857 et
1720 2802 1827 2858 soli
1860 2802 2018 2856 nervi
2071 2801 2129 2855 in

477 2881 718 2936 citharis
766 2886 940 2952 atque
979 2881 1318 2952 hujusmodi
1366 2883 1521 2940 vasis
1569 2881 1811 2938 musicis
1857 2887 2132 2952 aptantur

481 2962 549 3017 ad
583 2966 860 3030 cantum;
896 2963 995 3016 sed
1029 2969 1094 3018 ut
1120 2964 1304 3036 aptari
1339 2966 1585 3036 possint,
1610 2963 1814 3017 insunt
1842 2966 1899 3017 et
1927 2968 2134 3017 caetera

479 3042 537 3097 in
575 3042 952 3114 compagibus
975 3044 995 3078 ³
1028 3060 1395 3113 organorum,
1420 3059 1550 3114 quae
1580 3059 1693 3097 non
1727 3042 2134 3112 percutiuntur

477 3137 511 3178 ε
555 3121 922 3191 canentibus,
957 3124 1059 3179 sed
1099 3140 1166 3179 ea
1215 3139 1342 3194 quae
1391 3137 1660 3194 percussa
1710 3129 2007 3188 resonant,
2041 3120 2134 3176 his

476 3207 926 3259 connectuntur.
963 3203 1050 3258 Ita
1091 3204 1149 3257 in
1196 3201 1530 3273 prophetica
1569 3201 1817 3257 historia
1858 3201 2134 3255 dicuntur

478 3286 534 3338 et
564 3281 762 3353 aliqua
808 3298 936 3353 qua
967 3283 1115 3337 nihil
1160 3281 1510 3353 signiﬁcant,
1545 3282 1642 3336 sed
1691 3281 1908 3352 quibus
1936 3279 2129 3335 adhae-

477 3367 646 3418 reant
692 3379 819 3434 quis
879 3362 1232 3435 signiﬁcant,
1282 3367 1340 3418 et
1383 3361 1814 3434 quodammodo
1877 3361 2129 3432 religen-

483 3446 598 3499 tur.

478 3523 714 3581 CAPUT
734 3525 833 3584 ΙΙΙ.
856 3558 925 3567 -
946 3527 1020 3581 De
1047 3526 1494 3596 generationibus
1523 3523 1692 3581 trium
1724 3524 1966 3595 ﬁliorum
1997 3523 2126 3582 Noe.

555 3607 603 3660 1.
641 3605 1057 3663 Generationes
1088 3623 1225 3677 ergo
1254 3606 1507 3661 ﬁliorum
1550 3605 1672 3661 Noe
1717 3606 1990 3675 deinceps
2033 3605 2129 3660 iu-

478 3684 729 3750 tuendae,
763 3689 820 3738 et
850 3684 1007 3755 quod
1043 3685 1113 3740 de
1143 3684 1235 3739 his
1267 3685 1575 3740 dicendum
1607 3685 1855 3749 videtur,
1879 3687 2133 3738 attexen-

481 3765 624 3819 dum
657 3771 744 3820 est
775 3765 907 3820 huic
937 3765 1120 3835 operi,
1153 3781 1267 3835 quo
1300 3764 1552 3820 civitatis
1595 3765 1922 3833 utriusque,
1960 3772 2136 3818 terre-

479 3861 564 3900 nae
599 3845 828 3900 scilicet
867 3855 914 3901 et
951 3845 1220 3906 caelestis.
1252 3862 1353 3916 per
1390 3850 1649 3915 tempora
1695 3860 2000 3914 procursus
2039 3858 2134 3899 os-

479 3926 761 3982 tenditur.
794 3927 1000 3998 Cceptae
1034 3931 1174 3981 sunt
1203 3933 1402 3981 autem
1434 3927 1456 3960 ³
1483 3926 1927 3982 commemorari
1961 3943 1993 3979 a
2024 3924 2133 3980 mi-

481 4007 643 4063 nimo
677 4007 816 4074 filio,
841 4009 938 4078 qui
966 4017 1199 4062 vocatus
1229 4016 1315 4062 est
1344 4007 1638 4078 Japhetb;
1673 4009 1841 4075 cujus
1872 4005 1976 4060 ﬁlii
2008 4008 2135 4060 octo

482 4090 768 4144 nominati
803 4094 941 4145 sunt
965 4089 1042 4159 (a)
1076 4104 1090 4155 ;
1127 4099 1363 4161 nepotes
1395 4097 1588 4143 autem
1633 4096 1853 4158 septem
1888 4087 1959 4140 de
1992 4086 2136 4141 duo-

481 4169 592 4226 bus
627 4169 758 4224 ﬁliis
788 4171 940 4240 ejus,
964 4179 1074 4226 tres
1096 4187 1165 4224 ex
1195 4186 1334 4237 uno,
1360 4173 1614 4240 quatuor
1645 4183 1713 4221 ex
1744 4166 1922 4222 altero
1949 4183 1961 4220 :
1987 4166 2134 4220 ﬁunt

482 4251 679 4323 itaque
710 4267 912 4306 omnes
945 4249 1301 4320 quindecim.
1335 4249 1458 4302 Filii
1483 4257 1673 4302 autem
1697 4245 2016 4314 Cham,hoc
2047 4251 2136 4303 est

481 4332 655 4388 medii
690 4331 792 4386 ﬁlii
815 4333 952 4400 Noe,
986 4337 1257 4402 quatuor,
1291 4335 1348 4386 et
1371 4336 1605 4401 nepotes
1635 4329 1890 4400 quinque
1921 4344 1985 4383 ex
2017 4345 2132 4385 uno

481 4413 610 4482 ejus
644 4412 784 4476 ﬁlio,
818 4421 1164 4484 pronepotes
1187 4414 1298 4466 duo
1329 4427 1397 4466 ex
1427 4415 1631 4476 nepote
1666 4425 1777 4464 uno
1803 4426 1816 4477 ;
1842 4410 1905 4463 tit
1933 4425 2133 4464 eorum

481 4508 709 4548 summa
741 4493 1035 4549 undecim.
1067 4492 1290 4556 Quibus
1332 4489 1712 4559 enumeratis,
1741 4490 1962 4545 reditur
2001 4495 2133 4544 tan-

480 4590 656 4644 quam
691 4574 760 4628 ad
795 4577 988 4644 caput,
1020 4578 1078 4628 et
1114 4573 1328 4628 dicitur
1361 4587 1376 4628 :
1414 4571 1554 4626 Chus
1585 4575 1769 4626 autem
1807 4573 1995 4641 genuit
2025 4571 2133 4626 Ne-

481 4655 636 4712 broth
665 4654 689 4688 ⁴
710 4673 729 4710 .·
762 4655 852 4710 hic
877 4653 1038 4724 erepit
1084 4670 1197 4710 esse
1222 4657 1380 4725 gigas
1410 4669 1574 4726 super
1615 4661 1838 4710 terram.
1873 4653 1970 4708 Hic
2014 4655 2134 4708 erat

546 4818 564 4854 1
599 4815 685 4866 Sic
711 4814 866 4866 Vind.
903 4816 1018 4864 Am.
1053 4815 1105 4864 et
1132 4813 1254 4863 Mss.
1295 4812 1377 4862 At.
1423 4809 1507 4860 Er.
1563 4813 1617 4861 et
1662 4811 1810 4869 Lov.,
1839 4807 2132 4858 silentium

485 4887 581 4927 est.

546 4941 567 4975 2
599 4943 678 4991 Ita
700 4941 822 4990 Mss.
853 4941 998 4990 Editi
1027 4954 1171 5000 vero,
1209 4937 1646 5002 compaginibus.

546 5005 567 5039 ³
594 5006 738 5058 Mss.
773 5005 1004 5063 Caeptae
1031 5013 1164 5051 sunt
1193 5004 1364 5051 enim.

545 5066 570 5100 ⁴
599 5067 685 5116 Sic
701 5067 758 5114 in
791 5058 1062 5116 veteribus
1093 5066 1245 5114 libris
1273 5065 1579 5115 constanter
1607 5061 1874 5122 scribitur,
1903 5059 1965 5108 ut
1993 5058 2134 5120 apud

484 5130 611 5180 LXX
635 5129 884 5178 Nebroth.
918 5131 986 5177 At
1013 5128 1071 5175 in
1099 5129 1326 5184 excusis,
1360 5126 1643 5175 Nemroth.

545 5193 618 5252 (α)
655 5192 985 5252 Augustinus
1013 5194 1225 5240 secutus
1279 5183 1359 5239 est
1404 5191 1607 5252 codices
1652 5199 1881 5252 graecos,
1923 5183 2016 5245 qui
2043 5184 2135 5252 ad:

485 5245 622 5305 dunt
668 5245 916 5303 octavum
945 5252 1120 5300 ﬁlium
1156 5253 1401 5313 Japheth,
1453 5245 1676 5301 nomine
1711 5249 1886 5296 Elisa:
1933 5259 2038 5306 quo
2071 5245 2137 5294 ﬁt

485 5322 548 5368 ut
607 5320 844 5379 posteros
897 5315 1127 5379 Japhetb
1181 5315 1462 5379 numerent
1507 5313 1877 5379 _quindeeim;
1948 5321 2136 5379 verum

486 5370 643 5430 illum
689 5381 833 5428 Elisa
878 5370 982 5427 nec
1021 5376 1294 5438 Scriptura
1339 5370 1602 5430 hebraiea,
1655 5387 1752 5423 nec
1797 5370 2136 5438 paraphrasis

487 5444 779 5495 chaldaica.
810 5456 906 5491 nec
947 5434 1154 5501 graeca'
1178 5438 1456 5487 translatio
1504 5434 2132 5501 Complutensiswhabet;

487 5520 586 5555 nec
613 5507 841 5568 denique
868 5505 908 5552 ii
937 5497 1142 5568 codices
1170 5501 1362 5568 graeci.
1390 5501 1586 5568 quibus
1614 5497 1852 5568 nauseat
1875 5497 2136 5568 _Hierony-

490 5583 628 5622 mus,
659 5559 875 5623 habent,
908 5569 968 5616 ut
996 5559 1199 5616 constat
1225 5579 1292 5615 ex
1320 5559 1436 5628 ejus
1449 5563 1857 5622 Quaestionibus
1875 5559 2136 5611 hebraicis

492 5631 552 5682 in
578 5630 840 5682 Genesim.
870 5631 1128 5687 Cosanus.

1525 331 1625 389 DE
1667 328 2036 392 CIVITATE
2077 327 2233 403 DEI,
2277 327 2340 388 S.
2388 325 2817 389 AUGUSTINI

3751 321 3874 381 480

2220 462 2380 535 gigas
2406 470 2632 519 venator
2660 467 2856 518 contra
2883 458 3176 514 Dominum
3201 458 3390 513 Deum.
3421 458 3656 522 Propter
3682 456 3780 511 hoc
3801 457 3881 511 ἀί.

2223 554 2349 599 cunt
2383 561 2396 598 :
2428 544 2580 599 Sicut
2611 542 2851 599 Nebroth
2879 543 3042 612 gigas
3073 545 3300 595 venator
3334 545 3526 593 cantra
3561 539 3866 592 Dominum'

2228 630 2294 681 Et
2311 630 2523 696 factum
2551 635 2628 680 est
2657 623 2884 680 initium
2914 624 3073 693 regni
3101 623 3219 689 eius
3248 618 3520 692 Babylon,
3551 619 3744 685 Orech,
3779 620 3874 673 Αν-

2224 707 2382 773 chad,
2410 711 2462 762 et
2508 706 2804 763 Chalanne
2845 706 2904 760 in
2955 714 3104 759 terra
3151 703 3421 757 Sennuar.
3457 702 3530 755 De
3577 709 3732 755 terra
3771 699 3876 754 illa

2225 790 2369 843 exiit
2398 789 2588 855 Assur,
2621 791 2671 842 et
2713 786 3002 855 aediﬁcavit
3050 784 3277 838 Niniven
3311 786 3362 836 et
3393 779 3630 837 Robooth
3674 779 3872 834 civita-

2227 875 2357 936 tem,
2389 879 2444 922 ει
2494 866 2752 932 Chalach,
2783 871 2832 920 et
2883 867 3075 921 Dasem
3113 866 3261 918 inter
3289 862 3538 918 medium
3576 861 3801 915 Ninives
3828 865 3876 914 et

2232 949 2471 1005 Chalach
2505 965 2518 1004 :
2549 950 2659 1003 hac
2691 949 2888 1003 civitas
2915 961 3138 1015 magna.
3175 945 3287 998 Iste
3320 958 3488 1014 porro
3533 940 3689 996 Chus
3720 944 3879 1012 pater

2230 1030 2476 1102 gigantis
2525 1029 2775 1087 Nebroth
2830 1028 3056 1099 primus
3107 1025 3448 1081 nominatus
3495 1027 3585 1078 est
3635 1023 3695 1078 in
3749 1021 3881 1076 ﬁliis

2231 1101 2434 1177 Cham,
2458 1111 2626 1181 cujus
2674 1110 2933 1181 quinque
2966 1106 3066 1162 ﬁlii
3104 1110 3226 1177 jam
3257 1106 3486 1160 fuerant
3528 1101 3874 1175 computati,

2231 1196 2286 1248 et
2315 1197 2550 1264 nepotes
2581 1192 2717 1246 duo.
2750 1190 2860 1245 Sed
2891 1188 3063 1244 istum
3093 1187 3381 1258 gigantem
3415 1192 3513 1240 aut
3546 1193 3673 1257 post
3707 1199 3877 1264 nepo-

2231 1276 2318 1329 tes
2367 1289 2501 1329 suos
2554 1278 2720 1328 natos
2764 1270 2968 1342 genuit
3009 1268 3331 1338 ;aut,quod
3382 1270 3470 1322 est
3517 1263 3876 1330 credibilius,

2231 1369 2494 1414 seorsum
2526 1354 2596 1409 de
2624 1352 2722 1407 illo
2755 1357 2984 1422 propter
3021 1349 3150 1419 ejus
3176 1345 3553 1403 eminentiam
3585 1345 3883 1416 Scriptura

2232 1429 2427 1494 locuta
2457 1439 2546 1492 est
2570 1452 2584 1501 ;
2610 1431 3085 1505 quandoquidem
3113 1433 3169 1485 et
3201 1444 3444 1500 regnum
3477 1429 3602 1498 ejus
3632 1441 3886 1482 comme-

2233 1525 2523 1574 moratum
2573 1521 2681 1581 est,
2713 1514 2882 1584 cujus
2931 1512 3160 1567 initium
3209 1514 3334 1565 erat
3382 1508 3480 1564 illa
3511 1507 3884 1564 nobilissima

2234 1597 2487 1670 Babylon
2521 1597 2741 1662 civitas,
2774 1603 2826 1648 et
2857 1609 2981 1665 quae
3005 1593 3173 1662 juxta
3215 1593 3681 1646 commemoratae
3721 1591 3880 1654 sunt,

2234 1679 2354 1736 sive
2384 1677 2668 1744 civitates,
2700 1675 2821 1731 sive
2853 1674 3140 1745 regiones.
3165 1672 3326 1737 Quod
3353 1686 3485 1726 vero
3516 1670 3742 1724 dictum
3773 1673 3885 1734 est,

2235 1761 2305 1815 de
2336 1765 2488 1815 terra
2530 1757 2711 1827 illa,id
2744 1763 2829 1810 est
2872 1755 2941 1809 de
2981 1759 3136 1809 terra
3165 1754 3442 1819 Seunaar,
3477 1767 3605 1823 quae
3639 1750 3887 1820 pertine-

2235 1842 2336 1897 bat
2365 1841 2434 1894 ad
2469 1854 2704 1910 regnum
2733 1835 3010 1902 Nebroth,
3037 1837 3224 1889 exisse
3252 1835 3456 1902 Assur,
3481 1837 3538 1888 et
3574 1831 3889 1886 aediﬁcasse

2233 1923 2499 1988 Niniven,
2543 1925 2600 1974 et
2649 1917 2792 1972 alias
2840 1933 2984 1987 quas
3034 1912 3331 1970 contexuit
3380 1913 3666 1978 civitates,
3713 1911 3886 1982 longe

2235 2011 2434 2074 postea
2465 2002 2678 2055 factum
2709 2003 2820 2064 est,
2845 1997 2996 2068 quod
3029 2013 3097 2051 ex
3128 1997 3234 2050 hac
3266 1996 3570 2050 occasione
3602 1993 3883 2074 perstrinf

2235 2073 2338 2151 ait,
2391 2088 2624 2152 propter
2671 2079 3032 2135 nobilitatem
3083 2076 3244 2147 regni
3294 2076 3690 2147 Assyriorum,
3723 2073 3881 2145 quod

2238 2163 2580 2220 mirabiliter
2608 2160 2871 2215 dilatavit
2898 2159 3108 2227 Ninus,
3140 2158 3258 2213 Beli
3291 2156 3469 2221 ﬁlius,
3494 2155 3761 2213 conditor
3791 2153 3894 2209 Ni-

2239 2245 2383 2300 nivze
2415 2241 2664 2298 civitatis
2697 2257 2920 2312 magnae
2959 2256 2973 2295 :
3007 2241 3173 2309 cujus
3203 2238 3453 2293 civitatis
3489 2252 3692 2292 nomen
3719 2251 3788 2290 ex
3825 2234 3893 2288 il-

2239 2325 2356 2384 lius
2387 2323 2621 2379 nomine
2651 2323 2970 2376 derivatum
3003 2326 3110 2387 est,
3145 2323 3208 2373 ut
3238 2335 3269 2373 a
3301 2317 3449 2373 Nino
3480 2316 3682 2371 Ninive
3709 2331 3886 2370 voca-

2239 2412 2416 2462 retur.
2446 2407 2631 2460 Assur
2661 2406 2879 2468 autem,
2913 2400 3067 2456 unde
3095 2399 3334 2472 Assyrii,
3371 2415 3484 2454 non
3517 2396 3624 2453 fuit
3654 2397 3713 2452 in
3748 2395 3887 2451 ﬁliis

2239 2487 2417 2542 Cham
2465 2484 2640 2540 medii
2689 2483 2791 2538 ﬁlii
2826 2483 2964 2550 Noe,
2995 2481 3099 2538 sed
3142 2481 3204 2536 in
3236 2479 3372 2536 filiis
3400 2481 3532 2536 Sem
3578 2478 3888 2550 reperitur,

2239 2569 2338 2640 qui
2374 2567 2482 2622 fuit
2510 2567 2627 2622 Noe
2658 2565 2949 2620 maximus
2984 2563 3158 2618 filius.
3194 2562 3357 2618 Unde
3388 2568 3626 2634 apparet
3657 2562 3727 2616 de
3757 2577 3890 2632 pro-

2239 2648 2408 2720 genie
2431 2648 2564 2702 Sem
2595 2655 2820 2702 exortes
2853 2645 3036 2700 fuisse
3067 2643 3168 2715 qui
3196 2647 3399 2714 postea
3430 2658 3672 2715 regnum
3697 2641 3891 2715 gigan-

2239 2731 2316 2785 tis
2336 2728 2498 2784 illius
2529 2727 2876 2792 obtinerent,
2901 2730 2956 2781 et
2986 2725 3120 2780 inde
3151 2725 3518 2795 pocederent,
3543 2728 3721 2795 atque
3749 2723 3894 2778 alias

2237 2809 2558 2866 conderent
2596 2807 2876 2872 civitates,
2911 2821 3158 2877 quarum
3202 2804 3388 2876 prima
3417 2810 3507 2859 est
3535 2821 3570 2859 a
3600 2803 3750 2859 Nino
3781 2820 3896 2874 ap-

2239 2889 2452 2962 pellata
2484 2887 2708 2945 Ninive.
2735 2887 2879 2942 Hinc
2912 2885 3130 2942 reditur
3159 2885 3229 2941 ad
3255 2885 3432 2941 alium
3457 2884 3644 2939 ﬁlium
3676 2883 3895 2952 Cham,

2239 2971 2340 3042 qui
2385 2968 2698 3024 vocabatur
2744 2966 3042 3034 Mesraim,
3074 2971 3132 3021 et
3162 2968 3695 3022 commemorantur
3739 2979 3902 3035 quos

2239 3051 2489 3124 genuit;
2523 3065 2639 3104 non
2692 3053 2972 3119 tanquam
3023 3045 3239 3118 singuli
3286 3045 3574 3110 homines,
3624 3044 3729 3100 sed
3781 3061 3900 3099 na-

2239 3123 2431 3187 tiones
2475 3136 2718 3200 septem.
2765 3132 2827 3183 Et
2880 3128 2950 3182 de
2998 3133 3178 3197 sexta,
3224 3124 3380 3182 velut
3427 3127 3495 3180 de
3534 3127 3697 3180 sexto
3749 3123 3898 3190 ﬁlio,

2240 3228 2384 3284 gens
2429 3212 2922 3267 commemoratur
2960 3208 3186 3272 exiisse,
3218 3223 3342 3277 quae
3383 3203 3712 3277 appellatur
3750 3203 3898 3259 Phi-

2242 3292 2442 3348 listiim
2478 3310 2490 3348 :
2526 3291 2675 3347 unde
2722 3291 2866 3344 ﬁunt
2914 3294 3062 3345 octo.
3097 3289 3234 3343 Inde
3277 3286 3490 3343 iterum
3521 3287 3593 3342 ad
3625 3287 3900 3342 Chanaan

2242 3373 2487 3441 reditur,
2522 3373 2580 3426 in
2613 3388 2728 3443 quo
2759 3370 2877 3426 ﬁlio
2910 3369 3254 3425 maledictus
3287 3375 3372 3424 est
3404 3366 3582 3423 Cham
3611 3383 3626 3436 ;
3658 3371 3716 3422 et
3745 3382 3902 3437 quos

2242 3454 2442 3528 genuit
2507 3453 2775 3508 undecim
2841 3451 3238 3506 nominantur.
3293 3448 3512 3505 Deinde
3577 3447 3899 3528 usquead

2244 3527 2388 3606 quos
2427 3533 2573 3589 ﬁnes
2625 3529 3493 3603 pervenerint,commemoratis
3539 3527 3898 3600 quibusdam

2246 3615 2603 3682 civitatibus,
2629 3613 2865 3668 dicitur.
2901 3613 2978 3666 Ac
3013 3627 3112 3682 per
3140 3610 3270 3679 hoc,
3297 3609 3433 3665 ﬁliis
3465 3609 3896 3680 nepotibusque

2245 3693 2617 3768 computatis,
2643 3693 2717 3750 de
2747 3691 3022 3764 progenie
3053 3691 3231 3747 Cham
3263 3689 3507 3761 triginta
3536 3703 3690 3744 unus
3717 3684 3900 3759 geniti

2245 3777 2594 3832 referuntur.

2314 3859 2368 3911 2.
2406 3856 2610 3910 Restat
2639 3867 3096 3909 commemorare
3141 3850 3292 3906 filios
3323 3852 3480 3920 Sem,
3515 3849 3758 3905 maximi
3794 3847 3900 3903 ﬁlii

2245 3939 2360 3993 Noe
2393 3953 2406 3992 :
2442 3937 2514 3992 ad
2547 3952 2676 3992 eum
2709 3935 2927 4006 quippe
2956 3931 3248 4004 gradatim
3279 3932 3717 4002 generationem
3749 3928 3902 3984 ista-

2245 4034 2375 4073 rum
2411 4016 2671 4089 pervenit
2699 4032 2732 4069 a
2759 4014 3002 4069 minimo
3048 4016 3247 4068 exorta
3279 4011 3554 4067 narratio.
3585 4011 3692 4064 Sed
3741 4010 3900 4066 unde

2245 4098 2534 4169 incipiunt
2563 4094 3006 4152 commemorari
3037 4092 3144 4148 ﬁlii
3194 4093 3348 4160 Sem,
3387 4091 3560 4147 habet
3615 4089 3900 4158 quiddam

2245 4177 2640 4244 obscuritatis,
2691 4175 2846 4247 quod
2915 4172 3274 4246 expositione
3304 4169 3723 4227 illustrandum
3757 4176 3853 4224 est
3885 4183 3901 4224 :

2247 4259 2384 4332 quia
2413 4265 2468 4312 et
2491 4256 2738 4311 multum
2765 4256 2832 4310 ad
2868 4271 2984 4309 rem
3017 4254 3290 4325 pertinet,
3314 4268 3488 4323 quam
3515 4249 3901 4332 requirimus.

2244 4327 2336 4395 Sic
2368 4336 2522 4393 enim
2557 4336 2771 4408 legitur
2798 4351 2812 4390 :
2847 4335 2908 4389 Et
2938 4335 3062 4390 Sem
3091 4337 3256 4387 natus
3287 4337 3367 4387 est
3405 4332 3580 4386 etiam
3610 4327 3721 4400 ipsi
3748 4329 3908 4399 patri

2244 4417 2492 4476 omnium
2525 4417 2768 4488 ﬁliorum
2799 4415 2987 4479 Heber,
3023 4415 3196 4482 fratri
3226 4411 3458 4484 Japheth
3487 4411 3708 4478 maiori.
3743 4409 3905 4465 Ordo

2243 4499 2546 4555 verborum
2579 4503 2666 4552 est
2692 4513 2706 4551 :
2730 4496 2798 4550 Et
2828 4495 2961 4550 Sem
2997 4503 3166 4550 natus
3198 4497 3287 4549 est
3316 4492 3528 4548 Heber.
3551 4489 3727 4546 etiam
3761 4489 3906 4560 ipsi,

2245 4579 2300 4634 id
2335 4584 2422 4635 est
2447 4578 2557 4649 ipsi
2585 4579 2737 4645 Sam,
2761 4584 2930 4631 natus
2961 4582 3047 4629 est
3079 4574 3286 4641 Heber,
3315 4571 3417 4643 qui
3447 4571 3580 4626 Sem
3615 4576 3779 4640 pater
3813 4566 3910 4626 εει

2245 4662 2508 4716 omnium
2543 4658 2792 4712 ﬁliorum
2826 4672 3066 4711 suorum
3099 4656 3138 4710 ¹.
3172 4654 3304 4710 Sem
3337 4669 3470 4723 ergo
3503 4650 3909 4724 patriarcham

2243 4735 2492 4812 intelligi
2542 4737 2722 4794 voluit
2769 4738 3036 4792 omnium
3069 4735 3166 4808 qui
3197 4735 3269 4791 de
3310 4734 3489 4802 stirpe
3536 4730 3913 4812 ejusmexorti

2244 4827 2404 4890 sunt,
2437 4811 2584 4892 quos
2608 4821 3170 4873 commemoraturus
3192 4823 3298 4883 est,
3335 4814 3455 4869 sive
3475 4812 3594 4868 sint
3616 4811 3744 4878 ﬁlii,
3781 4813 3911 4866 sive

2245 4901 2631 4974 nepotes,sive
2652 4902 3019 4970 pronepotes,
3034 4901 3091 4952 et
3111 4896 3386 4967 deinceps
3406 4892 3663 4974 indidem
3687 4892 3908 4948 exorti.

2244 4972 2369 5038 Non
2399 4997 2537 5038 sane
2558 4982 2734 5036 istum
2756 4979 2943 5034 Heber
2962 4978 3162 5050 genuit
3185 4978 3312 5034 Sem
3337 4993 3350 5032 :
3372 4976 3472 5033 sed
3505 4973 3576 5030 ab
3597 4972 3699 5028 illo
3721 4975 3910 5045 quin-

2244 5067 2341 5120 tus
2373 5065 2430 5118 in
2480 5061 2915 5134 progenitorum
2949 5057 3099 5134 serie
3137 5057 3440 5130 reperitur.
3489 5055 3627 5112 Sem
3677 5055 3910 5127 quippe

2246 5142 2399 5198 inter
2422 5132 2564 5198 alios
2593 5132 2746 5197 ﬁlios
2789 5139 2994 5211 genuit
3016 5132 3339 5210 ‘Arphaxat,
3369 5134 3667 5208 Arpbaxat
3697 5134 3912 5204 genuit

2248 5222 2487 5292 Cainan,
2534 5220 2753 5277 Cainan
2798 5219 2999 5292 genuit
3045 5217 3200 5288 Sala,
3259 5218 3394 5275 Sala
3440 5214 3642 5290 genuit
3690 5215 3910 5276 Heber.

2316 5549 2330 5578 ί
2363 5543 2539 5603 Abest,
2569 5556 2821 5601 suorum,
2850 5541 2909 5590 in
2935 5540 3050 5591 cdd.
3079 5537 3173 5589 253
3201 5539 3253 5588 et
3277 5537 3389 5588 258.
3418 5537 3486 5586 M.
