4136 6190
283 334 399 393 481

283 465 410 522 Non
444 465 648 536 utique
680 467 697 502 ί
731 465 948 523 frustra
977 466 1102 537 ipse
1130 465 1356 538 primus
1386 470 1476 524 est
1507 468 1842 524 nominatus
1873 468 1933 524 in

285 549 564 620 progenie
593 549 858 605 veniente
889 549 960 605 de
990 549 1146 618 Sem,
1177 554 1234 604 et
1266 549 1537 621 praelatus
1570 551 1741 606 etiam
1776 551 1936 619 ﬁliis,

287 645 416 686 cum
451 629 529 683 sit
557 629 799 700 quintus
843 647 1064 700 nepos;
1098 631 1209 686 nisi
1253 630 1390 702 quia
1422 647 1616 686 verum
1651 637 1738 688 est
1781 633 1936 704 quod

286 710 558 779 traditur,
579 726 648 764 ex
693 710 794 766 illo
844 711 1116 767 Hebreos
1156 727 1284 766 esse
1325 715 1781 782 cognominatos,
1809 719 1940 768 tan-

285 806 464 862 quam
501 791 769 846 Hebraeos
804 809 815 845 :
850 808 983 846 cum
1015 797 1072 846 et
1101 792 1216 847 alia
1256 794 1432 862 possit
1469 809 1596 848 esse
1622 792 1843 864 opinio,
1879 797 1940 848 ut

283 887 352 927 ex
382 871 676 926 Abraham
708 876 989 942 tanquam
1015 873 1278 927 Abrahai
1310 873 1451 928 dicti
1476 889 1604 928 esse
1634 874 1942 929 videantur

285 952 386 1022 (α).
419 951 527 1007 Sed
577 951 857 1008 nimirum
909 952 1018 1008 hoc
1065 970 1265 1009 verum
1315 955 1582 1026 est,quod
1633 970 1701 1010 ex
1756 955 1944 1010 Heber

289 1031 543 1087 Heberaai
596 1031 874 1102 appellati
923 1037 1105 1100 sunt;
1143 1050 1206 1088 ac
1253 1033 1480 1098 deinde,
1515 1051 1633 1090 una
1683 1035 1945 1090 detracta

285 1111 501 1177 littera,
535 1112 757 1168 Hebraei
791 1129 804 1166 :
837 1129 1015 1185 quam
1059 1113 1320 1185 linguam
1373 1114 1698 1170 hebraicam
1730 1116 1752 1148 ²
1782 1114 1942 1172 solus

291 1193 473 1249 Israel
523 1192 774 1263 populus
813 1193 1000 1264 potuit
1046 1194 1328 1257 obtinere,
1361 1195 1417 1249 in
1451 1211 1564 1266 quo
1612 1195 1711 1250 Dei
1740 1195 1944 1252 civitas

289 1278 348 1328 et
376 1274 437 1327 in
470 1274 688 1327 sanctis
719 1273 1082 1344 peregrinata
1112 1281 1222 1342 est,
1256 1280 1312 1330 et
1341 1276 1396 1329 in
1432 1276 1705 1331 omnibus
1749 1293 1947 1331 sacra-

290 1357 494 1409 mento
525 1353 890 1408 adumbrata.
918 1353 1099 1425 Igitur
1130 1354 1235 1408 filii
1263 1353 1398 1410 Sem
1431 1355 1593 1427 prius
1627 1370 1728 1410 sex
1759 1354 1946 1411 nomi—

289 1438 531 1501 nantur,
582 1432 790 1488 deinde
847 1449 915 1490 ex
972 1450 1088 1488 uno
1151 1450 1351 1490 eorum
1413 1435 1534 1490 nati
1597 1440 1733 1490 sunt
1798 1453 1945 1506 qua-

293 1520 432 1572 tuor
464 1519 705 1585 nepotes
726 1515 891 1585 ejus:
924 1516 1182 1587 itemque
1214 1515 1359 1572 alter
1389 1515 1643 1572 ﬁliorum
1687 1517 1819 1571 Sem
1851 1533 1947 1588 ge-

290 1595 424 1652 nuit
463 1595 592 1666 ejus
633 1601 924 1666 nepotem,
957 1602 1128 1668 atque
1171 1613 1238 1652 ex
1269 1597 1366 1653 illo
1407 1597 1607 1653 itidem
1657 1613 1946 1668 pronepos

293 1681 472 1731 natus
502 1681 612 1743 est,
644 1680 820 1746 atque
859 1676 992 1732 inde
1023 1680 1300 1749 abnepos,
1347 1679 1443 1748 qui
1475 1683 1564 1733 est
1594 1677 1794 1733 Heber.
1830 1677 1946 1733 Ge-

296 1756 429 1811 nuit
457 1763 648 1810 autem
675 1757 860 1811 Heber
889 1758 1033 1812 duos
1065 1757 1235 1824 ﬁlios,
1261 1774 1504 1830 quorum
1541 1775 1717 1812 unum
1753 1758 1949 1830 appel—

295 1836 436 1892 lavit
458 1836 733 1902 Phalech,
766 1838 912 1908 quod
959 1840 1378 1910 interpretatur
1408 1839 1700 1894 Dividens.
1735 1839 1950 1894 Deinde

295 1917 596 1989 Scriptura
627 1917 1007 1987 subjungens,
1039 1921 1438 1991 rationemque
1476 1919 1657 1990 hujus
1691 1918 1950 1974 nominis

295 1999 570 2063 reddens,
595 1997 736 2065 Quia
763 1997 822 2052 in
852 1998 1062 2068 diebus,
1086 1999 1300 2070 inquit,
1325 2001 1440 2071 ejus
1470 2000 1650 2054 ditisa
1679 2009 1753 2055 est
1776 2009 1948 2055 terra.

298 2077 418 2132 Hoc
466 2081 660 2132 autem
693 2078 834 2148 quid
884 2080 982 2146 sit,
1012 2087 1210 2148 postea
1258 2079 1582 2152 apparebit.
1617 2079 1776 2134 Alius
1821 2095 1952 2133 vero

299 2161 403 2231 qui
455 2163 627 2214 natus
658 2165 746 2216 est
792 2175 860 2214 ex
890 2160 1098 2224 Heber,
1132 2163 1336 2232 genuit
1385 2159 1694 2216 duodecim
1743 2160 1896 2214 ﬁlios
1930 2175 1944 2215 :

298 2257 364 2296 ac
388 2256 489 2312 per
518 2239 625 2295 hoc
674 2239 822 2295 ﬁunt
870 2257 1072 2296 omnes
1120 2241 1412 2312 progeniti
1444 2242 1514 2296 de
1563 2241 1697 2296 Sem
1748 2239 1955 2311 viginti

297 2327 546 2392 septem.
577 2321 638 2375 In
670 2320 1097 2389 summaigitur
1126 2339 1329 2377 omnes
1353 2321 1637 2393 progeniti
1672 2322 1739 2376 de
1764 2323 1956 2377 tribus

299 2401 439 2456 ﬁliis
471 2404 610 2467 Noe,
642 2400 696 2454 id
730 2405 839 2468 est,
875 2400 1209 2471 quindecim
1239 2402 1311 2456 de
1333 2401 1610 2471 Japheth,
1634 2405 1690 2456 et
1721 2399 1960 2471 triginta

299 2497 455 2536 unus
485 2481 555 2534 de
604 2479 806 2548 Cham,
837 2480 1043 2550 viginti
1089 2485 1311 2551 septem
1344 2480 1416 2534 de
1444 2485 1598 2546 Sem,
1631 2479 1781 2534 ﬁunt
1830 2494 1957 2551 sep-

302 2560 576 2625 tuaginta
617 2563 757 2616 tres.
803 2558 1016 2614 Deinde
1061 2562 1324 2630 sequitur
1366 2559 1671 2631 Scriptura
1720 2559 1959 2627 dicens;

302 2640 377 2695 Hi
397 2640 513 2709 ﬁlii
539 2639 658 2693 Sem
707 2640 764 2692 in
799 2638 1048 2694 tribubus
1077 2639 1193 2695 suis
1223 2641 1519 2696 secundum
1567 2640 1786 2712 linguas
1805 2656 1960 2707 suas,

304 2722 369 2774 in
405 2719 724 2786 regionibus
767 2721 884 2773 suis
913 2729 964 2775 et
1007 2719 1065 2774 in
1115 2721 1366 2789 gentibus
1411 2721 1548 2776 suis.
1584 2721 1840 2792 Itemque
1891 2720 1961 2776 de

301 2798 635 2856 omnibus:
670 2800 780 2864 Ηκ,
824 2799 1036 2870 inquit,
1079 2801 1255 2855 tribus
1300 2801 1546 2868 ﬁliorum
1591 2801 1700 2856 Noe
1764 2817 1961 2856 secun-

297 2880 436 2935 dum
465 2881 845 2950 generationes
870 2897 1080 2945 eorum,
1112 2887 1164 2936 et
1193 2882 1488 2937 secundum
1526 2887 1719 2955 gentes
1748 2898 1958 2937 eorum.

302 2960 380 3015 Ab
413 2959 500 3012 his
547 2959 804 3029 dispersae
842 2967 971 3015 sunt
1002 2959 1200 3016 insulae
1248 2965 1500 3030 gentium
1545 2979 1711 3034 super
1761 2968 1966 3018 terram

303 3043 424 3113 post
455 3038 754 3094 diluvium.
781 3039 944 3095 Unde
975 3041 1271 3114 colligitur
1311 3043 1682 3115 septuaginta
1711 3049 1852 3110 tres,
1875 3041 1965 3098 vel

308 3121 504 3190 potius
552 3120 730 3191 (quod
782 3127 982 3191 postea
1033 3124 1550 3197 demonstrabitur)
1601 3124 1969 3194 septuaginta

311 3203 459 3258 duas
511 3208 710 3271 gentes
762 3207 904 3258 tunc
956 3203 1152 3271 fuisse,
1208 3221 1320 3260 non
1373 3205 1660 3261 homines.
1719 3205 1861 3262 Nam
1915 3213 1970 3260 et

314 3281 480 3353 prius
513 3297 646 3337 cum
688 3281 942 3338 fuissent
972 3287 1405 3340 commemorati
1443 3286 1542 3340 ﬁlii
1575 3285 1856 3357 Japheth,
1888 3285 1970 3341 ita

319 3361 661 3418 conclusum
707 3367 793 3417 est
826 3379 839 3417 :
877 3365 958 3418 Ex
979 3364 1065 3418 his
1108 3370 1402 3436 segregatze
1430 3373 1559 3420 sunt
1607 3367 1807 3421 insulae
1837 3382 1972 3432 gen-

319 3445 460 3497 tium
505 3445 562 3498 in
611 3447 760 3498 terra
804 3460 924 3512 sua,
966 3448 1337 3517 unusquisque
1379 3447 1666 3502 secundum
1718 3449 1972 3518 linguam

321 3543 480 3581 suam
508 3527 568 3581 in
591 3526 839 3582 tribubus
865 3528 982 3582 suis
1012 3535 1066 3584 et
1097 3527 1157 3582 in
1186 3529 1433 3597 gentibus
1461 3532 1597 3584 suis.

395 3608 448 3662 3.
483 3605 609 3662 Jam
641 3623 777 3663 vero
808 3608 865 3662 in
890 3608 1027 3662 ﬁliis
1057 3609 1236 3663 Cham
1265 3611 1518 3677 quodam
1553 3607 1678 3664 loco
1713 3607 1974 3680 apertius

325 3696 527 3760 gentes
559 3699 1016 3744 commemoratae
1049 3695 1209 3757 sunt,
1245 3691 1397 3744 sicut
1439 3690 1705 3760 superius
1731 3688 1972 3750 ostendi.

327 3769 596 3827 Mesraim
624 3773 816 3839 genuit
846 3786 934 3825 eos
965 3769 1062 3842 qui
1091 3770 1351 3824 dicuntur
1398 3770 1615 3824 Ludiim
1639 3787 1658 3825 .°
1689 3774 1745 3824 et
1775 3769 1975 3824 eodem

330 3853 506 3907 modo
551 3856 765 3906 caetera
798 3867 979 3922 usque
1024 3852 1093 3906 ad
1127 3855 1353 3922 septem
1388 3856 1605 3922 gentes.
1647 3849 1709 3904 Et
1735 3865 1973 3904 enume-

328 3935 475 3990 ratis
519 3934 813 4000 omnibus,
867 3937 1064 4002 postea
1097 3932 1485 3987 concludens:
1520 3933 1587 3985 Hi
1627 3931 1735 3999 ﬁlii
1769 3931 1970 3997 Cham,

327 4013 546 4084 inquit,
599 4015 659 4067 in
690 4011 940 4067 tribubus
969 4013 1100 4076 suis,
1149 4011 1449 4066 secundum
1493 4009 1718 4080 linguas
1763 4025 1893 4064 suas
1923 4011 1978 4064 tn

325 4094 647 4165 regionibus
668 4096 802 4161 suis,
837 4101 889 4148 et
920 4095 977 4148 in
1007 4093 1260 4162 gentibus
1292 4095 1407 4146 suis
1437 4090 1594 4161 (Gen.
1629 4092 1708 4160 κ).
1744 4090 1977 4160 Propte-

328 4194 431 4233 rea
479 4192 612 4247 ergo
662 4175 976 4230 multorum
1033 4173 1138 4228 ﬁlii
1180 4190 1295 4229 non
1337 4177 1478 4228 sunt
1520 4170 1978 4238 commemorati,

330 4257 473 4330 quia
503 4255 770 4328 gentibus
802 4253 932 4309 aliis
974 4254 1266 4310 nascendo
1293 4256 1684 4321 accesserunt,
1716 4251 1830 4322 ipsi
1863 4267 1978 4306 au-

329 4342 446 4393 tem
511 4340 716 4407 gentes
776 4335 960 4390 facere
1022 4333 1430 4404 nequiverunt.
1492 4332 1637 4388 Nam
1707 4348 1819 4402 qua
1868 4330 1982 4386 alia

332 4433 530 4479 causa,
572 4431 707 4471 cum
741 4414 841 4469 ﬁlii
863 4413 1114 4485 Japheth
1146 4417 1275 4469 octo
1299 4416 1737 4480 enumerantur,
1757 4426 1825 4465 ex
1843 4411 1982 4465 duo.

333 4498 449 4552 bus
481 4511 680 4551 eorum
730 4497 957 4549 tantum
1006 4492 1112 4547 ﬁlii
1157 4492 1277 4548 nati
1309 4495 1888 4556 commemorantur;
1923 4493 1983 4544 et

333 4593 471 4635 cum
531 4576 634 4630 ﬁlii
683 4575 862 4629 Cham
922 4579 1172 4644 quatuor
1228 4573 1632 4639 nominentur,
1683 4586 1752 4628 ex
1790 4569 1981 4625 tribus

335 4662 566 4714 tantum
591 4656 690 4728 qui
717 4656 836 4710 nati
870 4659 1004 4710 sunt
1033 4654 1432 4724 adjiciuntur:
1465 4661 1519 4710 et
1550 4668 1683 4709 cum
1716 4651 1820 4706 ﬁlii
1847 4654 1981 4706 8cm

336 4741 721 4796 nominentur
754 4755 873 4804 sex,
907 4739 1154 4792 duorum
1178 4741 1404 4792 tantum
1441 4734 1748 4804 posteritas
1780 4731 1982 4787 attexi-

337 4826 432 4876 tur
453 4821 481 4876 ‘t
512 4820 796 4892 numquid
835 4818 1022 4874 caeteri
1055 4817 1180 4874 sine
1217 4816 1354 4872 ﬁliis
1386 4813 1838 4871 remanserunt?
1868 4812 1980 4866 Ab~

339 4902 418 4957 sit
452 4901 557 4955 hoc
596 4901 867 4966 credere;
893 4899 994 4953 sed
1035 4902 1238 4968 gentes
1279 4900 1515 4967 pr0pter
1553 4910 1699 4964 quas
1729 4908 1982 4948 comme-

341 4980 558 5037 morari
614 4981 776 5051 digni
827 4986 1037 5046 essent,
1101 4993 1214 5032 non
1269 4977 1468 5045 utique
1515 4976 1804 5040 fecerunt;
1849 4972 1984 5044 quia

339 5064 491 5118 sicut
522 5063 934 5128 nascebantur,
968 5058 1098 5114 aliis
1128 5056 1402 5129 gentibus
1432 5055 1820 5112 addebantur.

407 5327 422 5362 ι
456 5323 628 5375 Nostri
657 5336 856 5374 omnes.
885 5322 1007 5370 Non
1038 5320 1242 5381 itaque.
1268 5318 1334 5366 Μ.

408 5387 431 5422 ³
461 5388 631 5442 Deest,
665 5387 995 5438 hebraicam,
1025 5384 1081 5431 in
1109 5378 1257 5432 codd.
1289 5379 1503 5429 nostris.
1534 5378 1599 5428 Μ.

404 5452 481 5514 (α)
511 5451 657 5502 Cont.
688 5450 780 5498 lib.
801 5449 832 5499 2
861 5449 1110 5504 Retract.,
1143 5458 1254 5508 cap.
1290 5443 1364 5492 16.

1513 332 1742 393 LIBER
1786 333 2124 398 DECIMUS
2167 334 2489 399 SEXTUS.

3573 342 3693 402 482

2078 469 2310 527 CAPUT
2340 470 2433 526 IV.
2479 501 2549 514 —-
2601 476 2682 528 De
2732 473 3040 529 linersitate
3068 475 3415 546 linguarum,
3443 477 3658 548 princi-

2591 554 2790 625 pioque
2819 553 3138 625 Babylonis.

2115 685 2258 741 Cum
2289 699 2424 756 ergo
2445 686 2504 741 in
2538 685 2660 742 suis
2692 686 2912 758 linguis
2954 686 3078 742 ista:
3110 692 3315 759 gentes
3346 687 3524 744 fuisse
3547 690 3694 744 refe-

2047 773 2272 836 rantur,
2323 767 2472 822 redit
2532 773 2726 823 tamen
2791 775 3056 824 narrator
3099 769 3170 824 ad
3219 769 3362 824 illud
3423 776 3696 841 tempus;

2048 847 2280 916 quando
2314 863 2431 902 una
2461 846 2662 918 lingua
2710 851 2975 906 omnium
3024 848 3156 918 fuit,
3189 854 3247 904 et
3291 851 3424 905 inde
3449 852 3568 921 jam
3599 866 3695 905 ex-

2049 927 2214 998 ponit
2243 929 2385 998 quid
2418 929 2712 997 acciderit,
2739 934 2801 984 ut
2833 929 3122 1000 lingarum
3159 932 3466 986 diversitas
3498 948 3697 987 nasce-

2050 1014 2224 1063 retur.
2257 1009 2322 1062 El
2341 1014 2481 1074 erat,
2517 1009 2730 1080 inquit,
2753 1012 2936 1066 omnis
2963 1013 3147 1066 terra‘
3173 1011 3387 1066 labium
3415 1028 3608 1079 unum,
3641 1018 3696 1066 et

2051 1103 2155 1148 vos:
2174 1104 2287 1143 una
2304 1090 2574 1144 omnibus.
2607 1090 2671 1143 Et
2691 1092 2899 1159 factum
2925 1100 3021 1159 est,
3053 1106 3177 1146 cum
3199 1098 3478 1148 moverent
3501 1090 3612 1160 ipsi
3631 1092 3700 1146 ab

2051 1168 2292 1235 Oriente,
2353 1170 2678 1223 invenerunt
2725 1186 2976 1241 campum
3018 1170 3077 1225 in
3123 1175 3280 1226 terra
3329 1173 3602 1238 Sennaar,
3653 1176 3699 1226 et

2054 1247 2440 1305 habitaverunt
2469 1250 2568 1305 ibi.
2604 1251 2664 1305 Et
2685 1249 2830 1306 dixit
2850 1253 3008 1307 homo
3046 1256 3298 1323 proximo
3327 1268 3456 1308 suo:
3495 1253 3700 1320 Venite,

2051 1328 2327 1398 faciamus
2361 1331 2572 1399 lateres,
2595 1339 2647 1386 et
2673 1347 2970 1402 coquamus
3001 1334 3124 1388 illos
3148 1335 3290 1406 igni.
3326 1335 3390 1388 Et.
3416 1336 3554 1403 [acti
3575 1341 3705 1390 sunt

2054 1410 2175 1465 illis
2207 1411 2406 1467 lateres
2434 1411 2493 1466 in
2527 1412 2776 1483 lapidem
2790 1412 2831 1481 ε,
2865 1418 2914 1469 et
2945 1415 3183 1469 bitumen
3211 1425 3327 1470 erat
3356 1414 3470 1470 illis
3501 1415 3697 1469 lutum:

2054 1499 2106 1544 et
2134 1489 2415 1559 dixerunt,
2447 1492 2652 1559 Venite,
2681 1502 2737 1547 et
2762 1494 3093 1562 (ediﬁcemus
3121 1496 3536 1567 nobismetipsis
3566 1496 3702 1550 civi-

2057 1575 2241 1637 tatem,
2267 1577 2316 1626 et
2346 1581 2557 1628 turrem
2585 1574 2743 1638 cuius
2762 1583 2922 1644 caput
2941 1575 3085 1630 erit3
3115 1592 3287 1646 usque
3314 1575 3383 1629 ad
3415 1579 3631 1641 costum,
3654 1579 3704 1630 et

2055 1654 2333 1719 [amamus
2380 1653 2536 1707 nobis
2585 1668 2781 1706 nomen
2803 1652 2846 1718 ⁴,
2877 1660 3172 1725 antequam
3219 1655 3600 1725 dispergamur
3645 1656 3705 1708 in

2056 1734 2254 1801 faciem
2275 1735 2456 1788 omnis
2487 1740 2673 1789 terrae.
2706 1735 2770 1789 Et
2801 1733 3070 1790 descendit
3118 1737 3379 1792 Dominus
3413 1735 3594 1790 videre
3631 1736 3708 1789 ci-

2058 1813 2287 1868 vitatem
2335 1821 2385 1870 et
2414 1820 2644 1884 turrem,
2697 1831 2862 1885 quam
2916 1816 3331 1884 aediﬁcaverunt
3377 1817 3487 1885 ﬁlii
3527 1816 3708 1870 homi-

2055 1909 2208 1948 num.
2241 1894 2306 1949 Et
2334 1895 2479 1949 dixit
2509 1896 2778 1950 Dominus
2822 1897 2960 1951 Deus
2974 1896 3018 1950 ⁵.·
3051 1897 3183 1952 Ecce
3224 1914 3393 1967 genus
3427 1913 3621 1961 unum,
3653 1901 3708 1950 et

2064 1973 2278 2029 labium
2310 1993 2481 2030 unum
2530 1979 2812 2045 omnium;
2847 1977 3021 2032 ethoc
3061 1979 3459 2033 inchoaverunt
3503 1982 3707 2048 facere,

2060 2060 2113 2112 et
2141 2073 2289 2111 nunc
2317 2073 2428 2111 non
2457 2058 2707 2126 deﬁcient
2754 2075 2823 2113 ex
2847 2059 2963 2112 illis
2994 2062 3185 2113 omnia
3215 2075 3338 2130 qua
3367 2059 3554 2114 conati
3581 2065 3707 2128 [ue-

2062 2136 2179 2189 rint
2217 2137 2431 2206 facere:
2465 2140 2661 2203 venite,
2697 2141 2746 2190 et
2777 2139 3165 2192 descendentes
3193 2138 3596 2205 con/undamus
3633 2136 3715 2191 ibi

2065 2215 2324 2282 linguam
2353 2230 2568 2284 eorum,
2617 2225 2678 2271 ut
2707 2233 2820 2270 non
2859 2216 3091 2272 audiant
3120 2218 3493 2288 unusquisque
3531 2231 3715 2271 vocem

2063 2297 2308 2364 proximi
2337 2295 2445 2350 sui.
2478 2297 2541 2350 Et
2562 2295 2817 2368 dispersit
2854 2312 2944 2351 eos
2975 2299 3241 2352 Dominus
3291 2298 3420 2352 inde
3449 2313 3610 2368 super
3629 2297 3716 2364 [a-

2066 2373 2206 2431 ciem
2237 2378 2414 2432 omnis
2445 2386 2626 2444 terrai,
2660 2385 2713 2432 et
2760 2383 3108 2433 cessaverunt
3150 2378 3474 2446 ediﬁcantes
3520 2379 3718 2432 civita-

2070 2465 2177 2512 tem
2208 2462 2260 2512 et
2315 2461 2541 2511 turrem.
2594 2462 2831 2529 Propter
2878 2458 2976 2513 hoc
3012 2459 3352 2528 appellatum
3397 2467 3477 2513 est
3522 2473 3717 2513 nomen

2071 2536 2225 2592 illius
2281 2536 2576 2607 Con/usio;
2623 2541 2757 2609 quia
2813 2538 2895 2594 ibi
2950 2538 3204 2611 confudit
3259 2541 3522 2594 Dominus
3571 2537 3721 2592 labia

2071 2618 2248 2671 omnis
2296 2623 2500 2674 terrae:
2550 2627 2600 2673 et
2642 2617 2769 2672 inde
2809 2618 3073 2688 dispersit
3124 2617 3249 2674 illos
3293 2619 3557 2672 Dominus
3581 2618 3722 2671 Deus

2071 2712 2233 2767 super
2259 2697 2460 2768 [aciem
2485 2697 2662 2752 omnis
2684 2707 2848 2755 terra:
2891 2697 3046 2768 (Gen.
3079 2714 3156 2766 χι,
3193 2697 3337 2766 1-9).
3373 2701 3485 2753 Ista
3516 2697 3722 2752 civitas

2073 2792 2201 2846 quas
2256 2777 2545 2848 appellata
2604 2784 2692 2832 est
2759 2777 3056 2840 Cont'usio,
3107 2781 3236 2849 ipsa
3292 2783 3382 2832 est
3442 2778 3719 2848 Babylon,

2075 2859 2240 2928 cujus
2291 2860 2613 2915 mirabilem
2679 2861 3169 2916 constructionem
3231 2860 3498 2915 Gentium
3549 2860 3719 2913 etiam

2078 2942 2452 2997 commendat
2483 2942 2741 2998 historia.
2779 2942 3031 3012 Babylon
3064 2942 3280 3014 quippe
3311 2943 3727 3012 interpretatur

2077 3023 2354 3079 Confusio
2387 3023 2550 3080 Unde
2595 3025 2885 3096 colligitur
2933 3027 3227 3096 gigantem
3275 3024 3443 3078 illum
3473 3021 3727 3078 Nebroth

2081 3107 2259 3162 fuisse
2313 3106 2472 3163 illius
2518 3108 2902 3173 conditorem,
2953 3107 3106 3178 quod
3160 3107 3428 3177 superius
3477 3107 3731 3161 breviter

2079 3189 2268 3244 fuerat
2299 3189 2657 3254 intimatum,
2689 3189 2784 3243 ubi
2817 3205 2949 3243 cum
2978 3189 3049 3242 de
3075 3187 3174 3244 illo
3204 3188 3502 3258 Scriptura
3536 3189 3732 3258 loque-

2080 3276 2260 3339 retur,
2293 3269 2374 3324 ait
2416 3271 2649 3325 initium
2683 3270 2844 3340 regni
2883 3270 3008 3340 ejus
3053 3270 3231 3324 fuisse
3262 3269 3636 3341 Babylonem,
3671 3267 3727 3322 id

2083 3360 2187 3418 est,
2238 3369 2365 3422 quas
2415 3352 2710 3406 civitatum
2761 3360 3093 3405 ceterarum
3154 3358 3380 3421 gereret
3430 3351 3731 3421 principa-

2083 3437 2230 3498 tum,
2272 3433 2369 3485 ubi
2401 3441 2551 3487 esset
2581 3437 2865 3501 tanquam
2898 3431 2957 3484 in
2991 3429 3294 3499 metropoli
3328 3429 3726 3484 habitaculum

2085 3511 2287 3584 regni:
2324 3512 2586 3580 quamvis
2622 3512 2875 3580 perfecta
2917 3526 3029 3563 non
3078 3511 3250 3563 fuerit
3290 3508 3554 3578 usquein
3600 3518 3733 3562 lan-

2084 3597 2207 3646 tum
2231 3595 2494 3658 modum,
2529 3595 2814 3660 quantum
2848 3589 3098 3658 superba
3129 3586 3730 3658 cogitabatimpietas.

2086 3671 2226 3727 Nam
2270 3670 2451 3724 nimia
2499 3669 2920 3738 disponebatur
2961 3667 3228 3736 altitudo,
3278 3683 3408 3739 quae
3456 3665 3613 3720 dicta
3643 3669 3732 3720 est

2089 3768 2276 3824 usque
2333 3752 2391 3807 in
2450 3750 2682 3816 coelum,
2725 3749 2844 3804 sive
2903 3748 3078 3804 unius
3127 3750 3305 3803 turris
3361 3748 3509 3816 ejus,
3559 3762 3735 3817 quam

2090 3834 2441 3906 prmcipuam
2474 3832 2865 3887 moliebantur
2903 3829 3053 3883 inter
3095 3828 3274 3894 alias;
3309 3829 3427 3883 sive
3469 3829 3732 3882 omnium

2089 3916 2363 3984 turrium,
2396 3931 2518 3984 quas
2556 3929 2652 3984 per
2683 3927 2994 3967 numerum
3027 3909 3384 3980 singularem
3432 3909 3515 3963 ita
3544 3907 3735 3974 signi-

2093 3999 2272 4053 ﬁcatae
2305 4001 2457 4062 sunt,
2495 4003 2551 4049 ut
2575 3993 2785 4048 dicitur
2813 3991 2998 4059 miles,
3028 3995 3084 4046 et
3113 3989 3518 4061 intelliguntur
3549 3987 3734 4043 millia

2091 4077 2377 4134 militum:
2412 4080 2477 4131 ut
2524 4091 2683 4142 rana,
2718 4079 2782 4129 ut
2831 4073 3092 4141 locusta;
3127 4072 3210 4127 sic
3256 4069 3411 4126 enim
3443 4067 3734 4140 appellata

2091 4163 2181 4215 est
2228 4157 2544 4213 multitudo
2593 4170 2865 4210 ranarum
2916 4169 2980 4208 ac
3024 4151 3382 4208 locustarum
3417 4151 3474 4206 in
3525 4148 3738 4220 plagis,

2093 4239 2306 4311 quibus
2355 4236 2605 4309 Egyptii
2660 4235 2919 4307 percussi
2969 4236 3108 4290 sunt
3149 4248 3248 4304 per
3279 4231 3512 4303 Moysen
3545 4229 3736 4300 (Exod.

2091 4337 2148 4386 x,
2183 4321 2235 4386 4,
2267 4323 2319 4374 et
2344 4319 2520 4378 alibi;
2553 4318 2704 4373 Psal.
2733 4332 2939 4380 Lxxvn,
2971 4313 3080 4384 45).
3117 4312 3260 4378 Quid
3293 4317 3487 4366 autem
3521 4312 3743 4366 factura

2095 4403 2279 4456 fuerat
2307 4401 2568 4455 humana
2615 4403 2670 4453 et
2701 4414 2844 4452 vana
2874 4394 3301 4468 praesumptio?
3339 4392 3659 4463 Cujuslibet
3687 4397 3743 4447 et

2097 4479 2531 4551 quantumlibet
2559 4477 2618 4532 in
2668 4477 2873 4532 coelum
2933 4475 3213 4530 adversus
3257 4475 3436 4528 Deum
3470 4469 3741 4528 altitudi-

2097 4578 2229 4617 nem
2263 4560 2432 4617 molis
2472 4558 2786 4626 extolleret,
2832 4559 3064 4629 quando
3105 4559 3334 4612 montes
3365 4554 3742 4610 transcende-

2096 4649 2184 4699 ret
2205 4642 2503 4700 universos
2523 4642 2552 4695 ?
2582 4641 2815 4712 quando
2839 4638 3095 4710 spatium
3121 4635 3388 4692 nebulosi
3413 4635 3529 4688 aeri
3564 4634 3742 4703 hujus

2097 4723 2406 4780 evaderet?
2437 4722 2584 4787 Quid
2629 4721 2878 4790 denique
2929 4722 3162 4774 noceret
3209 4717 3322 4770 Deo
3354 4719 3741 4783 quantacum-

2098 4822 2210 4878 que
2253 4805 2340 4860 vel
2389 4803 2730 4875 spiritualis,
2786 4799 2874 4854 vel
2915 4794 3501 4878 corporaliaelatio?
3530 4794 3740 4846 Tutam

2097 4871 2498 4958 veramque-in
2523 4882 2731 4938 castum
2763 4881 2919 4932 viam
2948 4877 3198 4958 molitur
3246 4871 3572 4940 humilitas,
3609 4887 3742 4958 sur-

2099 4985 2229 5025 sum
2291 4951 2488 5022 levans
2531 4981 2625 5019 cor
2675 4961 2749 5016 ad
2797 4957 3128 5026 Dominum,
3164 4971 3276 5010 non
3320 4959 3520 5008 contra
3553 4951 3746 5008 Domi-

2167 5135 2182 5166 ί
2214 5132 2360 5186 Lov.,
2397 5138 2591 5177 terrae.
2623 5124 2762 5173 Editi
2795 5135 2921 5171 vero
2967 5121 3062 5171 alii
3105 5123 3158 5170 et
3208 5118 3555 5180 manuscripti
3594 5117 3750 5179 juxta

2101 5207 2364 5256 graecum,
2397 5201 2566 5240 terra.
3544 5244 3553 5256 ο
3626 5242 3637 5253 .

2165 5257 2186 5290 2
2218 5257 2362 5312 Lov.,
2396 5256 2452 5304 in
2489 5251 2734 5316 lapides;
2782 5249 3218 5299 dissentientibus
3265 5245 3484 5300 caeteris
3518 5244 3670 5293 libris
3697 5243 3752 5294 et

2101 5319 2368 5440 LX3x15diti,
2404 5387 2507 5428 eat.
2544 5380 2611 5428 Αι
2644 5378 2787 5432 Mss,
2817 5376 2956 5436 erit;
2984 5377 3138 5438 juxta
3166 5373 3308 5429 LXX,
3340 5371 3498 5421 estai.

2165 5445 2187 5478 ι
2216 5446 2359 5504 Mss,
2390 5448 2437 5491 et
2465 5443 2749 5502 faciamus
2779 5449 3045 5504 nostrum
3067 5451 3282 5504 nomen.

2166 5510 2186 5543 δ
2219 5508 2311 5556 Hic
2341 5496 2474 5561 vox;
2503 5506 2667 5565 Deus,
2698 5504 2754 5552 in
2784 5503 2897 5552 sola
2925 5502 3152 5551 editione
3183 5501 3307 5548 Lov.
3339 5496 3621 5547 omittitur.
