4138 6192
235 348 357 408 485

236 495 557 557 coeperunt,
608 503 736 559 quae
767 491 1079 546 crescendo
1107 495 1164 546 et
1207 492 1431 550 insulas
1469 493 1879 564 impleverunt.

237 570 454 623 Auctus
479 572 570 623 est
600 573 794 624 autem
823 586 1100 626 numerus
1123 574 1383 644 gentium
1414 574 1596 629 multo
1625 573 1880 642 amplius

237 665 406 717 quam
441 648 952 719 lingunrum.Nam
987 659 1039 707 et
1070 654 1127 707 in
1148 655 1342 710 Africa
1371 656 1650 710 barbaras
1679 658 1880 725 gentes

235 729 292 782 in
325 728 665 800 unaliugua
696 730 976 800 plurimas
1032 734 1340 802 novimus;
1375 743 1427 789 et
1461 735 1722 791 homines
1757 735 1883 804 qui-

233 809 384 877 dem,
445 809 836 881 multiplicato
903 828 1116 883 genere
1173 815 1449 884 humano,
1522 815 1594 871 ad
1653 814 1879 870 insulas

232 887 650 946 inhabitandas
683 891 914 962 navigio
943 894 1193 951 transire
1224 897 1499 966 potuisse,
1533 896 1665 966 quis
1697 895 1880 951 ambi-

233 968 380 1039 gat?

226 1113 459 1171 CAPUT
490 1114 609 1171 VII.
643 1146 711 1157 —
757 1119 840 1172 An
867 1134 1024 1175 omne
1053 1121 1353 1177 bestiarum
1389 1139 1557 1194 genus
1585 1123 1752 1178 etiam
1781 1139 1876 1179 re-

294 1195 613 1252 molissimz
641 1214 673 1252 a
703 1199 868 1254 terris
900 1199 1099 1256 insula:
1113 1218 1182 1257 ea:
1211 1219 1271 1258 eo
1291 1219 1520 1259 numero
1550 1207 1875 1275 acceperint,

293 1277 391 1346 qui
419 1279 478 1331 in.
503 1292 632 1332 arca
661 1294 694 1333 a
715 1278 918 1335 diluvii
944 1283 1307 1338 inundatione
1333 1287 1575 1340 servatus
1600 1289 1696 1339 est.

287 1411 397 1467 Sed
427 1413 671 1483 quaestio
704 1415 776 1469 de
806 1418 964 1470 omni
1017 1432 1228 1487 genere
1259 1417 1574 1473 bestiarum
1609 1423 1715 1484 est,
1750 1435 1876 1490 quae

215 1491 324 1545 sub
358 1509 496 1547 cura
542 1493 844 1550 hominum
896 1512 1006 1550 non
1051 1502 1207 1560 sunt,
1248 1513 1350 1551 nec
1389 1497 1563 1552 sicuti
1596 1515 1746 1554 ranae
1782 1515 1877 1552 na-

218 1577 470 1626 scuntur
500 1587 568 1628 ex
598 1577 772 1640 terra,
801 1575 900 1628 sed
933 1576 1052 1630 sola
1072 1577 1482 1630 commixtione
1508 1578 1686 1632 maris
1719 1586 1772 1632 et
1800 1578 1876 1632 fe-

215 1651 388 1706 mina;
422 1663 839 1725 propagantur,
871 1657 1028 1711 sicut
1050 1657 1174 1726 lupi
1203 1663 1376 1726 atque
1399 1657 1738 1727 hujusmodi
1772 1675 1874 1712 oze-

211 1735 356 1800 tera,
392 1735 682 1803 quomodo
725 1740 854 1807 post
879 1736 1190 1806 diluvium,
1240 1755 1352 1807 quo
1387 1753 1454 1792 ea
1495 1755 1620 1810 qua:
1652 1739 1709 1793 in
1738 1755 1871 1794 arca

211 1827 328 1867 non
365 1824 546 1880 erant,
581 1821 787 1871 cuncta
820 1818 1008 1872 deleta
1040 1823 1198 1883 sunt,
1223 1818 1473 1874 etiamin
1509 1819 1714 1874 insulis
1742 1835 1870 1874 esse

210 1895 530 1962 potuerint,
561 1895 608 1950 si
660 1901 920 1967 reparata
969 1914 1083 1951 non
1124 1902 1263 1953 sunt
1310 1897 1423 1953 nisi
1455 1915 1523 1954 ex
1572 1899 1683 1965 his,
1719 1916 1868 1970 quo-

211 1988 344 2027 rum
380 1990 592 2044 genere
621 1974 680 2030 in
713 1982 959 2048 utroque
989 1993 1128 2032 sexu
1153 1995 1285 2032 arca
1316 1979 1582 2034 servavit.
1616 1978 1868 2034 Possunt

208 2055 446 2124 quidem
503 2057 656 2110 credi
707 2058 776 2113 ad
821 2058 1045 2113 insulas
1104 2061 1359 2114 natando
1403 2061 1712 2126 transisse,
1762 2061 1864 2114 sed

206 2136 532 2204 proximas.
567 2138 710 2192 Sunt
741 2143 933 2193 autem
968 2140 1236 2211 quaedam
1268 2146 1386 2195 tam
1420 2139 1588 2210 longe
1621 2143 1867 2208 positam

203 2217 647 2272 continentibus
689 2219 884 2285 terris,
917 2224 982 2274 ut
1012 2220 1085 2273 ad
1126 2236 1224 2274 eas
1273 2219 1430 2274 nulla
1459 2220 1722 2274 videatur
1752 2236 1864 2273 na-

201 2298 333 2350 tare
391 2297 652 2367 potuisse
711 2299 1051 2353 bestiarum.
1102 2300 1264 2364 Quod
1323 2301 1370 2356 si
1432 2301 1701 2354 homines
1768 2317 1865 2355 eas

199 2380 411 2446 captas
441 2393 637 2431 secum
683 2379 1055 2445 advexerunt,
1100 2390 1154 2434 et
1195 2397 1260 2434 eo
1303 2381 1476 2436 modo
1511 2380 1606 2434 ubi
1638 2379 1865 2434 habita-

197 2455 355 2509 bant
398 2473 598 2512 earum
649 2474 861 2529 genera
913 2460 1309 2525 instituerunt,
1367 2461 1615 2514 venandi
1674 2461 1866 2516 studio

200 2535 330 2590 ﬁeri
367 2537 628 2605 potuisse
681 2537 1022 2594 incredibile
1072 2557 1186 2595 non
1235 2545 1320 2596 est
1355 2555 1368 2594 :
1403 2541 1862 2611 quamvisjussu

200 2615 299 2670 Dei
335 2616 458 2670 sive
501 2618 791 2687 permissu
825 2619 1000 2674 etiam
1050 2636 1224 2691 opere
1255 2621 1600 2691 Angelorum
1649 2637 1864 2692 negan-

200 2695 345 2749 dum
398 2712 510 2749 non
572 2698 650 2751 sit
699 2699 958 2767 potuisse
998 2700 1318 2756 transferri.
1366 2701 1420 2754 Si
1470 2718 1601 2756 vero
1644 2718 1673 2756 e
1712 2706 1864 2756 terra

200 2780 414 2830 exortae
465 2781 605 2830 sunt
661 2779 979 2832 secundum
1013 2779 1293 2848 originem
1328 2781 1595 2850 primam,
1629 2781 1864 2851 quando

199 2855 350 2910 dixit
404 2857 572 2920 Deus,
619 2857 900 2913 Producat
947 2863 1097 2912 terra
1145 2859 1390 2912 animam
1431 2861 1615 2914 vivam
1657 2860 1860 2932 (Gen.1

198 2935 340 3006 24):
400 2937 578 2990 multo
611 2937 825 2991 clarius
874 2941 1133 3008 apparet,
1186 2954 1299 2992 non
1349 2943 1467 2994 tam
1518 2941 1863 3009 reparando-

199 3032 327 3070 rum
365 3015 706 3071 animalium
743 3033 940 3082 causa,
984 3034 1158 3087 quam
1193 3019 1629 3087 figurandarum
1663 3020 1860 3074 varia—

200 3112 332 3150 rum
371 3097 634 3166 gentium
692 3107 921 3168 propter
979 3097 1245 3153 Ecclesiae
1312 3105 1743 3153 sacramentum
1797 3099 1856 3154 in

200 3192 333 3230 arca
372 3177 549 3232 fuisse
580 3178 778 3232 omnia
821 3194 1054 3249 genera,
1103 3180 1152 3233 si
1184 3179 1241 3232 in
1274 3178 1504 3247 insulis,
1551 3197 1666 3250 quo
1699 3186 1859 3234 tran-

203 3256 316 3312 sire
353 3273 468 3312 nou
502 3261 758 3330 possunt,
800 3258 980 3313 multa
1011 3258 1286 3314 animalia
1311 3264 1464 3316 terra
1495 3261 1783 3331 produxit.

203 3418 438 3475 CAPUT
477 3419 626 3474 VIII.
661 3450 724 3458 —
759 3420 840 3474 An
869 3435 939 3474 ex
975 3419 1273 3490 propagine
1303 3422 1476 3475 Adam
1508 3422 1588 3476 vel
1614 3419 1857 3490 ﬁliorum

233 3500 345 3555 Noe
370 3499 622 3570 quantum
636 3515 837 3568 genera
861 3501 1144 3555 hominum
1159 3507 1466 3556 monstrosa
1486 3501 1818 3572 prodierint.

275 3635 325 3688 l.
366 3633 650 3696 Quaeritur
679 3634 871 3703 etiam,
898 3639 1091 3690 utrum
1116 3651 1182 3688 ex
1214 3632 1348 3687 ﬁliis
1375 3632 1509 3699 Noe,
1543 3633 1626 3688 vel
1664 3635 1858 3704 potius

202 3729 264 3768 ex
307 3713 415 3769 illo
457 3730 568 3769 uno
613 3714 865 3776 homine,
918 3718 1066 3770 unde
1112 3715 1285 3771 etiam
1336 3713 1445 3783 ipsi
1490 3714 1858 3780 exstiterunt,

202 3803 520 3866 prOpagata
560 3811 687 3849 esse
727 3796 1079 3850 credendum
1120 3795 1195 3849 sit
1217 3794 1479 3864 quaedam
1533 3803 1860 3851 monstrosa

203 3877 512 3932 hominum
563 3893 792 3947 genera,
843 3893 968 3948 quae
1018 3876 1279 3947 gentium
1321 3880 1517 3930 narrat
1567 3876 1856 3932 historia:

200 3957 357 4012 sicut
387 3957 762 4026 perhibentur
793 3960 1028 4028 quidam
1073 3974 1252 4012 unum
1287 3957 1498 4010 habere
1530 3957 1763 4012 oculum
1797 3959 1856 4013 in

199 4038 388 4092 fronte
420 4037 614 4091 media
647 4053 659 4090 :
693 4037 1042 4108 quibusdam
1079 4038 1300 4106 plantas
1340 4052 1536 4091 versas
1569 4053 1696 4092 esse
1730 4042 1860 4108 post

199 4128 370 4171 crura
402 4131 415 4168 :
451 4115 804 4186 quibusdam
845 4117 1150 4187 utriusque
1191 4131 1363 4170 sexus
1393 4131 1519 4170 esse
1563 4121 1854 4185 naturam,

199 4198 533 4252 etdextram
558 4211 875 4250 mammam
895 4196 1138 4261 virilem,
1161 4195 1456 4250 sinistram
1490 4197 1854 4269 muliebrem,

200 4277 540 4344 vicibusque
571 4275 811 4330 alternis
832 4278 1089 4331 coeundo
1121 4274 1139 4308 ί
1172 4281 1230 4330 et
1251 4275 1484 4346 gignere
1517 4279 1573 4332 et
1607 4293 1807 4347 parere
1839 4294 1854 4333 :

201 4356 324 4412 aliis
368 4372 470 4412 ora
510 4373 625 4410 non
657 4373 804 4423 esse,
847 4373 1064 4428 eosque
1110 4373 1208 4426 per
1239 4373 1407 4412 nares
1449 4360 1855 4414 tantummodo

201 4437 380 4492 halitu
416 4437 438 4470 ²
471 4437 658 4492 vivere
699 4455 712 4493 :
746 4437 891 4492 alios
941 4446 1166 4492 statura
1196 4454 1320 4492 esse
1368 4438 1674 4506 cubitales,
1708 4457 1856 4510 quos

199 4521 497 4590 Pygmaeos
541 4518 615 4586 (ὁ)
667 4534 700 4570 a
730 4518 924 4572 cubito
973 4518 1151 4574 Graeci
1196 4526 1401 4573 vocant
1451 4534 1464 4572 :
1516 4519 1654 4573 alibi
1687 4521 1857 4590 quin-

201 4613 459 4668 quennes
508 4598 812 4667 concipere
862 4599 1130 4665 feminas,
1175 4607 1229 4653 et
1278 4603 1548 4653 octavum
1590 4601 1718 4654 vita;
1750 4619 1857 4655 an-

199 4695 336 4734 num
387 4695 504 4734 non
550 4679 842 4734 excedere.
893 4677 1033 4732 Item
1080 4678 1268 4732 ferunt
1301 4694 1428 4733 esse
1466 4683 1722 4748 gentem,
1758 4682 1854 4736 ubi

199 4756 426 4828 singula
481 4774 655 4812 crura
701 4757 760 4811 in
825 4758 1070 4828 pedibus
1136 4757 1370 4823 habent,
1423 4775 1528 4813 nec
1578 4759 1853 4830 poplitem

200 4836 456 4902 ﬂectunt,
485 4841 694 4892 etsunt
717 4836 996 4891 mirabilis
1019 4837 1354 4901 celeritatis;
1382 4839 1854 4909 quosSciopodas

198 4917 266 4986 (ε)
291 4921 522 4980 vocant,
558 4917 708 4986 quod
748 4932 847 4986 per
879 4921 1084 4970 aestum
1119 4916 1176 4969 in
1219 4917 1654 4985 terrajacentes
1688 4935 1852 4973 resu-

199 4997 315 5064 pini
353 4996 556 5050 umbra
606 5013 667 5050 se
716 4996 931 5066 pedum
983 5000 1282 5066 protegant
1334 5013 1346 5050 :
1400 4999 1683 5065 quosdam
1728 4999 1854 5054 sine

199 5080 413 5135 cervice
443 5077 644 5134 oculos
676 5079 955 5134 habentes
987 5080 1045 5133 in
1081 5079 1340 5134 humeris
1384 5095 1398 5136 :
1426 5084 1482 5135 et
1519 5091 1720 5138 czetera
1749 5082 1853 5139 ho-

200 5157 448 5229 minum,
480 5157 567 5214 vel
601 5158 766 5230 quasi
811 5157 1110 5215 hominum
1152 5175 1384 5231 genera,
1421 5175 1547 5231 qua:
1580 5161 1638 5217 in
1673 5163 1852 5218 mari-

260 5333 279 5369 ί
310 5336 454 5390 Mss.,
488 5335 810 5398 vicibusque
840 5336 988 5385 inter
1017 5351 1073 5383 se
1100 5337 1356 5386 ooeznido.

261 5400 282 5433 ³
301 5398 464 5466 _Editi,
485 5407 750 5466 suscepto
764 5407 824 5466 _et
852 5400 1049 5447 emisso
1083 5400 1283 5448 halitu.
1317 5400 1504 5460 Verba,
1535 5413 1782 5466 suscepto
1802 5413 1851 5453 et

206 5460 418 5517 emisso,
450 5461 648 5510 absunt
673 5475 705 5509 a
734 5461 854 5509 Mss.

263 5523 452 5586 (a)7Sic
482 5524 642 5572 etiam
690 5525 999 5574 Ambrosius
1046 5526 1101 5572 in
1144 5525 1411 5574 Psalmnm
1457 5542 1547 5586 σιν,
1579 5531 1631 5578 et
1660 5529 1851 5579 Euche-

204 5584 321 5650 rius
344 5585 478 5650 libro
508 5588 823 5650 secundoin
853 5587 1115 5640 Genesim.
1146 5602 1258 5650 cap.
1291 5588 1338 5637 7.
1372 5584 1625 5642 Cosanus.

285 5647 334 5710 ὁ)
364 5647 612 5712 Pygmaei
640 5649 784 5710 dicti,
851 5651 970 5699 uasi
999 5647 1270 5700 cubitales.

261 5650 334 5770 ἑο)
362 5709 665 5770 sciODOdae,
695 5665 848 5770 quas?
875 5713 1229 5770 nmbripedes.

286 5714 334 5773 ο)
362 5709 665 5778 Sciopodae,
695 5709 848 5778 quasi
875 5713 1229 5778 nmbripedes.

1457 354 1685 416 LIBER
1729 351 2069 415 DECIMUS
2117 356 2443 424 SEXTUS.

3529 382 3648 442 486

1992 491 2139 583 tima
2170 495 2362 567 platea
2383 503 2754 577 Carthaginis
2779 507 3005 562 musivo
3034 509 3184 577 picta
3204 517 3362 583 sunt,
3386 532 3454 571 ex
3474 517 3641 576 libris

1989 573 2333 656 deprompta
2354 583 2510 640 velut
2529 573 2866 641 curiosioris
2885 573 3159 647 historiae.
3179 593 3323 655 Quid
3350 573 3539 653 dicam
3571 573 3642 656 de

1989 654 2532 749 Cvnocephalis_(a),
2565 669 2809 736 quorum
2853 668 3059 723 canina
3088 654 3275 739 capita
3304 679 3480 746 atque
3518 654 3641 749 ipse

1988 733 2234 818 latratus
2285 743 2467 814 magis
2517 733 2730 801 bestias
2770 763 2944 818 quam
2981 733 3246 807 homines
3284 733 3642 815 con‘ﬁtetdrl‘v?

1989 815 2116 912 Sed.
2149 822 2349 876 omnia
2389 841 2603 895 genera
2654 815 2951 884 hominum
3000 847 3126 901 quae
3171 834 3444 892 dicuntur
3488 857 3636 912 esse,

1987 898 2220 989 credere
2259 919 2371 989 non
2417 915 2502 962 est
2546 923 2798 964 necesse.
2841 898 3052 964 Verum
3096 913 3361 985 quisquis
3411 898 3636 989 uspiam

1988 979 2244 1069 nascitur
2300 983 2534 1069 homo,A
2579 988 2634 1069 id
2687 994 2775 1044 est
2804 988 3018 1046 animal
3057 979 3336 1050 rationale
3371 979 3632 1069 mortale,

1986 1059 2311 1146 quamlibet
2351 1065 2569 1120 nostris
2619 1065 2960 1124 inusitatam
3005 1072 3273 1127 sensibus
3322 1083 3486 1146 gerat
3517 1059 3639 1135 cor:-

1986 1137 2142 1205 poris
2173 1139 2440 1210 formam,
2483 1161 2584 1202 seu
2645 1147 2916 1215 colorem,
2967 1150 3084 1205 sive
3115 1137 3359 1221 motum,
3394 1157 3510 1212 sive
3542 1176 3635 1213 so-

1987 1231 2149 1305 num,
2197 1221 2318 1278 sive
2379 1225 2639 1294 qualibet
2699 1229 2774 1294 vi,
2827 1229 3087 1300 qualibet
3137 1239 3314 1302 parte,
3376 1238 3637 1305 qualibet

1985 1297 2265 1387 qualitate
2297 1309 2538 1387 naturae,
2571 1323 2638 1362 ex
2672 1307 2771 1362 illo
2817 1297 2931 1365 uno
2965 1297 3320 1381 protoplaslo
3351 1297 3634 1387 originem

1983 1380 2212 1464 ducere,
2248 1384 2444 1464 nullus
2474 1387 2733 1442 fidelium
2760 1380 3417 1464 dubitaverit.Apparet
3438 1380 3631 1453 tamen

1983 1458 2124 1547 quid
2146 1459 2203 1514 in
2230 1463 2497 1547 pluribus
2542 1472 2750 1522 natura
2779 1469 3117 1538 obtinuerit,
3153 1458 3372 1545 etquid
3407 1477 3481 1531 sit
3512 1478 3634 1547 ipsa

1982 1538 2220 1595 raritate
2254 1543 2542 1600 mirabile.

2047 1617 2100 1672 2.
2149 1620 2346 1684 Qualis
2389 1629 2583 1680 autem
2641 1628 2784 1681 ratio
2834 1631 3098 1685 redditur
3145 1634 3216 1687 de
3290 1638 3632 1693 monstrosis

1977 1699 2126 1766 apud
2162 1717 2266 1755 nos
2299 1701 2603 1759 hominum
2652 1709 2956 1778 partubus,
3007 1711 3140 1766 talis
3171 1714 3240 1767 de
3281 1717 3631 1774 monstrosis

1976 1779 2330 1846 quibusdam
2387 1786 2663 1852 gentibus
2740 1789 2898 1843 reddi
2991 1796 3196 1860 potest.
3257 1794 3407 1850 Deus
3475 1799 3628 1853 enim

1975 1863 2197 1912 creator
2226 1865 2315 1915 est
2344 1864 2631 1931 omnium,
2663 1866 2762 1938 qui
2798 1869 2890 1922 ubi
2924 1875 2981 1924 et
3010 1873 3244 1940 quando
3275 1876 3454 1930 creari
3488 1877 3627 1947 quid

1974 1945 2232 2019 oporteat
2253 1942 2338 1996 vel
2371 1947 2714 2015 oportuerit,
2756 1949 2880 2018 ipse
2913 1953 3087 2019 novit,
3122 1955 3310 2009 sciens
3342 1942 3629 2013 universi-

1972 2017 2108 2099 tatis
2141 2021 2628 2088 pulchritudinem
2663 2044 2908 2096 quarum
2943 2017 3196 2099 partium
3231 2037 3316 2090 vel
3349 2037 3626 2094 similitu-

1973 2095 2106 2150 dine
2137 2099 2223 2152 vel
2256 2101 2584 2188 diversitate
2617 2095 2901 2162 contexet.
2937 2095 3042 2164 Sed
3090 2113 3188 2181 qui
3223 2119 3410 2170 totum
3446 2119 3625 2188 inspi-

1973 2191 2097 2261 cere
2126 2193 2238 2232 non
2272 2186 2482 2250 potest,
2517 2189 2795 2254 tanquam
2839 2189 3204 2246 deformitate
3239 2196 3418 2261 partis
3443 2186 3624 2252 offen-

1975 2255 2183 2344 ditur;
2239 2262 2519 2344 quoniam
2573 2265 2665 2318 cui
2709 2275 3013 2338 congruat,
3065 2277 3122 2325 et
3173 2255 3288 2342 quo
3331 2279 3629 2344 referatur,

1972 2339 2220 2420 ignorat.
2276 2339 2549 2396 Pluribus
2589 2361 2762 2414 quam
2805 2348 3004 2417 quinis
3033 2339 3233 2420 digitis
3264 2352 3320 2406 in
3357 2339 3629 2412 manibus

1971 2423 2027 2469 et
2058 2418 2301 2485 pedibus
2341 2424 2502 2476 nasci
2536 2423 2823 2494 homines,
2859 2418 3130 2484 novimus
3164 2448 3175 2498 ;
3220 2441 3273 2486 et
3305 2433 3424 2489 haec
3454 2436 3630 2493 levior

1971 2504 2053 2587 est
2088 2514 2263 2587 quam
2297 2500 2394 2587 illa
2425 2504 2706 2587 distantia
2756 2509 2770 2541 ¹
2809 2523 2822 2560 :
2857 2509 2955 2563 sed
2990 2514 3187 2565 tamen
3218 2513 3372 2569 absit
3407 2521 3466 2569 ut
3495 2521 3628 2587 quis

1971 2575 2049 2629 ita
2082 2578 2350 2649 desipiat,
2388 2588 2448 2636 ut
2496 2586 2785 2640 existimet
2834 2588 2891 2642 in
2940 2606 3180 2646 numero
3231 2575 3626 2654 humanorum

1971 2654 2286 2740 digitorum
2337 2677 2562 2719 errasse
2626 2666 2980 2734 Creatorem,
3044 2672 3312 2740 quamvis
3358 2676 3624 2735 nesciens

1971 2749 2075 2825 cur
2108 2737 2212 2827 hoc
2263 2740 2475 2827 fecerit.
2524 2743 2607 2799 Ita
2653 2746 2760 2799 etsi
2814 2749 2994 2816 major
3035 2737 3334 2808 diversitas
3383 2755 3622 2827 oriatur,

1971 2815 2082 2908 scit
2235 2821 2380 2908 quid
2412 2825 2612 2908 egerit,
2646 2828 2817 2894 cujus
2847 2815 3021 2898 opera
3045 2831 3202 2898 juste
3228 2850 3398 2890 nemo
3431 2815 3626 2908 repre;

1970 2894 2189 2985 bend-it...
2221 2902 2382 2968 Apud
2432 2894 3168 2985 Hipponem-Diarrhytum
3204 2914 3278 2985 (1))
3321 2923 3410 2969 est
3451 2894 3622 2974 homo

1969 2979 2132 3045 quasi
2167 2979 2398 3035 lunatas
2442 2982 2662 3039 habens
2693 2985 2941 3055 plantas,
2994 2993 3050 3043 et
3094 2992 3149 3044 in
3183 2979 3267 3047 eis
3298 2994 3467 3051 binos
3503 3001 3623 3054 tan-

1969 3060 2271 3148 tummodo
2321 3061 2593 3148 digitos,“
2635 3067 2859 3148 similes
2909 3072 2966 3122 et
3031 3085 3257 3127 manus.
3319 3074 3376 3128 Si
3428 3077 3624 3148 aliqua

1966 3151 2108 3204 gens
2139 3139 2275 3194 talis
2307 3149 2476 3210 esset,
2513 3142 2593 3196 illi
2647 3147 2888 3202 curiosas
2935 3153 3110 3218 atque
3161 3155 3412 3210 mirabili
3445 3139 3624 3212 adde—

1965 3218 2454 3305 retur_historia3.
2534 3223 2681 3305 Num
2756 3227 2936 3296 igitur
2993 3231 3170 3286 istum
3233 3242 3465 3305 propter
3513 3239 3621 3294 hoc

1966 3298 2308 3366 negabimus
2340 3319 2408 3384 ex
2442 3320 2556 3358 uno
2581 3303 2698 3373 illo,
2722 3309 2820 3376 qui
2854 3308 3080 3378 primus
3113 3298 3470 3384 creatus-est,
3493 3336 3621 3374 esse

1966 3386 2347 3468 propagatum
2378 3383 2406 3434 ?
2437 3384 2815 3468 Androgyni,
2844 3405 2990 3458 quos
3021 3391 3189 3446 etiam
3235 3394 3622 3468 Hermaphro-

1966 3454 2528 3547 ditosmuncupant,
2590 3454 2878 3532 quamvis
2929 3471 3246 3525 admodum
3308 3454 3618 3547 rari‘sin't,

1967 3533 2202 3623 difficile
2231 3543 2321 3590 est
2353 3544 2547 3594 tamen
2583 3547 2643 3594 ut
2674 3545 3035 3613 temporibus
3067 3549 3280 3614 desint,
3309 3552 3368 3606 in
3401 3533 3616 3623 quibus

1966 3613 2049 3666 sic
2083 3617 2325 3683 uterque
2356 3633 2526 3672 sexus
2550 3627 2810 3688 apparet,
2833 3628 2894 3676 ut
2914 3640 2981 3677 ex
3011 3641 3126 3693 quo
3150 3613 3342 3694 potius
3371 3613 3620 3689 debeant

1967 3693 2228 3785 accipere
2258 3712 2494 3762 nomen,
2547 3698 2832 3785 incertum
2885 3703 3006 3756 sit:
3051 3721 3083 3758 a
3130 3693 3367 3763 meliore
3398 3717 3615 3785 tamen,

1967 3772 2075 3827 hoc
2120 3778 2210 3827 est
2257 3792 2290 3830 a
2339 3777 2687 3847 masculino,
2740 3785 2804 3834 ut
2856 3781 3306 3853 appellarentur,
3342 3772 3615 3860 loquendi

1967 3855 2322 3936 consuetudo
2353 3857 2669 3926 praevaluit.
2707 3860 2850 3915 Nam
2906 3879 3074 3918 nemo
3108 3881 3361 3936 unquam
3395 3855 3618 3929 Andro-

1964 3935 2288 4018 gynaacash2
2345 3941 2446 3992 aut
2502 3937 3015 4012 Hermaphroditus
3046 3950 3423 4018 nuncupavit.
3473 3957 3615 4011 Ante

1964 4031 2149 4070 annos
2192 4014 2437 4088 aliquot,
2492 4025 2690 4076 nostra
2737 4031 2888 4078 certe
2935 4014 3340 4093 memoriafin
3385 4032 3615 4092 Oriente

1966 4094 2181 4165 duplex
2209 4095 2381 4153 homo
2414 4105 2588 4156 natus
2625 4107 2714 4157 est
2762 4105 3160 4174 superioribus
3194 4111 3490 4181 membris,
3523 4115 3613 4170 in-

1966 4176 2276 4233 ferioribus
2334 4181 2580 4252 simplex
2631 4199 2644 4236 :
2699 4200 2832 4238 nam
2883 4185 2998 4240 duo
3043 4194 3210 4244 erant
3258 4176 3612 4264 capita,'duo

1966 4261 2218 4328 pectora,
2255 4266 2504 4330 quatuor
2564 4280 2774 4319 manus
2825 4279 2840 4332 ;
2879 4275 3076 4321 venter
3113 4275 3302 4328 autem
3329 4261 3526 4345 Vunus,
3557 4279 3615 4332 et

1965 4339 2137 4425 pedes
2167 4339 2304 4425 duo,
2335 4341 2486 4397 sicut
2530 4345 2628 4425 uni
2665 4344 2885 4400 homini
2936 4365 2950 4414 ;
2994 4352 3049 4401 et
3079 4352 3195 4404 tam
3229 4352 3325 4407 diu
3359 4339 3522 4425 vixit,
3553 4364 3614 4412 ut

1965 4417 2182 4472 multos
2210 4421 2279 4473 ad
2329 4437 2462 4476 eum
2511 4424 2822 4478 videndum
2875 4426 3024 4480 fama
3055 4433 3436 4490 contraheret.
3471 4417 3612 4502 Quis

1964 4503 2158 4552 autem
2192 4515 2393 4554 omnes
2426 4519 2883 4560 commemorare
2925 4507 3102 4576 possit
3128 4509 3418 4571 humanos
3459 4518 3610 4573 fetus

1964 4577 2135 4646 longe
2165 4578 2478 4636 dissimiles
2511 4584 2601 4638 his
2645 4601 2713 4640 ex
2746 4587 2961 4656 quibus
2993 4603 3090 4643 eos
3126 4598 3290 4650 natos
3329 4611 3457 4652 esse
3487 4614 3610 4653 cer-

1963 4657 2255 4712 tissimum
2305 4666 2394 4714 est
2421 4662 2448 4715 ?
2489 4662 2650 4746 Sicut
2692 4683 2826 4738 ergo
2857 4668 2978 4725 hazc
3019 4685 3086 4724 ex
3125 4671 3222 4728 illo
3265 4691 3380 4730 uno
3410 4678 3609 4746 negari

1963 4755 2077 4794 non
2123 4746 2372 4829 possunt
2426 4743 2711 4814 originem
2763 4750 2975 4807 ducere
3028 4779 3042 4821 ;
3094 4755 3171 4808 ita
3225 4743 3609 4829 quaecumque

1961 4824 2159 4888 gentes
2194 4820 2250 4874 in
2274 4821 2703 4881 diversitatibus
2724 4820 3034 4898 corporum
3055 4834 3124 4887 ab
3145 4820 3358 4889 usitato
3388 4820 3607 4891 naturae

1960 4916 2156 4970 cursu,
2188 4919 2361 4972 quem
2408 4906 2601 4974 plures
2649 4913 2704 4962 et
2745 4927 2922 4980 prope
2969 4927 3174 4968 omnes
3205 4919 3424 4980 tenent,
3458 4917 3612 4972 velut

1959 4982 2319 5038 exorbitasse
2341 4987 2668 5054 traduntur,
2698 4988 2746 5042 si
2796 4991 3134 5048 definitione
3163 4993 3262 5048 illa
3291 4995 3609 5052 includun-

2023 5216 2039 5278 ξ
2072 5213 2313 5278 Plerique
2342 5215 2483 5271 Mss.
2517 5231 2675 5278 quam
2707 5219 2832 5268 ulla
2867 5220 3152 5271 distantia.

1957 5337 1992 5385 ἀ
2021 5274 2042 5308 ²
2072 5274 2245 5325 Vind:
2265 5282 2378 5327 Am.
2411 5274 2798 5344 Androgenas.
2849 5284 2931 5334 Er.
2982 5287 3035 5334 et
3080 5287 3286 5350 aliquot
3330 5289 3454 5338 Mss.
3488 5288 3608 5338 An-

1997 5353 2258 5385 rom/nas.

1997 5353 2172 5401 rogyn
2181 5357 2258 5389 as.

2017 5404 2097 5461 (α)
2127 5402 2482 5466 Cynocephali
2512 5407 2658 5462 dicti,
2689 5408 2845 5470 quasi
2872 5410 3198 5474 canicipites.

2019 5464 2091 5522 (ὸ)
2139 5467 2250 5538 Duo
2297 5468 2829 5538 faueruntAIiippones
2872 5473 2937 5538 in,
2979 5475 3170 5530 Africa,
3224 5473 3605 5538 Hippo-Regius

1955 5530 2264 5599 cognomine
2296 5531 2476 5599 Bona,
2499 5534 2550 5580 et
2581 5530 3103 5599 [lippo-Diarrhytos.
3133 5552 3270 5599 quae
3286 5530 3605 5590 ahonnullis

1954 5591 2176 5661 ἕξων-τα
2207 5605 2350 5661 nunc
2378 5594 2484 5661 dici
2518 5591 2929 5661 creditur.mNon
2967 5591 3166 5661 huius:
3200 5603 3262 5649 ut
3306 5602 3604 5654 Ludovicus

1954 5651 2119 5731 Yives
2139 5655 2364 5731 putavit.
2397 5657 2738 5731 sed-alterius
2766 5651 3218 5726 Hipponis,'aegii
3247 5664 3465 5729 scilicet,
3487 5651 3603 5731 apii

1954 5727 2122 5779 c0pus
2155 5717 2257 5767 fuit
2286 5718 2636 5782 Augustinus.

4041 57 4138 2986 ἒ

4071 2861 4078 2878 Α

4077 2979 4138 3036 iri

4073 3181 4138 3266 iii

4059 3367 4064 3388 ,
4133 3373 4136 3376 .

4063 3253 4138 3546 ἑ

4057 3545 4130 3627 ,Γ-

4053 3635 4074 3670 εέ
4114 3636 4117 3651 .

4067 3681 4092 3700 5

4063 3741 4099 3799 ³

4051 3806 4117 3861 .ἑί

4049 3888 4135 3981 ἐμ

4051 3981 4138 4021 ι.

4051 4026 4135 4093 by

4047 4096 4123 4149 τι

4048 4150 4119 4202 δ’

4082 4234 4091 4269 Ἴ

4049 4310 4063 4370 τ
4112 4316 4117 4355 φ

4049 4368 4123 4409 ,Ιχ

4047 4439 4138 4525 :‘r'

4051 4517 4138 4599 .'

4047 4603 4138 4758 tl

4051 4695 4062 4712 ρ
4095 4685 4106 4704 1

4060 4726 4093 4747 ε.

4049 4775 4072 4812 r
4103 4759 4138 4792 ""

4053 4831 4125 4911 ib.

4075 4955 4109 4976 α

4058 4987 4138 5041 f‘z.

4049 5055 4138 5192 Ἳ

4053 5164 4099 5246 ἓ

4062 5292 4129 5363 ,εξ

4072 5364 4087 5393 (⁸

4070 5378 4131 5485 εἴ,

4096 5496 4125 5529 μ

4056 5632 4101 5695 pl

4098 5924 4103 5943 i
