4138 6192
437 297 553 358 487

428 434 548 500 tur,
582 435 647 488 ut
678 431 978 488 rationalia
1019 427 1295 484 animalia
1325 430 1466 482 sunt
1487 430 1664 498 atque
1694 426 1984 494 mortalia,
2016 425 2088 483 ab

430 517 636 574 eodem
685 515 813 586 ipso
869 529 983 568 uno
1036 511 1223 583 primo
1291 515 1452 581 patre
1531 509 1792 565 omnium
1842 510 2084 580 stirpem

432 597 666 651 trahere
715 593 1113 649 conﬁtendum
1188 595 1276 646 est
1343 605 1358 644 :
1420 591 1470 645 si
1523 595 1716 645 tamen
1772 605 1906 644 vera
1952 595 2087 644 sunt

433 693 559 747 quae
590 675 658 729 de
689 673 919 727 illarum
953 672 1255 727 nationum
1281 671 1554 726 varietate
1575 676 1632 724 et
1662 675 1823 725 tanta
1845 670 1995 725 inter
2026 683 2088 724 se

432 763 605 824 atque
671 752 974 806 nobiscum
1039 751 1372 806 diversitate
1439 751 1768 804 traduntur.
1829 749 1976 819 Nam
2033 752 2090 804 et

429 834 658 900 simias,
699 838 755 887 et
802 831 1254 903 cercopithecus,
1305 836 1361 885 et
1401 832 1703 902 sphingas,
1755 831 1804 885 si
1837 830 2088 885 nescire-

430 931 560 970 mus
604 930 718 968 non
763 911 1029 967 homines
1077 929 1222 977 esse,
1272 912 1374 967 sed
1425 913 1656 978 bestias,
1721 915 1958 982 possent
2003 907 2088 964 illi

427 993 686 1051 historici
713 993 782 1047 de
814 1009 922 1048 sua
950 993 1291 1048 curiositate
1321 992 1662 1064 gloriantes,
1694 991 1852 1047 velut
1882 996 2088 1062 gentes

427 1072 656 1142 aliquas
689 1070 995 1128 hominum
1021 1073 1191 1128 nobis
1225 1072 1516 1144 impunita
1537 1073 1793 1125 vanitate
1822 1068 2084 1124 mentiri.

429 1151 541 1206 Sed
559 1151 608 1206 si
645 1152 905 1207 homines
925 1158 1086 1220 sunt,
1117 1153 1186 1207 de
1210 1154 1422 1224 quibus
1451 1152 1551 1206 illa
1592 1151 1735 1206 mira
1766 1150 2086 1220 conscripta

434 1237 609 1299 sunt;
644 1233 806 1304 quid,
850 1233 895 1287 si
929 1239 1231 1302 propterea
1263 1231 1416 1286 Deus
1447 1230 1627 1287 voluit
1661 1231 1836 1286 etiam
1878 1227 2089 1285 nonul-

433 1312 521 1368 las
552 1319 757 1383 gentes
787 1312 866 1368 ita
897 1329 1113 1383 creare,
1145 1328 1218 1368 ne
1247 1313 1306 1366 in
1341 1311 1428 1366 his
1453 1311 1755 1379 monstris,
1786 1327 1908 1383 quas
1935 1309 2086 1381 apud

431 1410 539 1448 nos
572 1398 727 1465 patet
770 1396 785 1429 ι
821 1410 890 1449 ex
927 1394 1264 1448 hominibus
1314 1392 1497 1460 nasci,
1551 1394 1680 1462 ejus
1721 1391 2089 1464 sapientiam,

430 1491 548 1545 qua
583 1479 854 1529 naturam
896 1474 1066 1545 ﬁngit
1113 1473 1455 1542 humanam,
1487 1472 1641 1528 velut
1678 1482 1856 1526 artem
1891 1473 2093 1541 cujus-

434 1555 594 1625 piam
626 1555 825 1609 minus
868 1554 1103 1626 perfecti
1152 1552 1403 1624 opiﬁcis,
1436 1558 1782 1624 putaremus
1812 1567 2038 1609 errasse
2065 1551 2093 1607 ?

432 1634 558 1690 Non
592 1635 786 1704 itaque
830 1635 998 1690 nobis
1047 1634 1225 1688 videri
1278 1634 1598 1688 absurdum
1630 1634 1819 1699 debet,
1869 1641 1927 1688 ut
1959 1648 2094 1704 que-

435 1716 810 1770 madmodum
854 1716 912 1770 in
963 1714 1212 1784 singulis
1262 1714 1592 1786 quibusque
1636 1714 1909 1784 gentibus
1939 1729 2092 1784 qure-

436 1794 574 1847 dam
626 1804 887 1849 monstra
959 1799 1096 1850 sunt
1169 1793 1493 1862 hominum,
1567 1795 1643 1847 ita
1705 1793 1763 1847 in
1823 1792 2093 1848 universo

435 1892 646 1948 genere
696 1877 951 1931 humano
997 1876 1262 1946 quaedam
1334 1882 1595 1930 monstra
1638 1873 1757 1930 sint
1807 1875 2090 1944 gentium.

435 1959 814 2027 Quapropter,
848 1962 909 2011 ut
939 1958 1114 2012 istam
1153 1955 1533 2026 quaestionem
1567 1955 1918 2024 pedetentim
1961 1971 2094 2014 cau-

431 2041 604 2108 teque
650 2037 995 2092 concludam
1031 2051 1044 2091 :
1101 2043 1201 2090 aut
1247 2035 1368 2100 illa,
1400 2052 1523 2106 quas
1572 2036 1716 2090 talia
1745 2035 1816 2090 de
1847 2035 2094 2106 quibus-

433 2120 568 2173 dam
616 2118 892 2190 gentibus
935 2118 1158 2188 scripta
1227 2121 1382 2182 sunt,
1415 2116 1656 2172 omnino
1705 2115 1865 2170 nulla
1915 2121 2090 2191 sunt;

431 2205 530 2252 aut
579 2197 627 2252 si
677 2202 838 2267 sunt,
894 2198 1162 2253 homines
1211 2213 1328 2252 non
1373 2201 1510 2252 sunt
1557 2215 1571 2264 ;
1629 2200 1730 2251 aut
1791 2212 1858 2252 ex
1913 2197 2095 2252 Adam

434 2281 592 2345 sunt,
619 2277 664 2334 si
697 2277 968 2336 homines
1011 2283 1171 2334 sunt.

437 2413 670 2470 CAPUT
712 2415 812 2470 IX.
864 2441 934 2452 —-
981 2413 1063 2467 An
1112 2412 1434 2484 inferiorem
1475 2416 1692 2482 partem
1738 2417 1925 2482 terrae,
1977 2430 2096 2485 qua

507 2500 713 2552 nostra
744 2492 1083 2550 habitationi
1127 2497 1407 2550 contraria
1435 2504 1534 2564 est,
1568 2494 1871 2566 Antipodas
1901 2495 2100 2550 [tubere

509 2574 839 2632 credendum
867 2577 960 2629 sit.

509 2683 671 2750 Quod
705 2699 836 2738 vero
868 2689 922 2738 et
969 2682 1292 2754 Antipodas
1324 2697 1451 2738 esse
1503 2683 1860 2754 fabulantur,
1905 2683 1961 2738 id
1989 2687 2094 2751 est,

438 2764 706 2818 homines
747 2781 780 2817 a
824 2770 1116 2818 contraria
1164 2771 1326 2834 parte
1369 2773 1556 2833 terrae,
1607 2766 1705 2820 ubi
1755 2765 1840 2820 sol
1891 2767 2097 2831 oritur,

443 2845 677 2913 quando
745 2844 956 2896 occidit
1017 2842 1209 2908 nobis,
1265 2846 1510 2899 adversa
1566 2845 1823 2915 pedibus
1885 2847 2101 2900 nostris

437 2920 659 2974 calcare
685 2921 944 2991 vestigia,
996 2921 1159 2975 nulla
1205 2925 1424 2978 ratione
1473 2925 1826 2978 credendum
1869 2938 1956 2978 est
1995 2924 2096 2994 (α).

441 2999 641 3070 Neque
688 3000 798 3054 hoc
848 3002 966 3054 ulla
1014 3000 1291 3057 historica
1340 3003 1672 3073 cognitione
1719 3002 1993 3058 didicisse
2038 3020 2102 3059 se

442 3082 760 3150 afﬁrmant,
807 3081 908 3135 sed
967 3081 1131 3151 quasi
1182 3082 1582 3136 ratiocinando
1631 3085 1980 3153 conjectant,
2033 3099 2100 3139 eo

441 3160 593 3231 quod
628 3163 781 3215 intra
833 3175 1086 3216 convexa
1125 3159 1252 3215 coeli
1283 3164 1435 3215 terra
1482 3178 1772 3233 suspensa
1805 3163 1901 3229 sit,
1935 3179 2099 3218 eum-

443 3243 695 3312 demque
741 3241 934 3296 locum
997 3241 1256 3296 mundus
1306 3241 1532 3309 habeat,
1603 3247 1660 3296 et
1698 3243 1992 3313 inﬁmum,
2043 3247 2101 3300 et

442 3322 700 3377 medium
752 3337 766 3377 :
818 3328 870 3376 et
938 3336 1006 3375 ex
1065 3321 1173 3375 hoc
1257 3322 1574 3391 opinantur
1632 3321 1877 3378 alteram
1936 3329 2101 3380 terrae

444 3406 689 3472 partem,
723 3416 847 3472 qua
874 3399 1026 3455 infra
1055 3405 1161 3467 est,
1179 3400 1544 3456 habitatione
1576 3402 1884 3458 hominum
1911 3421 2102 3460 carere

442 3499 558 3539 non
591 3498 778 3552 posse.
828 3481 943 3537 Nec
991 3482 1324 3549 attendunt,
1357 3483 1585 3538 etiamsi
1639 3483 1824 3552 ﬁgura
1869 3485 2102 3557 conglo-

444 3564 582 3620 bata
612 3567 668 3619 et
699 3563 952 3617 rotunda
982 3561 1240 3617 mundus
1273 3577 1402 3618 esse
1432 3564 1722 3632 credatur,
1757 3566 1876 3621 sive
1909 3565 2106 3637 aliqua

449 3643 672 3699 ratione
719 3648 1072 3698 monstretur
1111 3660 1125 3710 ;
1173 3658 1288 3698 non
1331 3647 1525 3698 tamen
1567 3660 1690 3699 esse
1721 3660 2102 3717 consequens,

445 3731 511 3783 ut
550 3727 726 3781 etiam
760 3741 827 3780 ex
860 3724 958 3780 illa
1004 3729 1167 3796 parte
1211 3725 1282 3779 ab
1327 3741 1614 3795 aquarum
1646 3729 1914 3798 congerie
1947 3730 2105 3784 nuda

451 3806 527 3862 sit
566 3813 720 3862 terra
771 3821 785 3862 :
840 3807 1051 3860 deinde
1098 3804 1326 3860 etiamsi
1375 3807 1532 3861 nuda
1589 3807 1686 3874 sit,
1752 3825 1939 3879 neque
2000 3811 2105 3864 hoc

450 3888 649 3942 statim
697 3902 934 3941 necesse
964 3900 1117 3952 esse,
1151 3891 1214 3940 ut
1244 3883 1513 3941 homines
1563 3886 1782 3942 habeat.
1818 3889 2103 3955 Quoniam

452 3967 612 4022 nullo
647 3967 817 4022 modo
851 3965 1151 4036 Scriptura
1192 3965 1302 4020 ista
1354 3967 1656 4033 mentitur,
1689 3985 1812 4038 quae
1855 3969 2106 4024 narratis

451 4047 758 4119 prasteritis
790 4048 925 4101 facit
955 4045 1154 4114 ﬁdem,
1185 4063 1251 4103 eo
1297 4048 1449 4118 quod
1483 4051 1608 4119 ejus
1643 4051 1915 4118 praedicta
1943 4066 2107 4107 com-

451 4129 682 4199 plentur
705 4143 718 4183 :
740 4127 1036 4196 nimisque
1067 4129 1387 4182 absurdum
1411 4136 1516 4196 est,
1551 4139 1609 4183 ut
1631 4130 1858 4184 dicatur
1878 4130 2106 4200 aliquos

451 4209 721 4264 homines
769 4223 837 4261 ex
876 4206 982 4262 hac
1031 4208 1089 4262 in
1136 4207 1296 4263 illam
1322 4212 1567 4278 partem,
1601 4208 1812 4264 Oceani
1845 4209 2105 4267 immen-

450 4289 620 4343 sitate
679 4287 932 4355 trajecta,
967 4287 1235 4356 navigare
1279 4304 1345 4343 ac
1395 4289 1696 4358 pervenire
1727 4290 2008 4361 potuisse,
2042 4297 2107 4350 ut

451 4369 627 4422 etiam
661 4365 778 4420 illic
808 4381 873 4419 ex
924 4382 1040 4420 uno
1081 4365 1178 4420 illo
1225 4367 1463 4424 homine
1493 4386 1675 4442 genus
1704 4371 2107 4429 institueretur

449 4446 796 4502 humanum.
839 4445 1201 4515 Quapropter
1247 4449 1395 4505 inter
1433 4449 1562 4506 illos
1611 4455 1751 4509 tunc
1796 4452 2104 4512 hominum

515 4571 532 4607 ί
565 4571 709 4626 Mss,
741 4578 968 4628 oportet.

512 4636 594 4696 (α)
623 4634 694 4710 Pe
723 4633 1047 4710 Λιξίίροάμω
1077 4635 1362 4710 essentia
1399 4651 1636 4710 esseest
1659 4639 2106 4710 ,ίιιιθιχμιιοτειιοε

451 4699 505 4747 et
552 4697 747 4758 vulgus
788 4698 1056 4759 ingentem
1104 4700 1266 4749 fuisse
1312 4697 1495 4748 scribit
1536 4700 1761 4758 Plinius,
1812 4704 1943 4754 Hist.
1991 4709 2103 4757 nat.

449 4762 542 4810 lib.
574 4759 622 4829 2,
654 4773 763 4829 cap.
796 4760 873 4829 (ξῦ.
907 4761 1006 4810 Nec
1035 4761 1152 4829 alia,
1191 4761 1334 4811 haud
1382 4762 1539 4809 dubie
1581 4764 1896 4829 vulgorerat
1924 4781 2104 4829 causa,

454 4823 887 4893 curﬂAnt‘ipodas
945 4827 1206 4893 negaret_._
1234 4837 1396 4893 quam
1439 4837 1594 4893 quae
1652 4823 1923 4893 Daciantio
1983 4823 2103 4893 fuit,

450 4887 624 4935 Instit.
657 4887 748 4934 lib.
780 4886 826 4942 3,
860 4900 970 4948 cap.
1009 4887 1089 4945 24,
1120 4888 1210 4937 ubi
1251 4905 1276 4931 α
1308 4887 1548 4948 ineptum
1590 4904 1616 4932 »
1665 4888 1794 4937 dicit
1842 4910 1867 4934 α
1896 4886 2106 4945 credere

454 4969 481 4996 «
509 4949 892 5018 εεεᾳὶιοωὶῃᾳξ
915 4964 1148 5018 quorum
1192 4949 1429 5018 vestigia
1468 4950 1584 5018 sint
1615 4952 1896 5018 superiora
1943 4971 2106 5018 quam

453 5031 478 5056 «
509 5012 700 5079 capita,
732 5015 826 5079 aut
854 5013 930 5079 ibi
957 5027 1094 5079 quae
1123 5013 1263 5074 apud
1292 5024 1389 5059 nos
1414 5013 1593 5073 jacent
1611 5013 1826 5064 inversa
1845 5012 2101 5079 pendere:

453 5093 478 5120 «
506 5076 682 5146 fruges
708 5075 760 5120 et
790 5074 1004 5146 arbores
1021 5077 1267 5146 deorsum
1284 5088 1761 5146 'versuscrescere,
1785 5074 1905 5146 ett—3.,
1925 5083 2104 5146 aitque

451 5155 478 5182 α
506 5137 670 5198 hujus
703 5137 895 5202 erroris
924 5138 1182 5202 originem
1207 5137 1538 5202 philosophis
1566 5139 1748 5196 luisse,
1765 5137 1907 5202 quod
1923 5137 2106 5196 existi-

453 5219 479 5243 «
509 5200 719 5264 marent
747 5199 1038 5264 rotundum
1065 5213 1177 5261 esse
1224 5201 1501 5264 mundum.
1533 5219 1560 5243 ι
1610 5199 1902 5264 Antipodas
1943 5209 2105 5258 etiam

450 5262 780 5332 Augustinus
830 5262 1116 5332 ‘negandos
1161 5261 1401 5332 putabat_.
1479 5276 1588 5332 non
1654 5261 1840 5332 tan—mn
1894 5274 2105 5332 propter

452 5325 642 5392 allatas
664 5337 697 5372 a
724 5323 993 5392 Lactantio
1018 5325 1279 5392 rationes;
1312 5325 1403 5370 sed
1431 5337 1496 5372 ne
1527 5326 1803 5392 admittere
1833 5323 2106 5392 cogeretur

449 5388 692 5458 homines
735 5400 842 5458 non
877 5389 1033 5458 ortos
1062 5401 1129 5434 ex
1179 5387 1395 5458 Adamn:
1433 5387 1922 5458 giloancripturaé
1956 5409 2106 5458 rep“-

450 5451 594 5558 gnat.
628 5448 759 5498 Hinc
785 5449 1062 5498 Zacharias
1105 5462 1245 5512 papa
1272 5448 1328 5495 in
1358 5448 1522 5522 Epist.
1558 5450 1616 5498 10
1661 5448 2100 5518 ειᾶΒοηίῐειείιίω,

487 5514 576 5558 ata
603 5523 745 5558 anno
772 5510 883 5558 748.
935 5526 1246 5558 perversam
1296 5518 1346 5558 et
1398 5511 1660 5558 iniquam
1711 5521 1940 5558 nmmtlat
1988 5522 2100 5558 Αηη.

487 5514 576 5580 ate.
603 5510 897 5580 anno74§,_
927 5510 1246 5580 perversam
1296 5518 1346 5558 et
1398 5510 1660 5580 irriguum
1701 5521 1940 5580 appellat
1988 5510 2106 5570 άοοζ

451 5573 667 5639 trinam
697 5574 902 5639 Yirgilii
933 5575 1210 5638 cujusdam
1256 5573 1542 5639 asserentis
1570 5578 1714 5639 quod
1745 5573 1900 5632 bilius
1931 5597 2103 5636 mun-

452 5634 555 5682 dus
583 5641 634 5682 et
663 5634 772 5682 alii
795 5634 1050 5688 homines
1079 5639 1180 5688 sub
1215 5645 1369 5687 terra
1395 5635 1527 5684 sint.

1507 295 1607 355 DE
1650 292 2010 353 CIVITATE
2053 292 2206 362 DEI,
2255 294 2320 354 S.
2368 292 2789 356 AUGUSTlNI

3729 295 3843 356 488

2202 426 2470 498 populos,
2503 428 2604 498 qui
2655 444 2758 498 per
2787 427 3162 499 septuaginta
3207 428 3351 483 duas
3386 430 3590 499 gentes
3629 430 3688 482 et
3716 426 3853 482 toti-

2203 509 2335 563 dem
2378 509 2606 577 linguas
2653 507 3006 580 colliguntur
3050 509 3226 564 fuisse
3265 509 3455 575 divisi,
3497 525 3853 584 quaeramus,

2204 587 2251 642 si
2285 605 2603 659 possumus
2633 589 2892 644 invenire
2925 589 3084 644 illam
3112 590 3169 644 in
3199 591 3362 646 terris
3386 589 3855 661 peregrinantem

2204 668 2497 725 civitatem
2548 669 2671 738 Dei,
2704 687 2828 740 quae
2879 687 3064 741 usque
3098 673 3166 725 ad
3220 670 3504 725 diluvium
3545 685 3858 740 areamque

2204 751 2475 818 perducta
2512 755 2617 817 est,
2669 757 2844 821 atque
2883 750 2940 804 in
2993 750 3130 806 ﬁliis
3161 751 3278 806 Noe
3312 767 3408 822 per
3435 767 3642 806 eorum
3682 751 3856 805 bene-

2203 830 2491 886 dictiones
2570 847 2966 902 perseverasse
3035 837 3408 900 monstratur,
3486 833 3742 886 maxime
3799 831 3855 886 in

2205 911 2477 977 maxime,
2509 911 2604 980 qui
2637 917 2722 966 est
2769 912 3091 984 appellatus
3129 914 3261 967 Sem
3321 929 3335 968 :
3385 913 3857 984 quandoquidem

2202 989 2453 1056 Japheth
2510 992 2592 1046 ita
2623 992 2963 1048 benedictus
3012 998 3122 1062 est,
3175 994 3327 1048 utin
3371 994 3633 1064 ejusdem
3671 993 3858 1047 fratris

2205 1070 2296 1126 sui
2329 1072 2598 1128 domibus
2631 1073 2938 1130 habitaret.

2205 1201 2433 1259 CAPUT
2464 1201 2529 1258 X.
2560 1234 2631 1244 —
2661 1203 2733 1257 De
2761 1203 3111 1274 generatione
3137 1205 3282 1272 Sem,
3315 1204 3378 1260 in
3406 1204 3565 1274 cujus
3594 1203 3860 1273 progenie

2274 1281 2498 1338 tendens
2523 1282 2594 1338 ad
2622 1282 2897 1339 Abraham
2932 1285 3180 1340 civitatis
3218 1284 3316 1339 Dei
3343 1283 3476 1338 ordo
3505 1284 3785 1354 dirigitur.

2278 1391 2329 1446 1.
2373 1391 2642 1448 Tenenda
2698 1395 2786 1448 est
2852 1392 3031 1464 igitur
3077 1393 3257 1448 series
3301 1391 3740 1462 generationum
3787 1392 3858 1448 ab

2205 1471 2332 1543 ipso
2357 1473 2511 1538 Sem,
2545 1478 2608 1528 ut
2629 1474 2754 1543 ipsa
2783 1475 3047 1528 ostendat
3083 1479 3214 1545 post
3239 1472 3525 1528 diluvium
3559 1473 3854 1529 civitatem

2205 1555 2307 1610 Dei
2354 1572 2368 1624 ;
2419 1555 2571 1611 sicut
2617 1572 2742 1610 eam
2786 1557 2966 1611 series
3015 1554 3451 1626 generationum
3507 1555 3711 1612 abillo
3757 1558 3856 1627 qui

2205 1642 2291 1690 est
2346 1634 2675 1706 appellatus
2735 1635 2895 1702 Seth,
2965 1635 3305 1691 ostendebat
3353 1644 3483 1692 ante
3549 1635 3857 1694 diluvium.

2205 1715 2442 1786 Propter
2493 1715 2600 1771 hoc
2647 1732 2779 1781 ergo
2811 1715 3114 1787 Scriptura
3155 1716 3349 1770 divina
3401 1732 3530 1772 cum
3576 1725 3858 1772 terrenam

2206 1796 2490 1850 civitatem
2571 1796 2630 1850 in
2701 1795 3017 1866 Babylone.
3080 1794 3187 1851 hoc
3233 1795 3427 1851 estin
3494 1796 3859 1863 confusione,

2208 1881 2607 1942 monstrasset,
2666 1877 2736 1931 ad
2797 1876 3182 1947 patriarcham
3236 1880 3369 1930 Seni
3424 1878 3863 1948 recapitutando

2209 1958 2533 2026 revertitur,
2565 1963 2622 2013 et
2670 1957 2896 2012 orditur
2945 1958 3078 2012 inde
3117 1957 3517 2026 generationes
3574 1974 3758 2028 usque
3789 1959 3861 2013 ad

2208 2037 2517 2104 Abraham,
2568 2042 3022 2092 commemorato
3066 2037 3242 2092 etiam
3298 2052 3538 2092 numero
3570 2053 3862 2093 annorum

2208 2123 2422 2189 quanto
2453 2118 2700 2189 quisque
2722 2117 2793 2172 ad
2828 2117 2976 2172 hanc
3013 2118 3221 2172 seriem
3256 2119 3643 2188 pertinentem
3677 2118 3864 2173 filium

2208 2198 2524 2270 genuisset,
2582 2202 2912 2269 quantoque
2973 2197 3230 2252 vixisset.
3292 2197 3398 2252 Ubi
3456 2205 3607 2254 certe
3654 2215 3868 2270 agnos-

2208 2277 2458 2333 cendum
2508 2283 2597 2333 est
2644 2278 2800 2349 quod
2849 2282 2982 2333 ante
3033 2278 3436 2347 promiseram,
3487 2284 3548 2332 ut
3589 2284 3868 2350 appareat

2210 2375 2390 2430 quare
2413 2359 2487 2414 sit
2506 2360 2722 2414 dictum
2743 2358 2812 2412 de
2837 2358 2966 2412 liliis
2985 2357 3400 2426 Heber,Nomen
3422 2361 3591 2414 unius
3607 2361 3864 2425 Phalech,

2208 2444 2341 2512 quia
2387 2441 2447 2496 in
2497 2440 2689 2495 diebus
2727 2443 2849 2511 ejus
2895 2439 3070 2494 divisa
3115 2444 3191 2495 est
3221 2444 3390 2494 terra.
3441 2443 3598 2510 (Gen.
3645 2458 3698 2510 κ,
3751 2443 3865 2514 25).

2209 2523 2356 2588 Quid
2417 2521 2573 2576 enim
2615 2515 2772 2575 aliud
2826 2520 3266 2590 intelligendum
3318 2525 3428 2590 est,
3481 2527 3690 2576 terram
3737 2538 3866 2578 esse

2210 2603 2479 2670 divisam,
2540 2601 2650 2656 nisi
2729 2601 3060 2656 diversitate
3103 2600 3120 2633 ί
3171 2600 3510 2672 linguarum
3561 2602 3868 2658 ‘IOmissis

2209 2684 2389 2755 igitur
2419 2684 2638 2738 caeteris
2669 2682 2806 2737 ﬁliis
2827 2683 2955 2736 Sem
2988 2683 3058 2737 ad
3095 2683 3242 2736 hanc
3276 2699 3396 2737 rem
3431 2700 3544 2737 non
3573 2685 3862 2753 pertinen-

2208 2764 2390 2829 tibus,
2447 2763 2533 2817 illi
2585 2767 3006 2818 connectuntur
3056 2762 3113 2816 in
3163 2762 3366 2816 ordine
3421 2767 3863 2829 generationum

2210 2861 2310 2914 per
2359 2860 2507 2916 quos
2555 2844 2734 2914 possit
2783 2844 2854 2897 ad
2905 2843 3197 2898 Abraham
3232 2842 3512 2913 perveniri
3546 2860 3560 2896 :
3590 2845 3747 2900 sicut
3779 2845 3866 2900 illi

2209 2924 2703 2979 connectebantur
2741 2928 2877 2978 ante
2934 2922 3240 2990 diluvium,
3284 2939 3382 2992 per
3439 2940 3588 2993 quos
3659 2940 3868 2995 perve-

2211 3006 2436 3060 niretur
2486 3005 2553 3059 ad
2612 3005 2750 3072 Noe,
2810 3006 3276 3075 generationibus
3305 3005 3327 3038 ²
3357 3021 3483 3075 quae
3530 3012 3866 3077 propagata:

2209 3091 2350 3142 sunt
2397 3103 2465 3141 ex
2520 3084 2618 3139 illo
2667 3087 2848 3142 Adam
2892 3086 3034 3149 ﬁlio.
3076 3087 3175 3157 qui
3221 3085 3547 3157 appellatus
3577 3093 3666 3141 est
3701 3088 3863 3143 Seth.

2209 3167 2300 3222 Sic
2343 3182 2478 3238 ergo
2529 3165 2732 3238 incipit
2777 3166 3216 3238 generationum
3274 3166 3378 3220 ista
3435 3168 3759 3222 contextio:
3796 3169 3859 3223 Et

2208 3249 2292 3302 hae
2337 3247 2719 3319 generationes
2745 3246 2886 3300 Sem.
2927 3246 3050 3301 Sem
3086 3246 3239 3316 ﬁlius
3270 3249 3491 3300 centum
3529 3249 3863 3318 annorum’,

2209 3344 2331 3382 cum
2378 3326 2567 3398 genuit
2609 3327 2911 3396 Arphaxat,
2946 3326 3179 3381 secundo
3219 3341 3364 3380 anno
3400 3334 3522 3394 post
3563 3326 3863 3383 diluvium.

2210 3408 2273 3462 Et
2299 3409 2436 3463 vixit
2471 3406 2612 3472 Sem,
2635 3411 2926 3478 postquam
2961 3405 3151 3476 genuit
3182 3407 3495 3477 Arphaxat,
3533 3406 3865 3477 quingentos

2212 3506 2406 3557 annos,
2439 3494 2490 3543 et
2540 3491 2730 3559 genuit
2775 3489 2918 3558 ﬁlios
2965 3491 3021 3542 et
3075 3488 3244 3558 ﬁlias,
3276 3491 3329 3542 et
3378 3497 3624 3543 mortuus
3654 3494 3729 3543 est
3760 3487 3861 3559 (Id.

2211 3587 2289 3636 χι,
2326 3571 2410 3637 10,
2467 3569 2577 3640 11).
2611 3569 2706 3625 Sic
2753 3568 3088 3638 exsequitur
3140 3574 3398 3635 caeteros,
3441 3568 3637 3624 dicens
3685 3573 3863 3639 quoto

2211 3651 2462 3720 quisque
2501 3665 2654 3703 anno
2713 3648 2841 3702 vitae
2888 3665 3005 3703 suae
3038 3646 3225 3701 ﬁlium
3257 3649 3542 3717 genuerit,
3585 3649 3653 3702 ad
3690 3649 3863 3703 istum

2211 3729 2650 3800 generationum
2683 3728 2943 3783 ordinem
2979 3727 3392 3797 pertinentem,
3438 3727 3539 3799 qui
3581 3728 3868 3799 pertendit

2213 3811 2280 3878 ad
2315 3811 2657 3877 Abraham;
2706 3815 2761 3864 et
2809 3815 2953 3880 quot
2983 3825 3167 3864 annos
3217 3810 3587 3879 postmodum
3637 3809 3864 3877 vixerit,

2213 3891 2490 3945 intimans
2541 3905 2673 3945 eum
2721 3888 2872 3944 ﬁlios
2906 3889 3169 3960 ﬁliasque
3199 3889 3467 3957 genuisse
3512 3907 3525 3944 :
3559 3897 3621 3943 ut
3655 3889 3862 3944 intelli-

2213 3987 2421 4043 gamus
2479 3970 2633 4026 unde
2685 3970 2983 4041 potuerint
3031 3968 3226 4040 populi
3280 3985 3630 4037 accrescere,
3680 3986 3752 4025 ne
3805 3971 3866 4025 in

2214 4051 2416 4122 paucis
2465 4049 2565 4120 qui
2623 4053 3159 4104 commemorantur
3204 4048 3544 4104 hominibus
3593 4049 3867 4120 occupati

2214 4129 2510 4201 pueriliter
2557 4128 2913 4196 hmsitemus,
2971 4128 3122 4182 unde
3160 4132 3321 4184 tanta
3360 4130 3547 4200 spatia
3577 4134 3868 4186 terrarum

2213 4216 2386 4282 atque
2417 4227 2728 4282 regnorum
2770 4208 2979 4280 repleri
3010 4210 3305 4280 potuerint
3335 4210 3405 4265 de
3436 4226 3642 4282 genere
3677 4211 3813 4266 Sem
3848 4229 3866 4279 ;

2213 4291 2463 4347 maxime
2527 4296 2758 4362 propter
2812 4289 3183 4362 Assyriorum
3244 4306 3513 4362 regnum,
3555 4290 3710 4347 unde
3773 4291 3871 4347 Ni-

2213 4389 2327 4428 nus
2357 4373 2452 4428 ille
2473 4371 2856 4428 Orientalium
2897 4371 3147 4427 domitor
3177 4372 3198 4405 ⁴
3228 4387 3654 4444 usquequaque
3684 4388 3869 4442 popu-

2212 4451 2396 4508 lorum
2427 4451 2651 4524 ingenti
2682 4450 3063 4524 prosperitate
3104 4455 3388 4524 regnavit,
3421 4455 3478 4507 et
3506 4450 3866 4508 latissimum

2211 4549 2276 4588 ac
2309 4532 2787 4589 fundatissimum
2818 4547 3078 4602 regnum,
3112 4532 3264 4603 quod
3301 4531 3576 4588 diuturno
3602 4536 3868 4603 tempore

2213 4613 2543 4682 duceretur,
2576 4613 2700 4668 suis
2731 4615 2975 4685 posteris
3014 4611 3371 4684 propagavit.

2280 4695 2333 4749 2.
2368 4695 2481 4751 Sed
2513 4711 2639 4763 nos,
2698 4709 2771 4750 ne
2803 4693 3027 4749 diutius
3053 4710 3231 4765 quam
3281 4711 3427 4766 opus
3469 4697 3556 4750 est
3583 4693 3868 4752 immore-

2212 4791 2362 4845 mur,
2397 4793 2510 4832 non
2539 4779 2682 4848 quot
2701 4791 2881 4831 annos
2911 4773 3161 4846 quisque
3186 4774 3245 4829 in
3277 4774 3389 4830 ista
3418 4776 3865 4847 generationum

2213 4874 2358 4914 serie
2397 4858 2619 4926 vixerit,
2650 4857 2748 4912 sed
2784 4864 2955 4929 quoto
2997 4871 3150 4911 anno
3183 4855 3315 4911 vitae
3358 4857 3625 4926 genuerit
3657 4856 3864 4923 ﬁlium,

2215 4939 2319 4996 hoc
2349 4939 2554 4994 ordine
2581 4936 3023 4996 memorandum
3050 4938 3463 4992 tantummodo
3489 4936 3782 5005 ponimus,
3803 4942 3867 4993 ut

2213 5025 2269 5076 et
2299 5036 2608 5076 numerum
2638 5035 2927 5075 annorum
2958 5034 2991 5074 a
3011 5022 3302 5074 transacto
3333 5016 3548 5074 diluvio
3572 5034 3762 5090 usque
3791 5016 3864 5074 ad

2322 5146 2476 5222 Yind.
2508 5147 2622 5196 Am.
2655 5147 2762 5204 Er.,
2809 5144 3203 5195 diversitatem.
3252 5146 3469 5208 Aliquot
3507 5145 3650 5207 Mss,
3684 5145 3866 5194 dioer-

2212 5217 2420 5321 “galtti:
2451 5272 2562 5331 258,
2592 5288 2688 5334 per
2715 5271 3119 5334 generationes.
3151 5271 3218 5319 M.

2274 5337 2295 5370 3
2327 5335 2466 5384 Editi
2493 5349 2510 5399 7:
2541 5340 2670 5384 Sent
2697 5335 2856 5399 ﬁli-us
2887 5336 2998 5383 Noe
3029 5343 3251 5399 centum
3284 5343 3406 5399 erat
3458 5349 3764 5399 annorum.
3795 5334 3861 5399 At

2210 5401 2416 5447 veteres
2445 5398 2586 5453 libri,
2617 5397 2772 5460 quta
2794 5411 3040 5460 graecum
3090 5397 3255 5460 LXX,
3285 5397 3560 5456 omittunt,
3608 5397 3739 5448 Noe.
3788 5397 3860 5451 et,

2211 5467 2348 5509 erat.
2377 5461 2566 5510 Confer
2615 5459 2812 5510 librum
2851 5461 3198 5510 Locutionum
3245 5459 3302 5508 in
3336 5460 3582 5510 Genesim
3613 5460 3680 5510 ad
3722 5460 3860 5508 hunc

2210 5537 2501 5698 livida.
2557 5587 2674 5636 Am.
2745 5588 2798 5636 et
2870 5585 3088 5649 quidam
3157 5597 3186 5636 e
3239 5584 3636 5651 manuscriptis,
3693 5582 3860 5634 domi-

2249 5663 2287 5696 α
2341 5663 2392 5695 ν.

2208 5662 2392 5698 nator.
