4136 6190
352 339 466 399 489

348 471 635 562 Abraham
684 474 1052 562 colligamus,
1100 485 1156 536 et
1206 486 1440 554 propter
1479 485 1580 540 illa
1626 488 1664 555 ί,
1699 489 1755 544 in
1789 493 2001 562 quibus

346 570 448 608 nos
493 553 645 624 cogit
696 559 1004 614 necessitas
1057 553 1381 632 immorari,
1415 553 1661 622 breviter
1711 553 1825 625 alia
1865 591 1998 628 cur-

348 633 571 720 simque
600 640 926 707 tangamus.
969 642 1238 697 Secundo
1279 644 1456 711 igitur
1498 664 1650 702 anno
1685 660 1811 720 post
1845 653 1996 708 dilu-

348 713 491 802 vium
539 715 696 784 Sem,
747 735 878 773 cum
931 728 1086 777 esset
1135 731 1366 779 centum
1427 713 1739 795 annorum,
1795 735 1998 802 genuit

347 794 635 863 Arphaxat
681 815 694 863 ;
744 799 1036 869 Arphaxat
1092 811 1308 871 autem,
1360 822 1490 862 cum
1563 794 1994 869 essetce’ntum

345 875 582 944 triginta
630 879 888 950 quinque
947 899 1260 950 annorum,
1318 889 1521 956 genuit
1569 890 1786 946 Cainan
1835 913 1848 960 ;
1893 895 1994 964 qui

345 971 468 1037 cum
521 965 674 1012 esset
740 967 974 1016 centum
1055 963 1314 1033 triginta,
1375 972 1574 1037 genuit
1631 971 1781 1026 Sale.
1819 963 1992 1028 Porro

343 1035 528 1123 etiarn
581 1038 703 1123 ipse
755 1040 890 1123 Salia
953 1044 1193 1100 totidem
1254 1035 1535 1103 annorum
1571 1055 1714 1117 erat,
1759 1056 1990 1123 quando

339 1117 538 1204 genuit
579 1119 805 1204 Heber:
834 1122 1080 1204 Centum
1131 1141 1264 1180 vero
1296 1133 1352 1181 et
1379 1129 1619 1191 triginta
1650 1138 1706 1186 et
1737 1117 1993 1204 quatuor

339 1199 546 1285 agebat
577 1216 761 1285 annos
788 1203 995 1269 Heber,
1030 1222 1158 1261 cum
1192 1210 1396 1278 genuit
1424 1209 1698 1277 Phalecb,
1732 1199 1789 1268 in
1821 1216 1991 1285 cujus

333 1278 540 1335 diebus
581 1281 765 1336 divisa
803 1288 891 1339 est
922 1290 1096 1342 terra.
1137 1288 1268 1358 Ipse
1317 1295 1511 1346 autem
1555 1292 1811 1348 Phalech
1853 1278 1989 1352 vixit

333 1364 564 1442 centum
591 1361 846 1432 triginta.
875 1369 931 1418 et
951 1368 1154 1436 genuit
1189 1367 1382 1439 Ragau
1409 1387 1421 1424 :
1455 1378 1510 1425 et
1538 1370 1732 1442 Ragau
1753 1380 1986 1430 centum

330 1437 572 1505 triginta
601 1441 764 1506 duos,
797 1446 850 1496 et
885 1445 1086 1515 genuit
1113 1437 1333 1502 Seruch
1371 1455 1466 1504 :et
1501 1437 1719 1506 Sertich
1754 1459 1986 1510 centum

329 1518 589 1590 triginta,
615 1526 678 1606 et
707 1523 1179 1606 genuiLNachor
1212 1533 1305 1582 :et
1344 1529 1575 1585 Nachor
1618 1537 1988 1606 septuaginta

326 1604 630 1684 novem,_et
659 1602 862 1684 genuit
891 1604 1110 1684 Thara:
1146 1607 1335 1662 Thara
1367 1615 1562 1665 autem
1591 1602 1982 1684 septuaginta,

324 1689 372 1734 et
402 1681 612 1747 genuit
642 1682 853 1737 Abram
893 1683 1049 1756 (Gen.
1104 1687 1282 1759 40-26)
1333 1703 1344 1741 :
1379 1705 1551 1759 quem
1605 1681 1984 1761 postea‘Deus

327 1765 557 1845 mutato
587 1762 864 1817 vocabulo
900 1765 1220 1822 nominavit
1249 1769 1541 1824 Abraham
1574 1772 1694 1840 (1d.
1732 1790 1870 1837 xvu,
1901 1774 1979 1845 5).

326 1840 500 1895 Fiunt
543 1841 741 1912 itaque
787 1846 924 1900 anni
975 1865 1007 1901 a
1047 1847 1262 1903 diluvio
1315 1866 1496 1920 usque
1552 1854 1619 1906 ad
1687 1840 1981 1910 Abraham

322 1921 483 2005 Ini-lle
519 1924 891 2005 septuaginta
954 1930 1011 1981 et
1079 1928 1213 1996 duo,
1283 1931 1605 1987 secundum
1670 1932 1982 2005 Vulagtam

320 2001 659 2083 editionem,
720 2004 826 2060 hoc
883 2011 974 2061 est
1025 2008 1407 2079 interpretum
1458 2001 1862 2083 Septuaginta.
1917 2017 1980 2069 In

319 2080 570 2136 hebraeis
620 2087 812 2138 autem
870 2086 1168 2142 codicibus
1218 2088 1388 2160 longe
1439 2080 1740 2161 pauciores
1791 2109 1982 2148 annos

319 2162 891 2232 perhibentinveniri
925 2169 1026 2222 :de
1057 2169 1270 2236 quibus
1296 2171 1574 2226 rationem
1600 2177 1700 2228 aut
1733 2175 1982 2240 nullam,

317 2249 418 2298 aut
449 2244 860 2300 difficillimam
896 2249 1166 2304 reddunt.

384 2325 437 2378 3.
470 2325 610 2379 Cum
658 2341 794 2397 ergo
843 2328 1154 2396 quaerimus
1188 2331 1245 2383 in
1279 2329 1395 2384 illis
1441 2332 1805 2400 septuaginta
1845 2335 1980 2388 dua-

313 2405 424 2460 bus
445 2406 721 2475 gentibus
744 2406 1032 2462 civitatem
1060 2411 1177 2474 Dei,
1204 2427 1315 2464 non
1340 2428 1654 2480 possumus
1686 2415 1981 2471 afﬁrmare

313 2484 416 2563 illo
440 2489 723 2556 tempore,
757 2504 871 2558 quo
908 2494 1030 2542 erat
1065 2488 1182 2544 illis
1217 2490 1433 2546 labium
1469 2509 1650 2547 unum
1675 2495 1779 2563 (1d.
1803 2497 1972 2563 x1,i).

311 2557 370 2618 id
408 2575 494 2620 est
521 2565 753 2636 loquela
775 2557 914 2632 una,
950 2574 1086 2623 tunc
1111 2568 1234 2636 jam
1277 2586 1462 2641 genus
1492 2557 1818 2628 humanum
1846 2557 1980 2629 alie-

315 2653 524 2701 natum
560 2647 741 2701 fuisse
773 2665 804 2702 a
847 2649 1008 2704 cultu
1043 2650 1159 2704 veri
1192 2652 1313 2714 Dei,
1346 2651 1427 2706 ita
1460 2657 1523 2706 ut
1569 2652 1625 2707 in
1661 2653 1802 2709 solis
1847 2655 1978 2710 istis

309 2726 788 2794 generationibus
818 2730 999 2799 pietas
1031 2747 1160 2786 vera
1193 2737 1535 2799 remaneret,
1583 2751 1711 2805 quae
1747 2736 1979 2792 descen-

314 2807 468 2859 dunt
497 2807 566 2860 de
597 2809 816 2863 semine
855 2809 987 2864 Sem
1040 2828 1141 2882 per
1170 2813 1481 2883 Arphaxat,
1521 2819 1578 2868 et
1626 2817 1873 2871 tendunt
1904 2818 1972 2871 ad

308 2885 606 2940 Abraham
643 2904 657 2940 :
701 2889 799 2942 sed
834 2889 906 2943 ab
943 2890 1043 2945 illa
1079 2893 1355 2962 superbia
1398 2893 1748 2949 aedificandae
1799 2897 1976 2952 turris

309 2980 500 3036 usque
531 2965 587 3019 in
621 2967 858 3032 caelum,
903 2987 1018 3040 qua
1049 2971 1226 3041 impia
1247 2973 1614 3043 significatur
1643 2975 1836 3038 elatio,
1869 2992 1974 3046 ap-

309 3046 508 3116 paruit
529 3046 731 3102 civitas
763 3047 804 3116 ”,
841 3049 946 3104 hoc
977 3056 1064 3105 est
1095 3053 1362 3118 societas,
1394 3053 1729 3123 impiorum.
1767 3054 1972 3110 Utrum

307 3127 504 3198 itaque
536 3132 669 3182 ante
707 3145 820 3184 non
857 3130 1048 3197 fuerit,
1082 3149 1154 3186 an
1198 3133 1450 3198 latuerit,
1485 3151 1558 3188 an
1602 3136 1790 3204 potius
1819 3142 1975 3193 utra-

307 3222 419 3276 que
447 3211 852 3279 permanserit,
887 3211 980 3281 pia
1027 3212 1243 3268 scilicet
1276 3215 1334 3268 in
1382 3215 1613 3269 duobus
1665 3216 1800 3271 ﬁliis
1830 3217 1968 3282 Noe,

305 3287 400 3357 qui
441 3289 729 3344 benedicti
763 3296 923 3357 sunt,
952 3307 1274 3364 eorumque
1306 3295 1586 3364 posteris;
1620 3295 1802 3367 impia
1833 3315 1968 3353 vero

305 3367 360 3420 in
399 3383 466 3422 eo
505 3369 604 3440 qui
633 3369 980 3426 maledictus
1017 3379 1124 3438 est,
1159 3380 1333 3444 atque
1377 3373 1505 3442 ejus
1540 3377 1831 3445 progenie,
1867 3378 1968 3432 ubi

303 3446 475 3500 etiam
531 3453 758 3502 exortus
789 3457 877 3504 est
915 3452 1076 3521 gigas
1109 3457 1348 3506 venator
1392 3457 1591 3506 contra
1633 3456 1968 3524 Dominum,

305 3542 414 3580 non
440 3531 532 3582 est
564 3528 903 3596 dijudicatio
933 3531 1134 3586 facilis.
1166 3533 1447 3586 Fortassis
1465 3532 1642 3597 enim,
1661 3536 1812 3604 quod
1837 3552 1969 3605 pro-

305 3605 451 3662 fecto
473 3617 569 3662 est
599 3609 958 3675 credibilius,
984 3612 1122 3665 etin
1152 3612 1290 3666 filiis
1310 3612 1558 3666 duorum
1586 3611 1814 3668 illorum
1847 3617 1968 3684 jam

310 3693 444 3741 tunc
477 3696 798 3759 antequam
841 3691 1148 3763 Babylonia
1165 3693 1438 3763 ccepisset
1468 3692 1969 3756 institui,fuerunt

305 3773 732 3839 contemptores
782 3771 904 3832 Dei,
938 3778 994 3826 et
1032 3772 1088 3826 in
1125 3772 1261 3827 filiis
1308 3773 1484 3827 Cham
1536 3772 1787 3829 cultores
1820 3776 1916 3830 Dei
1950 3792 1963 3833 :

302 3852 623 3919 utrumque
657 3859 847 3904 tamen
883 3852 1189 3906 hominum
1240 3869 1426 3923 genus
1462 3855 1632 3908 terris
1664 3871 1964 3925 nunquam

299 3927 557 3983 defuisse
579 3930 932 3984 credendum
958 3937 1064 3986 est.
1091 3931 1385 4001 Siquidem
1401 3938 1456 3988 et
1478 3933 1711 4002 quando
1743 3936 1963 3990 dictum

299 4013 408 4073 est,
442 4009 649 4065 Omnes
699 4009 1136 4078 declinaverunt,
1169 4015 1336 4068 simul
1378 4016 1604 4071 inutiles
1639 4015 1781 4084 facti
1807 4024 1960 4083 sunt;

297 4104 400 4142 non
430 4093 520 4144 est
545 4091 640 4159 qui
667 4089 842 4159 faciat
865 4092 1091 4159 bonum,
1119 4110 1228 4146 non
1263 4103 1342 4149 est
1371 4113 1547 4168 usque
1574 4095 1642 4150 ad
1665 4110 1868 4162 unum;
1901 4095 1961 4151 in

299 4173 553 4242 utroque
596 4170 849 4241 Psalmo,
883 4174 981 4228 ubi
1033 4174 1150 4229 haec
1179 4176 1354 4232 verba
1386 4183 1543 4247 sunt,
1575 4183 1632 4232 et
1669 4175 1779 4232 hoc
1817 4176 1961 4248 legi-

299 4255 403 4316 tur,
453 4251 651 4308 Nonne
705 4260 1024 4324 cognoscent
1093 4272 1303 4323 omnes,
1361 4260 1457 4330 qui
1502 4263 1798 4329 operantur
1847 4257 1961 4314 ini-

299 4333 596 4400 quitatem,
621 4334 719 4403 qui
747 4335 1006 4390 devorant
1036 4337 1489 4407 populummeum
1515 4341 1575 4395 in
1606 4339 1724 4394 cibo
1742 4342 1916 4408 panis
1935 4343 1961 4394 γ

295 4409 426 4466 Erat
457 4428 600 4483 ergo
631 4414 804 4468 etiam
840 4419 976 4469 tunc
1002 4417 1248 4486 pepulus
1277 4421 1392 4474 Dei.
1429 4420 1590 4476 Unde
1621 4418 1767 4474 illud
1805 4421 1955 4490 quod

297 4491 520 4547 dictum
555 4497 664 4559 est,
699 4495 814 4550 Non
853 4499 929 4550 est
958 4499 1059 4566 qui
1085 4497 1260 4566 faciat
1291 4499 1512 4570 bonum,
1544 4516 1650 4554 non
1683 4507 1761 4554 est
1790 4516 1959 4570 usque

296 4574 363 4622 att
409 4588 619 4634 unum;
650 4577 718 4627 de
766 4575 901 4628 ﬁliis
951 4575 1255 4631 hominum
1295 4580 1512 4634 dictum
1560 4585 1664 4645 est,
1719 4596 1832 4633 non
1887 4581 1955 4634 de

296 4650 427 4707 ﬁliis
479 4653 604 4710 Dei.
630 4655 771 4710 Nam
809 4658 1178 4727 praemissum
1209 4664 1317 4725 est,
1356 4662 1490 4716 Deus
1527 4660 1592 4714 de
1631 4661 1762 4714 caelo
1805 4677 1956 4730 pros-

293 4733 444 4802 pexit
467 4751 634 4806 super
652 4736 796 4806 ﬁlios
822 4737 1129 4801 hominum,
1145 4747 1205 4792 ut
1228 4740 1432 4794 videre!
1453 4742 1502 4796 si
1519 4746 1592 4794 est
1617 4741 1948 4810 intelligens,

297 4827 388 4871 aut
435 4816 723 4888 requirens
757 4819 925 4872 Deum
957 4820 1126 4889 (Psal.
1170 4836 1290 4887 xm,
1326 4822 1377 4887 3,
1406 4823 1457 4882 4,
1481 4822 1546 4888 ‘2;
1587 4821 1735 4874 Psal.
1766 4837 1859 4887 LII,
1896 4821 1948 4889 4,

297 4896 460 4969 5,3);
491 4915 558 4952 ac
581 4895 785 4952 deinde
809 4897 908 4952 illa
939 4899 1272 4967 subjuncta,
1298 4917 1425 4970 quae
1456 4917 1653 4954 omnes
1681 4899 1828 4955 ﬁlios
1855 4901 1951 4954 ho-

299 4978 543 5044 minum,
586 4975 645 5030 id
694 4983 802 5042 est,
836 4979 903 5031 ad
938 4978 1230 5034 civitatem
1268 4981 1625 5047 pertinentes
1657 4995 1784 5049 quae
1815 4978 1950 5035 vivit

297 5060 608 5114 secundum
642 5057 1079 5126 hominem,non
1099 5061 1421 5114 secundum
1452 5061 1650 5128 Deum,
1674 5060 1947 5132 reprobos

299 5154 423 5194 esse
454 5142 874 5195 demonstrant.

360 5424 374 5488 ξ
404 5422 559 5488 _Yi_nd.
591 5427 706 5473 Arn.
739 5425 821 5474 Er.
854 5428 908 5476 et
934 5427 1117 5488 plures
1147 5425 1294 5488 Mss,
1329 5433 1376 5472 et
1405 5435 1631 5484 praeter
1663 5421 1784 5471 illa.

357 5485 377 5517 ²
404 5486 557 5551 Εᾶίιὶ,
590 5497 815 5536 terrena
845 5485 1114 5551 apparuit
1150 5487 1368 5536 civitas.
1419 5488 1598 5544 Abest,
1631 5495 1871 5542 terrena,
1910 5498 1943 5534 a

299 5550 685 5612 manuscriptis.

605 5808 879 5870 Persen.
925 5807 1081 5870 XLI.

1548 355 1783 415 LIBER
1826 357 2168 424 DECIMUS
2211 361 2537 426 SEXTUS.

3633 378 3751 439 490

2104 497 2337 553 CAPUT
2375 499 2468 554 XI.
2503 530 2570 540 -—-
2601 501 2754 570 Quod
2777 516 2840 557 ea
2868 501 3129 573 primitus
3151 504 3350 578 lingua
3365 508 3425 560 in
3447 523 3548 562 usu
3567 508 3754 564 homi-

2175 599 2308 638 num
2333 584 2528 655 /uerit,
2561 598 2686 654 qua:
2713 587 2899 651 postea
2948 585 3179 641 Hebraea
3211 587 3276 639 ab
3328 587 3496 642 [leber
3536 592 3756 645 nomine

2172 671 2489 732 nunrupata
2537 670 2635 729 est,
2688 669 2736 718 et
2775 667 2829 718 in
2867 666 3022 731 cuius
3063 666 3292 735 familia
3321 672 3608 736 remansit,
3627 688 3752 726 cum

2171 743 2456 799 diversitas
2485 752 2619 801 esset
2649 749 2798 813 facta
2829 746 3170 815 linguarum.

2173 879 2221 932 1.
2255 880 2640 942 Quamobrem
2687 881 2840 936 sicut
2872 880 3069 946 lingua
3101 897 3232 937 cum
3281 888 3436 938 esset
3465 885 3750 953 omnium,

2099 974 2213 1012 non
2238 961 2365 1014 ideo
2385 961 2486 1014 filii
2514 960 2844 1032 pestilentia
2867 961 3205 1030 defuerunt;
3233 980 3366 1018 nam
3387 971 3442 1018 et
3459 972 3589 1020 ante
3607 966 3752 1020 dilu-

2098 1038 2256 1092 vium
2278 1056 2394 1094 una
2415 1039 2776 1111 eratlingua,
2801 1049 2856 1095 et
2889 1049 3081 1095 tamen
3115 1058 3314 1097 omnes
3339 1050 3542 1110 praeter
3573 1061 3747 1099 unam

2096 1117 2212 1172 Noe
2261 1120 2402 1188 justi
2442 1121 2681 1175 domum
2741 1120 2918 1175 deleri
2987 1122 3202 1177 diluvio
3252 1129 3635 1179 meruerunt:
3669 1127 3750 1180 ita

2095 1202 2324 1268 quando
2371 1202 2576 1256 merito
2606 1202 2862 1256 elatioris
2895 1202 3210 1273 impietatis
3257 1209 3457 1274 gentes
3505 1205 3745 1275 lingua-

2096 1294 2225 1332 rum
2259 1280 2593 1336 diversitate
2617 1282 2824 1350 punitae
2845 1287 3020 1352 atque
3039 1283 3238 1338 divisa
3269 1288 3426 1350 sunt,
3459 1289 3516 1339 et
3542 1285 3748 1341 civitas

2094 1357 2407 1428 impiorum
2428 1361 2787 1416 confusionis
2806 1377 3011 1416 nomen
3033 1362 3274 1431 accepit,
3292 1363 3400 1418 hoc
3421 1371 3526 1430 est,
3552 1364 3747 1436 appel-

2093 1437 2206 1492 lata
2235 1445 2324 1494 est
2373 1440 2648 1512 Babylon,
2683 1457 2793 1496 non
2839 1441 3024 1496 defuit
3053 1444 3264 1498 domus
3311 1444 3513 1506 Heber,
3549 1445 3647 1498 ubi
3679 1462 3747 1500 ea

2093 1534 2225 1588 quaa
2257 1524 2422 1576 antea
2471 1521 2579 1576 fuit
2631 1522 2883 1576 omnium
2932 1521 3134 1592 lingua
3171 1531 3510 1578 remaneret.
3563 1524 3744 1590 Unde,

2091 1599 2244 1653 sicut
2283 1617 2456 1671 supra
2504 1601 2843 1668 memoravi,
2887 1618 3020 1658 cum
3069 1603 3380 1673 coepissent
3416 1611 3749 1664 enumerari

2093 1679 2195 1732 filii
2229 1679 2384 1748 Sem,
2419 1681 2516 1752 qui
2552 1681 2768 1751 singuli
2814 1691 3012 1750 gentes
3044 1683 3306 1753 singulas
3340 1690 3742 1754 procrearunt,

2093 1760 2316 1828 primus
2347 1767 2436 1816 est
2467 1769 2958 1818 commemoratus
2982 1763 3185 1832 Heber,
3220 1781 3355 1819 cum
3391 1766 3464 1818 sit
3492 1765 3750 1836 abnepos

2090 1840 2297 1910 ipsius,
2333 1842 2438 1897 hoc
2468 1848 2575 1909 est,
2611 1844 2680 1897 ab
2716 1842 2816 1898 illo
2849 1843 3088 1914 quintus
3123 1844 3458 1899 inveniatur
3489 1849 3743 1906 exortus.

2089 1922 2234 1985 Quia
2265 1939 2400 1993 ergo
2431 1922 2489 1976 in
2524 1925 2650 1992 ejus
2684 1924 2906 1979 familia
2955 1925 3232 1979 remansit
3264 1925 3388 1980 haec
3417 1925 3619 1997 lingua
3642 1931 3742 1992 (α),

2089 2003 2290 2058 divisis
2324 2019 2424 2073 per
2454 2003 2597 2058 alias
2631 2006 2857 2075 linguas
2888 2005 3112 2060 caeteris
3142 2005 3437 2074 gentibus,
3471 2022 3593 2076 quae
3625 2007 3742 2060 lin-

2089 2098 2204 2151 gua
2245 2085 2405 2150 prius
2457 2084 2710 2137 humano
2751 2084 2948 2154 generi
3001 2099 3114 2136 non
3155 2083 3446 2139 immerito
3488 2086 3744 2139 creditur

2091 2161 2272 2213 fuisse
2302 2161 2657 2229 communis,
2690 2162 2817 2216 ideo
2839 2163 3112 2232 deinceps
3145 2163 3381 2217 Hebraea
3411 2169 3500 2218 est
3521 2181 3744 2218 nuncu-

2091 2247 2238 2309 pata.
2273 2240 2436 2295 Tunc
2483 2243 2634 2296 enim
2686 2259 2833 2313 Opus
2873 2252 2992 2298 erat
3024 2259 3149 2297 eam
3181 2243 3460 2314 distingui
3494 2245 3566 2298 ab
3612 2244 3743 2298 aliis

2088 2317 2307 2390 linguis
2340 2321 2579 2376 nomine
2627 2323 2880 2393 proprio,
2915 2322 3070 2377 sicut
3099 2322 3220 2376 alite
3267 2338 3497 2393 quoque
3526 2327 3740 2378 vocatae

2089 2404 2226 2453 sunt
2256 2400 2591 2456 nominibus
2640 2403 2914 2472 prapriis.
2949 2403 3188 2467 Quando
3219 2412 3410 2456 autem
3461 2407 3584 2458 erat
3605 2420 3740 2473 una,

2091 2479 2232 2535 nihil
2264 2479 2421 2535 aliud
2456 2497 2632 2551 quam
2669 2483 2926 2537 humana
2972 2482 3192 2553 lingua,
3242 2485 3328 2536 vel
3373 2483 3626 2539 humana
3660 2493 3739 2540 lo-

2087 2559 2242 2614 cutio
2274 2561 2606 2628 vocabatur,
2641 2579 2758 2633 qua
2787 2564 2915 2618 sola
2948 2563 3284 2618 universum
3317 2578 3503 2634 genus
3532 2564 3741 2619 huma-

2089 2656 2230 2694 num
2263 2640 2632 2710 loquebatur.

2154 2725 2208 2774 2.
2244 2720 2459 2775 Dixerit
2516 2721 2769 2793 aliquis:
2806 2723 2865 2779 Si
2896 2723 2955 2778 in
2980 2723 3184 2779 diebus
3206 2722 3458 2779 Phalech
3494 2723 3593 2778 filii
3629 2728 3738 2780 He-

2087 2800 2184 2856 ber
2202 2800 2388 2856 divisa
2408 2809 2494 2856 est
2524 2806 2680 2857 terra
2697 2819 2799 2874 per
2825 2803 3077 2875 linguas,
3111 2803 3170 2858 id
3205 2810 3310 2869 est,
3350 2803 3615 2859 homines
3638 2805 3743 2875 qui

2083 2885 2222 2935 tunc
2257 2889 2420 2935 erant
2471 2881 2527 2934 in
2573 2886 2756 2949 terra;
2803 2899 2866 2937 ex
2890 2885 3018 2952 ejus
3049 2884 3284 2937 nomine
3315 2884 3508 2953 potius
3538 2883 3742 2938 debuit

2083 2960 2359 3030 appellari
2393 2961 2734 3034 linguaitla,
2769 2979 2896 3033 quas
2935 2963 3040 3018 fuit
3081 2963 3358 3018 omnibus
3397 2967 3530 3018 ante
3576 2979 3737 3018 com-

2087 3042 2300 3098 munis.
2334 3040 2444 3096 Sed
2479 3042 2924 3114 intelligendum
2945 3050 3034 3099 est
3065 3045 3259 3114 ipsum
3291 3043 3476 3098 Heber
3509 3049 3736 3114 propte-

2084 3135 2180 3175 rea
2211 3120 2325 3174 tale
2374 3137 2586 3176 nomen
2636 3123 2984 3194 imposuisse
3025 3123 3141 3177 filio
3177 3138 3306 3188 suo,
3332 3130 3394 3177 ut
3434 3129 3736 3179 vocaretur

2084 3199 2516 3270 Phalecb,quod
2542 3202 2958 3272 interpretatur
2978 3202 3214 3267 Divisio,
3239 3202 3379 3274 quia
3399 3207 3538 3258 tunc
3559 3205 3607 3258 ei
3639 3220 3732 3257 na-

2081 3285 2176 3336 tus
2207 3287 2316 3346 est,
2351 3284 2579 3353 quando
2615 3301 2716 3355 per
2746 3283 2976 3356 linguas
3006 3291 3162 3340 terra
3192 3286 3380 3340 divisa
3409 3290 3521 3352 est,
3563 3286 3619 3340 id
3644 3290 3734 3341 est

2081 3361 2204 3429 ipso
2231 3369 2510 3431 tempore,
2535 3369 2598 3417 ut
2632 3364 2741 3419 hoc
2777 3366 3022 3434 sitquod
3046 3365 3266 3419 dictum
3299 3372 3385 3419 est
3409 3381 3422 3419 :
3459 3366 3517 3418 In
3541 3366 3730 3420 diebus

2079 3440 2396 3508 ejusf‘divisa
2411 3449 2488 3496 est
2509 3451 2657 3496 terra
2677 3442 3009 3512 (Gen.x,25).
3026 3443 3166 3497 Nam
3195 3443 3304 3497 nisi
3329 3445 3520 3500 adhuc
3542 3447 3728 3500 Heber

2080 3520 2563 3590 viveret,quando
2586 3520 2917 3589 linguarum
2946 3522 3094 3575 facta
3123 3526 3211 3576 est
3243 3521 3580 3589 multitudo,
3608 3541 3721 3578 non

2081 3616 2148 3654 ex
2196 3600 2323 3668 ejus
2394 3603 2628 3656 nomine
2708 3617 2918 3656 nomen
2971 3601 3259 3670 acciperet
3319 3601 3547 3671 lingua,
3598 3619 3721 3672 quae

2080 3680 2231 3750 apud
2268 3679 2425 3734 illum
2471 3681 2650 3751 potuit
2688 3696 3026 3751 permanere
3049 3681 3140 3753 (ὁ).
3177 3682 3240 3735 Et
3279 3681 3406 3736 ideo
3440 3681 3728 3737 credenda

2078 3764 2164 3813 est
2187 3760 2313 3828 ipsa
2345 3760 2523 3815 fuisse
2579 3761 2763 3831 prima
2798 3761 2896 3816 illa
2927 3763 3293 3816 communis:
3329 3763 3605 3832 quoniam
3657 3765 3727 3818 de

2081 3858 2249 3912 paena
2267 3841 2420 3896 venit
2442 3841 2540 3895 illa
2562 3842 2968 3912 multiplicatio
2985 3843 3338 3912 mutatioque
3357 3842 3720 3912 linguarum;

2077 3928 2132 3975 et
2158 3921 2358 3991 utique
2401 3927 2611 3993 praeter
2652 3922 2804 3978 hanc
2853 3938 3080 3994 poenam
3119 3937 3248 3977 esse
3285 3922 3488 3976 debuit
3535 3938 3720 3992 p0pu-

2078 4004 2166 4058 lus
2189 4002 2310 4056 Dei.
2344 4003 2458 4057 Nec
2504 4004 2716 4058 frustra
2759 4003 2960 4075 lingua
3009 4003 3128 4057 haec
3168 4007 3277 4070 est,
3311 4019 3486 4074 quam
3536 4003 3726 4058 tenuit

2075 4083 2366 4138 Abraham
2398 4084 2440 4153 ¹,
2500 4101 2602 4139 nec
2643 4085 2701 4139 in
2749 4101 2954 4140 omnes
2986 4084 3134 4140 ﬁlios
3154 4101 3289 4140 suos
3335 4083 3724 4141 transmittere

2075 4164 2280 4233 potuit,
2306 4165 2403 4219 sed
2425 4163 2484 4219 in
2508 4181 2605 4220 eos
2629 4170 2857 4219 tantum
2882 4165 2980 4236 qui
3012 4164 3312 4236 propagati
3345 4163 3721 4236 perJacob,et

2135 4423 2150 4455 ¹
2181 4420 2266 4469 Sic
2294 4421 2413 4470 Mss.
2449 4421 2587 4471 Editi
2623 4435 2766 4480 vero,
2819 4420 2927 4470 Nec
2953 4422 3175 4481 frustra
3215 4421 3474 4484 lingua/ni
3523 4420 3710 4477 istam,

2067 4482 2164 4531 hoc
2191 4492 2266 4531 est
2295 4499 2463 4535 quam
2493 4485 2674 4533 tenuit
2703 4485 3006 4535 Abraham.

2130 4499 2164 4530 »ο
2191 4499 2266 4531 est
2332 4499 2463 4532 uam
2493 4499 2674 4533 renuit
2703 4499 3006 4535 Aera/iam.

2130 4546 2198 4622 ςειξ
2231 4499 2360 4622 Χὶἕρ
2387 4547 2545 4608 intra,
2574 4547 2667 4596 lib.
2703 4547 2777 4607 18,
2801 4561 2913 4610 cap.
2944 4546 3022 4621 3Q.
3215 4611 3224 4622 Ι
3383 4612 3393 4622 Ι
3476 4610 3510 4622 Η

2127 4607 2203 4668 (ὁ)
2230 4608 2300 4656 De
2328 4610 2426 4658 hac
2468 4607 2537 4660 re
2567 4624 2675 4659 non
2718 4624 2827 4659 una
2864 4607 3105 4659 omnium
3154 4611 3234 4658 est
3284 4610 3563 4659 sententia.
3615 4607 3709 4657 Ho-

2064 4669 2210 4746 b'raei
2249 4671 2391 4746 enim
2437 4673 2529 4746 in“
2545 4687 2640 4746 suo
2687 4673 2961 4746 Chronico,
3005 4670 3710 4746 ‘quodnappellantnSeder-

2063 4731 2265 4804 Holam,
2296 4735 2350 4804 id
2378 4739 2457 4784 est
2495 4735 2630 4784 Ordo
2653 4737 2872 4804 saeculi.
2905 4731 3470 4804 tradﬁntdiviéionpm
3496 4733 3709 4804 lingua:-

2062 4808 2182 4842 rum
2211 4797 2405 4865 factam
2436 4811 2550 4865 esse
2580 4801 2822 4865 extremo
2845 4800 3074 4865 tempore
3104 4796 3247 4865 vitae
3267 4796 3478 4865 Phaleg.
3509 4793 3710 4865 scilicet

2061 4870 2202 4906 anno
2253 4861 2618 4908 trecentesimo
2687 4853 3254 4920 quadragesimoipost
3297 4855 3581 4920 diluvium,
3624 4853 3710 4920 de;

2061 4934 2173 4968 cem
2219 4923 2374 4969 annis
2416 4925 2540 4970 ante
2575 4916 2797 4969 mortem
2845 4916 2964 4966 Noe.
2997 4916 3192 4977 Phaleg
3237 4918 3380 4964 enim
3420 4919 3581 4963 natus
3628 4916 3710 4977 est

2060 4995 2202 5030 anno
2230 4984 2530 5050 centesimo
2543 4983 2712 5044 primo
2732 4984 2861 5050 post
2893 4976 3178 5050 diluvium,
3219 4983 3272 5028 et
3302 4979 3440 5050 vixit
3466 4976 3710 5050 ducentis

2059 5058 2252 5112 novem
2286 5047 2457 5112 annis:
2492 5041 2687 5112 Volunt
2731 5041 3159 5112 itaqueullebriei
3203 5043 3514 5112 prOpbetam
3544 5041 3710 5112 tuisse

2060 5107 2245 5175 Heber,
2278 5109 2352 5175 ut_
2364 5107 2694 5175 quispiritu
2706 5103 3014 5175 prophetico
3043 5103 3353 5175 longe’ante
3401 5103 3710 5175 prmvid‘e‘rit

2058 5168 2296 5216 futuram
2325 5163 2644 5217 divisionem
2683 5163 3007 5229 linguarum,
3058 5163 3280 5230 ideoque
3312 5163 3551 5230 nascenti
3581 5163 3708 5230 _filio

2059 5231 2157 5302 hoc
2186 5244 2389 5302 nomen
2407 5232 2735 5302 imposuerit.
2767 5226 2992 5302 Videtur
3111 5226 3466 5302 Hieronymus
3495 5228 3552 5274 in
3579 5226 3710 5302 'lztta-

2057 5293 2348 5342 ditionibus
2378 5289 2638 5343 hebraicis
2667 5296 2910 5343 accedere
2931 5295 2996 5342 ad
3026 5295 3163 5342 hanc
3194 5289 3532 5347 sententiam,
3563 5289 3709 5336 affir-

2056 5369 2209 5425 mans
2243 5356 2409 5425 Heber
2437 5358 2692 5406 vaticinio
2721 5357 3190 5425 quodam,_scilicet_
3219 5370 3276 5404 ex
3305 5353 3708 5425 future‘eventu

2054 5419 2333 5489 divisionis
2359 5419 2685 5489 linguarum.
2714 5415 2923 5489 nomen
2947 5420 3279 5489 imposuisse
3306 5415 3708 5489 lilioLYid‘ett-ir

2055 5483 2107 5547 et
2145 5481 2328 5547 eadem
2359 5476 2552 5547 ppinio
2605 5482 2656 5531 S.
2707 5476 3083 5547 Chrysostomo
3130 5494 3261 5534 esse,
3306 5478 3533 5528 Homilia
3560 5476 3620 5525 30
3649 5476 3706 5524 in

2055 5542 2315 5593 Genesim.
2349 5544 2589 5597 Cosmus.
2816 5542 2829 5547 ⁷
3433 5561 3438 5568 ί

3130 5800 3372 5884 (Seize).
