4138 6192
371 319 484 378 491

373 450 659 523 insignius
697 451 871 520 atque
898 443 1253 500 eminentius
1275 443 1333 497 in
1365 441 1465 497 Dei
1493 440 1774 523 populum
1804 437 2025 523 coales-

375 520 592 596 centes,
624 531 721 585 Dei
779 526 1147 581 Testamenta
1191 528 1248 578 et
1291 524 1532 593 stirpem
1565 520 1779 576 Christi
1818 520 2030 575 habere

376 615 712 686 potuerunt.
754 607 865 661 Nec
918 605 1101 686 {leber
1158 605 1282 676 ipse
1326 605 1587 686 eamdem
1630 601 1919 686 linguam
1970 600 2029 652 in

377 682 705 747 universam
735 683 1060 756 progeniem
1087 699 1247 737 suam
1280 683 1482 738 retudit
1510 700 1524 748 ;
1549 682 1644 736 sed
1670 684 1726 736 in
1756 696 1883 735 eam
1909 684 2030 732 tan-

377 771 714 837 tum,cujus
751 764 1156 837 generationes
1189 764 1586 833 perducuntur
1620 765 1684 816 ad
1711 759 2026 815 Abraham.

375 852 756 920 Quapropter,
787 845 1020 900 etiamsi
1059 861 1174 899 non
1219 843 1514 899 evidenter
1557 858 1898 913 expressum
1941 847 2032 920 est

380 919 564 986 fuisse
621 927 857 995 aliquod
903 925 1064 996 pium
1116 941 1301 996 genus
1335 925 1663 990 hominum,
1689 922 1924 993 quando
1957 919 2028 973 ab

376 1008 573 1077 impiis
623 1005 934 1076 Babylonia
973 1007 1352 1073 condebalur;
1412 1021 1521 1058 non
1560 1004 1632 1057 ad
1688 1003 1797 1056 hoc
1847 999 2030 1053 valuit

375 1089 500 1143 haec
529 1087 874 1154 obscuritas,
909 1091 973 1140 ut
1015 1088 1327 1156 quaerentis
1361 1087 1763 1150 fraudaretur;
1795 1084 1893 1137 sed
1931 1099 2030 1152 po-

374 1170 490 1224 tius
535 1174 600 1222 ut
660 1174 1058 1222 excerceretur
1109 1167 1375 1222 intentio.
1408 1165 1551 1221 Cum
1604 1166 1759 1219 enim
1816 1162 2030 1233 legitur

374 1263 554 1303 unam
615 1248 796 1300 fuisse
835 1245 1094 1316 linguam
1148 1247 1417 1315 primitus
1465 1246 1754 1305 omnium,
1797 1249 1854 1296 et
1892 1248 2027 1295 ante

378 1343 584 1384 omnes
617 1325 766 1380 filios
807 1325 941 1380 Sem
999 1327 1452 1381 commendatur
1495 1325 1698 1389 Heber,
1755 1322 2026 1392 quamvis

378 1409 452 1464 ab
484 1408 582 1462 illo
614 1407 858 1477 quintus
887 1407 1140 1472 oriatur;
1172 1418 1218 1461 et
1256 1405 1498 1460 Hebraaa
1533 1412 1773 1458 vocatur
1803 1403 2023 1469 lingua,

373 1505 548 1560 quam
574 1486 1040 1542 Patriarcharum
1073 1503 1124 1542 et
1149 1487 1586 1557 Prophetarum,
1623 1501 1732 1538 non
1757 1485 1942 1538 solum
1965 1483 2023 1536 in

374 1569 749 1625 sermonibus
778 1570 924 1630 suis,
985 1585 1183 1622 verum
1226 1570 1398 1621 etiam
1450 1568 1506 1620 in
1571 1567 1796 1620 Litteris
1846 1564 2024 1618 sacris

381 1647 697 1704 custodtvit
747 1648 1102 1702 auctoritas:
1147 1651 1396 1716 profecto
1443 1663 1575 1702 cum
1629 1648 1911 1716 quaeritur
1965 1643 2025 1696 in

380 1728 664 1783 divisione
739 1726 1095 1794 linguarum,
1151 1728 1246 1781 ubi
1305 1726 1508 1797 lingua
1564 1725 1664 1780 illa
1737 1739 2027 1780 remanere

377 1809 654 1881 potuerit,
688 1822 810 1877 quae
863 1809 965 1862 fuit
990 1815 1121 1862 ante
1165 1807 1514 1874 communis,
1564 1823 1714 1876 qua,
1747 1806 1870 1860 sine
1909 1803 2027 1858 ulla

378 1889 764 1954 dubitatione,
809 1888 908 1942 ubi
951 1891 1250 1956 remansit,
1294 1905 1409 1943 non
1443 1888 1521 1942 ibi
1569 1889 1678 1942 fuit
1708 1887 1802 1940 illa
1836 1902 2023 1956 paena,

377 1987 504 2042 qua:
531 1971 680 2023 facta
709 1973 798 2022 est
829 1969 1146 2023 mutatione
1179 1969 1699 2038 linguarum;quid
1725 1967 1883 2022 aliud
1928 1982 2024 2021 oc-

378 2046 678 2114 curit,nisi
710 2049 862 2116 quod
894 2049 950 2101 in
979 2049 1152 2117 hujus
1179 2054 1380 2119 gentes
1405 2047 1771 2111 remanserit,
1805 2064 1837 2100 a
1859 2049 2027 2114 cujus

378 2130 616 2185 nomine
640 2142 852 2182 nomen
885 2130 1142 2198 accepit;
1174 2135 1228 2182 et
1258 2128 1622 2197 hocjustitite
1647 2126 1836 2198 gentis
1853 2125 2028 2195 hujus

378 2226 497 2266 non
532 2221 777 2279 parvum
827 2210 1164 2280 apparuisse
1209 2209 1540 2280 vestigium,
1572 2224 1688 2279 quo
1735 2223 1868 2262 cum
1902 2207 2027 2261 alits

379 2297 575 2364 gentes
607 2287 997 2359 plecterentur
1027 2290 1345 2346 mutatione
1364 2290 1724 2363 linguarum,
1757 2290 1826 2344 ad
1856 2290 2026 2343 istam

380 2389 497 2430 non
531 2371 789 2441 pervenit
817 2370 929 2427 tale
952 2371 1304 2444 supplicium
1329 2370 1358 2426 ‘i

454 2455 507 2510 3.
540 2454 652 2510 Sed
691 2454 882 2509 adhuc
926 2453 1071 2508 illud
1104 2458 1295 2508 movet
1327 2469 1341 2508 :
1375 2450 1661 2524 quomodo
1712 2453 2030 2521 potuerunt

382 2533 646 2605 singulas
664 2535 863 2607 gentes
893 2532 1080 2587 facere
1103 2531 1290 2588 Heber
1318 2537 1372 2586 et
1405 2531 1562 2586 filius
1591 2531 1721 2599 ejus
1757 2529 2026 2595 Pbalecb,

385 2614 433 2670 si
468 2631 584 2671 una
620 2615 822 2688 lingua
869 2612 1193 2684 permansit
1248 2611 1532 2666 ambobus
1563 2609 1590 2664 ‘I
1617 2611 1686 2665 Et
1724 2615 1879 2665 certe
1914 2625 2030 2664 una

385 2700 474 2751 est
497 2697 732 2752 Hebraea
750 2712 888 2767 gens
920 2712 986 2750 ex
1006 2695 1189 2750 Hebor
1212 2699 1524 2766 propagata
1549 2711 1737 2766 usque
1759 2696 1828 2750 ad
1848 2695 2030 2750 Abra-

387 2775 543 2843 ham,
597 2783 654 2832 et
686 2792 786 2847 per
824 2790 957 2830 eum
1008 2775 1304 2846 deinceps,
1345 2779 1525 2830 donec
1570 2792 1820 2846 magnus
1870 2776 2032 2830 ﬁeret

384 2855 632 2924 populus
680 2853 874 2908 Israel.
931 2853 1226 2916 Quomodo
1291 2855 1466 2926 igitur
1507 2870 1711 2910 omnes
1761 2855 1866 2908 filii
1926 2855 2029 2924 qui

384 2935 826 2988 commemorati
871 2939 1007 2987 sunt
1050 2933 1228 2988 trium
1275 2935 1528 2990 filiorum
1577 2933 1718 3000 Noe,
1769 2935 2030 2989 fecerunt

382 3013 644 3084 singulas
675 3019 899 3086 gentes,
933 3013 980 3067 si
1013 3015 1200 3069 Heber
1227 3019 1284 3068 et
1320 3014 1569 3069 Phalach
1617 3014 1878 3086 singulas
1914 3031 2027 3070 non

381 3094 693 3149 fecerunt?
712 3093 999 3149 Nimirum
1025 3093 1168 3148 illud
1188 3098 1277 3148 est
1296 3094 1836 3165 probabilius,quod
1862 3096 2028 3165 gigas

381 3172 478 3228 ille
508 3173 760 3229 Nebroth
811 3174 1009 3228 fecerit
1039 3173 1211 3228 etiam
1255 3173 1380 3244 ipse
1424 3180 1654 3245 gentem
1700 3191 1896 3242 suam,
1926 3176 2024 3230 sed

383 3259 619 3325 propter
645 3253 1045 3310 excellentiam
1076 3253 1498 3310 dominationis
1536 3266 1592 3310 et
1623 3256 1884 3326 corporis
1936 3272 2028 3312 se-

382 3347 582 3389 orsum
614 3335 972 3389 eminentius
1027 3333 1366 3389 nominatus
1401 3339 1510 3401 est,
1554 3339 1620 3389 ut
1659 3339 1890 3391 maneat
1915 3352 2028 3390 nu-

383 3430 582 3469 merus
613 3413 973 3485 septuaginta
995 3413 1245 3468 duarum
1288 3415 1554 3485 gentium
1601 3420 1772 3486 atque
1802 3416 2028 3488 lingua-

379 3509 533 3551 rum.
569 3494 818 3550 Pbalecb
851 3499 1046 3548 autem
1071 3499 1373 3564 propterea
1393 3500 1886 3551 commemoratus
1916 3502 2024 3563 est,

378 3591 493 3631 non
527 3577 678 3646 quod
712 3579 941 3646 gentem
975 3575 1174 3630 fecerit
1202 3575 1360 3644 (nam
1393 3577 1592 3631 eadem
1626 3577 1755 3646 ipsa
1784 3582 1870 3631 est
1899 3577 2026 3647 ejus

377 3667 520 3725 gens
548 3655 806 3720 Hebraea,
826 3655 1151 3726 eademque
1195 3654 1443 3726 lingua);
1478 3657 1573 3711 sed
1611 3662 1846 3727 propter
1874 3662 2026 3712 tem-

376 3749 488 3803 pus
526 3735 778 3805 insigne,
809 3735 963 3805 quod
1015 3736 1070 3788 in
1103 3735 1308 3790 diebus
1335 3736 1464 3803 ejus
1493 3741 1648 3790 terra
1685 3737 1872 3792 divisa
1915 3742 2022 3792 est.

375 3811 490 3868 Nec
517 3830 748 3870 movere
773 3831 876 3870 nos
908 3815 1098 3879 debet,
1131 3816 1424 3884 quomodo
1453 3817 1893 3888 potuerit‘gtgas
1909 3817 2026 3872 Ne-

376 3891 544 3950 broth
578 3897 646 3950 ad
681 3894 822 3949 illud
855 3894 1036 3949 aetatis
1058 3911 1511 3966 occurrere,quo
1545 3896 1799 3968 Babylon
1832 3897 2025 3952 condi-

375 3976 436 4028 ta
466 3978 576 4039 est,
609 3980 667 4029 et
704 3973 970 4030 confusio
1003 3975 1149 4029 facta
1179 3974 1534 4045 linguarum,
1567 3983 1741 4047 atque
1787 3992 1854 4032 ex
1889 3977 2021 4032 hac‘

376 4053 584 4109 divisio
615 4054 898 4124 gentium.
935 4053 1059 4110 Non
1091 4055 1248 4108 enim
1273 4056 1407 4124 quia
1438 4055 1621 4110 lleher
1659 4062 1855 4111 sextus
1885 4063 2026 4111 esta

375 4132 514 4200 Noe,
550 4132 646 4190 ille
674 4139 864 4189 autem
895 4139 1160 4204 quartus,
1199 4134 1330 4190 ideo
1371 4151 1485 4190 non
1525 4142 1836 4206 potuerunt
1866 4137 1933 4191 ad
1967 4138 2022 4192 id

376 4217 605 4285 tempus
637 4215 941 4271 convenire
973 4215 1237 4270 vivendo.
1273 4215 1387 4270 Hoc
1419 4216 1568 4272 enim
1608 4219 1871 4287 contigit,
1896 4234 2024 4272 cum

373 4295 504 4366 plus
535 4298 812 4363 viverent,
845 4296 944 4351 ubi
976 4296 1276 4367 pauciores
1307 4302 1445 4351 sunt
1476 4297 1896 4366 generationes.
1923 4300 2028 4354 mi-

371 4393 482 4434 nus
540 4377 637 4435 ubi
670 4378 912 4450 plures;
954 4382 1057 4434 aut
1103 4380 1294 4434 serius
1344 4379 1463 4433 nati
1505 4383 1700 4433 essent
1751 4380 1847 4434 ubi
1894 4397 2028 4452 pau-

371 4458 578 4526 ciores,
603 4459 890 4514 maturius
915 4458 1011 4514 ubi
1036 4458 1251 4530 plures.
1275 4458 1426 4514 Sane
1446 4457 1888 4529 intelligendum
1911 4465 2024 4530 est,

371 4541 604 4612 quando
665 4550 811 4595 terra
869 4540 1051 4595 divisa
1104 4543 1209 4608 est,
1264 4555 1380 4594 non
1439 4539 1628 4594 solum
1680 4541 1800 4610 jam
1863 4546 2026 4599 natos

369 4611 609 4678 austeros
667 4619 821 4678 filios
873 4619 1124 4676 filiorum
1166 4611 1304 4688 Noe,
1347 4619 1447 4691 qui
1497 4629 2027 4679 commemorantur

370 4711 560 4772 patres
589 4703 847 4774 gentium
878 4720 893 4770 ;
954 4703 1052 4758 sed
1091 4702 1268 4756 etiam
1327 4705 1456 4772 ejus
1511 4703 1695 4758 aetatis
1726 4705 1928 4769 fuisse,
1963 4711 2027 4761 ut

373 4792 718 4837 numerosas
759 4782 1010 4838 familias
1055 4781 1357 4850 baberent,
1387 4795 1510 4851 quae
1552 4783 1740 4854 digus:
1779 4783 2029 4845 fuissent

374 4863 710 4917 nominibus
745 4867 1032 4934 gentium.
1077 4861 1243 4919 Unde
1283 4877 1649 4936 nequaquam
1700 4863 2024 4936 putandum

381 4944 534 5013 quod
571 4959 638 4997 eo
671 4945 886 4999 fuerint
923 4947 1127 5000 ordine
1181 4946 1382 5018 geniti,
1442 4960 1557 5015 quo
1589 4945 2026 5000 commemorati

375 5019 673 5096 leguntur.
713 5024 983 5094 Alioquin
1023 5025 1327 5080 duodecim
1365 5025 1464 5079 filii
1504 5029 1731 5090 Jectan,
1765 5026 1860 5096 qui
1902 5030 2027 5080 erat

375 5103 534 5160 filius
557 5101 708 5159 alius
741 5099 948 5167 Heber,
984 5105 1159 5159 frater
1189 5105 1459 5173 Pbalecb,
1501 5106 1794 5175 quomodo
1827 5111 2024 5175 potue-

378 5190 515 5240 runt
550 5186 672 5255 jam
722 5190 926 5257 gentes
975 5184 1182 5254 facere,
1225 5186 1276 5240 si
1327 5193 1452 5256 post
1482 5185 1736 5242 Phalech
1785 5184 2021 5242 fratrem

439 5481 457 5519 ι
488 5483 630 5542 ΠΜ..
661 5497 732 5536 σω
761 5485 874 5538 hoc.

1426 310 1524 368 DE
1568 304 1929 370 CIVITATE
1973 303 2124 375 DEI,
2172 304 2238 365 S.
2283 305 2713 371 AUGUSTINI

3665 317 3782 378 ωε

2137 455 2312 496 suum
2334 443 2532 499 Jectan
2553 449 2726 500 natus
2753 449 2860 513 est,
2878 445 3030 502 sicut
3055 451 3186 518 post
3204 465 3338 505 eum
3363 465 3784 510 commemora-

2137 524 2234 575 tus
2251 529 2340 578 est
2371 539 2383 576 :
2405 526 2879 596 quandoquidem
2911 537 3167 599 tempore
3190 547 3306 601 quo
3330 540 3504 588 natus
3526 541 3616 589 est
3647 537 3787 591 Pha-

2133 601 2282 669 lech,
2317 603 2501 659 diwsa
2543 614 2632 660 est
2676 615 2849 664 terra.
2889 609 3128 665 Proinde
3172 610 3620 679 intelligendum
3674 620 3782 681 est,

2136 684 2386 752 priorem
2413 687 2650 756 quidem
2677 690 3176 753 nominatum,sed
3196 690 3366 762 longe
3390 703 3522 764 post
3553 699 3784 752 fratrem

2136 778 2307 817 suum
2347 764 2550 820 Jectan
2574 767 2753 822 fuisse
2791 775 3019 838 natum,
3054 774 3223 839 cujus
3250 771 3450 827 Jer-tan
3478 775 3784 832 duodecim

2135 842 2237 895 filii
2259 850 2375 928 tam
2400 848 2781 928 grandesjam
2809 849 3060 904 tamilias
3085 851 3463 922 baberent,ut
3481 855 3536 910 in
3555 854 3788 928 linguas

2133 925 2398 993 proprias
2453 927 2630 982 dividi
2683 937 2939 998 possent.
3008 930 3100 985 Sic
3157 932 3314 988 enim
3384 936 3577 1005 potuit
3631 925 3789 1005 prior

2132 1006 2594 1086 commemorari,
2629 1010 2728 1079 qui
2771 1014 2896 1064 erat
2934 1014 3101 1066 aetate
3149 1015 3458 1082 posterior;
3503 1018 3788 1086 quemad-

2135 1085 2374 1139 modum
2402 1088 2562 1156 prius
2594 1093 3034 1145 commemorati
3059 1099 3196 1146 sunt
3218 1109 3285 1148 ex
3313 1093 3497 1149 tribus
3519 1085 3655 1151 filiis
3671 1096 3788 1153 Noe

2133 1169 2414 1245 procreati
2452 1167 2555 1222 filii
2589 1169 2868 1240 Japheth,
2914 1172 3012 1241 qui
3044 1182 3166 1228 erat
3213 1175 3492 1231 minimus
3535 1193 3782 1245 eorum;

2133 1244 2342 1326 deinde
2383 1247 2483 1302 filii
2516 1249 2718 1318 Cham,
2747 1252 2844 1321 qui
2891 1261 3008 1306 erat
3043 1255 3301 1321 medius;
3348 1263 3645 1326 postremo
3679 1244 3782 1314 filii

2128 1323 2282 1391 Jem,
2319 1329 2420 1397 qui
2467 1339 2587 1383 erat
2636 1347 2857 1400 primus
2887 1338 2943 1386 et
2992 1335 3306 1391 maximus.
3348 1323 3625 1392 illlarum
3681 1357 3782 1394 au-

2130 1407 2248 1460 tem
2311 1414 2574 1476 genttum
2630 1410 2909 1466 vocabula
2945 1413 3154 1481 partim
3191 1424 3552 1484 manserunt,
3589 1422 3666 1472 ita
3720 1423 3786 1474 ut

2133 1484 2419 1555 hodieque
2466 1497 2740 1558 appareat
2771 1491 2924 1544 unde
2969 1494 3178 1548 fuerint
3211 1495 3670 1561 derivata;sicut
3707 1515 3777 1554 ex

2131 1568 2305 1649 Assur
2325 1569 2568 1638 Assyrii,
2601 1575 2657 1624 et
2704 1587 2771 1625 ex
2816 1570 3000 1627 Heber
3033 1573 3245 1628 Ilebrtei
3275 1592 3288 1630 :
3326 1579 3532 1646 partim
3565 1583 3780 1649 tempo-

2131 1646 2206 1700 ris
2239 1655 2519 1703 vetustate
2565 1658 2787 1705 mutata
2827 1660 2984 1718 sunt,
3009 1653 3086 1707 ita
3123 1661 3185 1708 ut
3215 1656 3306 1708 vix
3345 1655 3612 1712 homines
3644 1646 3782 1713 doc-

2129 1727 2341 1782 tissimi
2388 1729 2822 1799 antiquissimae
2873 1732 3150 1788 historias
3190 1743 3644 1805 perscrutantes,
3677 1755 3782 1796 nec

2129 1808 2414 1875 omnium,
2439 1811 2540 1864 sed
2573 1812 2896 1882 aliquarum
2931 1829 2998 1868 ex
3049 1815 3176 1869 istis
3213 1817 3469 1886 origines
3513 1821 3781 1890 gentium

2131 1889 2423 1960 potuerint
2461 1891 2735 1971 reperire.
2776 1892 2921 1948 Nam
2971 1895 3120 1965 quod
3179 1912 3247 1950 ex
3296 1897 3414 1952 filio
3444 1889 3648 1967 Cham,
3681 1899 3784 1971 qui

2131 1970 2775 2041 vocabaturMesraim,
2825 1973 3072 2046 [Egyplii
3135 1977 3515 2046 perhibentur
3578 1970 3781 2048 exorti,

2133 2049 2288 2104 nulla
2332 2050 2428 2106 hic
2460 2060 2694 2107 resonat
2733 2054 2895 2125 origo
2928 2056 3229 2111 vocabuli:
3265 2061 3419 2114 sicut
3442 2077 3546 2115 nec
3574 2061 3785 2118 Ethio-

2133 2145 2296 2200 pum,
2321 2130 2420 2200 qui
2451 2131 2729 2188 dicuntur
2758 2134 2830 2188 ad
2874 2151 3008 2190 eum
3038 2137 3223 2191 filium
3256 2139 3435 2194 Cham
3472 2142 3781 2211 pertinere,

2134 2215 2233 2286 qui
2259 2216 2412 2272 Chus
2432 2218 2761 2289 appellatus
2792 2227 2901 2277 est.
2921 2222 2988 2276 Et
3015 2223 3064 2278 si
3097 2225 3290 2280 omnia
3319 2227 3779 2297 considerentur,

2133 2298 2303 2367 plura
2325 2304 2569 2368 mutata,
2598 2316 2774 2369 quam
2796 2303 3090 2360 manentia
3114 2307 3350 2361 nomina
3381 2315 3684 2380 apparent.

2132 2461 2362 2518 CAPUT
2390 2462 2510 2518 Xll.
2544 2494 2608 2504 —
2638 2469 2715 2520 De
2744 2465 2982 2522 articulo
3013 2471 3271 2540 temporis
3309 2471 3370 2524 in
3408 2471 3714 2540 Abraham,
3753 2489 3789 2529 α

2204 2557 2312 2610 quo
2342 2546 2549 2600 sanctae
2575 2545 2930 2601 successionis
2954 2563 3125 2603 novus
3154 2549 3284 2605 ordo
3311 2554 3644 2607 contexitur.

2205 2675 2508 2747 Nuncjam
2525 2678 2822 2734 videamus
2839 2697 3186 2751 procursum
3208 2682 3460 2740 civitatis
3484 2685 3788 2753 Dei,etiam

2135 2755 2334 2811 abillo
2382 2760 2626 2814 articulo
2658 2762 2957 2830 temporis,
3013 2763 3116 2833 qui
3153 2761 3337 2819 factus
3381 2772 3466 2820 est
3508 2766 3565 2820 in
3617 2767 3789 2823 Patre

2136 2838 2439 2905 Abraham,
2477 2840 2630 2894 unde
2660 2840 2864 2911 incipit
2893 2858 3021 2898 esse
3053 2845 3264 2899 notitia
3285 2846 3409 2914 ejus
3439 2847 3788 2917 evidentior,

2133 2925 2191 2977 et
2222 2922 2320 2975 ubi
2354 2920 2597 2976 clariora
2619 2921 2892 2994 leguntur
2915 2927 3200 2993 promissa
3230 2928 3440 2994 divina,
3465 2942 3590 2998 qua
3623 2943 3789 2984 nunc

2134 3002 2192 3057 in
2233 3003 2463 3058 Christo
2513 3005 2780 3059 videmus
2813 3006 3064 3076 impleri.
3109 3007 3265 3063 Sicut
3302 3025 3437 3080 ergo
3481 3007 3790 3079 Scriptura

2132 3092 2334 3139 sancta
2363 3084 2659 3139 indicante
2684 3085 3023 3152 didicimus,
3045 3087 3101 3142 in
3129 3089 3356 3158 regione
3375 3087 3787 3147 Chaldaeorum

2132 3173 2304 3219 natus
2323 3174 2407 3219 est
2424 3164 2722 3220 Abraham
2744 3165 2895 3236 (Gen.
2916 3184 2995 3235 xx,
3010 3170 3124 3240 28):
3145 3185 3271 3240 quae
3291 3176 3442 3224 terra
3454 3171 3521 3224 ad
3539 3187 3784 3238 regnum

2131 3248 2461 3317 pertinebat
2482 3249 2848 3319 Assyriorum
2864 3248 2904 3304 ί.
2929 3252 3093 3320 Apud
3117 3251 3418 3307 Chaldaeos
3440 3257 3634 3308 autem
3654 3254 3784 3323 jam

2131 3328 2301 3382 etiam
2322 3331 2461 3382 tunc
2475 3328 2914 3398 superstitiones
2938 3329 3128 3402 impiae
3155 3331 3563 3401 praevalebant,
3587 3348 3784 3403 quem.

2131 3406 2447 3462 admodum
2485 3424 2580 3478 per
2601 3413 2834 3464 caeteras
2850 3417 3070 3480 gentes.
3097 3409 3222 3466 Una
3243 3411 3418 3482 igitur
3438 3412 3634 3466 Tharte
3665 3413 3773 3467 do-

2131 3503 2263 3542 mus
2286 3496 2425 3554 erat,
2453 3489 2521 3542 de
2539 3487 2690 3557 qua‘
2721 3493 2895 3543 natus
2927 3495 3015 3544 est
3036 3491 3348 3556 Abraham,
3373 3490 3428 3545 in
3454 3508 3570 3562 qua
3601 3492 3784 3548 unius

2129 3569 2246 3622 veri
2282 3569 2378 3623 Dei
2411 3569 2625 3632 cultus,
2659 3573 2716 3623 et
2755 3577 3044 3639 quantum
3093 3571 3372 3626 credibile
3407 3577 3518 3637 est,
3550 3573 3612 3627 in
3660 3587 3789 3644 qua

2122 3648 2248 3719 jam
2281 3649 2401 3703 sola
2431 3649 2602 3704 etiam
2636 3647 2873 3704 Hebraea
2905 3649 3106 3721 lingua
3133 3655 3493 3707 remanserat
3524 3667 3538 3707 :
3572 3668 3782 3722 quam-

2129 3729 2214 3784 vis
2243 3736 2300 3784 et
2329 3729 2456 3799 ipsa
2485 3727 2527 3795 ³,
2561 3728 2713 3784 sicut
2743 3730 2864 3798 jam
2913 3731 3276 3787 manifestior
3305 3731 3403 3788 Dei
3438 3733 3687 3803 populus
3721 3733 3783 3788 in

2128 3809 2389 3880 Egypto,
2425 3809 2504 3864 ita
2537 3809 2595 3863 in
2639 3809 3056 3881 Mesopotamia
3094 3813 3342 3868 servisse
3394 3812 3506 3868 diis
3549 3812 3785 3882 alienis,

2128 3891 2268 3947 Jesu
2300 3892 2452 3948 Nave
2483 3899 2760 3948 narrante
2790 3895 3071 3949 referatur
3095 3893 3274 3964 (Iosue
3293 3911 3446 3962 xxiv,
3476 3895 3533 3967 2)
3559 3911 3572 3949 :
3615 3901 3788 3951 caste-

2129 3973 2210 4028 ris
2232 3989 2296 4028 ex
2320 3973 2591 4044 progenie
2614 3971 2772 4028 illius
2799 3975 3050 4029 lleberin
3073 3974 3301 4046 linguas
3326 3977 3608 4046 paulatim
3635 3975 3789 4032 alias

2129 4057 2185 4108 et
2218 4055 2274 4108 in
2309 4054 2572 4109 nationes
2603 4054 2747 4108 alias
2781 4053 3195 4110 deﬂuentibus.
3232 4057 3475 4111 Proinde
3502 4056 3647 4111 sicut
3681 4073 3787 4127 per

2129 4150 2414 4205 aquarum
2447 4133 2728 4189 diluvium
2763 4151 2880 4190 una
2920 4137 3126 4191 domus
3157 4134 3275 4192 Noe
3319 4141 3681 4192 remanserat
3709 4135 3789 4193 ad

2129 4214 2517 4286 reparandum
2561 4231 2747 4286 genus
2781 4216 3124 4283 humanum,
3159 4217 3242 4273 sic
3284 4218 3344 4273 in
3375 4217 3592 4274 diluvio
3632 4220 3790 4272 mul-

2130 4300 2322 4350 tarum
2349 4295 2830 4365 superstitionum
2865 4313 2962 4367 per
2987 4296 3324 4352 universum
3352 4297 3637 4352 mundum
3663 4314 3792 4354 una

2130 4380 2491 4430 remanserat
2516 4374 2724 4429 domus
2745 4375 3172 4448 Tharts,inqua
3195 4379 3485 4432 custodita
3508 4384 3597 4433 est
3622 4375 3792 4448 plan-

2129 4456 2272 4510 tatio
2312 4453 2562 4509 civitatis
2603 4454 2722 4510 Dei.
2757 4455 3019 4528 Denique
3061 4459 3212 4512 sicut
3257 4456 3375 4512 illic
3423 4458 3790 4514 enumeratis

2132 4551 2309 4605 supra
2331 4535 2806 4604 generationibus
2828 4552 3012 4606 usque
3030 4537 3100 4592 ad
3134 4536 3252 4592 Noe
3285 4537 3461 4592 simul
3503 4553 3632 4592 cum
3675 4553 3788 4592 an-

2131 4631 2340 4670 norum
2367 4615 2715 4680 numeris,et
2736 4616 3212 4686 expositadiluvii
3234 4618 3792 4687 causa,priusquam

2131 4695 2284 4752 Deus
2331 4696 2614 4766 inciperet
2651 4697 2722 4752 de
2765 4713 2898 4752 arca
2949 4697 3284 4753 fabricanda
3324 4697 3485 4770 loqui
3525 4699 3595 4754 ad
3636 4696 3791 4767 Noe,

2131 4778 2366 4844 dicitur,
2395 4777 2492 4833 Ha?
2520 4781 2702 4833 autem
2743 4779 3120 4848 generationes
3145 4778 3258 4835 Noe
3287 4777 3440 4850 (Gen.
3472 4794 3551 4843 vr,
3573 4775 3656 4846 9):
3700 4779 3795 4835 ita.

2131 4863 2183 4914 et
2217 4858 2331 4922 hic,
2381 4859 2738 4914 enumeratis
2779 4858 3252 4926 generationibus
3285 4862 3356 4914 ab
3403 4858 3524 4924 illo,
3559 4859 3658 4930 qui
3692 4863 3796 4916 est

2131 4939 2450 5008 appellatus
2473 4937 2752 5006 Sem,ﬁlio
2765 4938 2903 5005 Noe,
2927 4953 3112 5009 usque
3132 4940 3204 4995 ad
3231 4939 3546 5006 Abraham,
3571 4939 3795 4996 deinde

2130 5016 2380 5086 insignis
2413 5018 2692 5073 articulus
2725 5018 2997 5074 similiter
3029 5020 3283 5090 ponitur,
3315 5025 3379 5074 ut
3407 5017 3650 5086 dicatur,
3676 5018 3797 5076 He

2130 5099 2258 5151 sunt
2285 5099 2658 5165 generationes
2690 5097 2899 5155 Tharae.
2931 5098 3121 5154 Tharc'e
3139 5100 3327 5167 genuit
3352 5098 3558 5154 Abram
3583 5106 3638 5152 et
3669 5097 3795 5153 Να-

2195 5305 2221 5366 ί.
2275 5300 2448 5352 Nostri
2503 5302 2724 5358 codices,
2799 5300 2871 5349 ad
2937 5317 3181 5366 regnum
3236 5302 3540 5366 Assyrium
3600 5299 3802 5364 perti-

2131 5363 2310 5413 nebat.
2343 5366 2410 5413 M.

2193 5430 2214 5492 ξ
2242 5427 2365 5492 §ola
2392 5427 2554 5478 editio
2584 5429 2729 5485 Lov.,
2762 5425 2826 5475 de
2853 5441 2979 5492 quo.

2189 5489 2213 5524 ³
2241 5489 2327 5540 Sic
2355 5492 2477 5543 Mss.
2508 5495 2578 5542 At
2604 5493 2750 5550 editi,
2785 5498 2836 5538 et
2856 5489 2998 5554 ipse.
