4138 6192
318 330 429 397 493

318 466 450 521 chor
487 473 541 519 et
587 464 779 520 Aron:
807 466 858 519 et
902 464 1046 519 Arau
1093 466 1285 534 genuit
1318 465 1432 520 Lot.
1482 470 1545 522 Et
1591 471 1837 524 mortuus
1883 480 1962 529 est

320 547 466 602 Aran
513 561 696 601 coram
750 544 925 599 Thura
962 547 1121 614 patre
1166 560 1264 599 suo
1311 547 1370 599 in
1409 563 1516 617 qua
1546 553 1709 603 natus
1760 554 1857 616 est,
1904 552 1964 606 in

321 628 537 699 regione
602 626 1004 685 Chaldveorum.
1038 626 1100 680 Et
1127 636 1480 693 sumpserunt
1517 628 1710 682 4bram
1754 639 1804 684 et
1848 631 1964 686 Na-

320 707 446 761 chor
480 707 586 761 sibi
640 722 877 769 uxores;
906 722 1107 760 nomen
1146 706 1395 761 mulieris
1442 708 1641 762 Abram
1690 708 1852 779 Sara,
1911 716 1966 773 et

319 802 516 842 nomen
548 785 804 842 mulieris
838 785 1057 842 Nachor
1105 784 1330 853 Melcha,
1361 787 1480 859 ﬁlia
1513 789 1661 843 Aron
1698 790 1851 859 (Gen.
1886 807 1963 857 XI,

317 865 532 937 27-29).
567 866 677 921 Iste
707 871 855 921 Aran
894 874 1052 935 pater
1084 864 1321 921 Melchte
1358 870 1464 921 fuit
1490 872 1547 923 et
1580 876 1739 937 pater
1762 869 1963 937 Jescae,

319 962 443 1018 qua:
491 945 659 1002 Jesca
708 947 962 1002 creditur
1004 946 1136 1020 ipsa
1184 962 1311 1001 esse
1358 948 1533 1003 etiam
1576 947 1718 1003 Sara
1764 952 1781 986 ¹
1825 967 1967 1007 uxor

313 1027 559 1083 Abrahae
580 1026 681 1100 (a).

309 1202 545 1260 CAPUT
592 1201 749 1258 XIII.
802 1230 870 1243 -—
919 1203 1049 1267 Quae
1097 1200 1245 1257 ratio
1263 1200 1461 1273 fecisse
1499 1203 1775 1270 videatur,
1807 1211 1865 1257 ut
1904 1204 1961 1258 in
2017 1248 2031 1259 .

378 1284 872 1351 transmigratione
913 1284 1122 1348 Tharae,
1151 1301 1263 1355 qua
1294 1283 1568 1338 Chaldaeos
1607 1283 1862 1340 deserens
1901 1287 1965 1340 in

379 1366 827 1435 Mesopotamiam
857 1362 1106 1433 transiit,
1128 1365 1290 1422 nulla
1310 1362 1421 1435 ﬁlii
1439 1369 1556 1435 ejus
1578 1365 1796 1422 Nachor
1814 1368 1966 1434 facta

376 1448 452 1505 sit
480 1447 701 1505 mentio.

378 1578 601 1635 Deinde
631 1584 903 1635 narratur
933 1580 1428 1651 quemadmodum
1459 1581 1648 1637 Thura
1672 1597 1806 1638 cum
1840 1579 1962 1637 suis

307 1660 606 1731 regionem
639 1659 941 1732 reliquerit
970 1660 1397 1728 Chaldaeorum,
1431 1667 1487 1717 et
1513 1663 1726 1717 venerit
1759 1662 1817 1717 in
1851 1662 1964 1716 Me-

308 1740 700 1812 sopotaniam,
733 1747 789 1796 et
820 1740 1161 1796 habitaverit
1202 1743 1259 1796 in
1307 1742 1526 1798 Charra
1555 1759 1568 1797 :
1602 1746 1827 1798 tacetur
1856 1759 1962 1797 au-

306 1826 424 1877 tem
455 1822 529 1877 de
552 1838 667 1876 uno
698 1821 826 1892 ejus
869 1821 1010 1890 (ilio,
1044 1821 1144 1893 qui
1191 1826 1504 1878 vocabatur
1550 1823 1798 1891 Nachor,
1833 1827 1960 1878 tan-

303 1918 477 1971 quam
510 1919 644 1957 eum
677 1919 792 1957 non
825 1904 1053 1958 duxerit
1102 1919 1321 1960 secum.
1358 1903 1503 1958 Nam
1538 1906 1615 1959 ita
1647 1914 1915 1959 narratur
1943 1918 1956 1957 :

299 1984 373 2037 Et
394 1984 624 2051 sumpsit
665 1983 838 2037 Thara
885 1984 1076 2038 Abram
1120 1984 1301 2053 ﬁlium
1346 2001 1531 2049 suum,
1562 1989 1614 2039 et
1661 1986 1753 2039 Lat
1781 1983 1960 2053 [ilium

297 2061 476 2131 Aron,
502 2061 680 2131 filium
712 2062 821 2132 ﬁlii
851 2064 963 2127 sui,
986 2071 1039 2118 et
1070 2062 1264 2117 Soram
1286 2079 1492 2117 nurum
1512 2079 1693 2129 suam,
1724 2077 1959 2117 uxorem

299 2141 525 2196 Abram
551 2141 665 2211 ﬁlii
692 2141 803 2207 sui,
833 2150 886 2196 et
922 2142 1117 2197 eduxit
1166 2142 1293 2197 illos
1321 2141 1386 2197 de
1414 2143 1634 2212 regione
1665 2140 1960 2197 Clutidan-

299 2238 439 2275 rum
486 2223 568 2275 ire
596 2223 658 2275 in
697 2225 906 2276 terram
935 2222 1234 2278 Chanaan:
1263 2227 1315 2277 et
1361 2223 1513 2277 venit
1567 2224 1627 2276 in
1666 2222 1959 2287 Charram,

302 2306 360 2356 et
393 2300 671 2355 habitavit
695 2301 775 2355 ibi
803 2301 988 2369 (Ibid.,
1022 2301 1133 2371 3i).
1166 2300 1465 2372 Nusquam
1496 2302 1591 2357 hic
1635 2302 1964 2357 nominatus

297 2386 399 2436 est
422 2380 671 2448 Nachor,
696 2387 754 2436 et
776 2398 918 2437 uxor
935 2385 1062 2451 ejus
1085 2382 1328 2437 Melcha.
1348 2382 1461 2438 Sed
1482 2384 1813 2437 invenimus
1838 2398 1964 2454 pos-

295 2465 418 2525 tea,
454 2476 589 2515 cum
621 2476 846 2515 servum
879 2478 1051 2516 suum
1101 2463 1358 2517 mitteret
1387 2463 1676 2517 Abraham
1703 2464 1772 2517 ad
1806 2462 1959 2518 acci-

293 2540 579 2611 piendam
614 2556 851 2595 uxorem
904 2541 1021 2597 {ilio
1066 2558 1172 2597 suo
1204 2544 1387 2605 Isaac,
1434 2543 1867 2612 ita'scriptum:
1899 2542 1963 2598 Et

292 2622 511 2691 accepit
540 2636 677 2689 puer
703 2619 885 2676 decem
916 2623 1157 2677 camelos
1186 2622 1252 2677 de
1271 2623 1496 2679 camelis
1524 2622 1741 2678 domini
1769 2626 1879 2691 sui,
1912 2630 1963 2678 et

292 2701 360 2758 de
410 2701 668 2759 omnibus
715 2703 871 2757 bonis
917 2702 1130 2758 domini
1174 2705 1264 2758 sui
1306 2719 1509 2767 secum.
1560 2709 1610 2760 et
1660 2719 1962 2772 exsurgens

291 2783 577 2853 profectus
599 2783 683 2836 est
727 2780 788 2836 in
836 2781 1278 2849 Mesopotamiam
1324 2785 1383 2837 in
1432 2784 1710 2839 civitatem
1749 2784 1965 2841 Nachor

290 2860 398 2933 (Id.
441 2876 595 2927 xxiv,
626 2860 735 2931 10).
773 2860 889 2917 Isto
919 2864 978 2916 et
1008 2861 1139 2916 aliis
1169 2878 1344 2917 sacrae
1367 2861 1541 2933 hujus
1563 2862 1817 2917 historia:
1849 2869 1964 2918 tes-

291 2941 575 2997 timoniis
617 2940 949 2996 ostenditur
995 2940 1171 2996 etiam
1217 2939 1448 2996 Nachor
1496 2942 1669 2997 frater
1714 2941 1962 2996 Abrahae

290 3021 496 3083 exisse
543 3021 616 3078 de
665 3021 901 3092 regione
941 3019 1365 3084 Chaldaeorum,
1413 3020 1697 3091 sedesque
1742 3020 1960 3076 consti-

290 3101 494 3159 tuisse
525 3101 587 3158 in
615 3099 1053 3173 Mesopotamia,
1088 3100 1186 3157 ubi
1219 3117 1353 3156 cum
1386 3106 1549 3172 patre
1588 3117 1696 3157 suo
1727 3100 1961 3156 habita-

289 3187 469 3245 verat
496 3181 813 3239 Abraham.
844 3185 959 3239 Cur
988 3198 1123 3255 ergo
1153 3181 1455 3255 Scriptura
1487 3198 1619 3238 cum
1654 3198 1767 3239 non
1801 3197 1962 3243 com-

294 3263 679 3333 memoravit,
735 3265 966 3335 quando
1015 3279 1083 3319 ex
1132 3268 1304 3337 gente
1352 3262 1618 3325 Chaldzea
1664 3279 1798 3319 cum
1841 3262 1964 3319 suis

297 3344 602 3417 profectus
639 3356 729 3402 est
754 3341 964 3411 Thura,
996 3347 1054 3399 et
1085 3342 1374 3401 habitavit
1422 3344 1480 3399 in
1523 3341 1962 3413 Mesopotamia,

298 3423 394 3482 ubi
428 3440 553 3481 non
588 3422 774 3479 solum
826 3422 1110 3479 Abraham
1159 3421 1316 3478 ﬁlius
1361 3424 1511 3494 ejus,
1552 3438 1755 3479 verum
1788 3422 1964 3477 etiam

296 3504 480 3561 Sarra
515 3520 701 3560 nurus
749 3507 806 3560 et
854 3503 956 3561 Lot
1005 3519 1183 3574 nepos
1230 3502 1359 3572 ejus
1404 3504 1963 3566 commemorantur,

295 3584 459 3659 quod
492 3600 595 3647 eos
627 3585 855 3640 duxerit
876 3601 1075 3641 secum
1096 3582 1123 3638 τ
1152 3583 1283 3647 Cur,
1335 3587 1630 3653 putamus,
1676 3580 1787 3635 nisi
1822 3581 1965 3635 forte

297 3666 461 3738 quod
516 3683 551 3720 a
598 3670 832 3733 paterna
880 3668 936 3719 et
984 3665 1238 3719 fraterna
1286 3662 1498 3732 pietate
1532 3660 1875 3724 desciverat,
1906 3662 1963 3713 et

297 3744 715 3818 superstitioni
789 3744 1112 3801 adhmserat
1172 3742 1593 3810 Chaldaeorum,
1655 3746 1711 3796 et
1770 3746 1969 3811 postea

293 3827 461 3898 inde,
499 3826 624 3883 sive
654 3824 1008 3898 pmnitendo,
1062 3824 1183 3880 sive
1228 3824 1686 3897 persecutionem
1713 3822 1968 3891 'passus,

294 3908 457 3979 quod
514 3911 823 3979 suspectus
869 3906 1203 3971 haberetur,
1253 3910 1309 3962 et
1350 3903 1475 3973 ipse
1517 3901 1874 3974 emigravit?
1905 3902 1968 3957 In

296 3989 454 4046 libro
512 3988 668 4043 enim
721 3986 821 4058 qui
862 3983 1201 4042 inscribitur
1239 3983 1462 4051 Iudith,
1515 3999 1647 4039 cum
1688 3986 1970 4054 quaereret

294 4067 652 4125 Holofernes
686 4066 874 4123 hostis
925 4064 1344 4131 Israelitarum,
1379 4079 1644 4135 quasnam
1678 4078 1819 4133 gens
1864 4060 1969 4118 illa

296 4153 482 4218 esset,
520 4152 718 4205 utrum
770 4148 1049 4203 adversus
1079 4160 1207 4201 eam
1258 4142 1587 4200 bellandum
1632 4143 1853 4209 fuisset,
1887 4140 1973 4196 sic

298 4228 351 4284 ei
401 4228 714 4302 respondit
758 4225 970 4284 Achior
1018 4226 1135 4281 dux
1177 4221 1721 4282 Ammonitarum’:
1772 4222 1974 4276 Audiat

298 4310 573 4368 dominus
600 4317 784 4369 noster
828 4308 1053 4364 verbum
1090 4305 1154 4363 de
1196 4322 1289 4362 ore
1314 4305 1483 4377 pueri
1510 4303 1617 4372 sui,
1646 4306 1709 4359 'et
1739 4304 1974 4373 referam

300 4393 411 4450 tibi
440 4391 743 4450 veritatem
769 4391 836 4448 de
858 4391 1056 4462 popqu
1085 4393 1179 4461 qui
1223 4389 1433 4445 habitat
1465 4387 1631 4458 juxta
1665 4389 1716 4441 te
1745 4387 1972 4441 monta-

298 4490 433 4530 nam
488 4474 636 4529 hanc
656 4474 698 4541 ³,
746 4477 797 4529 et
842 4486 952 4528 non
996 4469 1172 4527 exibit
1220 4469 1567 4525 mendacium
1612 4466 1677 4522 de
1705 4466 1976 4536 oreLservi

297 4557 407 4610 tui.
442 4556 575 4611 Haec
597 4555 748 4611 enim
797 4552 1083 4625 progenies
1111 4546 1306 4620 populi
1351 4554 1431 4604 est
1464 4546 1878 4615 Chaldzorum,
1919 4554 1977 4601 et

300 4646 479 4693 antea
546 4633 937 4691 habitaverunt
984 4630 1446 4701 Mesopotamiam,
1496 4630 1630 4700 quia
1677 4628 1975 4683 noluerunt

298 4717 465 4788 sequi
494 4717 625 4773 deos
651 4724 875 4786 patrum
906 4727 1153 4775 suorum,
1177 4711 1276 4783 qui
1302 4712 1528 4781 fuerunt
1554 4707 1612 4763 in
1645 4713 1793 4764 terra
1820 4705 1976 4762 Chat-

297 4794 563 4853 daeorum
607 4794 858 4865 gloriosi,
889 4792 981 4848 sed
1007 4792 1421 4851 declinaverunt
1452 4788 1518 4844 de
1559 4789 1655 4847 via
1682 4796 1975 4859 parentum

299 4891 548 4933 suorum
575 4879 629 4932 et
648 4874 1013 4933 adoraverunt
1038 4872 1207 4927 Deum
1236 4871 1377 4938 cali,
1400 4884 1560 4941 quem
1588 4868 1973 4939 cognoverunt,

301 4962 357 5014 et
389 4960 750 5030 proiecerunt
781 4970 870 5011 eos
908 4971 941 5009 a
981 4953 1130 5027 facie
1174 4950 1396 5008 deorum
1446 4964 1695 5016 suorum,
1736 4951 1786 5004 et
1813 4946 1977 5020 fuge-

378 5194 396 5230 ί
431 5190 623 5248 Abest,
654 5188 821 5245 Sara,
853 5200 885 5238 a
914 5185 1010 5238 Ms.
1042 5185 1152 5237 258.
1188 5184 1255 5236 Μ.

373 5254 399 5288 ³
428 5254 563 5303 Mss.
596 5244 1096 5301 Ammanitarum:
1124 5251 1180 5299 et
1214 5248 1375 5309 intra,
1426 5245 1818 5307 Ammanites;
1842 5244 1979 5303 loco,

306 5315 700 5367 Ammonius.

378 5381 403 5415 ³
436 5380 594 5434 Lov.,
624 5386 897 5426 montana
943 5375 1088 5424 haec.
1139 5376 1206 5425 At
1245 5374 1391 5433 Mss.,
1434 5378 1762 5421 montanam
1801 5367 1981 5417 hanc:

307 5442 481 5505 juxta.
511 5442 905 5505 graecum,__ten
929 5438 1160 5505 areian
1188 5440 1399 5505 tauten.

377 5506 465 5567 (a)
512 5494 634 5567 "Hoc
684 5494 849 5567 tradit
876 5502 1153 5567 Iosephus.
1199 5497 1617 5567 Antiquitatumﬁ
1641 5494 1983 5567 deaiﬂcarum

309 5557 510 5640 “5'6-
527 5566 572 5621 ί»
612 5578 742 5640 Pav-
798 5564 850 5626 ⁷»
869 5566 964 5640 ..εδδ
998 5557 1231 5640 Ἠοῖ)Ψὲ
1259 5557 1980 5640 ,ἓξὲΐὲἓέἒὶιὶν

311 5642 439 5741 ciap.
449 5627 511 5739 C2
544 5619 565 5686 ς’
600 5619 849 5691 denique
869 5627 1223 5690 Hieronymus
1257 5624 1316 5673 in
1356 5622 1750 5672 Traditionihus
1776 5619 1983 5670 hebrai-

311 5704 337 5741 c
361 5706 409 5741 ε.
495 5704 724 5741 annuus.

307 5704 409 5742 618.
449 5704 724 5748 UOQUAIUB.

1525 333 1752 395 LIBER
1797 335 2147 401 DECIMUS
2192 339 2510 402 SEXTUS.

3496 356 3499 357 ⁷
3604 360 3721 420 ιρι

2072 477 2203 528 runt
2233 473 2291 528 in
2326 473 2787 548 Mesopotamiam,
2810 484 2861 535 et
2887 481 3281 541 habitaverunt
3311 488 3392 543 ibi
3418 488 3533 547 dies
3576 495 3722 550 mul—

2076 556 2173 606 tos.
2212 554 2470 623 Dixitque
2500 557 2619 612 illis
2650 563 2789 613 Deus
2816 575 3029 629 eorum,
3064 572 3120 618 ut
3163 567 3382 623 exirent
3421 570 3486 624 de
3516 571 3727 629 habita-

2080 633 2230 687 tione
2257 648 2379 699 sua,
2411 639 2461 688 et
2491 637 2633 691 irent
2664 639 2719 691 in
2751 644 2963 695 terram
2996 641 3254 698 Chanaan
3276 662 3297 706 ;
3327 652 3378 700 et
3409 647 3533 703 illic
3564 651 3720 711 habi-

2080 719 2331 797 taverunt
2390 715 2606 783 (Iudith
2665 734 2718 783 v,
2768 719 2925 784 5-9):
2971 727 3027 776 et
3085 729 3289 780 caetera
3346 744 3472 797 quas
3533 737 3726 787 narrat

2078 792 2288 875 Acbior
2317 796 2697 851 Ammonites.
2734 798 2896 854 Unde
2940 804 3312 859 manifestum
3353 792 3461 875 est,
3494 810 3723 868 domum

2078 874 2273 927 Thura:
2323 880 2779 945 persecutionem
2832 897 3060 950 passam
3125 883 3307 941 fuisse
3364 903 3397 941 a
3444 874 3727 951 Chaldaeis

2077 969 2183 1088 pro
2202 970 2347 1089 ἔθη).
2380 960 2611 1027 pietate,
2643 975 2756 1030 qua
2789 977 2941 1017 unus
2974 967 3031 1018 et
3074 979 3242 1021 verus
3273 967 3344 1022 ab
3371 968 3453 1025 eis
3485 971 3725 1033 coleba-

2108 1050 2172 1089 ur
2254 1052 2378 1089 eus.

2108 1050 2172 1089 ur
2202 1050 2378 1094 U808.

2077 1188 2312 1249 CAPUT
2344 1192 2480 1249 XIV.
2514 1223 2581 1237 -
2605 1196 2676 1253 De
2704 1198 2869 1254 annis
2902 1200 3112 1269 Tharae,
3146 1201 3244 1273 qui
3273 1205 3332 1258 in
3365 1203 3577 1270 Charra
3600 1209 3729 1267 vita

2577 1293 2688 1333 suae
2719 1284 2930 1352 tempus
2960 1284 3226 1354 implevit.

2146 1413 2429 1470 Defuncto
2487 1419 2681 1471 autem
2738 1417 2929 1473 Thara
2996 1418 3054 1474 in
3127 1421 3563 1493 MesOpotamia,
3626 1425 3724 1479 ubi

2074 1495 2283 1549 vixisse
2319 1494 2657 1564 perhibetur
2684 1497 2960 1554 decentos
2992 1506 3050 1554 et
3080 1502 3337 1573 quinque
3367 1521 3575 1567 annos,
3602 1505 3724 1573 jam

2073 1574 2363 1646 incipiunt
2396 1576 2636 1631 indicari
2675 1579 2832 1632 facite
2865 1581 2933 1633 ad
2968 1581 3260 1637 Abraham
3307 1584 3727 1654 promissiones

2073 1656 2194 1723 Dei,
2230 1660 2380 1729 quod
2413 1659 2491 1713 ita
2524 1659 2807 1729 scriptum
2845 1666 2971 1717 est:
3008 1668 3069 1718 Et
3097 1663 3332 1736 fuerunt
3359 1665 3506 1721 dies1
3543 1667 3729 1731 Thara

2072 1740 2131 1792 in
2155 1738 2361 1794 Charra
2383 1739 2621 1811 quinque
2640 1749 2689 1795 et
2719 1743 2949 1797 ducenti
2995 1746 3152 1813 anni,
3183 1748 3235 1798 et
3266 1755 3516 1800 mortuus
3556 1752 3634 1802 est
3665 1747 3723 1803 in

2073 1819 2285 1874 Charra
2314 1819 2469 1889 (Gen.
2502 1837 2580 1887 x1,
2626 1821 2740 1893 32).
2775 1822 2900 1877 Non
2943 1824 3029 1877 sic
3079 1833 3270 1879 autem
3318 1827 3725 1897 accipiendum

2071 1905 2159 1954 est
2190 1901 2357 1971 quasi
2394 1917 2598 1955 omnes
2632 1901 2737 1955 hos
2770 1902 2895 1957 dies
2926 1902 3005 1957 ibi
3037 1904 3210 1974 egerit
3241 1920 3255 1970 ;
3297 1907 3391 1960 sed
3427 1907 3565 1976 quia
3596 1923 3727 1961 om-

2074 1996 2176 2035 nes
2208 1979 2332 2034 dies
2361 1981 2488 2034 vitae
2520 1997 2660 2046 suae,
2695 1984 2794 2052 qui
2830 1984 3062 2038 fuerunt
3114 1985 3250 2039 anni
3282 1984 3517 2040 ducenti
3550 1987 3723 2057 quin-

2073 2074 2203 2129 que,
2237 2060 2314 2112 ibi
2349 2060 2756 2130 compleverit:
2794 2060 3052 2132 alloquio
3088 2064 3407 2118 nesciretur
3436 2073 3578 2134 quot
3610 2083 3722 2121 an-

2073 2157 2178 2194 nos
2211 2139 2413 2194 vixerit
2433 2141 2646 2205 Thura,
2681 2144 2956 2212 quoniam
2990 2159 3105 2197 non
3131 2143 3335 2211 legitur
3362 2151 3541 2215 quoto
3572 2162 3721 2201 anno

2071 2219 2199 2274 vitae
2249 2236 2366 2274 sua:
2425 2221 2480 2274 in
2531 2221 2807 2277 Charram
2856 2223 3113 2290 venerit;
3164 2231 3215 2279 et
3261 2224 3588 2279 absurdum
3634 2230 3723 2281 est

2072 2300 2402 2354 existimare
2433 2300 2490 2353 in
2521 2298 2813 2355 ista‘serie
2852 2302 3312 2371 generationum,
3347 2302 3447 2357 ubi
3478 2303 3718 2372 diligen-

2072 2386 2158 2436 ter
2205 2385 2693 2435 commemoratur
2754 2387 2897 2451 quot
2949 2397 3132 2435 annos
3197 2384 3444 2452 quisque
3492 2383 3720 2454 vixerit,

2073 2460 2251 2531 hujus
2299 2459 2483 2515 solius
2534 2476 2840 2514 numerum
2895 2477 3183 2515 annorum
3232 2462 3361 2515 vita;
3409 2478 3523 2517 non
3565 2479 3722 2518 com-

2075 2542 2412 2596 mendatum
2473 2558 2601 2596 esse
2655 2542 2970 2595 memoriae.
3028 2539 3186 2603 Quod
3242 2541 3399 2597 enim
3443 2558 3725 2613 quorum-

2072 2622 2229 2688 dam,
2264 2637 2408 2692 quos
2439 2621 2965 2691 eademecriptura
2987 2629 3425 2686 commemorat,
3457 2627 3724 2679 tacentur

2072 2702 2233 2769 anni,
2282 2718 2395 2756 non
2445 2705 2585 2756 sunt
2615 2702 2672 2756 in
2706 2701 2813 2756 hoc
2862 2702 3085 2769 ordine,
3136 2700 3196 2756 in
3240 2716 3350 2771 quo
3387 2707 3720 2770 temporum

2071 2781 2457 2836 dinumeratio
2506 2781 2841 2835 decessione
2889 2780 3257 2851 gignentium
3307 2784 3364 2835 et
3391 2782 3721 2852 genitorum

2073 2861 2441 2914 successione
2473 2860 2814 2914 contexitur.
2870 2861 2985 2916 Iste
3014 2864 3207 2915 autem
3255 2860 3416 2927 ordo,
3451 2860 3549 2933 qui
3575 2860 3720 2916 diri-

2070 2940 2225 3010 gitur
2271 2940 2343 2994 ab
2392 2939 2577 2994 Adam
2636 2956 2822 3010 usque
2871 2939 2941 2993 ad
2988 2938 3124 3005 Noe,
3163 2943 3221 2994 et
3266 2938 3401 2995 inde
3435 2957 3616 3011 usque
3647 2942 3719 2996 ad

2071 3016 2384 3084 Abraham,
2418 3020 2545 3075 sine
2597 3035 2839 3075 numero
2888 3035 3178 3075 annorum
3210 3017 3335 3075 vita
3378 3034 3497 3074 sua:
3532 3018 3720 3077 nemi-

2072 3114 2201 3153 nem
2236 3097 2515 3154 continet.

2070 3259 2446 3317 CAPUT?XV.
2479 3290 2548 3301 —
2578 3260 2652 3315 De
2682 3268 2918 3331 tempore
2947 3261 3301 3332 profectionis
3326 3260 3575 3327 Abrahae,
3610 3276 3720 3333 qua

2247 3339 2542 3397 secundum
2568 3345 2903 3412 praeceptum
2936 3341 3033 3395 Dei
3052 3340 3191 3396 exiit
3221 3340 3285 3395 de
3314 3339 3545 3396 Charra.

2145 3476 2193 3528 1.
2228 3474 2389 3539 Quod
2411 3490 2571 3541 vero,
2604 3478 3060 3529 commemorata
3096 3477 3279 3527 morte
3309 3471 3508 3527 Therae
3542 3472 3724 3541 patris

2074 3553 2383 3620 Abraham,
2435 3552 2647 3607 deinde
2702 3553 2932 3623 legitur,
2994 3554 3060 3606 Et
3112 3552 3258 3606 dixit
3330 3554 3598 3606 Dominus
3654 3553 3724 3607 ad

2074 3635 2294 3689 Abram.
2331 3635 2438 3687 Exi
2466 3632 2531 3687 de
2560 3642 2711 3687 terra
2741 3641 2857 3698 tua,
2884 3636 2939 3685 et
2984 3631 3050 3686 de
3076 3633 3401 3701 cognatione
3431 3640 3543 3695 tua,
3587 3641 3636 3686 et
3664 3631 3728 3688 de

2072 3715 2227 3771 domo
2253 3712 2429 3785 patris
2470 3714 2576 3778 tui,
2607 3718 2664 3767 et
2711 3717 2944 3779 caetera;
2994 3729 3107 3766 non
3160 3712 3300 3783 quia
3330 3712 3435 3767 hoc
3464 3713 3729 3783 sequitur

2072 3796 2131 3850 in
2165 3808 2432 3850 ser.none
2487 3791 2645 3860 libri,
2701 3792 2814 3847 hoc
2860 3792 3033 3845 etiam
3085 3791 3141 3845 in
3194 3807 3384 3845 rerum
3427 3797 3726 3860 gestarum

2076 3883 2331 3946 tempore
2362 3874 2527 3943 sequi
2575 3872 3023 3928 existimandum
3077 3879 3186 3926 est.
3242 3870 3360 3924 Erit
3406 3872 3640 3941 quippe,
3674 3871 3726 3925 si

2075 3957 2155 4011 ita
2204 3960 2312 4022 est,
2362 3952 2694 4008 insolubilis
2726 3951 2991 4023 quaestio.
3041 3951 3176 4006 Post
3211 3950 3330 4006 hec
3360 3950 3517 4005 enim
3558 3951 3730 4006 verba

2078 4035 2200 4102 Dei,
2224 4051 2349 4107 qum
2380 4034 2449 4089 ad
2489 4032 2781 4087 Abraham
2815 4034 2970 4087 facta
3001 4036 3163 4096 sunt,
3196 4031 3495 4103 Scriptura
3520 4030 3602 4085 sic
3635 4029 3725 4085 lo-

2077 4117 2315 4189 quitur:
2349 4116 2411 4170 Et
2436 4116 2575 4171 exiit
2614 4114 2850 4176 Abram,
2899 4111 3350 4183 quemadmodum
3397 4114 3603 4166 loeutus
3650 4120 3729 4167 est

2079 4197 2175 4253 illi
2199 4198 2480 4264 Dominus,
2513 4200 2563 4251 et
2594 4196 2734 4249 abiit
2772 4209 2896 4249 cum
2925 4208 2985 4248 eo
3015 4193 3131 4248 Lot.
3162 4193 3362 4248 Abram
3401 4199 3585 4247 autem
3610 4201 3732 4249 erat

2079 4280 2321 4350 quinque
2350 4284 2404 4334 et
2422 4277 2769 4347 septuaginta
2793 4290 3093 4338 annorum,
3116 4289 3238 4328 cum
3261 4275 3401 4329 exiit
3429 4288 3499 4328 ea:
3520 4272 3732 4329 Charm

2079 4358 2179 4429 (Id.
2213 4375 2315 4427 xu,
2349 4360 2400 4423 1,
2434 4359 2509 4427 4).
2544 4356 2844 4421 Quomodo
2892 4359 3083 4425 potest
3128 4354 3235 4409 hoc
3265 4369 3466 4409 verum
3499 4369 3649 4423 esse,
3681 4353 3731 4409 si

2081 4442 2212 4511 post
2233 4443 2479 4493 mortem
2515 4437 2690 4507 patris
2720 4435 2810 4490 sui
2830 4435 2970 4491 exiit
2999 4436 3070 4490 de
3102 4435 3321 4490 Charra
3342 4434 3369 4489 ‘l
3397 4435 3540 4490 Cum
3574 4435 3730 4491 enim

2079 4522 2235 4575 esset
2262 4518 2451 4571 Thura
2482 4515 2845 4587 septuaginta
2892 4531 3203 4583 annorum,
3258 4516 3412 4571 sicut
3444 4530 3623 4585 supra
3648 4513 3734 4569 in-

2082 4599 2350 4655 timatum
2380 4602 2489 4665 est,
2520 4599 2724 4667 genuit
2752 4596 3077 4651 Abraham:
3113 4594 3202 4650 cui
3257 4610 3496 4649 numero
3522 4593 3732 4649 additis

2081 4676 2447 4750 septuaginta
2477 4677 2737 4747 quinque
2768 4676 2965 4741 annis,
2998 4692 3145 4746 quos
3177 4674 3380 4745 agebat
3411 4674 3729 4740 Abraham,

2082 4759 2314 4832 quando
2334 4772 2605 4829 egressus
2637 4760 2726 4810 est
2755 4754 2826 4809 de
2856 4754 3095 4821 Charra,
3140 4754 3291 4807 ﬁunt
3319 4750 3457 4805 anni
3489 4756 3727 4805 centum

2082 4837 2471 4911 quadraginta
2524 4835 2803 4907 quinque.
2866 4835 2965 4888 Tot
3024 4833 3209 4902 igitur
3263 4845 3548 4911 annorum
3601 4832 3730 4883 erat

2079 4921 2289 4987 Thara,
2340 4919 2572 4990 quando
2620 4916 2762 4972 exiit
2811 4914 3099 4970 Abraham
3145 4913 3217 4967 de
3265 4910 3377 4990 illa,
3407 4911 3732 4981 Mesopota-

2082 5003 2212 5056 mia:
2242 4989 2510 5055 civitate:
2544 5000 2748 5069 agebat
2777 4996 2934 5052 enim
2968 5008 3185 5049 annum
3228 4989 3414 5047 astatis
3445 5005 3567 5045 sum
3597 5006 3733 5069 sepe

2080 5080 2466 5153 tuagesimum
2516 5068 2825 5150 quintum;
2861 5091 2925 5130 ac
2976 5090 3078 5145 per
3110 5072 3216 5128 hoc
3257 5074 3423 5143 pater
3453 5072 3603 5153 ejus,
3635 5068 3735 5141 qui

2083 5149 2214 5218 cum
2243 5149 2671 5231 septuagesimo
2704 5173 2856 5212 anno
2909 5172 3015 5212 suo
3065 5156 3365 5225 genuerat,
3414 5149 3737 5231 agebat,ut

2083 5244 2303 5299 dictum
2328 5246 2436 5310 est,
2464 5230 2859 5297 centesimum
2912 5234 3431 5306 quadragesimum
3478 5239 3531 5285 et
3562 5230 3736 5300 quin-

2085 5335 2229 5381 tum.
2287 5324 2413 5379 Non
2460 5336 2595 5392 ergo
2649 5319 2786 5373 inde
2836 5322 2967 5388 post
3021 5324 3261 5372 mortem
3313 5312 3516 5385 patris,
3552 5310 3608 5365 id
3645 5314 3735 5392 est

2084 5412 2216 5480 post
2245 5391 2542 5461 ducentos,
2574 5400 2833 5473 quinque
2883 5415 3091 5469 annos,
3143 5395 3357 5468 quibus
3399 5398 3563 5466 pater
3606 5391 3735 5463 ejus

2152 5618 2167 5652 ί
2199 5615 2344 5671 Lov.,
2374 5610 2445 5660 Et
2470 5612 2711 5671 fuerunt
2739 5621 2926 5671 omnes
2946 5598 3079 5653 dies.
3113 5602 3294 5662 Abest,
3325 5614 3583 5663 omnes,a
3613 5614 3735 5654 cae-

2085 5678 2212 5728 teris
2244 5669 2396 5725 libi-is
2428 5669 2482 5724 et
2509 5687 2542 5723 a
2569 5685 2752 5735 graeco
2782 5669 2922 5719 LXX.
