4138 6192
1859 151 1886 172 ρ

443 349 560 406 495

444 487 604 552 vixit,
629 499 900 557 egressus
933 487 1053 540 est:
1085 485 1184 539 sed
1232 501 1422 541 annus
1468 487 1539 540 de
1569 485 1668 540 illo
1702 485 1825 541 loco
1859 487 2082 556 profec-

442 567 618 622 tionis
648 567 795 634 ejus,
828 565 1097 634 quoniam
1130 564 1318 636 ipsius
1350 567 1820 637 septuagesimus
1852 567 2091 637 quintus

443 651 588 710 erat,
623 646 820 714 procul
861 645 1036 699 dubio
1071 647 1252 714 patris
1284 648 1430 714 ejus,
1475 648 1576 717 qui
1611 662 1743 701 eum
1777 653 2088 718 septuage-

445 728 593 780 simo
637 741 742 780 suo
773 741 924 780 anno
954 732 1250 794 genuerat,
1303 731 1657 781 centesimus
1709 729 2088 799 quadragesi-

444 825 574 864 mus
606 807 848 879 quintus
899 808 1074 862 fuisse
1121 809 1437 880 colligitur.
1489 815 1570 864 Ac
1604 827 1703 880 per
1736 811 1840 864 hoc
1872 810 2092 864 intelli-

443 888 697 959 gendum
729 891 816 940 est
851 902 1010 941 more
1041 904 1146 942 suo
1195 890 1556 959 Scripturam
1592 889 1811 944 redisse
1844 891 1909 943 ad
1946 894 2093 944 tem-

442 985 574 1038 pus,
608 968 762 1037 quod
797 968 922 1036 jam
954 969 1204 1024 narratio
1231 969 1335 1023 illa
1367 970 1713 1026 transierat:
1750 972 1897 1025 sicut
1921 987 2091 1040 supe—

443 1048 586 1112 rius,
620 1064 753 1101 cum
789 1047 933 1102 lilios
969 1048 1217 1104 ﬁliorum
1248 1054 1364 1104 Noe
1387 1056 1918 1116 commemorasset,
1951 1051 2096 1105 dixit

442 1124 567 1179 illos
596 1125 776 1180 fuisse
825 1126 882 1180 in
931 1127 1201 1197 gentibus
1228 1133 1283 1183 et
1317 1127 1531 1198 linguis
1564 1130 1683 1182 suis
1711 1129 1866 1199 (Gen.
1890 1147 1946 1196 x,
1977 1129 2091 1198 31),

442 1209 498 1259 et
529 1209 718 1259 tamen
753 1215 954 1276 postea
983 1209 1151 1276 quasi
1194 1209 1302 1263 hoc
1332 1209 1509 1263 etiam
1543 1209 1599 1263 in
1634 1212 1837 1264 ordine
1869 1215 2094 1278 tempo-

444 1301 570 1340 rum
603 1291 958 1356 sequeretur,
986 1289 1048 1340 Et
1081 1295 1224 1354 erat,
1257 1289 1467 1358 inquit,
1499 1289 1677 1344 omnis
1707 1295 1859 1344 terra
1887 1289 2096 1343 tabium

443 1382 634 1431 unum,
687 1375 736 1420 et
788 1383 892 1422 vox
937 1385 1048 1422 una
1098 1369 1347 1424 omnibus
1391 1370 1491 1438 (ld.
1547 1386 1624 1435 x1,
1672 1371 1742 1439 l).
1795 1369 2094 1432 Quomodo

443 1464 578 1518 ergo
603 1451 924 1502 secundum
960 1466 1098 1504 suae
1129 1458 1330 1521 gentes
1371 1456 1426 1506 et
1457 1452 1774 1506 secundum
1809 1467 1948 1506 suas
1982 1451 2095 1503 lin-

443 1544 588 1598 guas
621 1529 866 1595 erant,si
894 1546 1009 1582 una
1035 1535 1158 1584 erat
1189 1531 1505 1597 omnibus;
1543 1531 1654 1585 nisi
1687 1532 1825 1601 quia
1855 1531 1927 1585 ad
1952 1530 2093 1584 illud

443 1608 593 1675 quod
620 1609 744 1676 jam
779 1612 1084 1663 transierat
1117 1609 1556 1680 recapitulando
1590 1616 1679 1664 est
1703 1627 1927 1665 reversa
1962 1627 2100 1664 nar-

443 1688 586 1741 ratio
607 1686 634 1740 ?
665 1688 760 1742 Sic
786 1704 920 1757 ergo
953 1696 1008 1741 et
1042 1690 1133 1744 hic
1164 1707 1297 1745 cum
1329 1692 1548 1744 dictum
1572 1697 1747 1757 esset,
1777 1694 1839 1745 Et
1870 1693 2096 1759 fuerunt

442 1766 557 1820 dies
608 1767 791 1820 Tharte
835 1770 893 1821 in
942 1769 1152 1824 Charra
1200 1773 1442 1841 quinque
1489 1777 1539 1824 et
1588 1774 1814 1826 ducenti
1858 1774 2018 1834 anni,
2049 1780 2100 1828 et

443 1852 692 1900 mortuus
747 1855 821 1901 est
860 1848 1034 1902 Thara
1091 1849 1150 1903 in
1209 1850 1424 1904 Charra
1476 1851 1663 1919 (Ibid,
1715 1854 1835 1916 31):
1889 1852 2098 1905 deinde

443 1926 738 1994 Scriptura
771 1929 1059 1982 redeundo
1094 1930 1162 1983 ad
1197 1930 1251 1982 id
1279 1933 1425 1998 quod
1462 1932 1590 1985 ideo
1625 1937 2096 2000 praetermiserat,

448 2009 510 2059 ut
543 2008 699 2076 prius
743 2008 812 2059 de
851 2007 1042 2062 Thara
1073 2009 1127 2062 id
1163 2011 1316 2078 quod
1354 2009 1689 2064 inchoatum
1729 2014 1902 2065 fueral
1939 2026 2095 2064 com-

446 2086 722 2156 pleretur,
752 2091 813 2141 Et
844 2088 1017 2152 dixit,
1073 2090 1282 2159 inquit,
1337 2092 1595 2144 Dominus
1639 2090 1708 2144 ad
1741 2092 1960 2148 Abram.
1998 2091 2097 2144 Exi

445 2165 508 2220 de
539 2176 686 2220 terra
737 2177 849 2234 tua,
895 2176 952 2222 et
992 2176 1214 2224 cmtera.
1264 2172 1396 2224 Post
1440 2188 1569 2240 quae
1600 2171 1698 2224 Dei
1741 2171 1913 2224 verba
1957 2172 2100 2224 sub-

440 2247 732 2316 jungitur,
765 2248 830 2301 Et
857 2249 996 2302 exiit
1025 2250 1247 2312 Abram,
1281 2250 1734 2320 quemadmodum
1779 2252 1991 2306 locutus
2019 2255 2100 2304 est

447 2324 536 2378 illi
567 2327 851 2394 Dominus,
884 2339 934 2382 et
962 2329 1101 2382 abiit
1131 2345 1255 2383 cum
1283 2345 1342 2385 eo
1372 2333 1466 2384 Lot
1487 2348 1505 2384 :
1537 2332 1736 2386 Abram
1768 2336 1950 2384 autem
1982 2333 2099 2385 erat

447 2405 688 2475 quinque
741 2417 792 2460 et
850 2412 1198 2477 septuaginta
1271 2426 1561 2477 annorum,
1633 2427 1758 2464 cum
1833 2412 1972 2464 exiit
2030 2425 2100 2464 ex

450 2487 678 2542 Charra.
709 2486 868 2542 Tunc
903 2490 1099 2560 itaque
1131 2491 1348 2544 factum
1384 2499 1492 2557 est,
1526 2497 1756 2561 quando
1782 2506 1940 2562 pater
1969 2494 2097 2559 ejus

449 2571 834 2622 centesimum
881 2573 1396 2641 quadragesimum
1448 2579 1502 2626 et
1553 2575 1821 2642 quintum
1877 2589 2098 2626 annum

447 2651 656 2717 agebat
694 2652 912 2704 astatis:
967 2658 1105 2705 tunc
1154 2669 1308 2705 enim
1361 2654 1465 2706 luit
1517 2653 1690 2721 hujus
1742 2653 2096 2722 septuagesio

451 2745 582 2782 mus
623 2733 861 2800 quintus
912 2732 1010 2802 (a).
1045 2733 1246 2787 Saluta
1278 2741 1365 2786 est
1395 2746 1582 2788 autem
1631 2738 1869 2802 quaestio
1901 2735 2012 2787 ista
2041 2740 2101 2788 et

452 2811 638 2874 aliter,
673 2816 734 2862 ut
757 2821 1112 2882 septuaginta
1131 2813 1388 2882 quinque
1409 2816 1544 2867 anni
1571 2814 1834 2875 Abrahae,
1862 2811 2097 2883 quando

451 2902 717 2954 egressus
749 2895 836 2944 est
866 2891 935 2944 de
967 2895 1204 2958 Cbarra,
1239 2909 1306 2946 ex
1354 2894 1452 2946 illo
1501 2900 1999 2963 compaturentur,
2031 2908 2099 2946 ex

452 2981 564 3034 quo
613 2968 681 3022 de
731 2972 862 3040 igne
911 2970 1312 3025 Chaldaeorum
1359 2973 1658 3036 liberatus,
1704 2988 1820 3027 non
1868 2987 1935 3025 ex
1986 2988 2096 3039 quo

451 3054 622 3101 natus
671 3055 778 3118 est,
821 3055 1100 3121 tanquam
1145 3058 1284 3106 tunc
1333 3055 1522 3121 potius
1568 3058 1742 3106 natus
1791 3052 2098 3107 habendus

450 3128 525 3181 sit
558 3127 652 3197 (b).

517 3211 570 3260 2.
595 3208 703 3263 Sed
738 3209 937 3264 beatus
959 3209 1290 3281 Stephanus
1323 3211 1380 3266 in
1417 3212 1656 3266 Actibus
1684 3211 2092 3282 Apostolorum

449 3303 580 3342 cum
634 3289 747 3342 ista
793 3300 1072 3352 narraret,
1125 3290 1278 3356 Deus,
1325 3292 1528 3360 inquit,
1585 3289 1780 3361 glorix
1831 3291 2098 3361 apparuit

445 3367 675 3422 Abrahae
695 3368 846 3438 patri
871 3376 1072 3435 nostra,
1090 3385 1214 3423 cum
1245 3375 1377 3424 esset
1408 3371 1466 3424 in
1489 3370 1890 3439 Mesopotamia,
1916 3372 2096 3440 prius-

445 3467 609 3521 quam
641 3451 914 3506 habitaret
960 3454 1020 3505 in
1077 3452 1319 3518 Charra,
1369 3456 1417 3507 et
1465 3455 1546 3508 ait
1576 3454 1645 3508 ad
1677 3454 1868 3518 illum,
1899 3453 2005 3508 Exi
2032 3453 2098 3508 de

445 3537 598 3586 terra
627 3541 742 3594 tua,
770 3540 818 3586 et
848 3536 914 3586 de
943 3533 1262 3602 cognatione
1285 3540 1400 3599 tua,
1432 3542 1480 3588 et
1509 3533 1572 3588 de
1593 3535 1747 3588 domo
1775 3533 1954 3604 patris
1987 3536 2095 3599 tui,

445 3616 497 3666 et
531 3615 734 3666 veniin
763 3617 992 3676 terram,
1017 3629 1180 3683 quam
1202 3612 1307 3667 tibi
1329 3612 1728 3670 demonstrabo.
1763 3612 2094 3668 Secundum

447 3693 571 3746 hzec
602 3694 778 3748 verba
813 3696 1090 3764 Stephani
1143 3711 1254 3748 non
1305 3703 1436 3765 post
1471 3700 1714 3750 mortem
1757 3697 1936 3764 patris
1967 3695 2096 3762 ejus

449 3773 680 3828 locutus
730 3785 809 3828 est
859 3781 1010 3829 Deus
1061 3776 1327 3841 Abrahae,
1382 3777 1481 3845 qui
1533 3779 1726 3840 utijue
1775 3776 1832 3828 in
1881 3775 2096 3829 Charra

450 3861 708 3908 mortuus
739 3863 847 3915 est,
885 3855 979 3908 ubi
1029 3870 1158 3908 cum
1208 3855 1306 3908 illo
1337 3864 1389 3908 et
1420 3855 1544 3924 ipse
1577 3854 1733 3910 lilius
1777 3854 2050 3908 habitavit
2080 3870 2095 3919 ;

445 3936 545 3990 sed
596 3934 934 4005 priusquam
985 3935 1274 3990 habitaret
1325 3935 1383 3988 in
1428 3938 1630 3990 eadem
1681 3934 1934 4000 civitate,
1977 3935 2091 4002 jam

443 4023 637 4071 tamen
669 4032 804 4069 cum
836 4020 988 4069 esset
1021 4015 1078 4068 in
1131 4014 1567 4083 Mesopotamia.
1603 4016 1735 4070 Jam
1767 4029 1904 4083 ergo
1935 4015 2091 4068 exie-

445 4105 593 4152 rata
632 4096 932 4151 Chaldaeis.
968 4096 1125 4158 Quod
1175 4101 1370 4164 itaque
1419 4097 1686 4166 adjungit
1731 4095 2090 4160 Stephanus,

446 4180 589 4233 Tunc
619 4177 894 4231 Abraham
923 4192 1167 4246 egressus
1209 4182 1286 4231 est
1315 4177 1378 4230 de
1422 4182 1570 4230 terra
1602 4174 2005 4242 Chaldaeorum,
2039 4179 2091 4228 et

443 4260 715 4314 habitavit
745 4259 805 4312 in
855 4260 1082 4325 Charra,
1116 4274 1230 4311 non
1262 4259 1651 4312 demonstrat'
1687 4256 1824 4324 quid
1859 4255 1934 4309 sit
1973 4257 2086 4309 fac-

443 4345 588 4408 tum,
622 4350 994 4410 posteaquam
1028 4339 1254 4393 locutus
1275 4344 1361 4391 est
1394 4338 1476 4391 illi
1508 4337 1656 4390 Dem
1688 4338 1899 4405 (neque
1930 4337 2087 4392 enim

443 4428 572 4490 post
602 4422 702 4476 illa
732 4421 832 4474 Dei
866 4421 1037 4474 verba
1079 4433 1352 4489 egressus
1385 4424 1472 4471 est
1510 4417 1580 4469 de
1612 4423 1759 4470 terra
1789 4416 2089 4472 Chaldaeo-

442 4517 594 4569 rum,
621 4518 754 4556 cum
784 4500 934 4554 dicat
966 4499 1016 4554 ei
1042 4498 1298 4552 locutum
1326 4496 1509 4550 Deum
1536 4511 1668 4551 cum
1699 4501 1853 4551 esset
1883 4498 1940 4550 in
1974 4497 2088 4552 Me-

441 4581 810 4653 sopotamia),
871 4579 972 4635 sed
1029 4579 1099 4632 ad
1152 4581 1341 4631 totum
1392 4576 1534 4630 illud
1578 4582 1806 4647 tempus
1841 4579 2089 4648 pertinet

443 4664 593 4734 quod
628 4665 728 4729 ait,
765 4663 922 4727 Tunc,
947 4661 1003 4713 id
1027 4663 1136 4725 est,
1169 4674 1236 4714 ex
1265 4674 1375 4727 quo
1407 4673 1677 4727 egressus
1731 4663 1821 4713 est
1853 4676 1884 4713 a
1915 4657 2085 4713 Chal-

439 4746 597 4811 daeis,
632 4749 686 4796 et
730 4742 1016 4796 habitavit
1059 4743 1114 4795 in
1165 4739 1398 4794 Charra.
1433 4739 1576 4794 Item
1614 4740 1765 4809 quod
1801 4740 2081 4809 sequitur,

439 4825 502 4878 Et
534 4824 660 4879 inde
699 4828 984 4893 pastquam
1028 4828 1281 4875 mortuus
1313 4829 1391 4874 est
1441 4831 1594 4890 pater
1623 4822 1759 4890 ejus,
1792 4819 2085 4874 collocavit

437 4905 596 4959 illum
628 4905 688 4958 in
720 4913 866 4958 terra
898 4903 1016 4970 hac,
1044 4906 1100 4958 in
1133 4920 1248 4974 qua
1291 4918 1382 4958 vos
1423 4917 1567 4956 nunc
1597 4899 1878 4964 habitatis,
1908 4905 1958 4955 et
1981 4918 2086 4970 pa-

437 4991 549 5038 tres
579 4987 746 5040 vestri
777 4985 906 5052 (Art.
943 5002 1038 5050 vu,
1072 4985 1230 5052 2-4):
1282 5000 1394 5036 non
1429 4984 1530 5046 ait,
1565 4981 1879 5051 Postquam
1927 4997 2084 5035 mor-

437 5070 574 5122 tuus
599 5073 689 5122 est
720 5072 878 5135 pater
911 5067 1055 5135 ejus,
1090 5067 1228 5119 exiit
1269 5067 1336 5119 de
1383 5065 1636 5132 Charra;
1670 5064 1772 5118 sed
1819 5063 1949 5118 inde
1989 5063 2084 5118 hic

504 5264 517 5294 ι
553 5262 800 5316 Verbum,
832 5257 1189 5308 demonstrat,
1221 5255 1371 5304 abest
1398 5267 1430 5302 a
1462 5255 1584 5302 Mss.

502 5325 571 5386 (a)
609 5324 754 5373 Conf.
787 5323 998 5378 Quaest.
1029 5319 1086 5386 in
1115 5318 1264 5386 (ian,
1296 5333 1348 5379 q.
1378 5317 1460 5364 26.

501 5379 570 5446 (ὁ)
598 5386 801 5436 Solutio
844 5386 972 5431 haec
1018 5382 1084 5429 ab
1141 5381 1460 5446 Hieronymo
1506 5379 1788 5446 profertur,
1831 5379 1991 5428 ducta
2019 5391 2086 5426 ex

440 5443 724 5498 traditione
754 5448 1124 5496 Hebraeorum.
1168 5443 1260 5505 qui
1303 5444 1570 5492 Abraham
1599 5444 1654 5490 in
1701 5444 1895 5504 ignem,
1926 5455 2083 5502 quem

437 5512 654 5560 adorare
673 5513 853 5570 nollet,
875 5509 1169 5570 conjectum
1197 5505 1538 5565 aChaldaeis,
1568 5507 1797 5568 indeque
1825 5505 2086 5554 divinitus

435 5573 718 5623 liberatum
748 5575 985 5623 narrant.

1494 346 1596 406 DE
1639 345 1996 406 CIVITATE
2043 348 2194 422 DEI,
2243 347 2305 408 S.
2351 350 2776 414 AUGUSTINI

3727 357 3840 420 496

2195 505 2330 569 cum
2360 491 2682 560 collocavit,
2718 499 3024 566 postquam
3077 501 3341 552 mortuus
3373 500 3462 553 est
3496 502 3659 569 pater
3687 499 3840 568 ejus.

2199 568 2648 643 Intelligendum
2683 581 2770 630 est
2808 576 2984 646 igitur
3033 573 3291 632 locutum
3345 568 3528 633 Deum
3564 577 3744 632 fuisse
3773 577 3842 632 ad

2197 654 2508 721 Abraham,
2539 671 2667 709 cum
2719 666 2868 712 esset
2917 657 2975 711 in
3027 657 3465 728 Mesopotamia,
3501 661 3844 731 priusquam

2197 732 2487 789 habitaret
2536 735 2594 789 in
2645 735 2900 802 Charra;
2934 738 3032 792 sed
3086 754 3217 793 eum
3254 740 3310 794 in
3341 739 3612 794 Charram
3651 756 3845 809 perve-

2197 813 2356 868 nisse
2386 830 2514 868 cum
2551 821 2728 887 patre,
2765 823 2986 872 retento
3017 819 3172 888 apud
3211 833 3272 874 se
3319 825 3606 891 praecepto
3640 819 3762 884 Dei,
3795 829 3847 876 et

2197 892 2333 947 inde
2362 895 2551 951 exisse
2581 899 3011 968 septuagesimo
3042 904 3098 953 et
3134 900 3337 970 quinto
3369 917 3496 967 suo,
3533 902 3718 972 patris
3749 918 3850 956 au-

2199 978 2316 1028 tem
2348 976 2440 1030 sui
2471 980 2786 1033 centesimo
2815 979 3258 1050 quadragesimo
3290 982 3491 1052 quinto
3525 998 3699 1036 anno.
3726 983 3851 1038 Col-

2197 1053 2540 1110 locationem
2594 1074 2724 1112 vero
2755 1059 2885 1128 ejus
2936 1060 2992 1112 in
3045 1067 3190 1116 terra
3238 1061 3532 1129 Chanaan,
3569 1079 3683 1117 non
3721 1079 3852 1132 pro-

2202 1135 2505 1190 fectionem
2539 1137 2610 1191 de
2639 1137 2872 1207 Charra,
2907 1146 3037 1210 post
3078 1147 3319 1196 mortem
3353 1141 3534 1212 patris
3581 1143 3709 1211 ejus
3740 1143 3852 1198 fac-

2201 1220 2316 1270 tam
2349 1232 2474 1272 esse
2504 1217 2644 1274 dicit
2669 1236 2682 1285 ;
2707 1219 2844 1288 quia
2886 1223 3001 1288 jam
3049 1225 3314 1277 mortuus
3357 1226 3476 1277 erat
3507 1229 3673 1293 pater
3701 1224 3848 1294 ejus,

2202 1297 2436 1366 quando
2467 1298 2607 1352 emit
2636 1303 2872 1360 terram,
2905 1303 3071 1370 cujus
3122 1301 3201 1354 ibi
3245 1301 3368 1370 jam
3403 1317 3522 1356 suae
3563 1301 3643 1356 rei
3677 1303 3850 1374 coepit

2201 1391 2330 1431 esse
2352 1393 2669 1447 possessor.
2701 1380 2861 1442 Quod
2914 1386 3107 1435 autem
3160 1381 3280 1450 jam
3328 1381 3385 1436 in
3431 1381 3854 1453 Mesopotamia

2201 1459 2532 1528 constituto,
2565 1459 2672 1514 hoc
2701 1466 2791 1516 est
2830 1461 2952 1530 jam
2987 1478 3220 1533 egresso
3254 1463 3325 1517 de
3367 1469 3521 1516 terra
3550 1461 3852 1518 Chaldaeo-

2203 1555 2353 1604 rum,
2387 1539 2527 1594 dicit
2566 1541 2739 1602 Deus,
2779 1543 2885 1596 Exi
2929 1543 2996 1597 de
3025 1547 3176 1598 terra
3207 1547 3322 1609 tua,
3349 1552 3400 1597 et
3428 1545 3497 1598 de
3525 1547 3852 1614 cognatione

2202 1627 2317 1685 tua,
2346 1625 2394 1674 et
2417 1619 2481 1674 de
2509 1620 2664 1675 domo
2694 1621 2873 1687 patris
2905 1625 3028 1686 tui;
3057 1639 3172 1677 non
3203 1628 3266 1676 ut
3291 1639 3504 1693 corpus
3529 1625 3662 1678 inde
3685 1625 3858 1693 ejice-

2204 1708 2304 1763 ret,
2340 1702 2492 1770 quod
2521 1702 2641 1770 jam
2679 1702 2904 1768 fecerat,
2937 1704 3038 1757 sed
3063 1709 3127 1757 ut
3147 1703 3410 1758 animum
3444 1703 3734 1769 evelleret,
3768 1704 3853 1758 di-

2203 1779 2374 1834 citur.
2432 1783 2555 1834 Non
2605 1783 2760 1836 enim
2812 1783 3029 1837 exierat
3077 1783 3209 1836 inde
3260 1783 3482 1851 animo,
3513 1783 3561 1837 si
3613 1800 3712 1852 spe
3757 1801 3854 1840 reo

2203 1861 2415 1915 deundi
2449 1866 2504 1915 et
2533 1862 2818 1916 desiderio
2852 1864 3172 1928 tenebatur,
3208 1880 3330 1933 quae
3371 1880 3508 1933 spes
3539 1869 3596 1918 et
3621 1865 3850 1920 deside.

2206 1943 2378 2006 rium,
2413 1940 2528 1995 Deo
2561 1943 2806 2010 jubente
2844 1959 2909 1999 ac
2948 1943 3216 2013 juvante,
3267 1949 3324 1998 et
3381 1943 3478 1997 illo
3527 1943 3850 2010 obediente,

2207 2023 2392 2075 fuerat
2420 2025 2862 2091 amputandum.
2897 2023 3021 2078 Non
3066 2040 3206 2078 sane
3252 2023 3672 2079 incredibiliter
3699 2025 3852 2080 exis«

2205 2104 2462 2169 timatur,
2495 2120 2626 2158 cum
2672 2112 2871 2176 postea
2909 2111 3145 2160 secutus
3175 2111 3327 2160 esset
3373 2103 3600 2160 Nachor
3633 2113 3855 2176 patrem

2205 2199 2394 2247 suum,
2424 2188 2563 2238 tunc
2591 2185 2882 2240 Abraham
2918 2194 3266 2256 praeceptum
3293 2185 3519 2238 Domini
3555 2185 3859 2256 implesse,

2206 2270 2269 2318 ut
2315 2281 2449 2318 cum
2505 2265 2677 2320 Sarra
2725 2267 2971 2336 conjuge
3015 2282 3122 2319 sua
3166 2271 3222 2320 et
3253 2264 3358 2319 Lot
3391 2265 3508 2319 filio
3548 2265 3738 2320 fratris
3759 2268 3861 2322 sui

2205 2345 2380 2398 exiret
2420 2347 2490 2400 de
2520 2344 2752 2401 Charra.

2203 2511 2436 2566 CAPUT
2467 2511 2606 2566 XVI.
2640 2543 2706 2551 —
2741 2511 2810 2566 De
2838 2509 3029 2566 ordine
3059 2518 3108 2565 et
3136 2513 3404 2581 qualitate
3432 2513 3856 2582 promissionum

2506 2591 2624 2661 Dei,
2654 2609 2773 2663 quae
2803 2591 2870 2646 ad
2904 2591 3178 2646 Abraham
3206 2595 3370 2659 [actae
3399 2600 3550 2648 sunt.

2273 2729 2399 2784 Jam
2433 2727 2861 2782 considerandis
2900 2733 3037 2782 sunt
3081 2727 3501 2798 promissiones
3549 2729 3652 2784 Dei
3695 2730 3854 2784 facta

2203 2811 2270 2864 ad
2307 2809 2615 2863 Abraham.
2673 2807 2737 2861 In
2793 2809 2880 2862 bis
2912 2809 3069 2862 enim
3131 2813 3420 2876 apertiora
3451 2810 3548 2864 Dei
3610 2809 3856 2878 nostri',

2201 2891 2310 2946 hoc
2343 2898 2430 2946 est
2461 2893 2557 2945 Dei
2591 2891 2727 2957 veri,
2762 2889 2995 2945 oracula
3024 2907 3300 2960 apparere
3333 2897 3629 2961 coeperunt
3659 2893 3730 2946 de
3762 2908 3862 2962 po-

2204 2973 2342 3044 pulo
2378 2972 2663 3044 piorum',
2697 2988 2868 3042 quem
2901 2970 3234 3041 prophetica
3275 2972 3682 3041 praenuntiavit
3715 2987 3864 3028 auc-

2200 3055 2423 3108 toritas.
2458 3051 2668 3106 Harum
2704 3053 2887 3121 prima
2917 3051 2996 3106 ita
3048 3052 3287 3123 legitur:
3319 3052 3380 3105 Et
3407 3053 3558 3105 dixit
3590 3052 3861 3107 Dominus

2201 3133 2270 3188 ad
2300 3134 2535 3187 Abram:
2566 3133 2674 3186 Exi
2704 3131 2768 3187 de
2796 3136 2946 3187 terra
2978 3136 3094 3197 tua,
3125 3135 3173 3186 et
3213 3131 3278 3186 de
3305 3133 3632 3200 cognatione
3660 3137 3776 3199 tua,
3801 3135 3860 3187 et

2201 3213 2264 3268 de
2291 3214 2448 3267 domo
2475 3218 2648 3283 patris
2679 3216 2782 3279 tui,
2817 3217 2865 3268 et
2895 3213 3029 3267 vade
3072 3212 3131 3266 in
3163 3221 3389 3276 terram,
3422 3229 3586 3282 quam
3630 3212 3733 3267 tibi
3761 3212 3856 3267 de-

2202 3298 2614 3354 monstravers;
2653 3295 2704 3346 et
2748 3295 2951 3362 [actam
3003 3302 3054 3347 te
3101 3292 3161 3346 in
3214 3301 3428 3361 gentem
3484 3308 3763 3369 magnam,
3798 3295 3854 3347 et

2204 3375 2519 3429 benedicam
2565 3378 2638 3434 te.
2689 3377 2738 3428 et
2783 3373 3142 3444 magniﬁcabo
3184 3389 3378 3428 nomen
3427 3380 3606 3442 tuum,
3637 3378 3685 3428 et
3737 3373 3858 3429 eris

2203 3455 2534 3521 benedictus,
2557 3465 2607 3508 et
2641 3453 2951 3508 benedz’cam
3000 3452 3374 3508 benedicentes
3418 3464 3491 3522 te,
3542 3458 3592 3508 et
3624 3452 3856 3507 maledi-

2199 3551 2318 3589 cam
2349 3534 2733 3589 matedicentes
2761 3537 2832 3598 te,
2856 3539 2903 3588 et
2938 3535 3327 3588 benedicentur
3351 3536 3408 3587 in
3455 3544 3505 3588 te
3534 3549 3718 3588 omnes
3750 3536 3854 3588 tri-

2202 3616 2296 3669 bus
2325 3625 2507 3670 terra.
2542 3613 2974 3668 Advertendum
3015 3619 3102 3668 est
3146 3613 3343 3685 igitur,
3389 3614 3534 3668 duas
3578 3630 3670 3668 res
3713 3629 3850 3683 pro-

2203 3697 2413 3750 missas
2440 3694 2673 3749 Abrahae
2700 3711 2712 3748 :
2740 3709 2911 3748 unam
2959 3693 3202 3759 scilicet,
3235 3695 3387 3763 quod
3435 3704 3641 3748 terram
3689 3693 3855 3748 Cha-

2201 3791 2347 3829 naan
2384 3791 2786 3846 possessurum
2838 3774 3026 3829 fuerat
3055 3790 3255 3828 semen
3289 3776 3434 3844 ejus,
3469 3775 3623 3844 quod
3659 3773 3851 3843 signi-

2203 3855 2425 3920 (luatur,
2467 3856 2562 3909 ubi
2613 3856 2835 3909 dictum
2886 3859 2994 3923 est,
3033 3854 3168 3910 Vade
3199 3856 3255 3908 in
3283 3863 3506 3922 terram,
3539 3870 3711 3924 quam
3741 3852 3852 3908 tibi

2197 3934 2652 4003 demonstravero,
2710 3939 2761 3990 et
2808 3933 3015 4003 [ariam
3065 3941 3115 3988 te
3167 3935 3221 3987 in
3271 3943 3483 4002 gentem
3531 3950 3790 4004 magnam
3825 3950 3847 3988 :

2197 4016 2368 4069 aliam
2421 4032 2553 4070 vero
2605 4017 2773 4086 longe
2818 4015 3296 4085 praestantiorem,
3337 4031 3446 4068 non
3494 4015 3566 4068 de
3597 4013 3846 4083 carnali,

2194 4097 2294 4150 sed
2330 4097 2397 4150 de
2431 4096 2720 4166 spirituali
2769 4096 3006 4161 semine,
3045 4111 3138 4163 per
3168 4096 3320 4164 quod
3375 4100 3535 4164 pater
3582 4097 3688 4160 est,
3723 4109 3843 4149 non

2197 4180 2368 4232 unius
2401 4178 2589 4248 gentis
2623 4178 2968 4242 Israeliticae,
3000 4177 3099 4230 sed
3132 4175 3394 4231 omnium
3426 4175 3683 4248 gentium
3709 4192 3844 4246 quas

2197 4258 2323 4311 fidei
2370 4261 2498 4326 ejus
2550 4258 2792 4328 vestigia
2851 4262 3304 4327 consequuntur,
3359 4257 3510 4328 quod
3578 4257 3844 4327 promitti

2193 4338 2359 4405 coepit
2394 4338 2480 4392 his
2510 4339 2727 4405 verbis,
2755 4339 2817 4392 Et
2847 4336 3236 4392 benedicentur
3267 4337 3324 4391 in
3370 4343 3420 4392 te
3449 4352 3634 4392 omnes
3661 4336 3845 4391 tribus

2192 4426 2370 4473 terra.
2408 4418 2564 4472 Hanc
2597 4418 3038 4489 promissionem
3075 4422 3284 4472 factam
3320 4417 3636 4471 arbitratur
3667 4417 3846 4472 Euse-

2195 4499 2321 4553 bius
2354 4499 2774 4570 septuagesimo
2795 4500 2998 4569 quinto
3031 4515 3181 4553 anno
3203 4499 3386 4553 aetatis
3420 4497 3674 4557 Ahrahte.
3709 4502 3844 4552 tan-

2193 4596 2369 4650 quam
2396 4597 2522 4634 mox
2556 4585 2618 4633 ut
2650 4581 2794 4634 facta
2824 4584 2933 4646 est,
2968 4579 3036 4633 de
3054 4578 3271 4634 Charra
3291 4578 3490 4634 exierit
3513 4576 3839 4632 Abraham:

2193 4660 2466 4731 quoniam
2499 4660 2807 4730 Scriptura:
2839 4659 3154 4714 contradici
3190 4675 3301 4713 non
3335 4663 3545 4728 potest,
3569 4658 3665 4712 ubi
3700 4656 3844 4728 legi-

2193 4749 2303 4810 tur,
2345 4742 2545 4795 Abram
2591 4745 2712 4794 erat
2759 4742 2998 4810 quinque
3041 4744 3094 4793 et
3141 4740 3497 4809 septuaginta
3539 4753 3840 4804 annorum,

2191 4838 2314 4877 cum
2345 4823 2486 4876 exiit
2521 4837 2589 4876 ex
2614 4820 2822 4875 Charra
2861 4819 3014 4891 (Gen.
3049 4836 3147 4886 xu,
3185 4819 3328 4885 1-4).
3371 4819 3479 4873 Sed
3513 4818 3562 4873 si
3586 4835 3651 4873 eo
3683 4834 3841 4874 anno

2193 4902 2342 4956 facta
2373 4908 2457 4956 est
2489 4904 2594 4956 ista
2627 4901 2956 4971 promissio,
2985 4900 3104 4970 jam
3139 4898 3334 4968 utique
3364 4899 3420 4952 in
3453 4897 3670 4953 Charra
3700 4913 3839 4953 cum

2193 4989 2354 5053 patre
2411 4999 2516 5037 suo
2573 4983 2987 5036 demorabatur
3044 4979 3362 5033 Abraham.
3423 4977 3622 5049 Neque
3676 4979 3838 5032 enim

2191 5066 2326 5120 inde
2346 5066 2499 5119 exire
2531 5069 2741 5134 posset,
2777 5064 2884 5117 nisi
2929 5064 3087 5133 prius
3137 5061 3213 5116 ibi
3257 5061 3600 5116 habitasset.
3649 5061 3839 5115 Num-

2190 5146 2466 5214 quidnam
2500 5161 2635 5216 ergo
2667 5145 3082 5200 contradicitur
3111 5143 3404 5214 Stephano
3427 5143 3666 5197 dicenti:
3693 5141 3841 5196 Deus

2189 5228 2387 5295 gtorix
2417 5225 2683 5296 apparuit
2734 5225 2968 5281 Abrahae
3014 5227 3161 5297 patri
3209 5228 3393 5281 nostro
3435 5241 3556 5280 cum
3604 5227 3742 5280 esset
3775 5223 3840 5280 in

2188 5307 2594 5376 Mesopotamia,
2637 5307 2956 5380 priusquam
2999 5306 3268 5361 habitaret
3318 5309 3375 5360 in
3427 5305 3643 5362 Charra
3694 5306 3836 5378 (Act.

2253 5508 2270 5541 ι
2303 5507 2388 5555 Sic
2416 5508 2536 5556 Mss.
2567 5508 2635 5556 At
2662 5509 2783 5556 Lov.
2820 5506 3051 5556 Domini
3080 5505 3259 5555 nostri
3285 5507 3418 5556 Jesu
3444 5505 3674 5559 Christi.

2251 5568 2273 5600 ²
2303 5570 2552 5618 Nonnulli
2574 5571 2796 5626 codices,
2829 5571 3157 5631 impiorum.
