4138 6192
351 322 469 381 ἂ97

348 537 498 626 {acta
528 539 906 626 sintomnia,
941 552 996 602 et
1044 547 1146 603 Dei
1205 537 1514 621 promissio
1573 563 1887 626 antequam
1936 559 1996 616 in

345 616 558 700 Charra
590 620 880 679 habitaret
913 616 1227 700 Abraham,
1269 638 1327 686 et
1375 634 1433 688 in
1466 619 1682 691 Charra
1715 616 1996 696 habitatio

345 699 493 791 ejus,
528 706 585 755 et
615 702 749 791 inde
780 705 1092 791 profectio:
1146 727 1260 767 non
1315 714 1501 769 solum
1549 718 1686 786 quia
1711 718 1996 776 Eusebius

343 779 402 834 in
433 779 738 838 Chronicis
759 786 829 840 ab
862 802 1016 842 anno
1059 789 1232 861 hujus
1259 779 1667 863 promissionis
1699 807 1994 858 computat

343 863 698 950 etoostendit
752 870 1380 950 post_quadringentos
1425 879 1483 930 et
1525 878 1762 943 triginta
1808 863 1993 938 annos

339 946 719 1028 exitumesse
752 946 822 1028 de
869 947 1130 1019 Egypto,
1183 955 1418 1023 quando
1460 955 1549 1011 lex
1581 958 1712 1012 data
1743 968 1866 1028 est;
1900 979 1993 1017 ve-

339 1035 467 1107 rum
499 1025 674 1078 etiam
707 1026 847 1095 quia
874 1027 930 1082 id
964 1040 1380 1090 commemorat
1427 1037 1727 1107 apostolus
1778 1025 1992 1098 Paulus

334 1099 540 1171 (Galat.
575 1119 656 1171 ιιι,
685 1107 790 1176 17).

330 1267 564 1359 CAPU'I:
581 1270 746 1328 XVII.
781 1303 850 1315 —-
883 1275 953 1332 De
1007 1277 1188 1333 tribus
1215 1274 1698 1340 eicellentioribus
1727 1289 1984 1359 gentium

402 1364 610 1418 regnis,
629 1369 861 1423 quorum
882 1371 1077 1426 unum,
1103 1359 1167 1414 id
1185 1365 1260 1415 est
1274 1361 1641 1434 Assyriorum,
1663 1366 1791 1435 jam
1809 1369 1988 1424 Abra-

400 1441 530 1500 ham
557 1440 571 1474 ¹
604 1446 789 1514 genito
808 1445 1106 1503 sublimius
1130 1451 1426 1508 eminebat.

397 1583 506 1637 Per
537 1581 692 1637 idem
727 1586 956 1654 tempus
975 1582 1292 1640 eminentia
1317 1602 1492 1660 regna
1513 1597 1677 1645 erant
1694 1592 1980 1661 gentium.

321 1659 382 1716 in
418 1661 634 1731 quibus
657 1661 1104 1732 terrigenarum,
1129 1665 1348 1734 civitas,
1375 1667 1584 1724 hocest
1605 1659 1849 1726 societas
1874 1673 1982 1728 ho-

321 1740 539 1796 minum
569 1743 896 1797 secundum
929 1741 1223 1798 hominem
1255 1747 1598 1814 viventium,
1646 1752 1756 1806 sub
1801 1752 1980 1807 domi-

315 1831 455 1876 natu
491 1824 840 1895 angelorum
890 1823 1255 1880 desertorum
1291 1827 1585 1899 insignius
1616 1831 1976 1895 excellebat:

317 1917 494 1985 regna
507 1904 777 1985 videlicet
790 1903 916 1967 tria,
935 1903 1782 1980 Sicyoniorum,/Egyptiorum,
1801 1916 1977 1985 Assy-

314 1983 559 2064 riorum.
593 1984 702 2039 Sed
729 1990 1092 2055 Assyriorum
1119 1988 1297 2042 multo
1328 1995 1450 2043 erat
1483 1991 1776 2060 potentius
1798 1983 1977 2064 atque

315 2063 906 2144 sublimius.Namrex
931 2065 1025 2120 ille
1057 2066 1241 2120 Ninus
1274 2068 1392 2123 Beli
1415 2070 1592 2138 ﬁlius,
1614 2078 1850 2144 excepta
1873 2063 1976 2128 ln—

316 2142 727 2207 dia,universte
746 2147 890 2198 Asiae
912 2145 1155 2214 populos
1168 2142 1801 2217 subjugaveraLAsiain
1820 2169 1974 2207 nunc

315 2222 592 2291 dico,non
624 2224 782 2278 illam
828 2228 1045 2294 partem
1073 2243 1199 2295 qua
1227 2227 1402 2296 hujus
1425 2231 1660 2298 majoris
1682 2233 1824 2285 Asiae
1858 2249 1976 2287 una

316 2303 621 2373 provincia
642 2305 857 2367 88t,86ll
880 2320 1003 2358 eam
1037 2322 1163 2376 quae
1188 2309 1459 2363 universa
1498 2311 1631 2365 Asia
1673 2328 1976 2382 nuncupa-

314 2386 623 2453 tur,qusm
643 2383 883 2454 quidam
901 2383 958 2438 in
983 2384 1165 2441 altera
1181 2387 1455 2455 duarum,
1483 2389 1740 2460 plerique
1777 2399 1970 2447 autem

320 2464 379 2517 in
409 2467 579 2520 tertia
599 2466 775 2520 totius
795 2465 952 2520 orbis
974 2474 1134 2537 parte
1167 2477 1585 2540 posuerunt,ut
1605 2473 1718 2529 sint
1742 2491 1973 2541 omnes,

307 2542 472 2623 Arsia,
520 2544 768 2614 Europa,
814 2550 869 2599 et
900 2546 1091 2600 Africa
1124 2561 1136 2601 :
1174 2549 1328 2617 quod
1387 2566 1504 2606 non
1562 2552 1769 2623 aequali
1829 2554 1972 2608 divi-

317 2622 486 2677 sione
518 2624 798 2705 fecerunt.
839 2626 1236 2696 Namqueista
1269 2645 1395 2699 quae
1426 2631 1561 2686 Asia
1595 2622 1972 2705 nuncupatur

315 2718 349 2757 a
381 2703 625 2784 meridie
640 2719 742 2774 per
757 2705 1036 2759 orientem
1058 2721 1242 2778 usque
1273 2710 1340 2763 ad
1361 2703 1813 2780 septentrionem
1841 2730 1972 2784 per-

310 2782 473 2837 venit
505 2799 519 2837 :
555 2784 782 2854 Europa
812 2800 942 2839 vero
974 2802 1007 2839 a
1030 2788 1422 2857 septentrione
1455 2805 1641 2861 usque
1699 2793 1769 2847 ad
1812 2782 1969 2848 occi-

305 2863 587 2928 dentem;
621 2869 796 2934 atque
846 2865 976 2920 inde
1032 2867 1221 2921 Africa
1304 2868 1375 2922 ab
1434 2870 1730 2926 occidente
1781 2888 1969 2942 usque

303 2944 373 2998 ad
410 2944 736 2998 meridiem.
773 2944 934 3000 Unde
963 2945 1237 3002 videntur
1265 2949 1460 3004 orbem
1494 2951 1804 3006 dimidium
1837 2953 1968 3008 dum

300 3027 526 3089 tenere,
553 3023 780 3095 Europa
806 3029 864 3080 et
895 3025 1101 3091 Africa,
1127 3027 1304 3081 alium
1339 3044 1468 3083 vero
1501 3029 1811 3085 dimidium
1843 3032 1966 3086 sola

301 3103 466 3160 Asia.
502 3103 614 3158 Sed
645 3105 773 3159 ideo
823 3104 938 3159 illae
982 3106 1111 3161 dum
1159 3111 1350 3177 partes
1398 3109 1560 3164 factae
1611 3115 1768 3176 sunt,
1828 3113 1966 3182 quia

299 3185 456 3239 inter
513 3189 824 3256 utramque
883 3185 954 3239 ab
999 3185 1231 3242 Oceano
1287 3189 1616 3258 ingreditur
1673 3191 1960 3263 quidquid

299 3281 594 3336 aquarum
626 3270 812 3320 terras
859 3265 1140 3330 interluit,
1201 3273 1257 3322 et
1315 3269 1421 3324 hoc
1468 3285 1626 3325 mare
1684 3287 1960 3337 magnum

300 3346 479 3401 nobis
513 3346 668 3400 facit.
710 3347 1073 3416 Quapropter
1121 3347 1258 3402 siin
1303 3349 1451 3404 duas
1512 3354 1702 3418 partes
1759 3351 1960 3405 orbem

299 3425 550 3492 dividas,
583 3425 836 3481 Orientis
866 3431 924 3481 et
953 3427 1306 3494 Occidentis,
1338 3430 1474 3482 Asia
1511 3430 1619 3483 erit
1647 3430 1704 3484 in
1739 3446 1876 3494 una,
1900 3429 1959 3482 in

296 3503 488 3560 altera
516 3520 650 3559 vero
685 3505 908 3574 EurOpa
965 3511 1020 3560 et
1067 3506 1279 3561 Africa.
1343 3508 1726 3572 Quamobrem
1779 3508 1960 3561 trium

297 3600 616 3655 regnorum
650 3584 690 3651 ³,
726 3601 851 3656 qua;
882 3590 1024 3640 tunc
1048 3585 1476 3656 praecellebant,
1509 3588 1732 3641 scilicet
1760 3587 1956 3655 Sicyo-

297 3664 534 3720 niorum
570 3681 682 3720 non
713 3670 835 3720 erat
865 3666 972 3720 sub
994 3666 1411 3737 Assyriis,quia
1440 3666 1499 3720 in
1531 3666 1752 3734 Europa
1779 3671 1956 3719 sunt:

293 3744 702 3816 Egyptiorum
735 3752 929 3801 autem
963 3745 1253 3814 quomodo
1276 3747 1360 3800 eis
1392 3762 1504 3800 non
1535 3746 1894 3815 subjacebat,
1926 3761 1958 3800 a

294 3831 516 3900 quibus
547 3832 667 3882 tota
699 3828 825 3882 Asia
865 3832 1182 3894 tenebatur,
1217 3826 1359 3883 solis
1421 3827 1598 3892 Indis,
1645 3830 1711 3880 ut
1761 3826 1958 3898 perhi-

292 3909 495 3977 betur,
526 3908 778 3978 exceptis
807 3907 834 3962 ?
863 3907 926 3962 In
959 3908 1196 3976 Assyria
1225 3909 1407 3978 igitur
1456 3906 1954 3978 prtevalueratdo-

292 3989 560 4044 minatus
585 3987 776 4057 impiae
807 3987 1057 4042 civitatis
1092 4003 1106 4041 :
1142 3987 1317 4057 hujus
1345 3990 1521 4057 caput
1549 3989 1670 4041 erat
1702 3985 1796 4042 illa
1845 3987 1956 4040 Ba-

291 4069 497 4141 bylon,
530 4072 700 4138 cujus
724 4068 1030 4139 terrigenae
1059 4067 1305 4124 civitatis
1338 4083 1549 4123 nomen
1580 4067 1951 4137 aptissimum

290 4156 393 4218 est,
427 4150 495 4205 id
529 4157 613 4204 est
644 4149 944 4204 Confusio.
981 4148 1062 4203 Ibi
1087 4149 1206 4219 jam
1265 4149 1450 4203 Ninus
1500 4148 1778 4218 regnabat
1826 4146 1956 4218 post

292 4237 542 4286 mortem
582 4228 762 4299 patris
793 4228 886 4282 sui
929 4228 1065 4297 Beli,
1092 4229 1190 4300 qui
1216 4229 1438 4299 primus
1469 4227 1586 4282 illic
1619 4235 1953 4297 regnaverat

292 4310 601 4382 sexaginta
629 4309 890 4380 quinque
919 4325 1122 4363 annos.
1145 4309 1323 4363 Filius
1343 4325 1475 4364 vero
1489 4309 1613 4379 ejus
1633 4303 1950 4380 Ninus,'qui

292 4391 578 4448 defuncto
607 4389 759 4461 patri
791 4389 1080 4444 successit
1105 4389 1164 4442 in
1201 4404 1469 4460 regnum,
1523 4389 1951 4460 quinquaginta

295 4472 439 4528 duos
470 4469 736 4543 regnavit
753 4485 961 4535 annos,
991 4477 1045 4524 et
1073 4467 1326 4524 habebat
1371 4470 1431 4523 in
1491 4485 1668 4541 regno
1700 4471 1948 4540 quadra-

292 4553 456 4624 ginta
491 4562 625 4617 tres,
659 4552 896 4622 quando
946 4556 1115 4606 natus
1174 4555 1262 4606 est
1307 4551 1622 4617 Abraham,
1675 4552 1773 4622 qui
1825 4558 1950 4607 erat

291 4651 486 4689 annus
518 4632 752 4688 circiter
796 4630 1148 4687 millesimus
1179 4632 1609 4687 ducentesimus
1639 4639 1773 4688 ante
1803 4650 1949 4689 con-

291 4713 474 4769 ditam
511 4714 779 4782 Romam,
810 4711 988 4767 veluti
1019 4711 1263 4768 alteram
1293 4711 1350 4765 in
1402 4711 1712 4767 Occidente
1759 4715 1943 4785 Baby-

293 4791 538 4849 Ioniam.

291 4957 529 5014 CAPUT
559 4957 756 5016 XVIII.
797 4990 869 5002 -
908 4961 981 5016 De
1008 4962 1206 5016 iterato
1258 4959 1497 5030 allequio
1538 4958 1634 5015 Dei
1678 4958 1750 5014 ad
1779 4959 1947 5016 Abra-

362 5039 625 5111 ham,quo
655 5042 710 5096 ei
737 5047 786 5096 et
814 5043 1014 5097 semini
1039 5046 1161 5111 ejus
1193 5041 1458 5098 Chanaan
1488 5049 1638 5096 terra
1657 5044 1946 5113 promitti—

359 5127 477 5179 tur.

362 5256 649 5325 Egressus
680 5272 815 5328 ergo
846 5257 1141 5314 Abraham
1173 5260 1242 5314 de
1272 5259 1488 5316 Charra
1517 5263 1946 5332 septuagesimo

294 5336 500 5407 quinto
532 5353 685 5393 anno
727 5339 913 5394 astatis
944 5355 1082 5408 suae,
1106 5339 1423 5397 centesimo
1465 5346 1663 5396 autem
1695 5343 1945 5412 quadra-

361 5519 377 5551 ί
413 5516 558 5571 Lov,.
581 5516 714 5577 jam
744 5524 984 5576 tempore
1021 5517 1319 5567 Abraham.

361 5577 409 5647 2.
440 5579 595 5633 Editi,
652 5579 1240 5647 quamohremuunmn
1290 5594 1635 5647 regnorum:
1683 5584 1946 5647 pauloque

299 5641 436 5701 post,
469 5656 708 5703 regnum
727 5642 973 5710 _sc_ilic_et_
984 5642 1403 5710 _Sicyoniorum.
1437 5645 1624 5704 Verba,
1664 5641 1880 5710 unum;
1895 5649 1948 5695 et

299 5715 561 5766 regnum,
591 5717 700 5755 non
727 5704 927 5755 habent
955 5703 1075 5753 Mss.

1569 342 1806 402 LIBER
1848 345 2183 408 DECIMUS
2231 345 2552 407 SEXTUS.

349 471 444 543 vn,
477 456 577 543 2)?_
621 459 732 516 Sed
774 462 1206 536 intelligendum
1258 473 1367 538 est,
1411 474 1560 543 quod
1595 475 1797 531 eodem
1848 495 2000 536 anno

3643 354 3760 415 498

2109 481 2324 549 gesimo
2355 483 2412 534 et
2443 478 2646 549 quinto
2677 479 2858 549 patris
2877 480 2992 548 sui,
3025 496 3158 536 cum
3194 482 3295 538 Lot
3321 482 3438 539 ﬁlio
3472 485 3669 540 fratris
3702 494 3758 545 et

2103 564 2272 615 Sarra
2301 560 2548 630 conjuge
2581 562 2826 624 perrexit
2848 561 2904 614 in
2925 567 3135 616 terram
3170 562 3535 633 Chanaan,et
3560 583 3754 637 perve-

2103 641 2188 695 nit
2229 657 2412 711 usque
2451 640 2525 695 ad
2566 640 2818 705 Sichem,
2856 643 2952 695 ubi
2988 659 3189 696 rursus
3221 647 3442 714 accepit
3489 647 3750 703 divinum

2100 721 2425 786 oraculum,
2457 722 2660 790 dequo
2693 722 2772 775 ita
2793 722 3068 785 scriptum
3101 728 3190 777 est
3221 741 3233 778 :
3266 724 3327 778 Et
3357 729 3614 794 apparuit
3642 731 3753 783 Do-

2099 802 2282 854 minus
2315 800 2558 866 Abrahae,
2591 804 2643 853 et
2675 803 2825 854 dixit
2856 799 2968 863 illi,
3001 800 3211 854 Semini
3240 807 3336 856 tuo
3373 804 3509 857 dabo
3538 810 3749 861 terram

2099 880 2243 935 hanc
2266 879 2421 950 (Gen.
2445 896 2543 944 xu,
2562 881 2640 949 7).
2667 879 2820 934 Nihil
2844 881 2934 935 hic
2958 880 3136 936 deillo
3160 882 3379 937 semine
3399 884 3746 953 promissum

2097 968 2206 1029 est,
2238 960 2296 1016 in
2326 977 2439 1031 quo
2460 967 2620 1032 pater
2654 962 2843 1015 factus
2864 963 3225 1016 estomnium
3247 965 3535 1032 gentium:
3557 967 3652 1019 seil
3678 968 3745 1020 de

2096 1040 2194 1096 illo
2217 1040 2360 1108 solo,
2393 1040 2463 1096 de
2494 1057 2612 1110 quo
2645 1047 2802 1111 pater
2833 1047 2922 1095 est
2953 1042 3129 1096 unius
3161 1043 3490 1098 Israelitica
3522 1048 3742 1115 gentis;

2095 1120 2166 1176 ab
2200 1121 2304 1176 hoc
2327 1121 2481 1176 enim
2507 1122 2729 1176 semine
2761 1126 2913 1176 terra
2942 1121 3043 1175 illa
3072 1138 3345 1191 possessa
3372 1127 3479 1178 est.

2090 1283 2319 1341 CAPUT
2347 1283 2490 1338 XIX.
2524 1317 2589 1325 —
2622 1288 2699 1340 De
2722 1287 2905 1341 Sarrae
2952 1285 3219 1356 pudicitia
3262 1290 3318 1342 in
3365 1291 3601 1360 [Ἐθηρεο
3645 1305 3746 1359 per

2163 1367 2336 1418 Deum
2361 1365 2650 1432 custodita,
2681 1383 2847 1436 quam
2887 1366 3161 1421 Abraham
3188 1383 3297 1422 non
3328 1383 3554 1424 uxorem
3581 1385 3742 1424 suam

2156 1461 2269 1503 esse
2298 1446 2547 1517 dixerat,
2577 1449 2666 1504 sed
2694 1464 2951 1511 sororem.

2156 1589 2371 1643 Deinde
2401 1589 2682 1644 aadificato
2706 1588 2784 1643 ibi
2820 1588 3005 1648 altari,
3034 1589 3371 1644 etinvocuto
3394 1588 3531 1653 Deo,
3561 1588 3739 1644 Abra-

2083 1667 2217 1722 ham
2255 1669 2550 1739 prol‘ectus
2574 1675 2662 1723 est
2693 1669 2845 1732 inde,
2865 1673 2922 1722 et
2941 1668 3222 1723 habitavit
3242 1669 3300 1722 in
3317 1684 3526 1733 eremo,
3560 1674 3737 1738 atque

2081 1748 2215 1804 inde
2247 1750 2328 1804 ire
2361 1749 2417 1803 in
2449 1750 2754 1819 Egyptum
2811 1750 2978 1803 famis
3018 1749 3360 1803 necessitate
3391 1747 3735 1819 compulsus

2081 1834 2190 1882 est.
2225 1828 2332 1884 Ubi
2365 1846 2599 1884 uxorem
2624 1846 2792 1885 suam
2815 1829 2958 1883 dixit
2981 1845 3232 1884 sororem
3251 1830 3404 1895 (Gen.
3424 1845 3526 1894 χιι,
3549 1829 3728 1899 ’7-19),

2081 1907 2226 1962 nihil
2260 1910 2558 1964 mentitus.
2613 1911 2746 1963 Erat
2777 1908 2929 1962 enim
2973 1915 3027 1963 et
3065 1909 3194 1972 hoc,
3240 1909 3376 1978 quia
3412 1907 3734 1977 propinqua

2079 1993 2201 2042 erat
2229 1991 2511 2059 sanguine
2537 2006 2549 2042 :
2580 1989 2921 2044 sicutetiam
2945 1988 3255 2043 Loteadem
3277 1988 3730 2057 propinquitate,

2081 2083 2210 2123 cum
2245 2069 2444 2124 fratris
2475 2072 2602 2140 ejus
2632 2075 2786 2124 esset
2821 2069 2998 2134 filius,
3035 2071 3206 2122 frater
3238 2069 3367 2136 ejus
3400 2073 3483 2122 est
3513 2069 3728 2122 dictus.

2080 2148 2280 2218 Itaque
2312 2166 2544 2203 uxorem
2596 2154 2792 2213 tacuit,
2829 2165 2944 2202 non
2979 2149 3226 2218 negavit,
3259 2149 3526 2218 conjugis
3557 2154 3730 2203 tuen-

2077 2229 2208 2282 dam
2242 2230 2583 2298 pudicitiam
2615 2230 2992 2284 committens
3028 2234 3158 2293 Deo,
3183 2232 3240 2282 et
3265 2228 3556 2282 humanas
3587 2228 3731 2282 insi-

2077 2307 2204 2362 dias
2235 2325 2441 2364 cavens
2473 2314 2536 2365 ut
2566 2309 2773 2363 homo:
2810 2309 3085 2378 quoniam
3117 2307 3163 2362 si
3192 2306 3509 2376 periculum
3542 2323 3732 2374 quan—

2074 2391 2201 2442 tum
2218 2389 2637 2462 caverilpoteral
2651 2404 2785 2456 ,non
2811 2387 3250 2456 caveret,magis
3263 2391 3509 2439 tentaret
3522 2386 3702 2441 Deum
3714 2432 3726 2456 ,

2076 2485 2248 2540 quam
2281 2475 2540 2539 speraret
2569 2470 2628 2523 in
2661 2469 2863 2523 Deum.
2886 2467 2964 2522 De
2986 2484 3102 2538 qua
3134 2483 3192 2520 re
3211 2473 3411 2520 contra
3441 2464 3728 2521 calumni-

2074 2555 2264 2604 antem
2295 2547 2982 2613 FaustumManichasum
3008 2545 3149 2600 satis
3181 2545 3435 2599 diximus
3465 2544 3605 2610 (Lib.
3637 2548 3724 2616 22,

2073 2645 2213 2700 cap.
2251 2630 2358 2699 36).
2420 2629 2681 2698 Denique
2735 2627 2954 2681 factum
2999 2632 3089 2680 est
3158 2624 3312 2695 quod
3361 2625 3432 2678 de
3480 2624 3726 2678 Domino

2073 2708 2448 2780 praesumpsit
2512 2709 2827 2763 Abraham.
2874 2707 3014 2760 Nam
3064 2705 3284 2759 Pharao
3345 2721 3442 2758 rex
3471 2703 3722 2775 zEgypti,

2070 2791 2168 2857 qui
2205 2806 2332 2843 eam
2367 2788 2499 2855 sibi;
2521 2804 2756 2843 uxorem
2817 2794 3134 2855 acceperat.
3169 2785 3424 2855 graviter
3471 2784 3722 2838 afﬂictus

2071 2869 2280 2924 marito
2311 2869 2565 2924 reddidit
2602 2871 2755 2938 (Gen.
2790 2885 2891 2934 xu,
2923 2867 3034 2935 20).
3096 2864 3200 2919 Ubi
3243 2865 3394 2918 absit
3436 2870 3496 2918 ut
3526 2864 3723 2918 creda-

2069 2965 2219 3013 mus,
2251 2947 2765 3004 alienoconcubitu
2801 2947 2979 3001 fuisse
3008 2944 3321 3016 pollutam:
3358 2944 3492 3014 quia
3541 2941 3719 2997 multo
3785 2949 3788 2954 ’

2065 3036 2153 3084 est
2185 3029 2541 3094 credibilius,
2567 3029 2675 3083 hoc
2707 3027 3064 3082 Pharaonem
3095 3026 3276 3080 facere
3306 3023 3719 3078 afflictionibus

2067 3111 2294 3178 magnis
2326 3126 2440 3164 non
2471 3109 2656 3164 fuisse
2688 3109 3064 3179 permissum.

2065 3267 2291 3323 CAPUI‘
2323 3269 2455 3324 XX.
2478 3297 2546 3306 —
2568 3269 2645 3320 De
2663 3268 2958 3320 secessione
2984 3266 3075 3319 Lot
3095 3273 3146 3318 et
3170 3262 3418 3322 Abrahae,
3442 3277 3562 3334 quae
3591 3259 3715 3314 illis

2462 3346 2615 3399 salva
2644 3345 2915 3399 charitate
2944 3344 3292 3413 complacuit.

2137 3489 2380 3542 Reverso
2413 3487 2592 3558 igitur
2610 3486 2900 3540 Abraham
2927 3502 2993 3538 ex
3008 3486 3249 3554 [Egypto
3268 3483 3531 3537 inlocum
3560 3484 3712 3536 unde

2061 3574 2315 3632 venerat,
2349 3575 2484 3621 tunc
2521 3565 2828 3620 Lotl‘ratris
2861 3565 3017 3618 filius
3050 3565 3120 3616 ab
3148 3565 3244 3617 illo
3276 3565 3334 3615 in
3367 3567 3578 3614 terram
3611 3567 3713 3613 So-

2065 3649 2391 3710 domorum,
2428 3645 2586 3698 salva
2618 3643 3226 3710 charitate,discessit.
3255 3640 3465 3694 Divites
3498 3639 3710 3708 quippe

2063 3725 2197 3780 facti
2227 3730 2409 3792 erant,
2437 3722 3044 3794 pastoresquemultos
3060 3736 3329 3791 pecorum
3362 3719 3574 3773 habere
3596 3733 3708 3771 caa-

2064 3805 2518 3876 perant,quibus
2541 3805 2694 3858 inter
2724 3819 2785 3858 se
2808 3802 3156 3870 rixantibus,
3181 3818 3246 3856 eo
3268 3800 3431 3853 modo
3466 3796 3712 3851 familia-

2064 3903 2192 3940 rum
2209 3903 2450 3940 suarum
2469 3900 2786 3952 pugnacem
2806 3882 3156 3937 discordiam
3192 3882 3530 3934 vitaverunt.
3553 3879 3714 3932 Pote-

2063 3974 2149 4024 rat
2180 3968 2397 4039 quippe
2419 3966 2656 4030 hinc,ut
2682 3973 2816 4020 sunt
2849 3966 3128 4030 humana,
3163 3963 3337 4018 etiam
3373 3961 3522 4014 inter
3557 3960 3711 4028 ipsos

2061 4048 2253 4118 aliqua
2285 4049 2405 4102 rixa
2427 4061 2796 4115 consurgere.
2828 4043 3079 4099 Proinde
3100 4043 3208 4098 hoc
3242 4040 3460 4095 malum
3496 4055 3709 4110 praeca-

2060 4130 2248 4185 ventis
2278 4127 2522 4183 Abrahae
2555 4127 2728 4182 verba
2749 4127 2862 4181 ista
2892 4132 3027 4179 sunt
3058 4123 3129 4178 ad
3165 4124 3293 4178 Lot:
3330 4122 3444 4176 Non
3487 4122 3556 4174 sit
3585 4122 3712 4175 rixa

2058 4211 2202 4265 inter
2229 4224 2314 4264 me
2342 4219 2392 4264 et
2421 4214 2557 4272 te,et
2590 4207 2734 4261 inter
2762 4211 3005 4277 pastores
3036 4219 3182 4260 meos
3215 4212 3264 4259 et
3291 4207 3539 4273 pastores
3571 4207 3709 4270 tuos,

2057 4292 2185 4361 quia
2216 4290 2458 4344 homines
2476 4290 2677 4357 fratres
2696 4303 2789 4342 nos
2807 4302 2994 4341 sumus
3020 4303 3038 4340 :
3070 4299 3254 4338 nonne
3283 4298 3398 4337 ecce
3427 4287 3541 4336 tota
3563 4285 3710 4336 terra

2055 4377 2186 4424 ante
2216 4375 2264 4424 te
2287 4375 2368 4424 est
2395 4372 2419 4420 .9
2454 4367 2675 4422 Discede
2702 4384 2734 4421 a
2768 4383 2850 4422 me
2888 4383 2906 4421 :
2936 4369 2983 4421 si
3027 4368 3087 4420 tu
3118 4367 3176 4418 in
3195 4365 3503 4429 sinistram,
3535 4377 3628 4432 ego
3651 4363 3708 4415 in

2055 4451 2344 4514 dextram;
2371 4449 2450 4503 vel
2463 4451 2510 4503 si
2528 4451 2657 4502 tuin
2680 4447 3066 4517 dextram,eg0
3080 4448 3138 4500 in
3157 4447 3438 4499 sinistram
3456 4441 3556 4513 (Id.
3582 4457 3707 4507 xui,

2053 4531 2086 4584 8
2099 4537 2149 4586 et
2167 4530 2396 4601 9).Hinc
2411 4530 2676 4585 fortassis
2693 4530 2891 4585 effecta
2904 4535 2993 4584 est
3021 4531 3170 4583 inter
3187 4527 3450 4583 homines
3467 4524 3708 4596 paciﬁca

2053 4612 2770 4682 consuetudo,utquando
2801 4617 3165 4666 terrenorum
3207 4607 3421 4675 aliquid
3459 4606 3706 4676 partien-

2055 4693 2196 4746 dum
2229 4699 2336 4757 esl,
2374 4691 2558 4760 major
2579 4691 2821 4759 dividat,
2856 4690 3044 4744 minor
3075 4687 3251 4758 eligat
3281 4686 3378 4756 (a).

2049 4855 2281 4912 CAPUT
2307 4854 2448 4912 XXI.
2479 4883 2548 4896 -——
2569 4856 2648 4909 De
2665 4855 2833 4908 tertia
2859 4853 3219 4922 promissione
3235 4851 3348 4912 Dei,
3372 4864 3479 4918 qua
3498 4852 3706 4902 terram

2126 4938 2388 4992 Chanaan
2421 4935 2648 4992 Abrahz
2679 4932 2945 4990 etsemini
2965 4933 3079 4998 eius
3098 4933 3155 4984 in
3181 4935 3505 5000 perpetuum
3534 4926 3704 4998 polli—

2121 5027 2297 5076 cetur.

2122 5163 2264 5218 Cum
2308 5181 2442 5236 ergo
2475 5161 2725 5236 digressi
2759 5164 2978 5230 essent,
3011 5157 3448 5230 separatimque
3481 5153 3703 5236 habita-

2051 5233 2481 5318 renﬁAbrah—am
2497 5233 2667 5300 etLot
2682 5244 3024 5300 necessitate
3037 5241 3432 5298 sustentanda
3447 5233 3700 5298 familiai,

2051 5343 2165 5383 non
2187 5327 2440 5382 foeditate
2455 5326 2843 5392 discordiaa,et
2859 5332 2893 5376 A
2907 5323 3147 5378 braham
3167 5323 3222 5378 in
3241 5326 3390 5378 terra
3402 5319 3701 5382 Chanaan,

2054 5405 2156 5462 Lot
2189 5412 2382 5462 autem
2404 5412 2556 5463 esset
2586 5407 2645 5461 in
2669 5403 2957 5471 Sodomis,
2981 5401 3209 5459 oraculo
3232 5401 3397 5456 tertio
3421 5397 3700 5455 Dominus

2118 5645 2188 5705 (α)
2219 5642 2346 5691 Vide
2381 5641 2583 5704 Senec.,
2613 5643 2851 5705 Excerpt.
2880 5642 3126 5691 Controv.
3160 5641 3250 5690 lib.
3281 5642 3328 5696 6,
3351 5654 3462 5705 cep.
3495 5640 3541 5690 3.
