4138 6192
400 301 518 364 499

400 442 548 498 dixit
575 442 644 499 ad
677 441 972 497 Abraham
1009 459 1022 498 :
1058 443 1360 512 Respiciens
1387 445 1556 500 oculis
1579 447 1686 500 tuis
1717 444 1836 501 vide
1857 461 1892 499 a
1924 442 2044 499 loco

397 525 459 577 in
487 537 592 595 quo
611 532 915 590 nunctues,
947 522 1017 577 ad
1033 525 1437 594 Aquilonem,et
1465 527 1732 593 Africum,
1752 533 1812 581 et
1841 524 2040 580 Orien-

399 609 528 672 tem,
559 610 610 659 et
641 603 829 665 Mare;
875 605 1010 674 quia
1040 621 1258 660 omnem
1308 612 1516 661 terram
1553 620 1721 677 quam
1769 613 1833 661 tu
1878 605 2045 668 vides,

399 683 499 738 tibi
527 684 682 750 dabo,
714 690 771 738 et
797 685 994 739 semini
1019 692 1113 740 tuo
1143 702 1316 756 usque
1343 688 1403 740 in
1449 688 1726 755 saeculum,
1756 691 1807 742 et
1843 687 2050 756 faciam

394 777 579 819 tamen
609 771 763 818 tuum
786 773 1045 835 tanquam
1076 782 1307 820 arenam
1339 776 1515 823 terras.
1549 769 1608 822 Si
1635 773 1812 838 potest
1849 766 2048 837 aliquis

394 843 750 899 dinumerare
766 860 1000 900 arenam
1031 852 1212 911 terrae,
1243 854 1297 901 et
1329 864 1510 903 semen
1543 856 1703 903 tuum
1729 850 2048 936 dinumera-

398 924 560 979 b'ilur.
595 925 834 994 Surgens
845 927 1167 988 perambula
1189 934 1394 982 terram
1407 931 1462 982 in
1496 928 1891 997 longitudinem
1905 925 2046 996 eius,

394 1011 450 1059 et
477 1005 538 1058 in
569 1005 938 1074 latitudinem,
962 1009 1205 1077 quiutibi
1216 1007 1351 1064 dabo
1371 1010 1662 1081 eam(Gen.
1687 1024 1806 1076 xm,
1841 1006 2044 1061 lli-17‘.

395 1087 455 1142 In
489 1086 596 1140 hac
628 1088 1017 1157 promissione
1041 1094 1236 1145 utrum
1270 1090 1346 1145 sit
1373 1092 1550 1146 etiam
1592 1091 1710 1150 illa,
1747 1103 1863 1160 qua
1886 1096 2050 1159 pater

395 1165 584 1220 factus
615 1172 702 1221 est
726 1169 1279 1240 omniumgentium,
1311 1188 1424 1225 non
1453 1171 1750 1226 evidenter
1781 1172 2043 1239 apparet.

397 1245 586 1300 Potest
615 1246 772 1301 enim
807 1249 985 1302 videri
1001 1250 1070 1303 ad
1094 1249 1204 1305 hoc
1224 1251 1526 1337 pertinere.
1551 1253 1621 1337 Et
1641 1250 1847 1337 [ac-iam
1866 1259 2050 1337 semen

393 1327 549 1379 tuum
575 1331 842 1398 tanquam
861 1344 1089 1383 arenam
1104 1336 1294 1385 terra:
1326 1331 1480 1401 quod
1515 1345 1578 1418 ea
1607 1325 1904 1418 locutione
1920 1328 2049 1418 ,ἀίο-

393 1409 520 1458 tum
540 1411 644 1471 est,
662 1423 838 1477 quam
857 1409 1032 1463 Graeci
1057 1409 1629 1482 vocant‘hyperbolen
1665 1425 1829 1481 ;qute
1854 1409 2048 1476 utique

395 1488 615 1555 trepica
646 1491 753 1554 est,
787 1503 900 1541 non
930 1491 1176 1559 pr0pria.
1203 1492 1322 1556 Quo
1354 1497 1548 1546 tamen
1575 1491 1763 1556 modo,
1788 1498 1850 1544 ut
1879 1493 2048 1543 caete-

395 1562 476 1618 ris
509 1565 686 1636 tropis
732 1567 811 1620 uti
864 1568 1046 1623 solere
1092 1569 1475 1639 Scripturam,
1527 1570 1722 1626 nullus
1772 1570 1870 1641 qui
1921 1583 2047 1622 eam

394 1643 618 1712 didicit,
651 1647 912 1719 ambigit.
950 1649 1058 1703 lste
1109 1656 1300 1705 autem
1345 1659 1568 1721 tropus,
1618 1651 1675 1706 id
1713 1658 1798 1706 est
1847 1650 2050 1704 modus

394 1721 728 1791 locutionis,
771 1727 835 1780 fit
879 1730 1112 1820 quando
1253 1732 1406 1820 quod
1455 1732 1685 1820 dicitur,
1737 1731 1909 1820 longe
1962 1736 2053 1820 est

395 1805 673 1874 amplius,
693 1821 862 1876 quam
889 1810 1040 1878 quod
1067 1824 1131 1864 eo
1146 1809 1297 1866 dicto
1316 1811 1704 1881 significatur.
1729 1813 1870 1878 Quis
1889 1810 2046 1865 enim

397 1901 510 1939 non
531 1886 739 1952 videat,
759 1904 934 1959 quam
950 1891 1027 1944 sit
1045 1890 1577 1962 incomparabiliter
1592 1892 1840 1957 amplior
1861 1905 2047 1946 arenis

397 1981 696 2030 numerus,
732 1983 901 2038 quam
937 1974 1127 2039 potest
1165 1987 1288 2026 esse
1330 1975 1590 2028 omnium
1628 1973 1928 2028 hominum
1975 1971 2047 2026 ab

395 2046 521 2114 ipso
552 2045 734 2100 Adam
756 2063 939 2118 usque
968 2051 1038 2103 ad
1071 2051 1385 2106 terminum
1416 2051 1652 2108 saeculi?
1674 2059 1890 2125 quanto
1913 2063 2048 2122 ergo

404 2125 591 2196 magis
624 2141 796 2194 quam
830 2143 1024 2183 semen
1051 2132 1328 2197 Abrahae;
1361 2148 1475 2187 non
1509 2133 1698 2188 solum
1732 2132 1885 2205 quod
1920 2148 2051 2202 per-

406 2203 552 2260 tinet
582 2205 653 2260 ad
706 2205 1082 2264 Israeliticam
1116 2221 1369 2282 gentem,
1417 2229 1617 2269 verum
1667 2203 1843 2268 etiam
1894 2211 2046 2285 quod

403 2290 512 2352 est,
545 2291 602 2339 et
633 2285 892 2342 futurum
951 2293 1059 2357 est,
1112 2297 1432 2349 secundum
1473 2294 1857 2349 imitationem
1894 2292 2048 2360 ﬁdei,

401 2369 518 2420 toto
532 2366 669 2420 orbe
685 2371 904 2422 terraru
917 2370 1043 2424 min
1059 2375 1330 2428 omnibus
1345 2374 1640 2444 gentibus?
1651 2375 1810 2438 Quod
1826 2385 2022 2430 semen
2035 2415 2049 2441 ,

404 2444 464 2498 in
493 2445 926 2514 comparatione
977 2452 1368 2508 multitudinis
1422 2455 1761 2526 impiorum,
1795 2456 2051 2526 profecto

401 2524 463 2581 in
496 2527 696 2596 paucis
727 2539 812 2584 est
845 2546 859 2584 :
895 2533 1161 2602 quamvis
1193 2540 1249 2588 et
1279 2535 1389 2606 ipsi
1424 2524 1588 2608 pauci
1628 2524 1844 2591 faciant
1876 2536 2049 2590 innu-

401 2608 737 2663 merabilem
774 2612 1208 2669 multitudinem
1249 2633 1441 2684 suam,
1476 2633 1598 2688 quis
1620 2619 1949 2688 signiﬁcata
1967 2620 2052 2672 est

401 2689 726 2744 secundum
759 2690 1112 2763 hyperbolen
1139 2712 1241 2766 per
1271 2714 1504 2752 arenam
1539 2705 1722 2753 terrai.
1757 2698 1907 2754 Sane
1939 2698 2054 2751 ista

402 2768 716 2824 multitudo
759 2785 885 2841 qua;
931 2775 1291 2842 promittitur
1331 2778 1600 2844 Abrahae,
1635 2794 1751 2832 non
1800 2779 1910 2832 Deo
1966 2785 2054 2832 est

400 2845 983 2918 innumerabilis,sed
1017 2853 1384 2912 hominibus:
1410 2858 1518 2912 Deo
1543 2863 1734 2912 autem
1757 2873 1861 2912 nec
1876 2872 2054 2911 arena

402 2933 584 3008 terra.
617 2929 866 2986 Proinde
884 2932 1151 3000 quianon
1168 2941 1389 2992 tantum
1421 2952 1565 3008 gens
1589 2937 1924 3004 Israelitica,
1949 2935 2052 2991 sed

400 3006 738 3065 universum
771 3027 972 3067 semen
1016 3013 1284 3081 Abrahae,
1331 3006 1449 3071 ubi
1464 3023 1554 3072 est
1583 3022 1640 3073 et
1670 3016 1975 3088 promissio
2008 3019 2051 3076 'i

399 3103 514 3142 non
546 3091 872 3147 secundum
926 3109 1185 3164 carnem,
1233 3097 1334 3151 sed
1395 3099 1721 3154 secundum
1780 3097 2051 3170 spiritum

399 3167 655 3240 plurium
689 3171 968 3244 ﬁliorum,
1000 3178 1419 3246 congruentius
1459 3194 1644 3234 arenas
1693 3167 2054 3234 multitudini

403 3254 803 3331 comparatur;
841 3257 1028 3324 potest
1059 3255 1152 3311 hic
1175 3255 1418 3329 intelligi
1451 3259 1760 3331 utriusque
1794 3259 1874 3314 rei
1908 3260 2055 3315 facta

408 3330 718 3398 promissio
751 3334 849 3401 (α).
883 3333 994 3390 Sed
1027 3336 1154 3391 ideo
1185 3337 1462 3406 diximus,
1488 3341 1641 3411 quod
1671 3330 1788 3395 non
1824 3340 2054 3395 eviden-

407 3413 494 3464 ter
524 3419 821 3481 appareat,
847 3414 982 3484 quia
1009 3423 1064 3470 et
1094 3417 1252 3473 illius
1284 3421 1474 3488 gentis
1509 3421 1683 3475 unius
1716 3420 2051 3486 multitudo,

405 3506 532 3560 qua:
564 3494 889 3552 secundum
919 3513 1150 3553 carnem
1198 3504 1335 3553 nata
1378 3507 1466 3556 est
1519 3517 1589 3556 ex
1632 3501 1920 3556 Abraham
1957 3519 2054 3573 per

400 3571 532 3640 ejus
566 3579 830 3643 nepotem
846 3575 1048 3643 Jacob,
1071 3579 1124 3632 in
1147 3587 1374 3635 tantum
1393 3581 1587 3649 crevit,
1609 3588 1670 3636 ut
1694 3599 1836 3652 pene
1850 3571 2052 3639 omnes

402 3658 596 3733 partes
619 3653 778 3708 orbis
812 3656 1157 3728 impleverit.
1181 3659 1384 3716 Eiideo
1408 3662 1594 3733 potuit
1622 3663 1815 3733 etipsa
1845 3680 2051 3718 secun-

401 3731 541 3784 dum
577 3731 928 3812 hyperbolen
947 3753 1134 3792 arenas
1156 3731 1511 3795 multitudini
1545 3731 1863 3812 comparari
1890 3743 2054 3811 ;quia

401 3813 455 3863 et
477 3808 594 3864 haec
615 3811 740 3866 sola
765 3815 1172 3872 innumeraest
1197 3817 1442 3874 homini.
1467 3808 1706 3876 Terram
1721 3829 1872 3877 certe
1893 3824 2052 3876 illam

402 3889 584 3943 solam
615 3891 1014 3960 signiﬁcatam,
1075 3913 1203 3969 quas
1262 3899 1553 3970 appellata
1611 3907 1698 3956 est
1755 3905 2052 3970 Chanaan,

409 3985 580 4024 nemo
611 3971 874 4042 ambigit.
909 3975 1016 4030 Sed
1035 3978 1180 4044 quod
1206 3978 1424 4034 dictum
1459 3987 1567 4048 est,
1589 3981 1707 4036 Tibi
1733 3983 1879 4038 dabo
1910 4000 2050 4048 eam,

409 4055 462 4103 et
482 4051 779 4106 seminituo
792 4069 959 4124 usque
981 4053 1308 4112 insecutum
1323 4075 1344 4122 ;
1360 4065 1543 4128 potest
1560 4077 1787 4116 movere
1810 4063 2057 4116 nonnul-

401 4128 512 4197 los,
547 4131 594 4184 si
629 4147 798 4202 usque
821 4136 876 4187 in
914 4139 1179 4192 saeculum
1211 4139 1537 4210 intelligant
1569 4142 1625 4194 in
1659 4151 1960 4196 sternam.
1994 4141 2054 4203 Si

408 4216 602 4264 autem
637 4213 694 4264 in
725 4213 993 4270 secutum
1023 4218 1127 4272 hoc
1157 4217 1282 4273 loco
1315 4219 1398 4273 sic
1428 4221 1736 4290 accipiant,
1770 4223 2052 4292 quemad-

404 4291 642 4346 modum
683 4293 933 4350 tideliter
963 4303 1250 4363 tenemus,
1284 4299 1514 4355 initium
1566 4301 1744 4355 futuri
1788 4291 1982 4357 saeculi
2020 4319 2054 4358 a

403 4371 516 4426 line
549 4377 852 4454 praesentis
881 4376 1079 4441 ordiri,
1127 4379 1270 4434 nihil
1302 4396 1402 4434 eos
1437 4381 1685 4436 movebit
1721 4398 1733 4438 :
1775 4385 1915 4454 quia
1945 4387 2052 4441 etsi

402 4452 630 4521 expulsi
649 4464 783 4508 sunt
800 4455 1071 4511 Israelita;
1085 4460 1153 4511 de
1175 4457 1576 4532 Jerosolymis,
1598 4452 1834 4516 manent
1858 4469 2052 4520 tamen

403 4532 460 4584 in
493 4531 623 4586 aliis
655 4535 987 4590 civitatibus
1013 4545 1176 4592 terra:
1192 4538 1488 4609 Chanaan,
1513 4551 1563 4594 et
1591 4545 1841 4613 usquein
1879 4543 2051 4600 tinem

403 4618 723 4669 manebunt
756 4621 852 4683 ;et
884 4616 1152 4672 universa
1171 4623 1322 4672 terra
1352 4618 1454 4674 illa
1487 4638 1619 4676 cum
1654 4640 1685 4676 a
1716 4625 2050 4680 christianis

403 4691 786 4764 inhabitatur,
809 4696 984 4752 etiam
1018 4698 1212 4769 ipsum
1236 4709 1433 4757 semen
1456 4708 1542 4758 est
1571 4705 1836 4761 Abrahae.

402 4847 628 4906 CAPUT
656 4849 831 4910 XXII.
864 4885 932 4894 -—
962 4853 1038 4910 De
1067 4861 1346 4929 superati:
1393 4861 1461 4916 ab
1493 4861 1770 4918 Abraham
1813 4864 2054 4920 hostibus

473 4929 851 5017 Sodomorum,
881 4937 1098 5017 quando
1114 4947 1168 4995 et
1196 4939 1291 4994 Lot
1319 4939 1384 4995 de
1403 4943 1726 5011 captivitate
1751 4947 1969 5017 eripuit,
1999 4949 2054 5002 et

473 5025 506 5063 a
531 5010 914 5068 Melchisedech
936 5019 1215 5074 sacerdote
1244 5010 1551 5078 benedictus
1579 5032 1677 5079 est.

472 5145 592 5202 Hoc
609 5159 890 5218 responso
909 5152 1315 5218 promissionis
1338 5161 1571 5230 accepto
1593 5160 2052 5232 migravitAbra-

445 5403 485 5470 ,ί
545 5393 631 5452 Sto
684 5401 807 5452 Mss.
875 5402 942 5450 At
996 5400 1140 5464 editi,
1201 5403 1298 5452 ubi
1356 5413 1433 5453 est
1501 5421 1760 5471 expressa
1809 5413 2048 5475 promi:-

405 5474 539 5581 "iii
572 5523 717 5575 Cant.
748 5528 840 5578 lib.
877 5525 940 5577 22
968 5528 1106 5577 cont.
1139 5527 1316 5579 Faust.
1348 5530 1597 5590 Manich.,
1626 5548 1741 5596 cap.
1767 5535 1848 5587 89.

1449 309 1550 368 DE
1595 309 1960 373 CIVITA'I‘E
2005 307 2160 382 DEI,
2204 309 2269 370 S.
2317 310 2749 379 AUGUSTINI

3695 333 3810 398 500

2155 443 2312 535 ham,
2343 452 2401 502 et
2439 451 2747 535 mansitin
2780 453 2894 535 alio
2940 456 3208 527 ejusdem
3241 462 3408 517 terra.-
3438 462 3588 535 loco,
3633 465 3691 522 id
3721 473 3812 525 est

2142 522 2622 616 inatahquercum
2640 531 2917 616 Membro,
2938 522 3479 608 q'uai'eratChebron
3502 522 3658 616 (Gen.

2153 605 2262 694 18)..
2299 607 2514 664 Deinde
2543 610 2616 666 ab
2641 613 2903 694 hostibus
2925 605 3020 686 qui
3043 619 3312 676 Sodomis
3335 605 3646 694 irruerent,
3669 605 3803 684 cum

2151 686 2409 777 quinque
2430 703 2596 777 reges
2609 692 2888 777 adversus
2911 702 3160 767 quatuor
3181 701 3393 758 bellum
3418 686 3687 776 gererent
3723 713 3804 777 et,

2150 766 2320 822 victis
2348 771 2661 850 Sodomitis
2709 775 2882 830 etiam
2925 766 3029 831 Lot
3066 788 3270 850 captus
3317 766 3490 849 essEt,
3539 766 3808 845 liberavit

2150 860 2283 902 eum
2314 849 2631 918 Abraham,
2661 854 2932 912 adductis
2949 849 3225 915 secumiin
3255 863 3514 931 praelium
3536 868 3807 926 trecentis

2159 927 2356 983 decem
2383 935 2439 983 et
2468 936 2595 986 octo
2645 935 2970 993 vernaculis
3007 939 3135 994 suis
3171 957 3184 996 :
3225 927 3283 996 et
3326 943 3622 1002 victoriam
3674 948 3809 1005 fecit

2151 1010 2384 1094 regibus
2417 1012 2432 1045 ί
2463 1012 2865 1084 Sodomorum,
2900 1018 3161 1092 nihilque
3198 1022 3523 1094 spoliorum
3573 1029 3802 1086 auferre

2149 1088 2349 1179 voluit,
2383 1107 2517 1179 cum
2563 1109 2658 1150 rex
2691 1088 3415 1179 cui_vicerat'obtulisset.
3466 1107 3575 1162 Sed
3634 1107 3806 1179 plane

2151 1170 2290 1254 tunc
2308 1171 2645 1230 benedictus
2658 1185 2741 1232 est
2756 1194 2789 1232 a
2805 1177 3248 1248 Melchisedech,
3267 1187 3362 1254 qui
3386 1192 3509 1242 erat
3531 1170 3810 1247 sacerdos

2150 1249 2251 1342 pet
2283 1253 2492 1342 sacelsi
2521 1255 2774 1342 (ιφ-ην,
2810 1259 2968 1330 1-20)
3001 1277 3016 1315 ε
3047 1261 3117 1316 de
3148 1249 3352 1334 quoin
3389 1267 3639 1337 Epistula
3680 1283 3808 1342 qua

2151 1330 2494 1417 inscribitur
2523 1337 2594 1391 ad
2625 1337 2912 1417 Hebraeos,
2945 1358 3121 1412 quam
3149 1330 3344 1414 plu-res
3359 1330 3604 1417 apostoli
3635 1330 3808 1409 Pduli

2152 1426 2280 1466 esse
2311 1411 2534 1503 dicunt,
2568 1416 2808 1503 quidam
2840 1411 2977 1475 vero
3001 1411 3244 1493 negem;
3281 1411 3473 1483 multa
3505 1435 3561 1485 et
3592 1447 3805 1503 magna

2157 1495 2493 1584 conscripta
2519 1498 2987 1584 sunt(l‘lebr._vu).
3012 1503 3092 1557 Ibi
3113 1505 3330 1584 quippe
3345 1508 3598 1584 primum
3626 1495 3800 1584 apvpa-

2155 1571 2273 1624 ruit
2302 1573 2678 1643 sacriﬁcium,
2717 1581 2869 1648 quod
2920 1595 3074 1636 nunc
3103 1571 3149 1637 a_
3177 1571 3524 1645 Christianis
3569 1571 3802 1648 offertur

2153 1650 2267 1741 pec
2299 1657 2414 1708 toto
2453 1655 2589 1741 orbe
2629 1661 2938 1741 terrarum,
3000 1661 3395 1738 impleturque
3441 1668 3585 1725 illud
3645 1673 3797 1741 quod

2151 1728 2321 1814 longe
2359 1739 2487 1802 post
2519 1735 2624 1790 hoc
2656 1736 2874 1794 factum
2929 1754 3030 1811 per
3058 1728 3399 1814 p'rOphethm
3459 1728 3676 1807 dicitur
3731 1752 3803 1808 ad

2152 1809 2467 1881 Christum,
2495 1815 2588 1885 qui
2617 1816 2798 1872 fuerat
2830 1809 3020 1878 adhuc
3049 1809 3328 1882 venturus
3378 1826 3438 1883 in
3469 1842 3645 1887 carne
3677 1849 3692 1888 :
3730 1833 3804 1888 Tu

2151 1906 2210 1946 es
2237 1895 2484 1949 sacerdos
2512 1898 2570 1949 in
2599 1905 2862 1954 aeternum
2900 1904 3197 1960 secundum
3241 1907 3486 1964 ordinem
3530 1910 3803 1969 Melchise-

2150 1970 2279 2026 dech
2306 1973 2476 2042 (Psal.
2506 1989 2616 2043 cxx,
2649 1977 2724 2048 4).
2758 1977 2884 2035 Non
2918 1981 3142 2039 scilicet
3183 1985 3511 2044 secundum
3543 1990 3808 2047 ordinem

2151 2055 2336 2108 Aaron
2369 2070 2382 2108 :
2413 2053 2518 2126 qui
2539 2056 2678 2112 ordo
2710 2058 2898 2115 fuerat
2919 2063 3272 2122 auferendus
3330 2067 3807 2130 illucescentibus

2153 2133 2350 2200 rebus,
2374 2149 2500 2204 qua
2529 2135 2646 2193 illis
2681 2139 2904 2198 umbris
2935 2145 3393 2215 ptenotabantur.

2152 2295 2381 2394 θΑιξυΤ
2409 2300 2609 2394 .
2642 2334 2711 2344 —
2741 2303 2813 2360 De
2833 2307 2990 2394 verbo
3029 2304 3254 2394 Domini
3281 2315 3362 2394 ad
3389 2314 3807 2394 Abraham,quo

2224 2384 2276 2430 et
2312 2381 2659 2448 promittitur
2706 2385 3004 2442 secundum
3049 2392 3459 2450 multitudinem
3511 2381 3806 2456 stellarum

2227 2459 2646 2552 multiplicando
2684 2469 2970 2552 posteritas
2998 2485 3021 2531 ;
3050 2474 3200 2541 quod
3226 2474 3448 2531 credens
3467 2477 3806 2552 justiﬁcatus

2224 2543 2306 2594 est
2334 2540 2512 2598 adhuc
2527 2544 2586 2597 in
2614 2550 2885 2616 praputio
2915 2540 3262 2611 constitutus.

2228 2678 2414 2736 Etiam
2446 2683 2588 2736 tunc
2621 2680 2836 2737 factum
2869 2689 2960 2740 est
2986 2688 3224 2744 verbum
3257 2689 3480 2749 Domini
3511 2697 3583 2752 ad
3626 2699 3809 2755 Abra-

2157 2758 2292 2815 ham
2324 2762 2383 2815 in
2415 2761 2562 2816 visu.
2596 2763 2702 2829 Qui
2743 2781 2878 2820 cum
2903 2767 2958 2821 ei
2997 2770 3412 2838 protectiouem
3443 2781 3808 2836 mercedem-

2156 2842 2659 2927 que-promitteret
2688 2845 2857 2927 valde
2902 2848 3142 2904 multam
3178 2851 3313 2917 ;ille
3351 2855 3427 2910 de
3466 2859 3814 2927 posteritate

2157 2920 2464 2987 sollicitus,
2495 2925 2804 2994 quemdam
2823 2926 3417 2988 Elianerveruaoulsm
3445 2920 3616 2991 suum
3637 2937 3812 2994 futu-

2161 3015 2290 3088 rum
2319 3002 2431 3056 sibi
2453 3003 2738 3088 heredem
2759 3005 3340 3088 dixitzcontinuoque
3363 3013 3449 3070 illi
3474 3018 3815 3088 promissus

2159 3084 2248 3166 est
2276 3079 2480 3166 haires,
2507 3083 2740 3166 nongille
2759 3079 3439 3164 vernaculus,sed_quide
3465 3079 3598 3166 ipso
3630 3099 3814 3155 Abra-

2161 3159 2291 3214 ham
2325 3162 2513 3217 fuerat
2543 3164 2802 3221 exiturus
2834 3184 2848 3224 :
2883 3183 3204 3243 rursusque
3237 3159 3438 3230 semen
3479 3159 3818 3236 innumera-

2160 3239 2294 3307 bile,
2328 3257 2441 3296 non
2475 3243 2626 3298 sicut
2663 3261 2838 3302 arena
2867 3252 3055 3317 terras,
3087 3239 3186 3306 sed
3243 3255 3398 3310 sicut
3445 3256 3630 3314 stella
3683 3261 3815 3317 ctuti

2159 3319 2304 3390 (Gen.
2330 3336 2422 3408 x_v,
2452 3322 2620 3408 1-5)}
2659 3324 2764 3408 ubi
2798 3326 2941 3408 mihi
3001 3330 3186 3393 magis
3234 3333 3465 3390 videtur
3527 3339 3815 3408 promissa

2158 3401 2464 3488 posteritas
2494 3403 2708 3488 caelesti
2743 3405 3018 3488 felicitate
3035 3411 3492 3471 sublimis.Nam
3523 3401 3808 3488 quantum

2157 3482 2228 3536 ad
2265 3481 2697 3538 multitudinem
2734 3487 3005 3558 pertinet,
3035 3491 3171 3560 quid
3206 3500 3344 3548 sunt
3360 3481 3703 3555 stellae-can
3736 3500 3810 3555 ad

2157 3574 2391 3616 arenam
2425 3565 2611 3629 terras,
2646 3564 2755 3619 nisi
2801 3567 2932 3636 quis
2973 3574 3038 3623 et
3093 3571 3266 3627 istam
3307 3580 3809 3647 comparationem

2157 3642 2475 3724 intentum
2509 3659 2640 3699 esse
2689 3646 2936 3702 similem
2985 3649 3156 3715 dicat,
3191 3652 3248 3706 in
3307 3642 3588 3724 quantum
3629 3660 3808 3715 etiam

2158 3722 2336 3777 stella:
2366 3722 2724 3781 dinumerari
2750 3743 2862 3784 non
2897 3729 3086 3785 valent
3113 3730 3142 3786 Τ
3171 3722 3450 3803 quia—uec
3477 3751 3682 3794 omnes
3711 3751 3813 3798 esu

2158 3805 2331 3892 videri
2369 3819 2535 3892 posse
2563 3807 3067 3892 credendum‘est.
3116 3812 3259 3869 Nam
3316 3825 3539 3888 quanto
3567 3822 3815 3892 quisque

2158 3883 2386 3938 acutius
2414 3883 2687 3955 intuetur,
2721 3893 2884 3944 tanto
2935 3891 3127 3961 plures
3157 3894 3306 3950 videt
3321 3883 3354 3950 ί
3387 3899 3538 3954 unde
3563 3883 3624 3954 ἐι
3649 3883 3816 3956 acer-

2161 3963 2306 4018 rime
2331 3966 2958 4040 cernentibusaliquas
2979 3972 3240 4029 occultas
3262 3990 3399 4032 esse
3431 3981 3635 4035 merito
3662 3979 3822 4036 exie-

2160 4043 2418 4111 timatur,
2451 4048 2706 4131 eat-septis
2759 4049 2844 4131 eis
2877 4051 3170 4131 sideribus
3199 4071 3330 4126 quas
3373 4055 3432 4112 in
3470 4058 3586 4114 alia
3644 4065 3818 4131 parte

2158 4124 2318 4178 orbis
2350 4142 2382 4178 a
2413 4125 2579 4180 nobis
2614 4129 3002 4186 remotissima
3039 4133 3178 4188 oriri
3211 4124 3269 4188 et
3309 4137 3580 4194 occidere
3621 4124 3822 4209 perbi-

2161 4202 2386 4260 bentur.
2422 4206 2722 4262 Postremo
2753 4213 3108 4284 quicumque
3142 4215 3474 4272 universum
3509 4202 3819 4278 stellarum

2163 4299 2468 4338 numerum
2501 4289 3015 4356 comprehendisse
3044 4299 3100 4348 et
3129 4296 3552 4367 conscripsisse
3587 4301 3822 4369 jactan-

2160 4366 2287 4452 tur,
2307 4365 2458 4452 sicut
2489 4370 2702 4423 Aratus
2718 4369 2798 4424 vel
2833 4371 3124 4440 Eudoxus,
3153 4374 3239 4430 vel
3259 4377 3319 4430 si
3365 4365 3482 4448 qui
3520 4365 3614 4435 alii
3647 4386 3824 4452 sunt,

2157 4457 2252 4496 eos
2274 4441 2406 4497 libri
2433 4443 2615 4514 hujus
2647 4454 2970 4505 contemnit
2998 4456 3336 4512 auctoritas.
3363 4441 3469 4513 Hic
3519 4474 3659 4515 sane
3707 4441 3824 4519 illi

2157 4525 2444 4610 sea-tentia
2471 4527 2725 4594 ponitur,
2749 4533 2918 4600 cujus
2948 4534 3260 4604 Apostolus
3288 4539 3556 4594 meminit
3577 4545 3824 4610 propter

2160 4605 2268 4691 Dei.
2287 4605 2531 4675 gratiam
2549 4612 3097 4691 commendandam,
3117 4615 3362 4672 Credidit
3385 4605 3658 4674 Abraham
3674 4605 3822 4691 beo,

2155 4692 2208 4743 et
2233 4685 2562 4756 deputatum
2590 4696 2671 4744 est
2697 4690 2790 4745 illi
2817 4691 2887 4746 ad
2899 4693 3176 4764 justitiam
3204 4696 3360 4766 (Gen.
3409 4715 3501 4768 xv,
3548 4701 3614 4768 ὃς
3652 4685 3817 4758 Rom.-

2155 4784 2231 4836 iv,
2263 4768 2298 4821 3
2324 4774 2378 4824 et
2409 4768 2564 4853 Galat
2609 4787 2692 4853 in,
2724 4772 2781 4844 6)
2816 4790 2829 4828 :
2882 4790 2953 4830 ne
3010 4777 3378 4834 circumcisio
3434 4781 3825 4853 gloriaretur,

2156 4854 2472 4921 gentesque
2521 4850 2962 4910 incircumcisas
3006 4857 3076 4910 ad
3129 4857 3299 4914 fidem
3360 4850 3573 4918 Christi
3629 4850 3829 4924 nollet

2157 4931 2406 4986 admitti.
2446 4932 2563 4988 Hoc
2592 4932 2747 4989 enim
2777 4937 3012 5006 quando
3035 4937 3262 4995 factum
3292 4949 3405 5009 est,
3449 4946 3516 4998 tit
3553 4943 3827 5004 credenti

2157 5009 2398 5065 Abrahm
2426 5013 2795 5082 deputat-etui-
2849 5015 2996 5073 ﬁdes
3049 5017 3122 5074 ad
3174 5017 3488 5089 justitiam,
3534 5023 3824 5082 «nondum

2158 5090 2346 5144 fuerat
2378 5090 2784 5150 circumcisus.

2219 5351 2236 5384 ι
2279 5346 2446 5425 Μίμ-
2485 5349 2548 5425 ac
2597 5350 2856 5425 παῖδας.⁸
2882 5353 3059 5425 Abest,
3105 5350 3185 5411 de.
3231 5363 3268 5425 ’ς
3325 5363 3706 5425 manuscriptis
3751 5369 3828 5419 et

2151 5410 2334 5460 abesse
2366 5411 2520 5486 debet
2556 5410 2727 5486 quam
2755 5416 2992 5486 victoria_
3026 5410 3084 5486 in
3131 5410 3358 5486 gratiam
3405 5410 3624 5486 regum:
3639 5410 3823 5478 Sed;

2152 5487 2358 5525 morum
2389 5475 2454 5524 de
2479 5476 2723 5528 hostibus
2755 5491 2940 5534 eorum
2970 5479 3114 5532 facta
3133 5475 3236 5533 Bst.
