4136 6190
335 311 451 372 501

339 450 571 507 CAPUT
599 450 795 508 XXIV.
827 480 898 496 --
942 451 1013 506 De
1055 450 1461 519 signiﬁcatione
1509 451 1797 520 sacriﬁcii,
1841 454 1986 524 quod

413 530 690 587 Abraham
720 529 922 604 oferre
939 541 1235 602 praeceptus
1257 540 1358 597 est,
1380 546 1503 586 cum
1545 531 1876 603 poposcisset
1918 537 1980 589 ut

411 617 484 670 de
511 613 596 670 his
624 631 742 686 quae
770 613 1075 670 crediderat
1101 617 1114 650 ³
1137 656 1152 683 ,
1181 614 1486 670 doceretur.

417 752 467 808 1.
503 751 566 806 In
598 751 802 806 eodem
833 751 959 807 visu
993 767 1128 807 cum
1163 750 1497 822 loqueretur
1525 751 1576 806 ei
1615 753 1783 818 Deus,
1817 753 1989 810 etiam

341 831 453 887 hoc
482 832 565 886 ait
595 831 669 887 ad
699 830 866 886 illum
892 847 906 886 :
940 832 1050 903 Ego
1081 831 1234 887 Deus
1263 834 1363 903 qui
1391 840 1442 886 te
1473 830 1648 888 eduxi
1677 831 1741 888 de
1773 835 1992 902 regione

345 910 753 978 Chaldaeorum,
776 920 838 966 ut
865 910 987 966 dem
1015 911 1120 968 tibi
1149 917 1354 966 terram
1392 911 1552 978 hanc,
1585 915 1647 965 ut
1691 912 1864 967 nares
1911 914 1986 967 sis

340 993 482 1063 ejus.
513 991 618 1048 Ubi
671 1009 804 1049 cum
854 993 1272 1065 interrogasset
1317 992 1610 1048 Abraham
1660 994 1991 1050 secundum

342 1073 484 1144 quid
517 1073 712 1138 sciret,
746 1073 901 1144 quod
936 1072 1120 1128 haeres
1152 1074 1280 1143 ejus
1322 1072 1453 1139 erit,
1496 1073 1641 1127 dixit
1669 1072 1751 1127 illi
1795 1073 1990 1129 Deus:

339 1154 534 1223 Accipe
563 1153 704 1208 mihi
732 1156 1016 1220 iuvencam
1043 1153 1293 1220 trimam,
1324 1157 1374 1208 et
1403 1169 1627 1224 capram
1661 1155 1908 1221 trimam,
1939 1159 1993 1208 et

337 1233 573 1288 arietem
600 1234 855 1300 trimum,
887 1242 938 1289 et
964 1237 1268 1298 turturem,
1300 1237 1351 1287 et
1397 1232 1730 1288 columbam.
1775 1233 1993 1303 Accepit

338 1316 525 1370 autem
555 1314 680 1369 illi”
706 1314 821 1369 haec
849 1313 1059 1379 omnia,
1092 1317 1142 1368 et
1171 1312 1360 1368 divisit
1389 1312 1490 1368 illa
1513 1313 1719 1380 media,
1743 1318 1794 1367 et
1814 1315 1995 1382 posuit

341 1410 407 1451 ea
451 1403 641 1450 contra
687 1395 889 1465 faciem
933 1396 1173 1449 alterum
1219 1394 1423 1448 alteri:
1473 1408 1600 1447 aves
1648 1401 1838 1448 autem
1886 1408 1996 1448 non

340 1473 555 1530 divisit.
600 1479 665 1530 Et
710 1474 1132 1542 descenderunt,
1183 1474 1336 1528 sicut
1377 1473 1664 1544 scriptum
1717 1477 1824 1536 est,
1869 1489 1996 1527 aves

341 1569 512 1624 supra
573 1569 812 1623 corpora
869 1569 988 1624 quas
1033 1553 1218 1608 divisa
1268 1556 1450 1620 erant,
1484 1562 1536 1607 et
1581 1551 1831 1606 consedit
1880 1550 1997 1606 illis

341 1635 562 1690 Abram.
600 1633 756 1689 Circa
785 1634 918 1689 solis
946 1643 1126 1689 autem
1156 1648 1407 1689 occasum
1437 1648 1608 1704 pavor
1630 1633 1798 1686 irruit
1835 1648 1998 1702 super

341 1716 568 1783 Abram,
601 1726 654 1772 et
679 1731 802 1771 ecce
829 1718 996 1771 timor
1013 1717 1326 1771 tenebrosus
1355 1731 1585 1784 magnus
1616 1712 1880 1769 inciditei
1903 1731 1916 1769 :
1940 1719 1996 1770 et

342 1797 554 1855 dictum
583 1806 660 1852 est
688 1797 758 1852 ad
787 1797 1014 1864 Abram,
1036 1797 1266 1852 Sciendo
1297 1796 1457 1864 scies,
1489 1797 1620 1868 quia
1637 1800 1998 1865 peregrinum

339 1881 448 1935 erit
473 1893 657 1934 semen
691 1882 847 1933 tuum
878 1879 940 1932 in
986 1881 1136 1932 terra
1164 1893 1276 1931 non
1323 1879 1570 1947 propria,
1620 1880 1673 1930 et
1719 1878 1776 1930 in
1829 1880 1998 1931 servi-

338 1965 508 2014 tutem
537 1957 786 2027 redigent
831 1971 941 2025 eos,
1000 1960 1051 2011 et
1106 1956 1364 2027 a/ﬂigent
1422 1972 1508 2011 eos
1569 1955 1993 2026 quadringentis

340 2040 544 2100 annis;
600 2041 811 2109 gentem
855 2042 1042 2092 autem
1089 2037 1183 2092 cui
1230 2038 1545 2102 servierint,
1567 2035 1828 2105 judicabo
1873 2052 1990 2104 ego.

343 2121 468 2176 Post
500 2119 615 2176 haec
642 2134 769 2175 vero
799 2118 1028 2174 exibunt
1076 2117 1182 2172 huc
1223 2133 1349 2172 cum
1397 2116 1768 2186 suppellectili
1798 2117 1992 2170 multa.

347 2201 423 2257 Tu
450 2209 635 2256 autem
666 2199 772 2255 ibis
801 2199 872 2254 ad
899 2205 1082 2268 patres
1131 2207 1252 2252 tuos
1281 2214 1404 2252 cum
1455 2212 1586 2266 pace
1627 2197 1881 2251 nutritus
1924 2196 1997 2267 (a)

343 2283 406 2336 in
431 2283 644 2336 senecta
678 2280 844 2336 banc.
879 2282 1097 2348 Quarta
1126 2293 1252 2334 vero
1278 2275 1636 2347 generatione
1681 2282 1996 2333 concertent

341 2375 398 2416 se
426 2362 550 2416 huc.
588 2359 838 2416 Nondum
886 2360 1032 2412 enim
1073 2357 1306 2427 impleta
1352 2365 1482 2412 sunt
1528 2364 1749 2426 peccata
1797 2355 1990 2409 Amor-

344 2441 626 2497 rhseorum
657 2455 828 2510 usque
859 2437 1059 2492 adhuc.
1095 2438 1236 2492 Cum
1257 2441 1447 2491 autem
1466 2439 1596 2505 jam
1633 2435 1719 2490 sol
1767 2442 1884 2489 erat
1928 2433 1998 2488 ad

342 2535 617 2588 occasum,
647 2518 797 2588 facta
824 2521 902 2571 est
921 2518 1165 2586 ﬂamma,
1188 2520 1238 2572 et
1266 2531 1383 2571 ecce
1403 2517 1606 2585 fornae:
1624 2514 1996 2582 fumabunda,

342 2605 398 2654 et
429 2598 710 2668 lampades
739 2599 905 2664 ignis,
931 2612 1050 2666 quae
1070 2595 1481 2665 petransicrunt
1502 2610 1598 2665 per
1620 2593 1801 2648 media
1822 2592 1998 2648 divisa

342 2679 472 2733 illa.
505 2679 572 2733 In
601 2677 688 2732 die
707 2677 817 2731 illa
847 2675 1112 2746 disposuit
1142 2675 1408 2731 Dominus
1440 2674 1579 2729 Deus
1610 2679 1998 2728 testamentum

342 2757 414 2814 ad
446 2758 668 2825 Abram,
701 2756 887 2812 dicens
909 2773 928 2810 :
959 2756 1169 2811 Semini
1217 2766 1308 2811 tuo
1337 2754 1476 2810 dabo
1514 2758 1720 2809 terram
1769 2754 1930 2819 hanc,
1963 2769 1996 2807 a

334 2839 578 2912 ﬂumine
597 2837 820 2909 ὥρῃ)ιί
839 2851 1008 2908 usque
1029 2836 1106 2892 ad
1123 2838 1331 2906 ﬂumen
1353 2853 1612 2907 magnum
1637 2836 1993 2905 Euphratem,

340 2919 580 2985 Cenares,
607 2923 657 2973 et
689 2918 990 2980 Cenezaeos,
1018 2925 1070 2970 et
1120 2916 1480 2983 Cedmonzos,
1530 2922 1581 2971 et
1631 2917 1888 2980 Chelaeos,
1941 2924 1996 2971 et

335 3000 675 3066 Pheresaeos,
701 3006 753 3054 et
784 2997 1082 3066 Raphaim,
1101 2999 1149 3052 et
1173 2996 1542 3065 Amorrhasos,
1565 2999 1614 3051 et
1636 2995 1993 3065 Chananasos,

335 3090 390 3136 et
421 3080 627 3144 Evzos,
658 3087 709 3134 et
740 3078 1058 3148 Gergesaeos,
1086 3085 1138 3132 et
1159 3077 1457 3133 Jebusieos.

406 3160 462 3216 2.
501 3158 630 3214 Haec
661 3157 859 3213 omnia
889 3158 944 3210 in
977 3157 1105 3211 visu
1141 3157 1290 3211 facta
1320 3155 1598 3210 divinitus
1629 3160 1805 3227 atque
1836 3155 1994 3212 dicta

336 3245 496 3309 sunt,
528 3241 598 3294 de
614 3239 829 3309 quibus
848 3235 1100 3306 singulis
1122 3240 1422 3292 enucleate
1444 3237 1723 3291 disserere
1755 3237 1992 3306 longum

337 3326 446 3389 est,
495 3325 553 3375 et
601 3318 986 3373 intentionem
1043 3319 1238 3382 Operis
1289 3317 1468 3386 hujus
1518 3317 1760 3372 excedit.
1830 3317 1990 3380 Quod

336 3417 474 3475 ergo
502 3403 640 3456 satis
669 3408 779 3463 est,
812 3413 983 3453 nosse
1012 3397 1331 3452 debemus:
1361 3411 1732 3475 posteaquam
1765 3397 1990 3451 dictum

338 3489 449 3550 est,
481 3481 800 3538 credidisse
845 3477 1140 3532 Abraham
1196 3477 1332 3545 Deo,
1379 3485 1435 3532 et
1475 3478 1822 3547 deputatum
1867 3492 1995 3532 esse

338 3563 421 3618 illi
455 3561 872 3631 adjustitiam,
921 3573 1035 3610 non
1096 3573 1228 3611 eum
1279 3559 1338 3610 in
1399 3557 1510 3610 lide
1568 3557 1870 3623 defecisse,
1932 3562 1995 3611 ut

337 3641 930 3709 diceret,Dominator
960 3637 1208 3703 Domine,
1269 3636 1574 3691 secundum
1633 3635 1765 3706 quid
1821 3637 1992 3689 sciam

338 3725 470 3795 quia
489 3723 663 3779 haeres
682 3721 800 3788 ejus
829 3732 921 3773 ero
954 3716 1106 3788 (Gen.
1166 3733 1257 3783 xv,
1299 3716 1461 3788 7-21)
1494 3715 1521 3770 ?
1567 3722 1730 3771 terrm
1778 3717 1996 3795 quippe

338 3794 503 3859 illius
539 3801 829 3873 promissa
857 3807 979 3852 erat
1009 3797 1336 3852 hereditas.
1371 3796 1494 3852 Non
1527 3797 1682 3852 enim
1712 3796 1812 3855 ait.
1838 3794 1996 3851 Unde

338 3886 544 3950 sciam,
579 3885 745 3955 quasi
780 3880 969 3934 adhuc
1003 3894 1116 3932 non
1141 3878 1404 3933 crederet
1442 3893 1455 3932 :
1491 3877 1592 3932 sed
1641 3877 1744 3945 ait,
1796 3875 1998 3932 Serun-

337 3967 468 4021 dum
499 3964 629 4035 quid
657 3965 851 4022 sciam,
885 3966 944 4012 ut
972 3959 1024 4013 ei
1059 3960 1137 4013 rei
1171 3975 1344 4029 quam
1395 3957 1744 4023 crediderat,
1795 3959 1994 4026 aliqua

338 4045 665 4101 similitudo
714 4040 1114 4102 adhiberetur,
1154 4057 1264 4112 qua
1311 4040 1440 4109 ejus
1475 4037 1680 4094 modus
1723 4052 1994 4094 annosae-

341 4133 522 4182 retur.
577 4123 741 4179 Sicut
792 4137 907 4176 non
958 4124 1049 4174 est
1090 4120 1334 4190 virginis
1385 4119 1576 4174 Mariis
1642 4117 1991 4185 diffidentia,

341 4205 497 4278 quod
524 4205 624 4266 ait,
663 4202 935 4270 Quomodo
967 4203 1057 4272 ﬁet
1113 4199 1280 4267 istud,
1321 4197 1585 4270 quoniam
1644 4199 1828 4252 virum
1883 4211 1994 4250 non

341 4285 644 4356 cognosco?
700 4281 857 4344 Quod
915 4284 1072 4338 enim
1140 4281 1392 4334 futurum
1447 4295 1573 4332 esse
1629 4286 1790 4333 certa
1849 4286 1992 4342 erat,

345 4365 586 4422 modum
615 4380 728 4436 quo
763 4363 922 4418 fieret
951 4361 1285 4434 inquirebat
1314 4361 1412 4431 (b).
1444 4361 1511 4412 Et
1543 4358 1649 4413 hoc
1676 4374 1808 4414 cum
1843 4373 1996 4429 qum-

343 4449 543 4511 sisset,
591 4445 831 4506 audivit,
869 4445 1117 4516 Spiritus
1162 4448 1382 4494 sanctus
1425 4439 1774 4502 superveniet
1817 4440 1877 4491 in
1922 4443 1994 4507 te,

344 4531 392 4582 et
424 4527 605 4580 virtus
636 4522 909 4578 Altissimi
934 4519 1289 4579 obumbrabit
1319 4519 1420 4574 tibi
1440 4517 1463 4553 3
1493 4518 1644 4589 (Luc.
1677 4534 1720 4580 Ι,
1750 4517 1838 4579 34,
1884 4516 1995 4588 35).

345 4605 608 4676 Denique
638 4611 694 4659 et
726 4603 818 4658 hic
848 4602 1177 4658 similitudo
1209 4601 1346 4655 data
1374 4605 1463 4653 est
1501 4599 1574 4653 de
1621 4597 1998 4664 animalibus,

343 4682 616 4752 iuvenca,
651 4700 821 4754 capra
873 4689 931 4738 et
987 4682 1189 4747 ariete,
1245 4685 1302 4735 et
1358 4677 1588 4733 duabus
1640 4677 1996 4742 volucribus,

347 4770 574 4822 turture
601 4770 658 4820 et
687 4762 992 4819 columba:
1055 4767 1117 4817 ut
1172 4761 1493 4816 secundum
1544 4757 1665 4812 hac
1737 4757 1997 4812 futurum

414 5005 431 5039 ί
463 4999 551 5052 Sic
583 4999 706 5052 Mss.
737 4999 807 5049 At
833 4997 981 5056 editi,
1012 4996 1269 5046 crederet.

413 5063 435 5098 ³
487 5063 644 5120 Editi,
695 5061 813 5112 ille.
857 5063 926 5112 At
971 5052 1114 5120 Mss,
1166 5057 1297 5107 illi:
1353 5055 1511 5119 juxta
1559 5066 1806 5117 graecum
1857 5052 2002 5115 LXX,

347 5131 670 5238 “itm-Nostri
725 5200 908 5250 omnes
963 5185 1166 5250 codices
1207 5181 1465 5250 omittunt
1513 5179 1706 5250 verbe._
1756 5179 2007 5250 Spiritus

346 5261 580 5326 sanctus
608 5249 958 5326 superveniet
987 5249 1046 5298 in
1092 5255 1160 5307 te,
1197 5252 1248 5294 et
1291 5248 1473 5294 virtus
1503 5241 1789 5293 Altissimi
1821 5241 2006 5292 obum-

353 5313 873 5440 ὸνὲῗῑὲἒὲῗίδξὶᾖιδ
899 5373 1218 5440 interpretes
1257 5371 1315 5421 in
1356 5369 1591 5440 antiquis
1619 5365 1889 5440 codicibus
1915 5364 2006 5440 ha-

352 5428 501 5493 bent.
536 5428 795 5501 ίνᾶρήεἶς,
826 5428 1081 5486 nutrita}
1102 5449 1118 5482 :
1148 5437 1384 5484 attamen
1429 5428 1506 5480 in—
1531 5428 1892 5493 Complutensi
1921 5435 2004 5475 ta-

345 5502 524 5564 pheis.
556 5501 826 5556 sepultus.

417 5566 489 5617 ibi
540 5553 646 5614 Hoc
683 5567 734 5611 δ.
780 5563 1010 5624 Virginis
1045 5559 1280 5624 exemplo
1308 5558 1363 5624 in
1392 5558 1575 5624 eadem
1605 5568 1662 5604 re
1688 5554 1860 5624 utitur

388 5614 585 5680 rosius.
615 5627 751 5676 libro
789 5625 820 5672 2
850 5614 914 5674 d‘e
958 5614 1225 5672 Abraham
1272 5621 1591 5683 patriarcha,
1639 5631 1753 5680 cap.
1808 5616 1856 5668 8.
1907 5614 2006 5666 Ubi

392 5689 519 5738 Iura
547 5702 668 5739 cum
697 5689 797 5738 hoc
823 5686 991 5750 capite
1017 5680 1513 5758 conterriﬁossunt.
1543 5680 1801 5734 Cosanus.

1560 314 1787 377 LIBER
1833 315 2180 383 DECIMUS
2222 320 2552 386 SEXTUS.

3633 335 3753 399 503

2095 457 2294 540 sciret,
2359 458 2514 529 quod
2562 459 2822 540 (futurum
2877 477 3006 518 esse
3064 463 3184 533 iam
3241 481 3355 522 non
3407 465 3754 540 ambigeret.

2099 538 2231 594 Sive
2260 554 2394 610 ergo
2427 555 2524 609 per
2547 539 2855 609 juvencam
2889 543 3222 615 significata
3253 546 3332 602 sit
3363 547 3527 618 plebs
3562 538 3751 619 posita

2099 620 2209 674 sub
2232 619 2376 689 jugo
2408 619 2567 690 legis,
2612 636 2711 690 per
2740 638 2974 692 capram
3010 625 3211 681 eadem
3245 626 3408 696 plebs
3456 631 3748 699 peccatrix

2101 699 2318 768 futura,
2351 716 2452 770 per
2481 702 2721 756 arietem
2753 705 2956 759 eadem
3007 705 3167 775 plebs
3215 708 3387 763 etiam
3437 716 3750 780 regnatura

2099 781 2552 860 (quaeranrimalia
2585 787 2892 853 propterea
2919 785 3094 839 trima
3123 785 3420 856 dicuntur,
3453 790 3593 860 quia
3613 806 3747 848 cum

2099 859 2508 941 sintinsignes
2553 861 2782 916 articuli
2835 867 3162 933 temporum
3211 866 3282 920 ab
3329 859 3513 923 Adam
3564 885 3755 941 usque

2101 939 2171 1023 ad
2203 939 2340 1023 Ιέῐοει2
2366 945 2432 1023 Aet
2462 940 2596 1023 inde
2629 957 2814 1012 usque
2838 944 2910 998 ad
2944 944 3260 1012 Abraham,
3294 951 3352 1002 et
3381 947 3519 1004 inde
3559 939 3748 1023 usque

2100 1019 2174 1075 ad
2204 1020 2406 1102 David,
2455 1020 2557 1102 qui
2609 1023 2916 1092 reprobate
2966 1023 3133 1080 Saﬁle
3184 1026 3408 1097 primus
3467 1029 3525 1083 in
3571 1019 3748 1102 regno

2099 1099 2286 1181 gentis
2316 1101 2647 1156 Israeliticae
2678 1106 2768 1158 est
2813 1102 3046 1159 Domini
3085 1106 3382 1162 voluntate
3433 1099 3746 1181 fundatus;

2099 1180 2158 1234 in
2218 1180 2326 1234 hoc
2383 1182 2588 1236 ordine
2649 1183 2838 1250 tertio,
2872 1185 2974 1256 qui
3030 1187 3291 1242 tenditur
3339 1203 3408 1243 ex
3461 1180 3751 1248 Abraham

2102 1276 2290 1340 usque
2320 1261 2392 1315 ad
2434 1261 2637 1330 David,
2679 1266 2959 1334 tanquam
3001 1265 3232 1322 tertiam
3275 1272 3503 1324 (etatem
3545 1286 3752 1340 gerens

2099 1339 2199 1395 ille
2229 1341 2483 1411 populus
2531 1342 2838 1415 adolevit);
2886 1345 3008 1401 sive
3059 1345 3279 1418 aliquid
3331 1349 3490 1404 aliud
3541 1339 3754 1406 conve-

2101 1420 2362 1476 nientius
2392 1421 2504 1476 ista
2533 1423 2900 1492 signiﬁcent;
2934 1426 3096 1482 nullo
3126 1431 3326 1483 tamen
3361 1430 3534 1485 modo
3577 1431 3756 1486 dubi-

2099 1501 2360 1568 taverim,
2394 1503 2731 1573 spirituales
2761 1504 2818 1558 in
2851 1521 2917 1560 ea
2941 1507 3335 1575 prmﬁguratos
3355 1510 3752 1566 additamenta

2099 1583 2342 1636 turturis
2362 1591 2417 1638 et
2445 1582 2752 1638 columbas.
2784 1585 2854 1640 Et
2885 1586 3014 1641 ideo
3046 1587 3267 1642 dictum
3287 1597 3394 1656 est,
3417 1590 3548 1645 Aves
3568 1600 3755 1646 autem

2098 1676 2209 1716 non
2234 1661 2415 1716 divisit
2443 1680 2464 1717 :
2497 1663 2774 1732 quoniam
2807 1667 3070 1721 carnales
3092 1667 3242 1722 inter
3282 1683 3346 1723 se
3385 1669 3754 1737 dividuntur,

2099 1742 2432 1811 spirituales
2479 1748 2670 1798 autem
2722 1743 2883 1799 nullo
2935 1747 3147 1814 modo;
3188 1747 3309 1804 sive
3357 1767 3390 1803 a
3433 1749 3754 1822 negotiosis

2098 1823 2640 1878 conversationibus
2702 1823 3004 1881 hominum
3066 1843 3128 1882 se
3186 1836 3538 1898 removeant,
3602 1832 3758 1886 sicut

2097 1906 2329 1970 turtur;
2383 1903 2504 1959 sive
2560 1905 2709 1959 inter
2771 1905 2902 1960 illas
2942 1907 3173 1976 degant,
3226 1910 3382 1964 sicut
3431 1910 3750 1966 columba:

2097 1988 2344 2054 utraque
2386 1990 2578 2037 tamen
2612 1984 2733 2039 avis
2772 1993 2860 2040 est
2888 1988 3138 2056 simplex
3175 1993 3231 2043 et
3261 1989 3536 2059 innoxia;
3570 1990 3754 2061 signi-

2100 2062 2284 2116 ficans
2310 2063 2449 2116 etin
2483 2062 2610 2134 ipso
2662 2063 2980 2120 Israelitico
3032 2068 3266 2137 populo,
3315 2069 3407 2124 cui
3449 2075 3603 2124 terra
3645 2070 3748 2126 illa

2098 2142 2293 2197 danda
2331 2148 2476 2210 erat,
2512 2146 2736 2200 futuros
2789 2147 3122 2203 individuus
3153 2149 3307 2204 filios
3351 2151 3752 2220 promissionis

2099 2227 2156 2277 et
2187 2221 2446 2277 heredes
2488 2224 2650 2293 regni
2707 2225 2766 2279 in
2827 2229 3044 2281 aeterna
3101 2227 3378 2284 felicitate
3423 2230 3683 2285 mansuri
3708 2234 3750 2290 ⁸.

2098 2302 2247 2358 Aves
2311 2308 2508 2358 autem
2598 2304 3018 2361 descendentes
3091 2324 3270 2379 super
3320 2324 3561 2380 corpora
3621 2327 3750 2383 quis

2101 2383 2287 2438 divisa
2318 2390 2503 2452 erant,
2537 2399 2652 2438 non
2692 2384 2828 2440 boni
2869 2385 3114 2456 aliquid,
3161 2389 3263 2443 sed
3308 2388 3552 2460 spiritus
3600 2391 3752 2446 indi-

2099 2469 2234 2517 cant
2291 2461 2443 2517 aeris
2501 2462 2702 2532 hujus,
2765 2468 3000 2535 pastum
3068 2468 3380 2538 quemdam
3438 2485 3611 2524 suum
3680 2471 3752 2526 de

2102 2541 2429 2598 carnalium
2460 2542 2743 2598 divisione
2792 2549 3131 2615 quaerentes.
3182 2549 3344 2614 Quod
3388 2554 3580 2606 autem
3630 2549 3749 2606 illis

2099 2623 2362 2680 consedit
2427 2623 2742 2685 Abraham.
2814 2623 3104 2694 signiﬁcat
3168 2628 3340 2683 etiam
3407 2628 3560 2684 inter
3615 2629 3749 2686 illas

2100 2705 2421 2760 carnalium
2463 2706 2783 2761 divisiones
2809 2706 2830 2740 ³
2861 2721 3026 2760 veros
3059 2723 3241 2778 usque
3290 2708 3346 2763 in
3390 2709 3565 2765 ﬁnem
3607 2728 3745 2781 per-

2099 2789 2462 2841 severaturos
2496 2785 2718 2841 fideles.
2772 2785 2833 2840 Et
2884 2786 3040 2842 circa
3087 2788 3229 2843 solis
3277 2805 3544 2846 occasum
3593 2793 3749 2863 quod

2100 2881 2274 2936 pavor
2329 2864 2500 2920 irruit
2569 2866 2629 2921 in
2695 2865 3009 2934 Abraham,
3068 2872 3126 2922 et
3180 2869 3359 2924 timor
3415 2871 3754 2926 tenebrosus

2102 2962 2366 3014 magnus,
2435 2945 2728 3017 signiﬁcat
2802 2947 2959 3003 circa
3029 2946 3211 3020 hujus
3296 2949 3490 3005 saeculi
3570 2950 3744 3006 finem

2099 3041 2372 3095 magnam
2409 3027 2904 3096 perturbationem
2940 3043 3005 3082 ac
3036 3027 3471 3085 tribulationem
3495 3030 3748 3087 futuram

2098 3105 2354 3160 ﬁdelium
2397 3121 2410 3158 :
2456 3106 2537 3160 ‘de
2594 3122 2708 3176 qua
2767 3106 3051 3162 Dominus
3108 3109 3256 3164 dixit
3312 3109 3371 3164 in
3418 3111 3748 3182 Evangelia,

2099 3187 2223 3240 Erit
2261 3188 2404 3240 enim
2429 3192 2560 3240 tunc
2592 3189 2880 3244 tribulatio
2911 3203 3130 3259 magna,
3163 3189 3345 3260 qualis
3382 3206 3491 3246 non
3530 3193 3640 3260 fuit
3675 3192 3748 3246 ab

2096 3269 2255 3320 initio
2285 3267 2495 3334 (Matth.
2533 3282 2683 3331 xxiv,
2717 3269 2829 3338 21).

2166 3347 2220 3399 3.
2255 3345 2414 3408 Ουοᾶ
2462 3362 2592 3398 vero
2638 3348 2859 3401 dictum
2902 3358 2988 3403 est
3034 3350 3099 3402 ad
3145 3349 3462 3415 Abraham,
3518 3351 3749 3407 Sciendo

2097 3427 2231 3478 scies
2263 3427 2391 3493 quia
2421 3428 2769 3492 peregrinum
2800 3431 2907 3482 erit
2936 3445 3113 3482 semen
3147 3435 3304 3482 tuum
3333 3431 3391 3483 in
3441 3435 3590 3486 terra
3638 3449 3750 3487 non

2094 3507 2344 3576 propri-1,
2391 3514 2441 3557 et
2473 3510 2524 3558 in
2573 3510 2892 3562 servitutem
2941 3508 3191 3576 redigent
3239 3525 3346 3570 eos,
3395 3518 3445 3562 et
3499 3513 3753 3580 a/ﬂigent

2099 3599 2184 3639 eos
2251 3585 2668 3654 quadringentis
2725 3590 2932 3649 annis;
3001 3588 3071 3643 de
3132 3589 3342 3658 populo
3390 3590 3590 3652 Israel,
3653 3592 3752 3660 qui

2099 3665 2288 3719 fuerat
2317 3665 2376 3718 in
2408 3665 2652 3734 ASgypto
2684 3669 3032 3730 serviturus,
3077 3669 3447 3736 apertissime
3499 3671 3750 3739 prophe-

2105 3753 2286 3801 tatum
2354 3757 2464 3802 eet.
2531 3745 2649 3801 Non
2685 3751 2837 3817 quod
2906 3749 2965 3802 in
3032 3749 3232 3802 eadem
3298 3750 3575 3805 servitute
3640 3750 3749 3807 sub

2097 3826 2382 3898 Egyptiis
2448 3826 2835 3891 alﬂigentibus
2902 3829 3355 3900 quadringentos
3415 3847 3602 3886 annos
3649 3831 3748 3887 ille

2100 3907 2346 3982 populus
2380 3910 2561 3961 fuerat
2595 3915 2934 3978 peracturus
2965 3933 2980 3974 ς
3032 3911 3130 3963 sed
3167 3911 3225 3965 in
3264 3909 3411 3981 ipsis
3460 3913 3750 3981 quadrin-

2097 3992 2287 4054 gentis
2352 3990 2522 4042 annis
2608 3991 3061 4058 prrenuutiatum
3128 3997 3218 4044 est
3284 3993 3392 4045 hoc
3459 3995 3744 4046 futurum.

2097 4069 2599 4134 Quemadmodum
2633 4072 2789 4124 enim
2824 4071 3104 4134 scriptum
3139 4078 3223 4125 est
3253 4071 3323 4124 de
3353 4071 3546 4126 Thara
3588 4078 3751 4140 patre

2098 4149 2364 4210 Abrahar,
2399 4149 2459 4202 Et
2503 4151 2738 4218 [uerunt
2788 4152 2904 4204 dies
2941 4150 3126 4205 Thura:
3155 4167 3217 4205 in
3255 4151 3471 4206 Char-ra
3511 4154 3752 4223 quinque

2096 4238 2145 4285 et
2175 4229 2395 4284 ducenti
2420 4234 2558 4284 anni
2589 4228 2742 4298 (Gen.
2787 4246 2864 4297 xl,
2897 4231 3021 4301 32);
3071 4248 3182 4286 non
3244 4234 3385 4302 quia
3428 4233 3506 4285 ibi
3541 4248 3751 4289 omnes

2096 4313 2208 4368 acti
2241 4317 2402 4380 sunt,
2435 4312 2536 4365 sed
2572 4311 2709 4381 quia
2749 4312 2827 4365 ibi
2882 4311 3154 4377 completi
3205 4320 3381 4366 sunt:
3430 4312 3507 4366 ita
3556 4319 3613 4368 et
3659 4314 3751 4369 hic

2099 4399 2400 4466 prepterea
2493 4391 2903 4461 interpositum
2979 4396 3090 4461 est,
3176 4393 3242 4447 Et
3311 4395 3372 4447 in
3436 4397 3752 4450 servitutem

2102 4475 2344 4543 redigent
2372 4487 2480 4536 eos,
2513 4479 2567 4526 et
2617 4472 2867 4542 a/‘ﬂigent
2916 4488 3009 4528 eos
3057 4475 3492 4545 quadringentis
3539 4476 3754 4537 annis;

2103 4557 2378 4625 quoniam
2407 4551 2515 4607 iste
2548 4569 2828 4608 numerus
2873 4553 2930 4607 in
2981 4564 3178 4610 eadem
3232 4555 3547 4610 atilictione
3593 4571 3752 4610 com-

2104 4636 2296 4705 pletus
2341 4638 2450 4698 est,
2503 4649 2617 4688 non
2667 4634 2808 4703 quia
2869 4635 2949 4689 ibi
2992 4634 3298 4689 universus
3347 4648 3614 4704 peraclus
3647 4642 3753 4690 est.

2104 4714 2518 4786 Quadringenti
2558 4731 2697 4769 sane
2727 4714 3002 4770 dicuntur
3047 4714 3184 4769 anni
3238 4720 3472 4786 propter
3525 4715 3755 4769 numeri

2105 4795 2558 4869 plenitudinem,
2617 4796 2886 4865 quamvis
2947 4795 3247 4863 aliquanto
3297 4793 3549 4860 amplius
3597 4795 3750 4860 sint;

2107 4878 2227 4933 sive
2257 4893 2327 4932 ex
2349 4878 2456 4931 hoc
2486 4881 2745 4943 tempore
2773 4879 3199 4942 computentur,
3235 4888 3349 4940 quo
3381 4874 3489 4926 ista
3513 4875 3756 4943 promit-

2106 4959 2382 5014 tebantur
2420 4955 2681 5017 Abrahae,
2741 4954 2860 5008 sive
2918 4969 2983 5008 ex
3041 4968 3151 5022 quo
3212 4965 3382 5007 natus
3434 4959 3523 5006 est
3573 4957 3752 5021 Isaac,

2109 5041 2342 5108 propter
2373 5051 2568 5090 semen
2599 5033 2865 5100 Abrahaa,
2910 5035 2980 5088 de
3028 5048 3142 5104 quo
3185 5031 3298 5088 ista
3335 5032 3754 5103 prmdicuntur.

2108 5119 2528 5187 Computantur
2574 5115 2752 5182 enim,
2792 5115 2945 5170 sicut
2986 5114 3258 5184 superius
3300 5116 3424 5184 jam
3476 5114 3756 5184 diximus,

2108 5199 2178 5254 ab
2210 5213 2360 5252 anno
2393 5194 2821 5268 septuagesimo
2851 5203 2903 5250 et
2956 5197 3161 5266 quinto
3207 5194 3473 5266 Abrahae,
3525 5192 3756 5266 quando

2175 5426 2190 5458 ι
2225 5419 2310 5470 Sic
2336 5420 2458 5470 Mss.
2493 5419 2633 5468 Editi
2664 5433 2807 5471 vero.
2839 5433 3154 5467 mansuros.

2173 5484 2195 5517 ²
2223 5483 2380 5532 Vind.
2434 5484 2562 5546 Am.
2585 5485 2638 5531 et
2668 5483 2748 5530 Er.
2794 5485 2930 5546 post.
2953 5481 3289 5546 carnalium
3319 5479 3762 5546 dicis_ione{.‘ad-

2109 5547 2260 5596 dunt.
2292 5545 2621 5605 spirituales
2654 5559 2766 5592 esse
2794 5540 3132 5593 'nOnnutlos.
3161 5543 3216 5591 ld
3246 5556 3354 5596 non
3390 5543 3588 5596 habent
3615 5540 3759 5599 MSS"

2111 5611 2203 5659 sed
2234 5609 2474 5672 plerique
2506 5622 2619 5671 pro,
2652 5622 2817 5666 veros,
2848 5610 3046 5662 ferunt,
3079 5607 3246 5655 viros.
