4136 6190
337 299 454 360 503

336 437 409 493 ad
428 452 563 493 eum
588 435 737 492 facta
767 441 851 492 est
883 434 1073 506 prima
1111 433 1438 505 promissio,
1472 451 1658 507 usque
1678 436 1747 491 ad
1770 433 1986 490 exitum

276 548 281 553 ι
332 516 511 573 Israel
543 533 613 572 ex
641 516 904 587 Egypto,
946 514 1357 586 quadringenti
1404 520 1461 569 et
1509 516 1749 585 triginta
1795 515 1982 570 anni:

333 613 582 669 quorum
625 594 939 667 Apostolus
983 595 1064 650 ita
1111 594 1421 650 meminit:
1463 596 1571 650 Hoc
1618 608 1802 650 autem
1846 594 1983 659 dico,

335 677 547 749 inquit,
588 682 965 731 testamentum
1017 676 1399 745 conﬁrmatum
1448 693 1482 731 a
1532 677 1654 744 Deo,
1703 690 1829 748 quae
1870 685 1990 746 post

337 756 766 828 quadringentos
794 761 846 812 et
881 758 1111 827 triginta
1151 772 1324 812 annos
1369 757 1519 826 facta
1572 760 1649 812 est
1705 757 1815 824 lex,
1870 772 1986 810 non

336 838 593 908 inﬁrmat
622 836 691 891 ad
719 835 1095 892 evacuandam
1117 839 1527 907 promissionem
1547 836 1749 907 (Galat.
1773 852 1858 902 ιιι,
1876 837 1940 889 17
1947 836 1985 908 ).

338 918 470 975 Jam
491 935 624 990 ergo
646 919 742 973 isti
766 918 1177 990 quadringenti
1208 924 1265 972 et
1283 918 1524 989 triginta
1539 918 1698 982 anni,
1716 917 1993 989 quadrino

341 1000 503 1071 genti
545 1003 804 1069 poterant
853 998 1201 1069 nuncupari,
1256 999 1396 1068 quia
1448 1014 1562 1052 non
1612 1005 1754 1053 sunt
1807 996 1992 1052 multo

342 1078 634 1150 amplius:
666 1083 884 1150 quanto
916 1079 1104 1150 magis
1152 1094 1282 1134 cum
1326 1079 1551 1150 aliquot
1597 1079 1717 1147 jam
1765 1094 1834 1133 ex
1881 1077 1992 1132 isto

343 1175 589 1217 numero
621 1159 1052 1231 praeteriissent,
1085 1160 1318 1231 quando
1348 1158 1450 1214 illa
1474 1159 1532 1213 in
1565 1160 1687 1214 visu
1722 1160 1993 1214 demons-

345 1245 498 1297 trata
553 1246 611 1296 et
665 1240 821 1298 dicta
877 1249 1014 1297 sunt
1063 1240 1353 1308 Abrahae;
1414 1239 1501 1294 vel
1555 1240 1783 1310 quando
1834 1241 1994 1295 Isaac

343 1325 521 1377 natus
550 1326 640 1376 est
669 1322 1000 1378 centenario
1019 1322 1168 1391 patri
1188 1336 1316 1388 suo,
1336 1336 1367 1375 a
1391 1319 1577 1390 prima
1608 1319 1996 1391 promissione

342 1412 471 1475 post
500 1403 703 1474 viginti
755 1408 813 1458 et
861 1405 1121 1475 quinque
1158 1418 1367 1465 annos,
1415 1417 1547 1455 cum
1593 1402 1718 1471 jam
1752 1417 1819 1455 ex
1847 1400 1994 1470 ,istis

342 1483 776 1554 quadringentis
832 1483 1079 1553 triginta
1145 1481 1561 1553 quadringenti
1629 1485 1686 1536 et
1735 1483 1995 1552 quinque

343 1570 733 1628 remanerent,
771 1578 920 1633 quos
967 1567 1121 1617 Deus
1159 1561 1617 1633 quadringentos
1664 1560 1845 1616 voluit
1890 1577 1994 1615 no-

342 1641 588 1705 minare,
621 1646 679 1695 et
708 1647 917 1696 caetera
947 1658 1075 1711 quis
1116 1646 1445 1712 sequuntur
1492 1640 1553 1695 in
1603 1641 1994 1711 verbis‘praa-

343 1720 674 1776 nuntiantis
718 1719 841 1786 Dei,
878 1720 1079 1776 nullus
1119 1720 1467 1776 dubitaverit
1508 1721 1579 1775 ad
1617 1721 1991 1777 [sraeliticum

342 1800 624 1873 populum
657 1802 945 1872 pertinere
973 1805 1075 1871 (α).

417 1883 469 1937 4.
498 1882 666 1948 Quod
691 1898 822 1938 vero
852 1883 1212 1953 adiungitur,
1248 1884 1379 1937 Cum
1401 1888 1585 1939 autem
1604 1884 1726 1955 jam
1754 1885 1837 1940 sol
1874 1893 1997 1941 erat

344 1962 423 2019 ad
450 1977 724 2030 occasum,
754 1964 979 2032 ﬂamma
997 1966 1144 2033 facta
1173 1971 1269 2029 est,
1302 1967 1352 2018 et
1399 1978 1522 2018 ecce
1567 1966 1774 2032 fornae:
1812 1967 1996 2035 fuma-

349 2034 554 2107 bunda,
601 2048 656 2097 et
703 2044 984 2112 lampades
1028 2045 1195 2115 ignis,
1246 2059 1365 2114 qua
1408 2034 1853 2114 pertransierunt
1897 2062 1998 2115 per

348 2123 535 2178 media
562 2124 739 2177 divisa
777 2120 884 2177 illa
899 2138 920 2183 ;
952 2122 1237 2190 signiﬁcat
1258 2125 1379 2194 jam
1414 2124 1475 2179 in
1506 2123 1621 2179 fine
1658 2125 1856 2180 saeculi
1898 2141 2000 2195 per

353 2204 548 2274 ignem
575 2202 930 2272 judicandos
958 2219 1083 2258 esse
1113 2204 1397 2259 carnales.
1431 2205 1589 2259 Sicut
1623 2206 1774 2260 enim
1810 2204 1997 2262 afﬂic-

354 2286 436 2341 tio
462 2284 715 2342 civitatis
746 2283 870 2354 Dei,
903 2285 1098 2356 qualis
1127 2290 1297 2341 antea
1342 2303 1645 2357 nunquam
1694 2288 1817 2356 fuit,
1869 2303 2000 2358 qum

357 2366 468 2420 sub
492 2364 843 2421 Antichristo
876 2365 1072 2420 futura
1102 2371 1392 2435 speratur,
1428 2367 1795 2438 signiﬁcatur
1833 2372 1996 2423 tene—

354 2444 753 2500 brosotimore
782 2444 1028 2501 Abrahae
1055 2444 1208 2500 circa
1255 2446 1393 2501 solis
1442 2462 1736 2516 occasum,
1783 2447 1838 2501 id
1876 2452 1997 2517 est,

357 2525 785 2597 pr0pinquante
819 2525 945 2594 jam
987 2526 1101 2580 fine
1131 2525 1369 2581 seculi:
1420 2526 1504 2581 sic
1548 2527 1619 2582 ad
1652 2526 1791 2583 solis
1833 2543 1996 2583 occa-

353 2621 508 2671 sum,
543 2605 598 2659 id
647 2613 756 2672 est,
799 2605 869 2660 ad
919 2606 1115 2677 ipsum
1166 2605 1279 2677 iam
1335 2605 1578 2674 ﬂnem‘,
1640 2606 2001 2679 signiﬁcatur

352 2685 470 2742 isto
500 2686 635 2758 igne
664 2686 786 2741 dies
809 2686 1019 2756 judicii
1050 2686 1334 2743 dirimens
1363 2686 1621 2743 carnales
1671 2705 1773 2759 per
1805 2689 1996 2758 ignem

352 2766 685 2836 salvandos,
732 2769 789 2821 et
835 2768 894 2822 in
942 2766 1078 2837 igne
1127 2766 1513 2823 damnandos.
1563 2767 1781 2824 Deinde
1826 2773 1997 2823 testa-

346 2849 612 2901 mentum
693 2844 907 2900 t‘actum
976 2847 1045 2901 ad
1093 2845 1411 2912 Abraham,
1460 2851 1676 2902 terram
1724 2847 1997 2903 Chanaan

343 2926 576 2997 proprie
642 2926 999 2993 manifestat,
1051 2930 1108 2981 et
1165 2924 1430 2981 nominat
1497 2926 1556 2981 in
1607 2942 1675 2982 ea
1724 2927 1995 2982 undecim

338 3013 543 3077 gentes
572 3021 607 3060 a
636 3005 879 3060 ﬂumine
910 3005 1137 3078 Egypti
1172 3019 1359 3076 usque
1381 3005 1456 3062 ad
1478 3006 1698 3062 ﬂumen
1724 3022 1995 3077 magnum

337 3084 715 3156 Euphratem.
752 3086 876 3140 Non
937 3101 1071 3157 ergo
1103 3102 1138 3141 a
1187 3084 1430 3140 ﬂumine
1485 3102 1699 3158 magno
1745 3086 1996 3158 Egypti,

342 3166 448 3222 hoc
479 3170 567 3221 est
625 3165 796 3234 Nilo;
860 3166 963 3221 sed
1022 3162 1057 3220 a
1119 3179 1317 3237 parvo,
1370 3166 1526 3237 quod
1585 3166 1792 3221 dividit
1849 3168 2002 3222 inter

340 3248 650 3319 Egyptum
709 3254 763 3302 et
813 3244 1207 3316 Palmstinam,
1255 3245 1354 3301 ubi
1406 3252 1492 3302 est
1538 3247 1742 3302 civitas
1789 3248 1999 3304 Rhino-

341 3342 555 3383 corura
591 3326 695 3398 (b).

342 3469 572 3526 CAPUT
630 3467 799 3525 XXV.
860 3497 931 3510 —
979 3470 1058 3524 De
1101 3468 1248 3540 Agar
1291 3468 1507 3525 ancilla
1565 3468 1773 3539 Sarrae,
1831 3484 1998 3540 quam

413 3550 606 3606 eadem
636 3549 807 3606 Sarra
836 3548 1070 3605 Abrahae
1096 3550 1269 3607 voluit
1297 3564 1413 3604 esse
1439 3550 1817 3605 concubinam.

414 3660 545 3717 Jam
578 3660 717 3717 hinc
747 3664 1013 3731 tempora
1043 3665 1482 3732 consequuntur
1524 3660 1773 3717 filiorum
1817 3660 1997 3714 Abra-

341 3741 452 3807 hae,
488 3740 666 3796 unius
699 3741 770 3795 de
801 3742 957 3812 Agar
986 3739 1217 3807 ancilla,
1241 3741 1481 3796 alterius
1511 3741 1583 3795 de
1597 3745 1770 3795 Sarra
1792 3739 1993 3805 libera,

340 3821 412 3877 de
444 3820 659 3891 quibus
690 3821 749 3875 in
786 3820 934 3875 libro
966 3825 1265 3889 superiore
1289 3821 1412 3891 jam
1448 3821 1704 3875 diximus
1734 3820 1876 3888 (cap.
1916 3819 1993 3888 3).

339 3900 501 3965 Quod
535 3905 732 3956 autem
765 3902 971 3956 attinet
1020 3901 1091 3955 ad
1144 3915 1266 3955 rem
1315 3904 1564 3972 gestam,
1619 3898 1780 3954 nullo
1830 3899 1996 3951 modo

342 3989 429 4037 est
459 3981 813 4036 inurendum
857 3982 928 4035 de
960 3980 1069 4035 hac
1116 3981 1440 4034 concubina
1485 3979 1699 4033 crimen
1751 3976 1996 4031 Abrahae

342 4061 432 4130 (c).
467 4061 619 4116 Usus
641 4066 728 4115 est
749 4076 817 4114 ea
840 4061 1053 4131 quippe
1084 4060 1154 4113 ad
1184 4059 1579 4128 generandam
1613 4058 1858 4129 prolem,
1881 4072 1996 4111 non

345 4143 416 4195 ad
450 4140 790 4209 explendam
828 4139 1169 4204 libidinem;
1206 4154 1310 4192 nec
1335 4139 1647 4203 insultans,
1679 4135 1782 4191 sed
1806 4135 1999 4205 potius

345 4221 625 4274 obediens
678 4220 937 4289 conjugi,
999 4233 1125 4287 quas
1183 4234 1298 4271 suae
1374 4216 1696 4273 sterilitatis
1754 4214 2001 4269 credidit

343 4314 474 4353 esse
520 4300 816 4364 solatium,
869 4298 914 4352 si
961 4296 1267 4351 fecundum
1319 4297 1544 4352 ancilla:
1576 4302 1826 4361 uterum,
1859 4310 1998 4365 quo-

344 4379 502 4432 niam
537 4386 740 4431 natura
772 4393 886 4431 non
917 4382 1011 4444 pot
1039 4381 1181 4440 erat,
1215 4377 1510 4432 voluntate
1549 4377 1762 4431 faceret
1796 4392 1997 4443 suum,

344 4462 401 4512 et
422 4472 489 4510 eo
511 4457 645 4524 jure
677 4472 792 4526 quo
824 4455 963 4509 dicit
994 4456 1328 4526 Apostolus,
1360 4456 1634 4511 Similiter
1661 4461 1713 4511 el
1761 4459 1844 4512 vir
1889 4473 1999 4512 non

338 4537 502 4592 habet
531 4541 852 4603 potestatem
880 4536 1124 4599 corporis
1152 4537 1267 4599 sui,
1298 4536 1389 4591 sed
1410 4537 1614 4591 mulier
1641 4536 1687 4608 (l
1722 4538 1843 4592 Cor.
1894 4554 1996 4605 vn,

349 4617 426 4686 4),
456 4622 720 4671 uteretur
751 4615 964 4671 mulier
992 4615 1064 4670 ad
1097 4615 1441 4686 pariendum
1471 4633 1538 4671 ex
1588 4615 1789 4687 altera,
1837 4620 1996 4689 quod

344 4713 460 4752 non
496 4699 719 4768 poterat
747 4712 818 4751 ex
845 4712 907 4751 se
928 4697 1076 4767 ipsa.
1103 4694 1279 4751 Nulla
1309 4701 1400 4752 est
1422 4697 1516 4752 hic
1565 4697 1773 4765 cupido
1822 4696 1999 4753 lasci-

344 4779 469 4845 viae,
530 4775 690 4833 nulla
742 4777 1013 4848 nequitias
1072 4778 1397 4849 turpitudo.
1458 4779 1541 4833 Ab
1593 4793 1767 4833 uxore
1822 4794 1998 4833 causa

348 4858 529 4932 prolis
604 4858 817 4914 ancilla
875 4860 1081 4915 marito
1147 4859 1414 4929 traditur,
1468 4878 1502 4916 a
1557 4862 1767 4916 marito
1820 4877 2002 4915 causa

349 4938 530 5011 prolis
561 4941 848 5011 accipitur
880 4957 892 4994 :
926 4942 998 4995 ab
1030 4945 1276 5011 utroque
1308 4958 1419 4997 non
1452 4940 1635 5014 culpa:
1669 4944 1861 5005 luxus,
1895 4942 1998 4997 sed

352 5026 574 5076 natura;
616 5020 840 5075 fructus
889 5020 1231 5091 exquiritur.
1285 5021 1547 5093 Denique
1604 5039 1737 5078 cum
1789 5021 2002 5077 ancilla

350 5100 609 5171 gravida,
644 5099 920 5155 domina”
953 5100 1155 5167 sterili,
1189 5103 1541 5173 superbiret,
1572 5112 1625 5158 et
1676 5103 1784 5158 hoc
1830 5102 2001 5159 Sarra

414 5254 429 5315 ξ
463 5251 613 5315 Yind.
649 5254 764 5302 Am.
793 5255 846 5304 et
875 5253 980 5312 Er.,
1009 5256 1183 5315 ﬁnem
1209 5257 1439 5307 saeculi.

409 5312 433 5387 ξ
464 5313 550 5388 §ic
562 5316 774 5423 (probae
804 5318 959 5365 notae
988 5312 1152 5367 codex
1178 5319 1328 5369 Corb.
1369 5319 1473 5368 Alii
1501 5321 1852 5384 manuscripti
1880 5336 2001 5373 cum

409 5377 528 5423 litis.
599 5393 835 5423 ommae.

353 5376 528 5430 editis.
562 5376 835 5427 dominae.

390 5442 485 5505 ita)
517 5441 662 5505 Qonl.
694 5441 905 5498 Quaest.
936 5441 991 5505 in
1024 5441 1211 5501 Exod,
1242 5457 1294 5505 q.
1314 5442 1409 5505 A47.

417 5499 483 5621 3b)
514 5500 659 5550 Cont.
693 5504 901 5561 Quaest.
933 5503 989 5552 in
1016 5499 1277 5570 Josue,'q'.
1304 5502 1389 5554 21.

440 5568 489 5620 c)
517 5562 661 5618 Quod
688 5567 903 5621 quidem
952 5570 1175 5618 iaciebat
1222 5570 1389 5618 Faust‘

370 5569 389 5633 '.
421 5562 489 5621 (ο)
517 5562 661 5618 Quod
688 5567 903 5625 quidem
952 5562 1187 5618 iaciebat
1222 5562 1449 5618 Faustus
1496 5570 1850 5623 Manichacus.
1883 5572 1998 5621 Vid.

351 5620 448 5668 11b.
481 5622 541 5668 22
569 5628 753 5668 contra
780 5629 951 5668 ianIn
1007 5645 1101 5668 mm
1150 5631 1211 5668 an

377 5622 448 5670 ib.
481 5622 541 5670 22
569 5622 753 5675 contra
780 5629 971 5690 ipsum,
1007 5645 1116 5694 cap.
1149 5631 1227 5681 30.

1401 299 1505 362 ns
1549 297 1912 360 CIVITATE
1950 296 2103 370 DEI,
2155 297 2219 358 s.
2265 256 2690 361 AUGUSTINI

3629 298 3745 358 504

2095 432 2430 505 suspicione
2477 433 2745 490 muliebri
2787 435 2911 491 viro
2960 434 3155 506 potius
3198 434 3531 506 imputaret,
3569 433 3748 489 etiam

2093 512 2172 568 ibi
2205 513 2630 569 demonstravit
2654 515 2949 571 Abraham
2994 532 3110 572 non
3157 531 3219 570 se
3263 524 3583 571 amatorem
3634 529 3753 570 sor-

2091 609 2251 660 vum,
2280 594 2380 649 sed
2413 593 2657 650 liberum
2693 594 2871 651 fuisse
2900 596 3323 667 genitorem,et
3351 596 3410 650 in
3441 600 3602 667 Agar
3622 594 3754 650 Sar-

2094 692 2171 730 rae
2200 675 2434 746 conjugi
2475 676 2816 747 pudicitiam
2849 677 3206 745 custodisse;
3261 692 3366 732 nec
3388 675 3750 746 voluptatem

2093 771 2283 825 suam,
2318 756 2415 810 sed
2449 755 2802 811 voluntatem
2836 755 2993 811 illius
3024 756 3393 828 implevisse:
3429 756 3753 827 accepisse,

2094 851 2201 891 nec
2233 834 2502 906 petiisse;
2534 838 2869 902 accessisse,
2914 851 3016 891 nec
3068 836 3347 905 haesisse;
3398 838 3753 904 seminasse,

2096 930 2201 970 nec
2229 931 2473 969 amasse.
2508 917 2604 970 Ait
2628 914 2782 971 enim
2821 934 2834 971 :
2871 916 2996 971 Ecce
3025 917 3233 970 ancilla
3265 923 3363 971 tua
3392 918 3453 970 in
3492 916 3757 970 manibus

2096 996 2228 1061 tuis,
2261 1001 2416 1049 utere
2443 1010 2508 1049 ea
2535 995 2802 1067 quomodo
2831 995 2938 1051 tibi
2963 995 3233 1065 placuerit
3264 997 3415 1066 (Gen.
3448 1013 3566 1062 xvr,
3593 996 3673 1068 6).
3707 999 3752 1051 Ο

2094 1075 2282 1131 virum
2314 1074 2563 1130 viriliter
2612 1080 2872 1131 utentem
2921 1076 3174 1142 feminis,
3228 1077 3477 1148 conjuge
3528 1081 3752 1147 tempe-

2096 1162 2312 1222 ranter,
2344 1155 2559 1211 ancilla
2602 1156 3092 1229 obtemperanter,
3141 1158 3305 1213 nulla
3353 1157 3756 1229 intemperan-

2097 1242 2184 1293 ter
2210 1236 2223 1291 Ι

2098 1373 2329 1430 CAPUT
2360 1372 2562 1428 XXVI.
2594 1406 2664 1414 —
2692 1376 2771 1430 De
2800 1375 3186 1444 testiﬁcatione
3216 1377 3317 1429 Dei
3343 1373 3415 1430 ad
3452 1373 3754 1443 Abraham,

2169 1469 2277 1524 qua
2315 1455 2487 1509 eidem
2533 1457 2653 1509 seni
2693 1455 2758 1511 de
2811 1455 2992 1511 sterili
3047 1454 3216 1510 Sarra
3266 1456 3447 1525 ﬁlium
3502 1454 3754 1526 spondet,

2164 1542 2495 1605 patremque
2522 1551 2647 1589 eum
2674 1535 2937 1605 gentium
2961 1538 3181 1603 statuit,
3213 1546 3264 1590 et
3291 1536 3552 1608 promissi
3589 1535 3755 1606 ﬁdem

2170 1622 2518 1671 sacramento
2548 1618 2975 1672 circumcisionis
2996 1618 3270 1686 obsignat.

2171 1724 2222 1777 1.
2256 1725 2391 1778 Post
2434 1724 2557 1779 haec
2601 1728 2690 1779 est
2729 1730 2900 1779 natus
2933 1723 3143 1780 Ismael
3191 1741 3260 1779 ex
3298 1728 3475 1797 Agar,
3525 1724 3587 1780 in
3638 1740 3757 1796 quo

2100 1807 2305 1875 putare
2337 1812 2531 1875 posset
2561 1803 3059 1875 impletum,quod
3092 1805 3143 1861 ei
3165 1805 3519 1875 promissum
3544 1804 3754 1873 fuerat,

2100 1900 2232 1940 cum
2297 1884 2410 1938 sibi
2466 1884 2839 1939 vernaculum
2902 1900 3077 1939 suum
3127 1885 3403 1956 adoptare
3450 1884 3754 1951 voluisset,

2100 1964 2330 2021 dicente
2373 1964 2511 2025 Deo,
2544 1965 2657 2021 Non
2690 1964 2803 2021 erit
2832 1964 3005 2021 haeres
3036 1972 3165 2021 tuus
3194 1968 3278 2022 hic
3298 1984 3322 2031 ;
3348 1965 3441 2022 sed
3469 1968 3566 2038 qui
3611 1969 3758 2022 extet

2099 2046 2164 2101 de
2194 2052 2262 2112 te,
2294 2046 2391 2100 ille
2436 2047 2538 2100 erit
2587 2045 2762 2102 nares
2810 2052 2940 2101 tuus
2996 2047 3147 2116 (Gen.
3204 2062 3297 2113 xv,
3330 2047 3407 2114 4).
3451 2045 3570 2102 Hoc
3618 2062 3756 2117 ergo

2102 2125 2456 2197 promissum
2488 2140 2562 2182 ne
2593 2125 2650 2180 in
2702 2126 2927 2181 ancilla:
2978 2126 3095 2181 (ilio
3146 2130 3376 2195 putaret
3424 2126 3755 2196 impletum,

2094 2208 2217 2277 jam
2254 2221 2379 2261 cum
2407 2213 2544 2262 esset
2572 2223 2846 2262 annorum
2893 2210 3191 2279 nonaginta
3220 2218 3272 2263 et
3313 2223 3531 2277 novem,
3578 2224 3754 2279 appa-

2101 2287 2220 2340 ruit
2249 2287 2303 2341 ei
2333 2287 2619 2356 Dominus,
2650 2295 2701 2342 et
2729 2286 2873 2342 dixit
2903 2287 3037 2342 illi:
3066 2288 3176 2357 Ego
3213 2304 3337 2342 sum
3392 2289 3555 2355 Deus,
3603 2289 3758 2359 place

2101 2368 2161 2420 in
2200 2376 2486 2437 conspectu
2533 2383 2671 2432 meo,
2720 2375 2773 2422 et
2820 2372 2930 2423 esto
2983 2370 3104 2423 sine
3156 2366 3406 2439 querela,
3459 2374 3513 2423 et
3552 2384 3760 2439 ponam

2102 2452 2496 2501 testamentum
2527 2462 2711 2502 meum
2742 2450 2893 2502 inter
2920 2463 3006 2503 me
3026 2454 3081 2502 et
3122 2449 3270 2503 inter
3306 2453 3379 2515 te,
3427 2457 3480 2503 et
3523 2449 3760 2518 implebo

2104 2533 2157 2581 te
2186 2526 2360 2581 valde.
2397 2527 2462 2580 Et
2482 2528 2712 2595 procidit
2742 2528 2945 2582 Abram
2994 2530 3052 2581 in
3091 2527 3291 2596 {aciem
3336 2543 3520 2583 suam.
3571 2529 3640 2583 Et
3690 2530 3762 2584 lo-

2101 2612 2260 2662 cutus
2288 2610 2365 2660 est
2391 2605 2485 2660 illi
2500 2609 2667 2673 Deus,
2701 2607 2930 2661 dicens:
2956 2608 3022 2662 Et
3041 2623 3162 2678 ego,
3187 2623 3304 2663 ecce
3319 2609 3755 2663 testamentum‘

2104 2702 2285 2741 meum
2317 2692 2530 2752 tecum;
2562 2694 2616 2741 et
2645 2688 2760 2742 eris
2788 2692 2943 2759 pater
2971 2687 3352 2743 multitudinis
3381 2691 3631 2757 gentium
3661 2706 3683 2745 :
3701 2698 3755 2744 et

2103 2782 2215 2821 non
2244 2768 2621 2838 appellabitur
2649 2768 2831 2823 adhuc
2856 2784 3054 2824 nomen
3086 2778 3242 2823 tuum
3271 2769 3495 2834 Abram,
3523 2769 3616 2824 sed
3644 2769 3757 2825 erit

2100 2864 2299 2903 nomen
2329 2855 2486 2904 tuum
2518 2850 2830 2912 Abraham;
2862 2853 2995 2921 quia
3017 2857 3229 2921 patrem
3259 2851 3567 2905 multarum
3616 2868 3756 2922 gen-

2103 2931 2244 2984 tium
2271 2931 2433 2999 posui
2461 2935 2549 2997 te;
2583 2936 2636 2984 et
2665 2931 2871 3000 augebo
2893 2930 2916 2964 ²
2944 2937 2998 2984 te
3036 2930 3210 2997 valde,
3240 2933 3292 2985 et
3338 2945 3532 3001 ponam
3577 2937 3635 2986 te
3694 2934 3753 2986 in

2101 3014 2307 3076 gentes,
2369 3014 2423 3062 et
2468 3023 2622 3076 reges
2665 3024 2736 3064 ex
2774 3015 2827 3065 te
2876 3008 3142 3065 exibunt:
3183 3016 3431 3064 statuam
3460 3015 3757 3065 testamen-

2104 3093 2221 3143 tum
2250 3103 2433 3141 meum
2462 3090 2609 3142 inter
2635 3104 2723 3144 me
2750 3096 2803 3145 et
2830 3090 2980 3144 inter
3008 3096 3081 3157 te,
3114 3096 3171 3145 et
3199 3091 3348 3145 inter
3374 3105 3561 3145 semen
3601 3096 3763 3146 tuum

2102 3174 2219 3238 post
2253 3174 2306 3221 te
2343 3169 2403 3222 in
2433 3172 2810 3237 generationes
2838 3186 3027 3226 eorum
3056 3173 3116 3225 in
3146 3177 3549 3226 testamentum
3591 3178 3764 3229 aeter-

2101 3264 2255 3317 num,
2288 3254 2350 3302 ut
2364 3251 2477 3303 'sim
2500 3248 2596 3304 tibi
2626 3250 2785 3317 Deus,
2817 3257 2870 3306 et
2896 3253 3097 3306 semini
3125 3257 3217 3306 tuo
3241 3257 3369 3322 post
3397 3258 3471 3309 te.
3512 3252 3580 3306 Et
3621 3252 3760 3309 dabo

2103 3330 2205 3383 tibi
2231 3336 2285 3383 et
2312 3331 2514 3384 semini
2543 3336 2635 3386 tuo
2664 3337 2781 3401 post
2829 3337 2880 3385 te
2909 3336 3144 3398 terram,
3188 3334 3247 3387 in
3296 3347 3404 3403 qua
3450 3332 3632 3388 incola
3682 3348 3755 3401 es,

2073 3424 2314 3464 omnem
2348 3414 2554 3465 terram
2586 3408 2845 3465 Chanaan
2877 3413 2936 3464 in
2966 3412 3351 3480 possessionem
3378 3417 3674 3478 eternam,
3704 3418 3759 3467 et

2102 3506 2193 3545 ero
2225 3490 2339 3543 illis
2373 3494 2532 3544 Deus.
2572 3491 2633 3544 Et
2661 3489 2802 3545 dixit
2829 3493 2971 3546 Deus
2991 3494 3065 3546 ad
3105 3491 3383 3548 Abraham
3410 3508 3432 3547 :
3469 3493 3544 3547 Tu
3572 3497 3759 3550 autem

2103 3576 2494 3625 testamentum
2523 3586 2705 3625 meum
2734 3572 3097 3638 conservabis,
3153 3578 3215 3626 tu
3260 3578 3314 3627 et
3363 3587 3551 3627 semen
3600 3579 3761 3629 tuum

2097 3657 2220 3723 post
2251 3656 2303 3705 te
2332 3653 2390 3705 in
2420 3654 2703 3721 progenies
2732 3667 2858 3707 suas
2874 3653 2916 3705 ³.
2955 3652 3019 3706 Et
3059 3652 3160 3709 hoc
3203 3658 3287 3708 est
3328 3652 3762 3709 testamentum‘

2101 3731 2241 3802 quod
2270 3732 2610 3788 conservabis
2640 3735 2790 3789 inter
2816 3748 2902 3789 me
2928 3739 2982 3789 et
3011 3748 3125 3799 vos,
3147 3740 3201 3788 et
3223 3735 3374 3789 inter
3394 3749 3579 3789 semen
3605 3740 3762 3791 tuum

2099 3816 2221 3881 post
2252 3817 2305 3863 te
2332 3813 2392 3865 in
2435 3815 2810 3882 generationes
2856 3829 3004 3868 suas.
3040 3812 3472 3869 Circumcidetur
3515 3822 3761 3870 vestrum

2102 3906 2187 3944 om
2195 3907 2258 3945 ne
2278 3895 2737 3960 masculinum,et
2752 3893 3216 3949 circumcidemini
3227 3894 3477 3951 carnem5
3491 3897 3763 3966 praeputii

2102 3972 2273 4025 vestri
2302 3989 2321 4024 :
2350 3978 2403 4025 et
2432 3976 2541 4027 erit
2567 3978 2624 4026 in
2655 3975 2874 4044 signum
2905 3978 3229 4030 testamenti
3255 3978 3401 4031 inter
3441 3992 3529 4030 me
3555 3983 3610 4031 et
3648 3993 3758 4033 vos.

2103 4053 2169 4107 Et
2223 4068 2362 4122 puer
2420 4060 2538 4109 octo
2593 4055 2808 4109 dierum
2855 4055 3300 4122 circumcidetur,
3345 4060 3583 4112 vestrum
3603 4072 3765 4113 omne

2103 4134 2478 4188 masculinum
2510 4134 2566 4189 in
2585 4137 2876 4205 progenies
2896 4140 3120 4191 vestras.
3151 4137 3479 4193 Vernaculus
3497 4142 3547 4193 et
3568 4141 3762 4207 empti-

2108 4215 2216 4268 tius
2244 4214 2315 4268 ab
2344 4216 2495 4268 omni
2510 4213 2626 4283 ﬁlio
2657 4217 2969 4285 alienigena
2991 4217 3033 4283 °,
3066 4219 3162 4288 qui
3189 4232 3300 4272 non
3343 4224 3427 4271 est
3456 4219 3525 4273 de
3556 4221 3763 4274 semine

2104 4295 2215 4361 tuo,
2245 4293 2657 4349 circumcisione
2686 4297 3127 4351 curcumcidetur
3146 4313 3167 4352 :
3203 4298 3532 4352 vernaculus
3560 4300 3755 4354 domus

2103 4379 2212 4429 tuae
2240 4379 2293 4428 et
2321 4375 2624 4443 emptitius.
2663 4376 2728 4429 Et
2748 4377 2855 4430 erit
2876 4382 3274 4432 testamentum
3293 4394 3478 4433 meum
3502 4377 3563 4433 in
3587 4394 3758 4434 carne

2105 4460 2289 4510 vestra
2317 4455 2376 4507 in
2418 4458 2794 4511 testamentum
2837 4463 3134 4513 a'ternum.
3186 4459 3254 4513 Et
3292 4460 3387 4529 qui
3430 4474 3540 4513 non
3587 4460 3761 4529 fuerit

2104 4535 2474 4596 circumcisus,
2508 4542 2789 4589 masculus
2820 4539 2917 4607 qui
2942 4553 3053 4593 non
3073 4537 3501 4592 circumcidetur
3537 4554 3757 4595 carnem

2101 4612 2418 4686 praeputii"
2457 4613 2549 4669 sui
2603 4622 2793 4672 octavo
2850 4616 2959 4685 die,
3008 4618 3259 4672 interibit
3306 4621 3496 4673 anima
3544 4619 3652 4674 illa
3696 4619 3760 4675 de

2170 4762 2188 4795 1
2224 4758 2310 4825 Si_c
2336 4760 2686 4823 manuscripti
2736 4762 2893 4824 juxta
2935 4760 3300 4825 Septuaginta.
3357 4764 3427 4812 At
3452 4763 3608 4813 Vind.
3639 4764 3757 4814 Am.

2105 4823 2213 4878 Er.,
2243 4823 2378 4871 Ecce
2412 4838 2526 4884 ego,
2559 4832 2607 4872 et
2632 4837 2745 4873 ecce
2789 4823 3197 4874 testamentum.
3232 4827 3378 4883 Lov.,
3408 4827 3480 4876 Et
3508 4841 3623 4876 ecce
3641 4841 3757 4889 ego,

2108 4892 2516 4935 testamentum.

2171 4947 2193 5023 ξ
2224 4948 2348 5023 lges.
2374 4949 2680 5023 constanter
2706 4948 2923 5011 habent,
2953 4962 3214 5023 augeam.

2173 5011 2195 5043 ³
2230 5009 2314 5083 Sic
2340 5012 2510 5060 nostri
2543 5024 2727 5083 omnes
2765 5009 3146 5083 manuscripts.
3206 5013 3265 5083 In_
3300 5013 3354 5062 B.
3401 5014 3564 5083 deest,
3595 5022 3677 5068 tu.
3706 5018 3761 5065 et

2105 5086 2218 5136 pro,
2253 5074 2313 5120 in
2337 5075 2650 5142 progenies,
2678 5074 2887 5135 legitur,
2919 5075 2982 5122 in
3011 5076 3415 5136 generationes.
3444 5077 3511 5126 Μ.

2170 5134 2193 5167 ι
2212 5135 2369 5189 Editi,
2400 5144 2786 5185 testamentum
2815 5151 3010 5185 meum.
3038 5138 3219 5189 Abest.
3247 5153 3453 5189 meum.
3492 5152 3526 5188 a
3551 5138 3675 5189 Mss.
3704 5141 3759 5189 et

2213 5172 2369 5192 “uti”,
2400 5172 2786 5185 ννννυυιιννιυυυσισν
2818 5172 3010 5185 ’,υνυς-ιιι
3038 5172 3219 5193 ιιυνυυς
3249 5172 3453 5202 nouunt,
3492 5172 3526 5188 ιι
3552 5172 3675 5189 anno.

2109 5209 2143 5246 a
2168 5197 2311 5246 LXX.

2172 5260 2326 5328 {ita
2366 5261 2717 5324 manuscripti
2761 5263 2917 5324 juxta
2963 5275 3209 5324 graecum
3264 5263 3628 5328 Septuaginta.
3691 5266 3761 5314 At

2109 5322 2255 5380 editi,
2288 5323 2349 5371 in
2381 5338 2564 5373 carne.

2172 5386 2282 5460 fin
2320 5386 2711 5449 manuscriptis,
2760 5386 2959 5436 alieno.
3011 5387 3165 5451 Apud
3211 5388 3575 5452 Septuaginta.
3619 5388 3756 5438 allo-

2110 5456 2279 5497 triou.

2154 5511 2191 5575 A7
2224 5510 2394 5559 Editio
2433 5510 2568 5567 Lov.,
2602 5511 2672 5559 Et
2701 5512 2988 5575 masculus
3027 5513 3126 5575 qui
3158 5529 3271 5562 non
3298 5514 3481 5574 fuerit
3515 5514 3758 5564 circum-

2110 5573 2457 5637 cisuscarne
2478 5576 2788 5637 praeputii,
2819 5578 2916 5624 etc.
2949 5573 3250 5637 Castigatur
3288 5573 3606 5627 auctoritate
3652 5590 3757 5626 ma-

2112 5634 2506 5697 nuscriptorum
2534 5634 2635 5698 qui
2659 5636 2795 5687 nihil
2822 5637 2909 5688 hic
2953 5634 3270 5689 dissentiunt
3315 5653 3349 5690 a
3388 5639 3752 5704 Septuaginta.
