  <div class='ocr_page' id='page_1' title='image "/cluster/home/n/w/nwhite01/storage/ocr_20150623/41/hvd.32044096580634/258.png"; bbox 0 0 4136 6190; ppageno 0'>
   <div class='ocr_carea' id='block_1_1' title="bbox 258 303 370 370">
    <p class='ocr_par' dir='ltr' id='par_1_1' title="bbox 258 303 370 370">
     <span class='ocr_line' id='line_1_1' title="bbox 258 303 370 370; baseline -0.018 -2"><span class='ocrx_word' id='word_1_1' title='bbox 258 303 370 370; x_wconf 80' lang='grc'><strong><em>505</em></strong></span> 
     </span>
    </p>
   </div>
   <div class='ocr_carea' id='block_1_2' title="bbox 248 443 1914 526">
    <p class='ocr_par' dir='ltr' id='par_1_2' title="bbox 248 443 1914 526">
     <span class='ocr_line' id='line_1_2' title="bbox 248 443 1914 526; baseline 0.008 -32"><span class='ocrx_word' id='word_1_2' title='bbox 248 457 447 526; x_wconf 72' lang='lat' dir='ltr'><strong><em>genere</em></strong></span> <span class='ocrx_word' id='word_1_3' title='bbox 475 443 625 514; x_wconf 87' lang='lat' dir='ltr'><strong><em>ejus;</em></strong></span> <span class='ocrx_word' id='word_1_4' title='bbox 656 459 792 515; x_wconf 77' lang='lat' dir='ltr'><strong><em>quia</em></strong></span> <span class='ocrx_word' id='word_1_5' title='bbox 824 450 1211 503; x_wconf 74' lang='lat' dir='ltr'><strong><em>testamentum</em></strong></span> <span class='ocrx_word' id='word_1_6' title='bbox 1255 466 1441 507; x_wconf 86' lang='lat' dir='ltr'><strong><em>meum</em></strong></span> <span class='ocrx_word' id='word_1_7' title='bbox 1487 453 1798 526; x_wconf 73' lang='lat' dir='ltr'><strong><em>dissipavit.</em></strong></span> <span class='ocrx_word' id='word_1_8' title='bbox 1850 455 1914 519; x_wconf 64' lang='lat' dir='ltr'><strong><em>Et</em></strong></span> 
     </span>
    </p>
   </div>
   <div class='ocr_carea' id='block_1_3' title="bbox 248 521 1901 605">
    <p class='ocr_par' dir='ltr' id='par_1_3' title="bbox 248 521 1901 605">
     <span class='ocr_line' id='line_1_3' title="bbox 248 521 1901 605; baseline 0.01 -30"><span class='ocrx_word' id='word_1_9' title='bbox 248 521 389 605; x_wconf 72' lang='lat' dir='ltr'><strong><em>dixit</em></strong></span> <span class='ocrx_word' id='word_1_10' title='bbox 424 525 560 577; x_wconf 86' lang='lat' dir='ltr'><strong><em>Deus</em></strong></span> <span class='ocrx_word' id='word_1_11' title='bbox 589 527 660 578; x_wconf 83' lang='lat' dir='ltr'><strong><em>ad</em></strong></span> <span class='ocrx_word' id='word_1_12' title='bbox 687 525 962 581; x_wconf 83' lang='lat' dir='ltr'><strong><em>Abraham</em></strong></span> <span class='ocrx_word' id='word_1_13' title='bbox 989 545 1009 582; x_wconf 83' lang='lat'><strong><em>.&#39;</em></strong></span> <span class='ocrx_word' id='word_1_14' title='bbox 1041 528 1185 584; x_wconf 87' lang='lat' dir='ltr'><strong><em>Sara</em></strong></span> <span class='ocrx_word' id='word_1_15' title='bbox 1211 547 1353 586; x_wconf 69' lang='lat' dir='ltr'><strong><em>umor</em></strong></span> <span class='ocrx_word' id='word_1_16' title='bbox 1382 542 1497 601; x_wconf 89' lang='lat' dir='ltr'><strong><em>tua,</em></strong></span> <span class='ocrx_word' id='word_1_17' title='bbox 1520 521 1633 588; x_wconf 78' lang='lat' dir='ltr'><strong><em>non</em></strong></span> <span class='ocrx_word' id='word_1_18' title='bbox 1655 535 1901 605; x_wconf 86' lang='lat' dir='ltr'><strong><em>appella-</em></strong></span> 
     </span>
    </p>
   </div>
   <div class='ocr_carea' id='block_1_4' title="bbox 247 604 1897 688">
    <p class='ocr_par' dir='ltr' id='par_1_4' title="bbox 247 604 1897 688">
     <span class='ocr_line' id='line_1_4' title="bbox 247 604 1897 688; baseline 0.009 -30"><span class='ocrx_word' id='word_1_19' title='bbox 247 604 404 659; x_wconf 83' lang='lat' dir='ltr'><strong><em>bitur</em></strong></span> <span class='ocrx_word' id='word_1_20' title='bbox 431 621 627 660; x_wconf 83' lang='lat' dir='ltr'><strong><em>nomen</em></strong></span> <span class='ocrx_word' id='word_1_21' title='bbox 655 607 769 672; x_wconf 73' lang='lat' dir='ltr'><strong><em>eius</em></strong></span> <span class='ocrx_word' id='word_1_22' title='bbox 795 608 962 676; x_wconf 85' lang='lat' dir='ltr'><strong><em>Sura,</em></strong></span> <span class='ocrx_word' id='word_1_23' title='bbox 991 613 1082 666; x_wconf 87' lang='lat' dir='ltr'><strong><em>sed</em></strong></span> <span class='ocrx_word' id='word_1_24' title='bbox 1111 611 1281 668; x_wconf 86' lang='lat' dir='ltr'><strong><em>Sarra</em></strong></span> <span class='ocrx_word' id='word_1_25' title='bbox 1307 618 1414 669; x_wconf 82' lang='lat' dir='ltr'><strong><em>erit</em></strong></span> <span class='ocrx_word' id='word_1_26' title='bbox 1454 632 1653 672; x_wconf 81' lang='lat' dir='ltr'><strong><em>nomen</em></strong></span> <span class='ocrx_word' id='word_1_27' title='bbox 1693 604 1828 688; x_wconf 86' lang='lat' dir='ltr'><strong><em>ejus</em></strong></span> <span class='ocrx_word' id='word_1_28' title='bbox 1856 618 1897 673; x_wconf 76' lang='grc' dir='ltr'><strong><em>ί.</em></strong></span> 
     </span>
    </p>
   </div>
   <div class='ocr_carea' id='block_1_5' title="bbox 248 685 1900 768">
    <p class='ocr_par' dir='ltr' id='par_1_5' title="bbox 248 685 1900 768">
     <span class='ocr_line' id='line_1_5' title="bbox 248 685 1900 768; baseline 0.01 -30"><span class='ocrx_word' id='word_1_29' title='bbox 248 685 570 768; x_wconf 85' lang='lat' dir='ltr'><strong><em>Benedicam</em></strong></span> <span class='ocrx_word' id='word_1_30' title='bbox 612 694 797 743; x_wconf 85' lang='lat' dir='ltr'><strong><em>autem</em></strong></span> <span class='ocrx_word' id='word_1_31' title='bbox 840 690 1019 759; x_wconf 93' lang='lat' dir='ltr'><strong><em>illam,</em></strong></span> <span class='ocrx_word' id='word_1_32' title='bbox 1052 703 1101 747; x_wconf 85' lang='lat' dir='ltr'><strong><em>et</em></strong></span> <span class='ocrx_word' id='word_1_33' title='bbox 1149 694 1286 749; x_wconf 87' lang='lat' dir='ltr'><strong><em>dabo</em></strong></span> <span class='ocrx_word' id='word_1_34' title='bbox 1317 696 1421 751; x_wconf 90' lang='lat' dir='ltr'><strong><em>tibi</em></strong></span> <span class='ocrx_word' id='word_1_35' title='bbox 1467 714 1538 752; x_wconf 77' lang='lat' dir='ltr'><strong><em>ex</em></strong></span> <span class='ocrx_word' id='word_1_36' title='bbox 1575 713 1638 752; x_wconf 87' lang='lat' dir='ltr'><strong><em>ea</em></strong></span> <span class='ocrx_word' id='word_1_37' title='bbox 1679 685 1900 768; x_wconf 78' lang='lat' dir='ltr'><strong><em>ﬁlium:</em></strong></span> 
     </span>
    </p>
   </div>
   <div class='ocr_carea' id='block_1_6' title="bbox 245 766 1902 847">
    <p class='ocr_par' dir='ltr' id='par_1_6' title="bbox 245 766 1902 847">
     <span class='ocr_line' id='line_1_6' title="bbox 245 766 1902 847; baseline 0.008 -27"><span class='ocrx_word' id='word_1_38' title='bbox 245 774 293 820; x_wconf 84' lang='lat' dir='ltr'><strong><em>et</em></strong></span> <span class='ocrx_word' id='word_1_39' title='bbox 323 766 636 821; x_wconf 73' lang='lat' dir='ltr'><strong><em>benerlicam</em></strong></span> <span class='ocrx_word' id='word_1_40' title='bbox 684 768 886 834; x_wconf 85' lang='lat' dir='ltr'><strong><em>illum;</em></strong></span> <span class='ocrx_word' id='word_1_41' title='bbox 940 777 992 825; x_wconf 91' lang='lat' dir='ltr'><strong><em>et</em></strong></span> <span class='ocrx_word' id='word_1_42' title='bbox 1047 776 1151 828; x_wconf 87' lang='lat' dir='ltr'><strong><em>erit</em></strong></span> <span class='ocrx_word' id='word_1_43' title='bbox 1208 775 1266 828; x_wconf 85' lang='lat' dir='ltr'><strong><em>in</em></strong></span> <span class='ocrx_word' id='word_1_44' title='bbox 1323 779 1593 844; x_wconf 90' lang='lat' dir='ltr'><strong><em>nationes,</em></strong></span> <span class='ocrx_word' id='word_1_45' title='bbox 1642 766 1693 832; x_wconf 87' lang='lat' dir='ltr'><strong><em>et</em></strong></span> <span class='ocrx_word' id='word_1_46' title='bbox 1749 794 1902 847; x_wconf 84' lang='lat' dir='ltr'><strong><em>reges</em></strong></span> 
     </span>
    </p>
   </div>
   <div class='ocr_carea' id='block_1_7' title="bbox 243 850 1905 925">
    <p class='ocr_par' dir='ltr' id='par_1_7' title="bbox 243 850 1905 925">
     <span class='ocr_line' id='line_1_7' title="bbox 243 850 1905 925; baseline 0.009 -26"><span class='ocrx_word' id='word_1_47' title='bbox 243 850 489 917; x_wconf 86' lang='lat' dir='ltr'><strong><em>gentium</em></strong></span> <span class='ocrx_word' id='word_1_48' title='bbox 519 865 588 902; x_wconf 75' lang='lat' dir='ltr'><strong><em>ex</em></strong></span> <span class='ocrx_word' id='word_1_49' title='bbox 641 863 702 903; x_wconf 89' lang='lat' dir='ltr'><strong><em>eo</em></strong></span> <span class='ocrx_word' id='word_1_50' title='bbox 760 859 947 907; x_wconf 85' lang='lat' dir='ltr'><strong><em>erunt.</em></strong></span> <span class='ocrx_word' id='word_1_51' title='bbox 1010 856 1073 908; x_wconf 87' lang='lat' dir='ltr'><strong><em>Et</em></strong></span> <span class='ocrx_word' id='word_1_52' title='bbox 1127 859 1365 924; x_wconf 77' lang='lat' dir='ltr'><strong><em>procidit</em></strong></span> <span class='ocrx_word' id='word_1_53' title='bbox 1416 859 1691 915; x_wconf 81' lang='lat' dir='ltr'><strong><em>Abraham</em></strong></span> <span class='ocrx_word' id='word_1_54' title='bbox 1739 875 1905 925; x_wconf 86' lang='lat' dir='ltr'><strong><em>super</em></strong></span> 
     </span>
    </p>
   </div>
   <div class='ocr_carea' id='block_1_8' title="bbox 241 927 1902 1006">
    <p class='ocr_par' dir='ltr' id='par_1_8' title="bbox 241 927 1902 1006">
     <span class='ocr_line' id='line_1_8' title="bbox 241 927 1902 1006; baseline 0.011 -26"><span class='ocrx_word' id='word_1_55' title='bbox 241 927 449 995; x_wconf 75' lang='lat' dir='ltr'><strong><em>[aciem</em></strong></span> <span class='ocrx_word' id='word_1_56' title='bbox 477 945 677 992; x_wconf 87' lang='lat' dir='ltr'><strong><em>suam;</em></strong></span> <span class='ocrx_word' id='word_1_57' title='bbox 705 941 758 984; x_wconf 87' lang='lat' dir='ltr'><strong><em>et</em></strong></span> <span class='ocrx_word' id='word_1_58' title='bbox 788 933 932 1000; x_wconf 78' lang='lat' dir='ltr'><strong><em>risit,</em></strong></span> <span class='ocrx_word' id='word_1_59' title='bbox 964 939 1015 989; x_wconf 91' lang='lat' dir='ltr'><strong><em>et</em></strong></span> <span class='ocrx_word' id='word_1_60' title='bbox 1047 935 1191 991; x_wconf 76' lang='lat' dir='ltr'><strong><em>dixit</em></strong></span> <span class='ocrx_word' id='word_1_61' title='bbox 1220 940 1275 992; x_wconf 90' lang='lat' dir='ltr'><strong><em>in</em></strong></span> <span class='ocrx_word' id='word_1_62' title='bbox 1308 941 1496 994; x_wconf 88' lang='lat' dir='ltr'><strong><em>animo</em></strong></span> <span class='ocrx_word' id='word_1_63' title='bbox 1520 956 1637 1006; x_wconf 89' lang='lat' dir='ltr'><strong><em>suo,</em></strong></span> <span class='ocrx_word' id='word_1_64' title='bbox 1679 939 1902 999; x_wconf 82' lang='lat' dir='ltr'><strong><em>dicens:</em></strong></span> 
     </span>
    </p>
   </div>
   <div class='ocr_carea' id='block_1_9' title="bbox 243 1009 1905 1092">
    <p class='ocr_par' dir='ltr' id='par_1_9' title="bbox 243 1009 1905 1092">
     <span class='ocr_line' id='line_1_9' title="bbox 243 1009 1905 1092; baseline 0.01 -30"><span class='ocrx_word' id='word_1_65' title='bbox 243 1009 303 1064; x_wconf 89' lang='lat' dir='ltr'><strong><em>Si</em></strong></span> <span class='ocrx_word' id='word_1_66' title='bbox 330 1009 476 1064; x_wconf 83' lang='lat' dir='ltr'><strong><em>mihi</em></strong></span> <span class='ocrx_word' id='word_1_67' title='bbox 503 1015 723 1066; x_wconf 79' lang='lat' dir='ltr'><strong><em>centum</em></strong></span> <span class='ocrx_word' id='word_1_68' title='bbox 753 1030 926 1070; x_wconf 88' lang='lat' dir='ltr'><strong><em>annos</em></strong></span> <span class='ocrx_word' id='word_1_69' title='bbox 947 1015 1186 1072; x_wconf 69' lang='lat' dir='ltr'><strong><em>haben/li</em></strong></span> <span class='ocrx_word' id='word_1_70' title='bbox 1230 1032 1488 1075; x_wconf 89' lang='lat' dir='ltr'><strong><em>nascetur</em></strong></span> <span class='ocrx_word' id='word_1_71' title='bbox 1533 1023 1706 1092; x_wconf 79' lang='lat' dir='ltr'><strong><em>filius,</em></strong></span> <span class='ocrx_word' id='word_1_72' title='bbox 1754 1029 1806 1077; x_wconf 90' lang='lat' dir='ltr'><strong><em>et</em></strong></span> <span class='ocrx_word' id='word_1_73' title='bbox 1853 1023 1905 1078; x_wconf 86' lang='lat' dir='ltr'><strong><em>si</em></strong></span> 
     </span>
    </p>
   </div>
   <div class='ocr_carea' id='block_1_10' title="bbox 241 1090 1907 1168">
    <p class='ocr_par' dir='ltr' id='par_1_10' title="bbox 241 1090 1907 1168">
     <span class='ocr_line' id='line_1_10' title="bbox 241 1090 1907 1168; baseline 0.008 -24"><span class='ocrx_word' id='word_1_74' title='bbox 241 1090 418 1145; x_wconf 89' lang='lat' dir='ltr'><strong><em>Sarra</em></strong></span> <span class='ocrx_word' id='word_1_75' title='bbox 449 1107 724 1148; x_wconf 90' lang='lat' dir='ltr'><strong><em>annorum</em></strong></span> <span class='ocrx_word' id='word_1_76' title='bbox 753 1095 1067 1164; x_wconf 83' lang='lat' dir='ltr'><strong><em>nonaginta</em></strong></span> <span class='ocrx_word' id='word_1_77' title='bbox 1094 1100 1282 1168; x_wconf 85' lang='lat' dir='ltr'><strong><em>pariet</em></strong></span> <span class='ocrx_word' id='word_1_78' title='bbox 1306 1103 1504 1157; x_wconf 81' lang='lat' dir='ltr'><strong><em>?Di:cit</em></strong></span> <span class='ocrx_word' id='word_1_79' title='bbox 1525 1090 1709 1160; x_wconf 88' lang='lat' dir='ltr'><strong><em>autem</em></strong></span> <span class='ocrx_word' id='word_1_80' title='bbox 1739 1104 1907 1159; x_wconf 81' lang='lat' dir='ltr'><strong><em>Abra-</em></strong></span> 
     </span>
    </p>
   </div>
   <div class='ocr_carea' id='block_1_11' title="bbox 241 1170 1900 1253">
    <p class='ocr_par' dir='ltr' id='par_1_11' title="bbox 241 1170 1900 1253">
     <span class='ocr_line' id='line_1_11' title="bbox 241 1170 1900 1253; baseline 0.009 -29"><span class='ocrx_word' id='word_1_81' title='bbox 241 1170 469 1253; x_wconf 79' lang='lat' dir='ltr'><strong><em>hamad</em></strong></span> <span class='ocrx_word' id='word_1_82' title='bbox 501 1172 667 1228; x_wconf 89' lang='lat' dir='ltr'><strong><em>Deum</em></strong></span> <span class='ocrx_word' id='word_1_83' title='bbox 709 1189 722 1227; x_wconf 91' lang='lat'><strong>:</strong></span> <span class='ocrx_word' id='word_1_84' title='bbox 757 1176 953 1231; x_wconf 87' lang='lat' dir='ltr'><strong><em>Ismael</em></strong></span> <span class='ocrx_word' id='word_1_85' title='bbox 980 1177 1072 1232; x_wconf 79' lang='lat' dir='ltr'><strong><em>hic</em></strong></span> <span class='ocrx_word' id='word_1_86' title='bbox 1113 1182 1259 1234; x_wconf 88' lang='lat' dir='ltr'><strong><em>vivat</em></strong></span> <span class='ocrx_word' id='word_1_87' title='bbox 1318 1182 1378 1234; x_wconf 87' lang='lat' dir='ltr'><strong><em>in</em></strong></span> <span class='ocrx_word' id='word_1_88' title='bbox 1437 1190 1730 1253; x_wconf 77' lang='lat' dir='ltr'><strong><em>conspectu</em></strong></span> <span class='ocrx_word' id='word_1_89' title='bbox 1787 1191 1900 1239; x_wconf 88' lang='lat' dir='ltr'><strong><em>tuo.</em></strong></span> 
     </span>
    </p>
   </div>
   <div class='ocr_carea' id='block_1_12' title="bbox 240 1249 1904 1328">
    <p class='ocr_par' dir='ltr' id='par_1_12' title="bbox 240 1249 1904 1328">
     <span class='ocr_line' id='line_1_12' title="bbox 240 1249 1904 1328; baseline 0.008 -23"><span class='ocrx_word' id='word_1_90' title='bbox 240 1249 407 1305; x_wconf 71' lang='lat' dir='ltr'><strong><em>Dixit</em></strong></span> <span class='ocrx_word' id='word_1_91' title='bbox 436 1255 622 1307; x_wconf 87' lang='lat' dir='ltr'><strong><em>autem</em></strong></span> <span class='ocrx_word' id='word_1_92' title='bbox 654 1253 794 1308; x_wconf 90' lang='lat' dir='ltr'><strong><em>Deus</em></strong></span> <span class='ocrx_word' id='word_1_93' title='bbox 823 1255 891 1309; x_wconf 88' lang='lat' dir='ltr'><strong><em>ad</em></strong></span> <span class='ocrx_word' id='word_1_94' title='bbox 922 1257 1200 1313; x_wconf 84' lang='lat' dir='ltr'><strong><em>Abraham</em></strong></span> <span class='ocrx_word' id='word_1_95' title='bbox 1227 1277 1245 1313; x_wconf 88' lang='lat'><strong><em>:</em></strong></span> <span class='ocrx_word' id='word_1_96' title='bbox 1270 1261 1369 1328; x_wconf 83' lang='lat' dir='ltr'><strong><em>Ita,</em></strong></span> <span class='ocrx_word' id='word_1_97' title='bbox 1417 1278 1534 1317; x_wconf 89' lang='lat' dir='ltr'><strong><em>ecce</em></strong></span> <span class='ocrx_word' id='word_1_98' title='bbox 1563 1249 1731 1318; x_wconf 76' lang='lat' dir='ltr'><strong><em>Sarra</em></strong></span> <span class='ocrx_word' id='word_1_99' title='bbox 1762 1280 1904 1318; x_wconf 73' lang='lat' dir='ltr'><strong><em>uxor</em></strong></span> 
     </span>
    </p>
   </div>
   <div class='ocr_carea' id='block_1_13' title="bbox 243 1333 1903 1414">
    <p class='ocr_par' dir='ltr' id='par_1_13' title="bbox 243 1333 1903 1414">
     <span class='ocr_line' id='line_1_13' title="bbox 243 1333 1903 1414; baseline 0.007 -26"><span class='ocrx_word' id='word_1_100' title='bbox 243 1338 351 1388; x_wconf 85' lang='lat' dir='ltr'><strong><em>tua</em></strong></span> <span class='ocrx_word' id='word_1_101' title='bbox 381 1334 563 1400; x_wconf 85' lang='lat' dir='ltr'><strong><em>pariet</em></strong></span> <span class='ocrx_word' id='word_1_102' title='bbox 596 1333 698 1387; x_wconf 89' lang='lat' dir='ltr'><strong><em>tibi</em></strong></span> <span class='ocrx_word' id='word_1_103' title='bbox 724 1335 928 1402; x_wconf 82' lang='lat' dir='ltr'><strong><em>ﬁlium,</em></strong></span> <span class='ocrx_word' id='word_1_104' title='bbox 949 1347 1001 1392; x_wconf 88' lang='lat' dir='ltr'><strong><em>et</em></strong></span> <span class='ocrx_word' id='word_1_105' title='bbox 1025 1340 1236 1394; x_wconf 88' lang='lat' dir='ltr'><strong><em>vocabis</em></strong></span> <span class='ocrx_word' id='word_1_106' title='bbox 1266 1357 1463 1397; x_wconf 86' lang='lat' dir='ltr'><strong><em>nomen</em></strong></span> <span class='ocrx_word' id='word_1_107' title='bbox 1492 1344 1608 1414; x_wconf 82' lang='lat' dir='ltr'><strong><em>ejus</em></strong></span> <span class='ocrx_word' id='word_1_108' title='bbox 1631 1346 1782 1399; x_wconf 88' lang='lat' dir='ltr'><strong><em>Isaac</em></strong></span> <span class='ocrx_word' id='word_1_109' title='bbox 1805 1361 1824 1400; x_wconf 88' lang='lat'><strong><em>:</em></strong></span> <span class='ocrx_word' id='word_1_110' title='bbox 1848 1349 1903 1400; x_wconf 85' lang='lat' dir='ltr'><strong><em>et</em></strong></span> 
     </span>
    </p>
   </div>
   <div class='ocr_carea' id='block_1_14' title="bbox 236 1417 1899 1480">
    <p class='ocr_par' dir='ltr' id='par_1_14' title="bbox 236 1417 1899 1480">
     <span class='ocr_line' id='line_1_14' title="bbox 236 1417 1899 1480; baseline 0.008 -15"><span class='ocrx_word' id='word_1_111' title='bbox 236 1417 496 1466; x_wconf 87' lang='lat' dir='ltr'><strong><em>statuam</em></strong></span> <span class='ocrx_word' id='word_1_112' title='bbox 525 1419 921 1470; x_wconf 78' lang='lat' dir='ltr'><strong><em>testamentum</em></strong></span> <span class='ocrx_word' id='word_1_113' title='bbox 963 1435 1145 1473; x_wconf 90' lang='lat' dir='ltr'><strong><em>meum</em></strong></span> <span class='ocrx_word' id='word_1_114' title='bbox 1191 1421 1262 1476; x_wconf 85' lang='lat' dir='ltr'><strong><em>ad</em></strong></span> <span class='ocrx_word' id='word_1_115' title='bbox 1304 1422 1469 1477; x_wconf 87' lang='lat' dir='ltr'><strong><em>illum</em></strong></span> <span class='ocrx_word' id='word_1_116' title='bbox 1500 1427 1558 1478; x_wconf 90' lang='lat' dir='ltr'><strong><em>in</em></strong></span> <span class='ocrx_word' id='word_1_117' title='bbox 1601 1429 1899 1480; x_wconf 57' lang='lat' dir='ltr'><strong><em>leuamen-</em></strong></span> 
     </span>
    </p>
   </div>
   <div class='ocr_carea' id='block_1_15' title="bbox 235 1496 1903 1574">
    <p class='ocr_par' dir='ltr' id='par_1_15' title="bbox 235 1496 1903 1574">
     <span class='ocr_line' id='line_1_15' title="bbox 235 1496 1903 1574; baseline 0.01 -29"><span class='ocrx_word' id='word_1_118' title='bbox 235 1496 363 1574; x_wconf 78' lang='lat' dir='ltr'><strong><em>tum</em></strong></span> <span class='ocrx_word' id='word_1_119' title='bbox 393 1497 684 1560; x_wconf 70' lang='lat' dir='ltr'><strong><em>aeternum,</em></strong></span> <span class='ocrx_word' id='word_1_120' title='bbox 716 1511 830 1550; x_wconf 85' lang='lat' dir='ltr'><strong><em>esse</em></strong></span> <span class='ocrx_word' id='word_1_121' title='bbox 861 1499 949 1552; x_wconf 88' lang='lat' dir='ltr'><strong><em>illi</em></strong></span> <span class='ocrx_word' id='word_1_122' title='bbox 996 1502 1140 1554; x_wconf 89' lang='lat' dir='ltr'><strong><em>Deus</em></strong></span> <span class='ocrx_word' id='word_1_123' title='bbox 1165 1501 1208 1568; x_wconf 86' lang='grc'><strong><em>²,</em></strong></span> <span class='ocrx_word' id='word_1_124' title='bbox 1258 1507 1308 1557; x_wconf 89' lang='lat' dir='ltr'><strong><em>et</em></strong></span> <span class='ocrx_word' id='word_1_125' title='bbox 1353 1504 1556 1560; x_wconf 88' lang='lat' dir='ltr'><strong><em>semini</em></strong></span> <span class='ocrx_word' id='word_1_126' title='bbox 1611 1507 1728 1574; x_wconf 75' lang='lat' dir='ltr'><strong><em>eius</em></strong></span> <span class='ocrx_word' id='word_1_127' title='bbox 1783 1512 1903 1572; x_wconf 84' lang='lat' dir='ltr'><strong><em>post</em></strong></span> 
     </span>
    </p>
   </div>
   <div class='ocr_carea' id='block_1_16' title="bbox 237 1570 1903 1642">
    <p class='ocr_par' dir='ltr' id='par_1_16' title="bbox 237 1570 1903 1642">
     <span class='ocr_line' id='line_1_16' title="bbox 237 1570 1903 1642; baseline 0.01 -16"><span class='ocrx_word' id='word_1_128' title='bbox 237 1570 442 1628; x_wconf 81' lang='lat' dir='ltr'><strong><em>illum.</em></strong></span> <span class='ocrx_word' id='word_1_129' title='bbox 476 1574 548 1627; x_wconf 90' lang='lat' dir='ltr'><strong><em>De</em></strong></span> <span class='ocrx_word' id='word_1_130' title='bbox 579 1575 776 1630; x_wconf 86' lang='lat' dir='ltr'><strong><em>lsmael</em></strong></span> <span class='ocrx_word' id='word_1_131' title='bbox 804 1580 985 1632; x_wconf 88' lang='lat' dir='ltr'><strong><em>autem</em></strong></span> <span class='ocrx_word' id='word_1_132' title='bbox 1005 1595 1121 1635; x_wconf 89' lang='lat' dir='ltr'><strong><em>ecce</em></strong></span> <span class='ocrx_word' id='word_1_133' title='bbox 1151 1583 1413 1638; x_wconf 73' lang='lat' dir='ltr'><strong><em>exaudiui</em></strong></span> <span class='ocrx_word' id='word_1_134' title='bbox 1441 1592 1490 1639; x_wconf 89' lang='lat' dir='ltr'><strong><em>te</em></strong></span> <span class='ocrx_word' id='word_1_135' title='bbox 1513 1583 1537 1618; x_wconf 84' lang='grc'><strong>³</strong></span> <span class='ocrx_word' id='word_1_136' title='bbox 1569 1602 1583 1639; x_wconf 88' lang='lat'>:</span> <span class='ocrx_word' id='word_1_137' title='bbox 1608 1570 1725 1641; x_wconf 82' lang='lat' dir='ltr'><strong><em>ecce</em></strong></span> <span class='ocrx_word' id='word_1_138' title='bbox 1747 1570 1903 1642; x_wconf 84' lang='lat' dir='ltr'><strong><em>bene-</em></strong></span> 
     </span>
    </p>
   </div>
   <div class='ocr_carea' id='block_1_17' title="bbox 238 1651 1900 1730">
    <p class='ocr_par' dir='ltr' id='par_1_17' title="bbox 238 1651 1900 1730">
     <span class='ocr_line' id='line_1_17' title="bbox 238 1651 1900 1730; baseline 0.009 -23"><span class='ocrx_word' id='word_1_139' title='bbox 238 1651 378 1707; x_wconf 70' lang='lat' dir='ltr'><strong><em>dixi</em></strong></span> <span class='ocrx_word' id='word_1_140' title='bbox 407 1667 554 1718; x_wconf 88' lang='lat' dir='ltr'><strong><em>eum,</em></strong></span> <span class='ocrx_word' id='word_1_141' title='bbox 587 1662 639 1708; x_wconf 89' lang='lat' dir='ltr'><strong><em>et</em></strong></span> <span class='ocrx_word' id='word_1_142' title='bbox 669 1657 992 1723; x_wconf 70' lang='lat' dir='ltr'><strong><em>ampliabo‘</em></strong></span> <span class='ocrx_word' id='word_1_143' title='bbox 1024 1660 1276 1729; x_wconf 87' lang='lat' dir='ltr'><strong><em>illum,et</em></strong></span> <span class='ocrx_word' id='word_1_144' title='bbox 1315 1665 1700 1730; x_wconf 86' lang='lat' dir='ltr'><strong><em>multiplicabo</em></strong></span> <span class='ocrx_word' id='word_1_145' title='bbox 1732 1665 1900 1722; x_wconf 89' lang='lat' dir='ltr'><strong><em>illum</em></strong></span> 
     </span>
    </p>
   </div>
   <div class='ocr_carea' id='block_1_18' title="bbox 238 1732 1900 1808">
    <p class='ocr_par' dir='ltr' id='par_1_18' title="bbox 238 1732 1900 1808">
     <span class='ocr_line' id='line_1_18' title="bbox 238 1732 1900 1808; baseline 0.009 -20"><span class='ocrx_word' id='word_1_146' title='bbox 238 1734 409 1788; x_wconf 81' lang='lat' dir='ltr'><strong><em>valde</em></strong></span> <span class='ocrx_word' id='word_1_147' title='bbox 424 1732 468 1788; x_wconf 87' lang='grc'><strong><em>⁵,</em></strong></span> <span class='ocrx_word' id='word_1_148' title='bbox 506 1735 798 1790; x_wconf 84' lang='lat' dir='ltr'><strong><em>Duodecim</em></strong></span> <span class='ocrx_word' id='word_1_149' title='bbox 819 1748 1004 1805; x_wconf 80' lang='lat' dir='ltr'><strong><em>gentes</em></strong></span> <span class='ocrx_word' id='word_1_150' title='bbox 1033 1745 1316 1808; x_wconf 88' lang='lat' dir='ltr'><strong><em>generabit</em></strong></span> <span class='ocrx_word' id='word_1_151' title='bbox 1347 1763 1367 1800; x_wconf 91' lang='lat'><strong><em>:</em></strong></span> <span class='ocrx_word' id='word_1_152' title='bbox 1396 1753 1452 1800; x_wconf 88' lang='lat' dir='ltr'><strong><em>et</em></strong></span> <span class='ocrx_word' id='word_1_153' title='bbox 1476 1747 1615 1801; x_wconf 84' lang='lat' dir='ltr'><strong><em>dabo</em></strong></span> <span class='ocrx_word' id='word_1_154' title='bbox 1648 1747 1810 1803; x_wconf 88' lang='lat' dir='ltr'><strong><em>illum</em></strong></span> <span class='ocrx_word' id='word_1_155' title='bbox 1838 1751 1900 1803; x_wconf 86' lang='lat' dir='ltr'><strong><em>in</em></strong></span> 
     </span>
    </p>
   </div>
   <div class='ocr_carea' id='block_1_19' title="bbox 238 1819 1900 1886">
    <p class='ocr_par' dir='ltr' id='par_1_19' title="bbox 238 1819 1900 1886">
     <span class='ocr_line' id='line_1_19' title="bbox 238 1819 1900 1886; baseline 0.011 -20"><span class='ocrx_word' id='word_1_156' title='bbox 238 1821 471 1883; x_wconf 78' lang='lat' dir='ltr'><strong><em>gentem</em></strong></span> <span class='ocrx_word' id='word_1_157' title='bbox 494 1831 773 1886; x_wconf 86' lang='lat' dir='ltr'><strong><em>magnam.</em></strong></span> <span class='ocrx_word' id='word_1_158' title='bbox 808 1819 1206 1878; x_wconf 78' lang='lat' dir='ltr'><strong><em>Testamentum</em></strong></span> <span class='ocrx_word' id='word_1_159' title='bbox 1228 1834 1413 1880; x_wconf 88' lang='lat' dir='ltr'><strong><em>autem</em></strong></span> <span class='ocrx_word' id='word_1_160' title='bbox 1446 1843 1626 1883; x_wconf 85' lang='lat' dir='ltr'><strong><em>meum</em></strong></span> <span class='ocrx_word' id='word_1_161' title='bbox 1663 1833 1900 1884; x_wconf 81' lang='lat' dir='ltr'><strong><em>statuam</em></strong></span> 
     </span>
    </p>
   </div>
   <div class='ocr_carea' id='block_1_20' title="bbox 238 1893 1902 1979">
    <p class='ocr_par' dir='ltr' id='par_1_20' title="bbox 238 1893 1902 1979">
     <span class='ocr_line' id='line_1_20' title="bbox 238 1893 1902 1979; baseline 0.01 -32"><span class='ocrx_word' id='word_1_162' title='bbox 238 1893 318 1948; x_wconf 85' lang='lat' dir='ltr'><strong><em>ad</em></strong></span> <span class='ocrx_word' id='word_1_163' title='bbox 349 1895 525 1962; x_wconf 88' lang='lat' dir='ltr'><strong><em>Isaac,</em></strong></span> <span class='ocrx_word' id='word_1_164' title='bbox 559 1912 716 1966; x_wconf 87' lang='lat' dir='ltr'><strong><em>quem</em></strong></span> <span class='ocrx_word' id='word_1_165' title='bbox 746 1901 924 1979; x_wconf 79' lang='lat' dir='ltr'><strong><em>pariet</em></strong></span> <span class='ocrx_word' id='word_1_166' title='bbox 961 1900 1059 1955; x_wconf 77' lang='lat' dir='ltr'><strong><em>tibi</em></strong></span> <span class='ocrx_word' id='word_1_167' title='bbox 1097 1904 1270 1959; x_wconf 86' lang='lat' dir='ltr'><strong><em>Sarra</em></strong></span> <span class='ocrx_word' id='word_1_168' title='bbox 1309 1904 1367 1960; x_wconf 89' lang='lat' dir='ltr'><strong><em>in</em></strong></span> <span class='ocrx_word' id='word_1_169' title='bbox 1410 1912 1647 1979; x_wconf 82' lang='lat' dir='ltr'><strong><em>tempore</em></strong></span> <span class='ocrx_word' id='word_1_170' title='bbox 1686 1909 1785 1964; x_wconf 84' lang='lat' dir='ltr'><strong><em>hoc</em></strong></span> <span class='ocrx_word' id='word_1_171' title='bbox 1831 1909 1902 1964; x_wconf 87' lang='lat' dir='ltr'><strong><em>ad</em></strong></span> 
     </span>
    </p>
   </div>
   <div class='ocr_carea' id='block_1_21' title="bbox 235 1978 1348 2054">
    <p class='ocr_par' dir='ltr' id='par_1_21' title="bbox 235 1978 1348 2054">
     <span class='ocr_line' id='line_1_21' title="bbox 235 1978 1348 2054; baseline 0.004 -23"><span class='ocrx_word' id='word_1_172' title='bbox 235 1991 468 2031; x_wconf 86' lang='lat' dir='ltr'><strong><em>annum</em></strong></span> <span class='ocrx_word' id='word_1_173' title='bbox 491 1984 802 2048; x_wconf 87' lang='lat' dir='ltr'><strong><em>sequentem</em></strong></span> <span class='ocrx_word' id='word_1_174' title='bbox 830 1978 982 2051; x_wconf 89' lang='lat' dir='ltr'><strong><em>(Gen.</em></strong></span> <span class='ocrx_word' id='word_1_175' title='bbox 1016 1999 1150 2050; x_wconf 84' lang='lat' dir='ltr'><strong><em>xvn,</em></strong></span> <span class='ocrx_word' id='word_1_176' title='bbox 1189 1986 1348 2054; x_wconf 87' lang='lat'><strong><em>1-21).</em></strong></span> 
     </span>
    </p>
   </div>
   <div class='ocr_carea' id='block_1_22' title="bbox 323 2057 1902 2131">
    <p class='ocr_par' dir='ltr' id='par_1_22' title="bbox 323 2057 1902 2131">
     <span class='ocr_line' id='line_1_22' title="bbox 323 2057 1902 2131; baseline 0.009 -23"><span class='ocrx_word' id='word_1_177' title='bbox 323 2059 380 2109; x_wconf 84' lang='lat'><strong><em>2.</em></strong></span> <span class='ocrx_word' id='word_1_178' title='bbox 408 2057 511 2112; x_wconf 81' lang='lat' dir='ltr'><strong><em>Hic</em></strong></span> <span class='ocrx_word' id='word_1_179' title='bbox 539 2061 826 2129; x_wconf 82' lang='lat' dir='ltr'><strong><em>apertiora</em></strong></span> <span class='ocrx_word' id='word_1_180' title='bbox 857 2062 1139 2131; x_wconf 90' lang='lat' dir='ltr'><strong><em>promissa</em></strong></span> <span class='ocrx_word' id='word_1_181' title='bbox 1162 2070 1302 2120; x_wconf 88' lang='lat' dir='ltr'><strong><em>sunt</em></strong></span> <span class='ocrx_word' id='word_1_182' title='bbox 1329 2069 1398 2121; x_wconf 89' lang='lat' dir='ltr'><strong><em>de</em></strong></span> <span class='ocrx_word' id='word_1_183' title='bbox 1427 2068 1728 2122; x_wconf 88' lang='lat' dir='ltr'><strong><em>vocatione</em></strong></span> <span class='ocrx_word' id='word_1_184' title='bbox 1749 2068 1902 2124; x_wconf 85' lang='lat' dir='ltr'><strong><em>Gen-</em></strong></span> 
     </span>
    </p>
   </div>
   <div class='ocr_carea' id='block_1_23' title="bbox 235 2136 1904 2218">
    <p class='ocr_par' dir='ltr' id='par_1_23' title="bbox 235 2136 1904 2218">
     <span class='ocr_line' id='line_1_23' title="bbox 235 2136 1904 2218; baseline 0.008 -28"><span class='ocrx_word' id='word_1_185' title='bbox 235 2137 405 2191; x_wconf 77' lang='lat' dir='ltr'><strong><em>tium</em></strong></span> <span class='ocrx_word' id='word_1_186' title='bbox 438 2136 495 2191; x_wconf 93' lang='lat' dir='ltr'><strong><em>in</em></strong></span> <span class='ocrx_word' id='word_1_187' title='bbox 535 2138 716 2206; x_wconf 85' lang='lat' dir='ltr'><strong><em>Isaac,</em></strong></span> <span class='ocrx_word' id='word_1_188' title='bbox 749 2139 806 2194; x_wconf 89' lang='lat' dir='ltr'><strong><em>id</em></strong></span> <span class='ocrx_word' id='word_1_189' title='bbox 838 2149 942 2208; x_wconf 85' lang='lat' dir='ltr'><strong><em>est,</em></strong></span> <span class='ocrx_word' id='word_1_190' title='bbox 974 2142 1033 2197; x_wconf 92' lang='lat' dir='ltr'><strong><em>in</em></strong></span> <span class='ocrx_word' id='word_1_191' title='bbox 1067 2143 1183 2198; x_wconf 83' lang='lat' dir='ltr'><strong><em>lilio</em></strong></span> <span class='ocrx_word' id='word_1_192' title='bbox 1218 2147 1642 2215; x_wconf 82' lang='lat' dir='ltr'><strong><em>promissionis,</em></strong></span> <span class='ocrx_word' id='word_1_193' title='bbox 1678 2165 1792 2218; x_wconf 89' lang='lat' dir='ltr'><strong><em>quo</em></strong></span> <span class='ocrx_word' id='word_1_194' title='bbox 1823 2149 1904 2203; x_wconf 76' lang='lat' dir='ltr'><strong><em>si-</em></strong></span> 
     </span>
    </p>
   </div>
   <div class='ocr_carea' id='block_1_24' title="bbox 228 2216 1902 2295">
    <p class='ocr_par' dir='ltr' id='par_1_24' title="bbox 228 2216 1902 2295">
     <span class='ocr_line' id='line_1_24' title="bbox 228 2216 1902 2295; baseline 0.007 -25"><span class='ocrx_word' id='word_1_195' title='bbox 228 2216 566 2288; x_wconf 78' lang='lat' dir='ltr'><strong><em>gnificatur</em></strong></span> <span class='ocrx_word' id='word_1_196' title='bbox 595 2220 805 2289; x_wconf 86' lang='lat' dir='ltr'><strong><em>gratia,</em></strong></span> <span class='ocrx_word' id='word_1_197' title='bbox 842 2237 953 2276; x_wconf 91' lang='lat' dir='ltr'><strong><em>non</em></strong></span> <span class='ocrx_word' id='word_1_198' title='bbox 987 2229 1194 2278; x_wconf 86' lang='lat' dir='ltr'><strong><em>natura</em></strong></span> <span class='ocrx_word' id='word_1_199' title='bbox 1229 2242 1242 2279; x_wconf 92' lang='lat'>:</span> <span class='ocrx_word' id='word_1_200' title='bbox 1276 2227 1412 2295; x_wconf 92' lang='lat' dir='ltr'><strong><em>quia</em></strong></span> <span class='ocrx_word' id='word_1_201' title='bbox 1443 2226 1512 2280; x_wconf 89' lang='lat' dir='ltr'><strong><em>de</em></strong></span> <span class='ocrx_word' id='word_1_202' title='bbox 1545 2216 1764 2281; x_wconf 23' lang='lat' dir='ltr'><strong><em>senevet</em></strong></span> <span class='ocrx_word' id='word_1_203' title='bbox 1790 2245 1902 2282; x_wconf 90' lang='lat' dir='ltr'><strong><em>anu</em></strong></span> 
     </span>
    </p>
   </div>
   <div class='ocr_carea' id='block_1_25' title="bbox 227 2297 1904 2368">
    <p class='ocr_par' dir='ltr' id='par_1_25' title="bbox 227 2297 1904 2368">
     <span class='ocr_line' id='line_1_25' title="bbox 227 2297 1904 2368; baseline 0.007 -17"><span class='ocrx_word' id='word_1_204' title='bbox 227 2297 437 2352; x_wconf 82' lang='lat' dir='ltr'><strong><em>sterili</em></strong></span> <span class='ocrx_word' id='word_1_205' title='bbox 471 2300 826 2368; x_wconf 73' lang='lat' dir='ltr'><strong><em>promittitur</em></strong></span> <span class='ocrx_word' id='word_1_206' title='bbox 860 2301 1032 2356; x_wconf 82' lang='lat' dir='ltr'><strong><em>ﬁlius.</em></strong></span> <span class='ocrx_word' id='word_1_207' title='bbox 1067 2307 1344 2367; x_wconf 82' lang='lat' dir='ltr'><strong><em>Quamvis</em></strong></span> <span class='ocrx_word' id='word_1_208' title='bbox 1375 2307 1528 2361; x_wconf 90' lang='lat' dir='ltr'><strong><em>enim</em></strong></span> <span class='ocrx_word' id='word_1_209' title='bbox 1569 2313 1625 2360; x_wconf 90' lang='lat' dir='ltr'><strong><em>et</em></strong></span> <span class='ocrx_word' id='word_1_210' title='bbox 1666 2317 1904 2362; x_wconf 86' lang='lat' dir='ltr'><strong><em>natura-</em></strong></span> 
     </span>
    </p>
   </div>
   <div class='ocr_carea' id='block_1_26' title="bbox 235 2379 1905 2456">
    <p class='ocr_par' dir='ltr' id='par_1_26' title="bbox 235 2379 1905 2456">
     <span class='ocr_line' id='line_1_26' title="bbox 235 2379 1905 2456; baseline 0.007 -25"><span class='ocrx_word' id='word_1_211' title='bbox 235 2379 371 2432; x_wconf 85' lang='lat' dir='ltr'><strong><em>lem</em></strong></span> <span class='ocrx_word' id='word_1_212' title='bbox 424 2380 843 2448; x_wconf 72' lang='lat' dir='ltr'><strong><em>procreationis</em></strong></span> <span class='ocrx_word' id='word_1_213' title='bbox 892 2398 1199 2438; x_wconf 84' lang='lat' dir='ltr'><strong><em>excursum</em></strong></span> <span class='ocrx_word' id='word_1_214' title='bbox 1252 2385 1406 2441; x_wconf 88' lang='lat' dir='ltr'><strong><em>Deus</em></strong></span> <span class='ocrx_word' id='word_1_215' title='bbox 1458 2393 1727 2456; x_wconf 82' lang='lat' dir='ltr'><strong><em>Operetur</em></strong></span> <span class='ocrx_word' id='word_1_216' title='bbox 1759 2404 1771 2442; x_wconf 94' lang='lat'><strong>:</strong></span> <span class='ocrx_word' id='word_1_217' title='bbox 1809 2387 1905 2442; x_wconf 89' lang='lat' dir='ltr'><strong><em>ubi</em></strong></span> 
     </span>
    </p>
   </div>
   <div class='ocr_carea' id='block_1_27' title="bbox 228 2460 1904 2531">
    <p class='ocr_par' dir='ltr' id='par_1_27' title="bbox 228 2460 1904 2531">
     <span class='ocr_line' id='line_1_27' title="bbox 228 2460 1904 2531; baseline 0.007 -19"><span class='ocrx_word' id='word_1_218' title='bbox 228 2464 446 2513; x_wconf 73' lang='lat' dir='ltr'><strong><em>tamen</em></strong></span> <span class='ocrx_word' id='word_1_219' title='bbox 495 2460 734 2515; x_wconf 85' lang='lat' dir='ltr'><strong><em>evidens</em></strong></span> <span class='ocrx_word' id='word_1_220' title='bbox 791 2477 938 2530; x_wconf 90' lang='lat' dir='ltr'><strong><em>opus</em></strong></span> <span class='ocrx_word' id='word_1_221' title='bbox 993 2465 1087 2519; x_wconf 85' lang='lat' dir='ltr'><strong><em>Dei</em></strong></span> <span class='ocrx_word' id='word_1_222' title='bbox 1135 2471 1245 2531; x_wconf 89' lang='lat' dir='ltr'><strong><em>est,</em></strong></span> <span class='ocrx_word' id='word_1_223' title='bbox 1291 2467 1494 2522; x_wconf 88' lang='lat' dir='ltr'><strong><em>vitiata</em></strong></span> <span class='ocrx_word' id='word_1_224' title='bbox 1536 2473 1592 2523; x_wconf 92' lang='lat' dir='ltr'><strong><em>et</em></strong></span> <span class='ocrx_word' id='word_1_225' title='bbox 1639 2475 1904 2524; x_wconf 82' lang='lat' dir='ltr'><strong><em>cessante</em></strong></span> 
     </span>
    </p>
   </div>
   <div class='ocr_carea' id='block_1_28' title="bbox 227 2540 1907 2621">
    <p class='ocr_par' dir='ltr' id='par_1_28' title="bbox 227 2540 1907 2621">
     <span class='ocr_line' id='line_1_28' title="bbox 227 2540 1907 2621; baseline 0.008 -30"><span class='ocrx_word' id='word_1_226' title='bbox 227 2544 488 2621; x_wconf 77' lang='lat' dir='ltr'><strong><em>patara,</em></strong></span> <span class='ocrx_word' id='word_1_227' title='bbox 520 2540 603 2595; x_wconf 88' lang='lat' dir='ltr'><strong><em>ibi</em></strong></span> <span class='ocrx_word' id='word_1_228' title='bbox 651 2542 982 2597; x_wconf 79' lang='lat' dir='ltr'><strong><em>evidentius</em></strong></span> <span class='ocrx_word' id='word_1_229' title='bbox 1030 2544 1382 2616; x_wconf 79' lang='lat' dir='ltr'><strong><em>intelligitur</em></strong></span> <span class='ocrx_word' id='word_1_230' title='bbox 1419 2549 1626 2619; x_wconf 88' lang='lat' dir='ltr'><strong><em>gratia.</em></strong></span> <span class='ocrx_word' id='word_1_231' title='bbox 1659 2550 1723 2604; x_wconf 87' lang='lat' dir='ltr'><strong><em>Et</em></strong></span> <span class='ocrx_word' id='word_1_232' title='bbox 1767 2551 1907 2621; x_wconf 90' lang='lat' dir='ltr'><strong><em>quia</em></strong></span> 
     </span>
    </p>
   </div>
   <div class='ocr_carea' id='block_1_29' title="bbox 222 2619 1906 2699">
    <p class='ocr_par' dir='ltr' id='par_1_29' title="bbox 222 2619 1906 2699">
     <span class='ocr_line' id='line_1_29' title="bbox 222 2619 1906 2699; baseline 0.007 -25"><span class='ocrx_word' id='word_1_233' title='bbox 222 2619 359 2674; x_wconf 83' lang='lat' dir='ltr'><strong><em>hoc</em></strong></span> <span class='ocrx_word' id='word_1_234' title='bbox 391 2637 506 2674; x_wconf 93' lang='lat' dir='ltr'><strong><em>non</em></strong></span> <span class='ocrx_word' id='word_1_235' title='bbox 543 2635 646 2690; x_wconf 92' lang='lat' dir='ltr'><strong><em>per</em></strong></span> <span class='ocrx_word' id='word_1_236' title='bbox 669 2623 1128 2690; x_wconf 83' lang='lat' dir='ltr'><strong><em>generationem,</em></strong></span> <span class='ocrx_word' id='word_1_237' title='bbox 1153 2627 1251 2681; x_wconf 87' lang='lat' dir='ltr'><strong><em>sed</em></strong></span> <span class='ocrx_word' id='word_1_238' title='bbox 1287 2643 1382 2696; x_wconf 90' lang='lat' dir='ltr'><strong><em>per</em></strong></span> <span class='ocrx_word' id='word_1_239' title='bbox 1413 2619 1906 2699; x_wconf 79' lang='lat' dir='ltr'><strong><em>regenerationem</em></strong></span> 
     </span>
    </p>
   </div>
   <div class='ocr_carea' id='block_1_30' title="bbox 223 2699 1904 2777">
    <p class='ocr_par' dir='ltr' id='par_1_30' title="bbox 223 2699 1904 2777">
     <span class='ocr_line' id='line_1_30' title="bbox 223 2699 1904 2777; baseline 0.007 -24"><span class='ocrx_word' id='word_1_240' title='bbox 223 2699 519 2753; x_wconf 70' lang='lat' dir='ltr'><strong><em>Futurum</em></strong></span> <span class='ocrx_word' id='word_1_241' title='bbox 553 2704 699 2767; x_wconf 91' lang='lat' dir='ltr'><strong><em>erat,</em></strong></span> <span class='ocrx_word' id='word_1_242' title='bbox 730 2700 859 2756; x_wconf 90' lang='lat' dir='ltr'><strong><em>ideo</em></strong></span> <span class='ocrx_word' id='word_1_243' title='bbox 894 2717 1045 2758; x_wconf 91' lang='lat' dir='ltr'><strong><em>nunc</em></strong></span> <span class='ocrx_word' id='word_1_244' title='bbox 1085 2705 1368 2776; x_wconf 86' lang='lat' dir='ltr'><strong><em>imperata</em></strong></span> <span class='ocrx_word' id='word_1_245' title='bbox 1399 2717 1478 2763; x_wconf 84' lang='lat' dir='ltr'><strong><em>est</em></strong></span> <span class='ocrx_word' id='word_1_246' title='bbox 1515 2709 1904 2777; x_wconf 89' lang='lat' dir='ltr'><strong><em>circumcisio,</em></strong></span> 
     </span>
    </p>
   </div>
   <div class='ocr_carea' id='block_1_31' title="bbox 214 2779 1904 2858">
    <p class='ocr_par' dir='ltr' id='par_1_31' title="bbox 214 2779 1904 2858">
     <span class='ocr_line' id='line_1_31' title="bbox 214 2779 1904 2858; baseline 0.008 -27"><span class='ocrx_word' id='word_1_247' title='bbox 214 2779 486 2850; x_wconf 74' lang='lat' dir='ltr'><strong><em>quando</em></strong></span> <span class='ocrx_word' id='word_1_248' title='bbox 517 2779 587 2834; x_wconf 87' lang='lat' dir='ltr'><strong><em>de</em></strong></span> <span class='ocrx_word' id='word_1_249' title='bbox 619 2780 790 2835; x_wconf 86' lang='lat' dir='ltr'><strong><em>Sarra</em></strong></span> <span class='ocrx_word' id='word_1_250' title='bbox 821 2785 1141 2853; x_wconf 88' lang='lat' dir='ltr'><strong><em>promissus</em></strong></span> <span class='ocrx_word' id='word_1_251' title='bbox 1172 2792 1261 2841; x_wconf 90' lang='lat' dir='ltr'><strong><em>est</em></strong></span> <span class='ocrx_word' id='word_1_252' title='bbox 1303 2786 1477 2842; x_wconf 76' lang='lat' dir='ltr'><strong><em>(ilius.</em></strong></span> <span class='ocrx_word' id='word_1_253' title='bbox 1500 2788 1566 2842; x_wconf 86' lang='lat' dir='ltr'><strong><em>Et</em></strong></span> <span class='ocrx_word' id='word_1_254' title='bbox 1593 2789 1750 2858; x_wconf 92' lang='lat' dir='ltr'><strong><em>quod</em></strong></span> <span class='ocrx_word' id='word_1_255' title='bbox 1781 2806 1904 2844; x_wconf 85' lang='lat' dir='ltr'><strong><em>om-</em></strong></span> 
     </span>
    </p>
   </div>
   <div class='ocr_carea' id='block_1_32' title="bbox 217 2860 1903 2928">
    <p class='ocr_par' dir='ltr' id='par_1_32' title="bbox 217 2860 1903 2928">
     <span class='ocr_line' id='line_1_32' title="bbox 217 2860 1903 2928; baseline 0.007 -15"><span class='ocrx_word' id='word_1_256' title='bbox 217 2874 372 2924; x_wconf 80' lang='lat' dir='ltr'><strong><em>nes,</em></strong></span> <span class='ocrx_word' id='word_1_257' title='bbox 397 2874 512 2912; x_wconf 91' lang='lat' dir='ltr'><strong><em>non</em></strong></span> <span class='ocrx_word' id='word_1_258' title='bbox 544 2860 730 2914; x_wconf 89' lang='lat' dir='ltr'><strong><em>solum</em></strong></span> <span class='ocrx_word' id='word_1_259' title='bbox 766 2861 938 2928; x_wconf 82' lang='lat' dir='ltr'><strong><em>ﬁlios,</em></strong></span> <span class='ocrx_word' id='word_1_260' title='bbox 962 2880 1156 2920; x_wconf 90' lang='lat' dir='ltr'><strong><em>verum</em></strong></span> <span class='ocrx_word' id='word_1_261' title='bbox 1189 2867 1368 2922; x_wconf 87' lang='lat' dir='ltr'><strong><em>etiam</em></strong></span> <span class='ocrx_word' id='word_1_262' title='bbox 1405 2884 1601 2922; x_wconf 89' lang='lat' dir='ltr'><strong><em>servos</em></strong></span> <span class='ocrx_word' id='word_1_263' title='bbox 1632 2885 1903 2925; x_wconf 89' lang='lat' dir='ltr'><strong><em>vernacu-</em></strong></span> 
     </span>
    </p>
   </div>
   <div class='ocr_carea' id='block_1_33' title="bbox 216 2937 1902 3014">
    <p class='ocr_par' dir='ltr' id='par_1_33' title="bbox 216 2937 1902 3014">
     <span class='ocr_line' id='line_1_33' title="bbox 216 2937 1902 3014; baseline 0.005 -20"><span class='ocrx_word' id='word_1_264' title='bbox 216 2937 322 2994; x_wconf 82' lang='lat' dir='ltr'><strong><em>los</em></strong></span> <span class='ocrx_word' id='word_1_265' title='bbox 361 2941 418 2992; x_wconf 89' lang='lat' dir='ltr'><strong><em>et</em></strong></span> <span class='ocrx_word' id='word_1_266' title='bbox 448 2941 748 3008; x_wconf 87' lang='lat' dir='ltr'><strong><em>emptitios</em></strong></span> <span class='ocrx_word' id='word_1_267' title='bbox 777 2942 1118 3000; x_wconf 86' lang='lat' dir='ltr'><strong><em>circumcidi</em></strong></span> <span class='ocrx_word' id='word_1_268' title='bbox 1151 2946 1342 3014; x_wconf 83' lang='lat' dir='ltr'><strong><em>jubet,</em></strong></span> <span class='ocrx_word' id='word_1_269' title='bbox 1382 2948 1449 3001; x_wconf 90' lang='lat' dir='ltr'><strong><em>ad</em></strong></span> <span class='ocrx_word' id='word_1_270' title='bbox 1483 2963 1689 3003; x_wconf 91' lang='lat' dir='ltr'><strong><em>omnes</em></strong></span> <span class='ocrx_word' id='word_1_271' title='bbox 1729 2951 1902 3003; x_wconf 87' lang='lat' dir='ltr'><strong><em>istam</em></strong></span> 
     </span>
    </p>
   </div>
   <div class='ocr_carea' id='block_1_34' title="bbox 221 3017 1905 3091">
    <p class='ocr_par' dir='ltr' id='par_1_34' title="bbox 221 3017 1905 3091">
     <span class='ocr_line' id='line_1_34' title="bbox 221 3017 1905 3091; baseline 0.008 -21"><span class='ocrx_word' id='word_1_272' title='bbox 221 3017 496 3090; x_wconf 82' lang='lat' dir='ltr'><strong><em>gratiam</em></strong></span> <span class='ocrx_word' id='word_1_273' title='bbox 522 3019 810 3088; x_wconf 87' lang='lat' dir='ltr'><strong><em>pertinere</em></strong></span> <span class='ocrx_word' id='word_1_274' title='bbox 834 3026 1097 3078; x_wconf 86' lang='lat' dir='ltr'><strong><em>testatur.</em></strong></span> <span class='ocrx_word' id='word_1_275' title='bbox 1123 3027 1268 3091; x_wconf 90' lang='lat' dir='ltr'><strong><em>Quid</em></strong></span> <span class='ocrx_word' id='word_1_276' title='bbox 1295 3027 1447 3081; x_wconf 87' lang='lat' dir='ltr'><strong><em>enim</em></strong></span> <span class='ocrx_word' id='word_1_277' title='bbox 1473 3027 1632 3082; x_wconf 85' lang='lat' dir='ltr'><strong><em>aliud</em></strong></span> <span class='ocrx_word' id='word_1_278' title='bbox 1658 3029 1905 3083; x_wconf 90' lang='lat' dir='ltr'><strong><em>circum-</em></strong></span> 
     </span>
    </p>
   </div>
   <div class='ocr_carea' id='block_1_35' title="bbox 223 3096 1902 3170">
    <p class='ocr_par' dir='ltr' id='par_1_35' title="bbox 223 3096 1902 3170">
     <span class='ocr_line' id='line_1_35' title="bbox 223 3096 1902 3170; baseline 0.008 -19"><span class='ocrx_word' id='word_1_279' title='bbox 223 3097 391 3151; x_wconf 84' lang='lat' dir='ltr'><strong><em>cisio</em></strong></span> <span class='ocrx_word' id='word_1_280' title='bbox 412 3096 718 3167; x_wconf 83' lang='lat' dir='ltr'><strong><em>signiﬁcat,</em></strong></span> <span class='ocrx_word' id='word_1_281' title='bbox 743 3117 920 3170; x_wconf 90' lang='lat' dir='ltr'><strong><em>quam</em></strong></span> <span class='ocrx_word' id='word_1_282' title='bbox 943 3108 1232 3160; x_wconf 84' lang='lat' dir='ltr'><strong><em>vetustate</em></strong></span> <span class='ocrx_word' id='word_1_283' title='bbox 1253 3112 1424 3162; x_wconf 85' lang='lat' dir='ltr'><strong><em>exuta</em></strong></span> <span class='ocrx_word' id='word_1_284' title='bbox 1448 3113 1708 3163; x_wconf 88' lang='lat' dir='ltr'><strong><em>naturam</em></strong></span> <span class='ocrx_word' id='word_1_285' title='bbox 1737 3125 1902 3165; x_wconf 90' lang='lat' dir='ltr'><strong><em>reno-</em></strong></span> 
     </span>
    </p>
   </div>
   <div class='ocr_carea' id='block_1_36' title="bbox 221 3178 1903 3254">
    <p class='ocr_par' dir='ltr' id='par_1_36' title="bbox 221 3178 1903 3254">
     <span class='ocr_line' id='line_1_36' title="bbox 221 3178 1903 3254; baseline 0.007 -21"><span class='ocrx_word' id='word_1_286' title='bbox 221 3182 438 3233; x_wconf 85' lang='lat' dir='ltr'><strong><em>vatam</em></strong></span> <span class='ocrx_word' id='word_1_287' title='bbox 469 3178 548 3248; x_wconf 84' lang='grc' dir='ltr'><strong><em>(α)</em></strong></span> <span class='ocrx_word' id='word_1_288' title='bbox 577 3178 605 3230; x_wconf 82' lang='lat' dir='ltr'><strong><em>‘l</em></strong></span> <span class='ocrx_word' id='word_1_289' title='bbox 632 3187 684 3233; x_wconf 88' lang='lat' dir='ltr'><strong><em>et</em></strong></span> <span class='ocrx_word' id='word_1_290' title='bbox 716 3181 854 3250; x_wconf 86' lang='lat' dir='ltr'><strong><em>quid</em></strong></span> <span class='ocrx_word' id='word_1_291' title='bbox 903 3181 1054 3238; x_wconf 82' lang='lat' dir='ltr'><strong><em>aliud</em></strong></span> <span class='ocrx_word' id='word_1_292' title='bbox 1098 3200 1273 3254; x_wconf 86' lang='lat' dir='ltr'><strong><em>quam</em></strong></span> <span class='ocrx_word' id='word_1_293' title='bbox 1321 3188 1620 3244; x_wconf 84' lang='lat' dir='ltr'><strong><em>Christum</em></strong></span> <span class='ocrx_word' id='word_1_294' title='bbox 1665 3195 1903 3245; x_wconf 87' lang='lat' dir='ltr'><strong><em>octavus</em></strong></span> 
     </span>
    </p>
   </div>
   <div class='ocr_carea' id='block_1_37' title="bbox 224 3257 1902 3339">
    <p class='ocr_par' dir='ltr' id='par_1_37' title="bbox 224 3257 1902 3339">
     <span class='ocr_line' id='line_1_37' title="bbox 224 3257 1902 3339; baseline 0.009 -27"><span class='ocrx_word' id='word_1_295' title='bbox 224 3257 392 3326; x_wconf 83' lang='lat' dir='ltr'><strong><em>dies,</em></strong></span> <span class='ocrx_word' id='word_1_296' title='bbox 415 3257 510 3326; x_wconf 80' lang='lat' dir='ltr'><strong><em>qui</em></strong></span> <span class='ocrx_word' id='word_1_297' title='bbox 543 3257 909 3316; x_wconf 88' lang='lat' dir='ltr'><strong><em>hebdomada</em></strong></span> <span class='ocrx_word' id='word_1_298' title='bbox 939 3265 1248 3333; x_wconf 88' lang='lat' dir='ltr'><strong><em>completa,</em></strong></span> <span class='ocrx_word' id='word_1_299' title='bbox 1274 3267 1379 3321; x_wconf 89' lang='lat' dir='ltr'><strong><em>hoc</em></strong></span> <span class='ocrx_word' id='word_1_300' title='bbox 1413 3274 1500 3322; x_wconf 88' lang='lat' dir='ltr'><strong><em>est</em></strong></span> <span class='ocrx_word' id='word_1_301' title='bbox 1533 3275 1664 3339; x_wconf 89' lang='lat' dir='ltr'><strong><em>post</em></strong></span> <span class='ocrx_word' id='word_1_302' title='bbox 1694 3271 1902 3326; x_wconf 90' lang='lat' dir='ltr'><strong><em>sabba-</em></strong></span> 
     </span>
    </p>
   </div>
   <div class='ocr_carea' id='block_1_38' title="bbox 223 3340 1904 3412">
    <p class='ocr_par' dir='ltr' id='par_1_38' title="bbox 223 3340 1904 3412">
     <span class='ocr_line' id='line_1_38' title="bbox 223 3340 1904 3412; baseline 0.01 -22"><span class='ocrx_word' id='word_1_303' title='bbox 223 3345 393 3401; x_wconf 86' lang='lat' dir='ltr'><strong><em>tum,</em></strong></span> <span class='ocrx_word' id='word_1_304' title='bbox 417 3341 730 3393; x_wconf 82' lang='lat' dir='ltr'><strong><em>resurrexit</em></strong></span> <span class='ocrx_word' id='word_1_305' title='bbox 749 3340 873 3412; x_wconf 82' lang='lat' dir='ltr'><strong><em>(b)?</em></strong></span> <span class='ocrx_word' id='word_1_306' title='bbox 905 3347 1217 3400; x_wconf 88' lang='lat' dir='ltr'><strong><em>Parentum</em></strong></span> <span class='ocrx_word' id='word_1_307' title='bbox 1245 3351 1550 3403; x_wconf 87' lang='lat' dir='ltr'><strong><em>mutantur</em></strong></span> <span class='ocrx_word' id='word_1_308' title='bbox 1580 3355 1634 3403; x_wconf 90' lang='lat' dir='ltr'><strong><em>et</em></strong></span> <span class='ocrx_word' id='word_1_309' title='bbox 1666 3353 1904 3406; x_wconf 88' lang='lat' dir='ltr'><strong><em>nomina</em></strong></span> 
     </span>
    </p>
   </div>
   <div class='ocr_carea' id='block_1_39' title="bbox 224 3417 1902 3490">
    <p class='ocr_par' dir='ltr' id='par_1_39' title="bbox 224 3417 1902 3490">
     <span class='ocr_line' id='line_1_39' title="bbox 224 3417 1902 3490; baseline 0.007 -17"><span class='ocrx_word' id='word_1_310' title='bbox 224 3417 444 3473; x_wconf 87' lang='lat' dir='ltr'><strong><em>omnia</em></strong></span> <span class='ocrx_word' id='word_1_311' title='bbox 465 3424 734 3474; x_wconf 87' lang='lat' dir='ltr'><strong><em>resonant</em></strong></span> <span class='ocrx_word' id='word_1_312' title='bbox 758 3423 1098 3490; x_wconf 82' lang='lat' dir='ltr'><strong><em>novitatem,</em></strong></span> <span class='ocrx_word' id='word_1_313' title='bbox 1123 3430 1181 3478; x_wconf 90' lang='lat' dir='ltr'><strong><em>et</em></strong></span> <span class='ocrx_word' id='word_1_314' title='bbox 1217 3427 1276 3480; x_wconf 92' lang='lat' dir='ltr'><strong><em>in</em></strong></span> <span class='ocrx_word' id='word_1_315' title='bbox 1308 3428 1682 3483; x_wconf 86' lang='lat' dir='ltr'><strong><em>Testamento</em></strong></span> <span class='ocrx_word' id='word_1_316' title='bbox 1715 3437 1902 3485; x_wconf 86' lang='lat' dir='ltr'><strong><em>vetera</em></strong></span> 
     </span>
    </p>
   </div>
   <div class='ocr_carea' id='block_1_40' title="bbox 225 3498 1904 3578">
    <p class='ocr_par' dir='ltr' id='par_1_40' title="bbox 225 3498 1904 3578">
     <span class='ocr_line' id='line_1_40' title="bbox 225 3498 1904 3578; baseline 0.005 -25"><span class='ocrx_word' id='word_1_317' title='bbox 225 3498 629 3553; x_wconf 88' lang='lat' dir='ltr'><strong><em>obumbratur</em></strong></span> <span class='ocrx_word' id='word_1_318' title='bbox 675 3515 912 3557; x_wconf 87' lang='lat' dir='ltr'><strong><em>novum.</em></strong></span> <span class='ocrx_word' id='word_1_319' title='bbox 964 3504 1112 3568; x_wconf 90' lang='lat' dir='ltr'><strong><em>Quid</em></strong></span> <span class='ocrx_word' id='word_1_320' title='bbox 1165 3511 1249 3559; x_wconf 89' lang='lat' dir='ltr'><strong><em>est</em></strong></span> <span class='ocrx_word' id='word_1_321' title='bbox 1295 3507 1449 3561; x_wconf 89' lang='lat' dir='ltr'><strong><em>enim</em></strong></span> <span class='ocrx_word' id='word_1_322' title='bbox 1495 3509 1646 3578; x_wconf 87' lang='lat' dir='ltr'><strong><em>quod</em></strong></span> <span class='ocrx_word' id='word_1_323' title='bbox 1689 3509 1904 3564; x_wconf 86' lang='lat' dir='ltr'><strong><em>dicitur</em></strong></span> 
     </span>
    </p>
   </div>
   <div class='ocr_carea' id='block_1_41' title="bbox 223 3578 1897 3659">
    <p class='ocr_par' dir='ltr' id='par_1_41' title="bbox 223 3578 1897 3659">
     <span class='ocr_line' id='line_1_41' title="bbox 223 3578 1897 3659; baseline 0.005 -26"><span class='ocrx_word' id='word_1_324' title='bbox 223 3578 684 3659; x_wconf 79' lang='lat' dir='ltr'><strong><em>Testamentum</em></strong></span> <span class='ocrx_word' id='word_1_325' title='bbox 735 3585 922 3648; x_wconf 89' lang='lat' dir='ltr'><strong><em>vetus,</em></strong></span> <span class='ocrx_word' id='word_1_326' title='bbox 957 3583 1066 3637; x_wconf 89' lang='lat' dir='ltr'><strong><em>nisi</em></strong></span> <span class='ocrx_word' id='word_1_327' title='bbox 1118 3584 1427 3640; x_wconf 86' lang='lat' dir='ltr'><strong><em>occultatio</em></strong></span> <span class='ocrx_word' id='word_1_328' title='bbox 1459 3587 1589 3642; x_wconf 90' lang='lat' dir='ltr'><strong><em>novi</em></strong></span> <span class='ocrx_word' id='word_1_329' title='bbox 1621 3589 1649 3642; x_wconf 88' lang='lat'><strong>?</strong></span> <span class='ocrx_word' id='word_1_330' title='bbox 1677 3598 1726 3643; x_wconf 87' lang='lat' dir='ltr'><strong><em>el</em></strong></span> <span class='ocrx_word' id='word_1_331' title='bbox 1762 3590 1897 3659; x_wconf 89' lang='lat' dir='ltr'><strong><em>quid</em></strong></span> 
     </span>
    </p>
   </div>
   <div class='ocr_carea' id='block_1_42' title="bbox 226 3657 1905 3733">
    <p class='ocr_par' dir='ltr' id='par_1_42' title="bbox 226 3657 1905 3733">
     <span class='ocr_line' id='line_1_42' title="bbox 226 3657 1905 3733; baseline 0.005 -17"><span class='ocrx_word' id='word_1_332' title='bbox 226 3662 329 3716; x_wconf 84' lang='lat' dir='ltr'><strong><em>est</em></strong></span> <span class='ocrx_word' id='word_1_333' title='bbox 353 3657 509 3713; x_wconf 90' lang='lat' dir='ltr'><strong><em>aliud</em></strong></span> <span class='ocrx_word' id='word_1_334' title='bbox 535 3660 690 3729; x_wconf 87' lang='lat' dir='ltr'><strong><em>quod</em></strong></span> <span class='ocrx_word' id='word_1_335' title='bbox 716 3661 926 3716; x_wconf 88' lang='lat' dir='ltr'><strong><em>dicitur</em></strong></span> <span class='ocrx_word' id='word_1_336' title='bbox 958 3679 1194 3733; x_wconf 82' lang='lat' dir='ltr'><strong><em>novum,</em></strong></span> <span class='ocrx_word' id='word_1_337' title='bbox 1220 3665 1330 3719; x_wconf 87' lang='lat' dir='ltr'><strong><em>nisi</em></strong></span> <span class='ocrx_word' id='word_1_338' title='bbox 1359 3672 1566 3722; x_wconf 87' lang='lat' dir='ltr'><strong><em>veteris</em></strong></span> <span class='ocrx_word' id='word_1_339' title='bbox 1593 3657 1905 3724; x_wconf 76' lang='lat' dir='ltr'><strong><em>revelatio?</em></strong></span> 
     </span>
    </p>
   </div>
   <div class='ocr_carea' id='block_1_43' title="bbox 225 3739 1900 3816">
    <p class='ocr_par' dir='ltr' id='par_1_43' title="bbox 225 3739 1900 3816">
     <span class='ocr_line' id='line_1_43' title="bbox 225 3739 1900 3816; baseline 0.005 -22"><span class='ocrx_word' id='word_1_340' title='bbox 225 3739 419 3794; x_wconf 82' lang='lat' dir='ltr'><strong><em>Risus</em></strong></span> <span class='ocrx_word' id='word_1_341' title='bbox 448 3740 707 3807; x_wconf 66' lang='lat' dir='ltr'><strong><em>Abrahae,</em></strong></span> <span class='ocrx_word' id='word_1_342' title='bbox 743 3741 1022 3797; x_wconf 87' lang='lat' dir='ltr'><strong><em>exultatio</em></strong></span> <span class='ocrx_word' id='word_1_343' title='bbox 1053 3749 1141 3799; x_wconf 89' lang='lat' dir='ltr'><strong><em>est</em></strong></span> <span class='ocrx_word' id='word_1_344' title='bbox 1171 3745 1524 3816; x_wconf 85' lang='lat' dir='ltr'><strong><em>gratulantis</em></strong></span> <span class='ocrx_word' id='word_1_345' title='bbox 1559 3765 1670 3803; x_wconf 90' lang='lat' dir='ltr'><strong><em>non</em></strong></span> <span class='ocrx_word' id='word_1_346' title='bbox 1706 3749 1900 3804; x_wconf 89' lang='lat' dir='ltr'><strong><em>irrisio</em></strong></span> 
     </span>
    </p>
   </div>
   <div class='ocr_carea' id='block_1_44' title="bbox 227 3818 1902 3896">
    <p class='ocr_par' dir='ltr' id='par_1_44' title="bbox 227 3818 1902 3896">
     <span class='ocr_line' id='line_1_44' title="bbox 227 3818 1902 3896; baseline 0.007 -23"><span class='ocrx_word' id='word_1_347' title='bbox 227 3818 588 3874; x_wconf 75' lang='lat' dir='ltr'><strong><em>difﬁdentis.</em></strong></span> <span class='ocrx_word' id='word_1_348' title='bbox 624 3819 809 3876; x_wconf 88' lang='lat' dir='ltr'><strong><em>Verba</em></strong></span> <span class='ocrx_word' id='word_1_349' title='bbox 830 3839 1062 3894; x_wconf 90' lang='lat' dir='ltr'><strong><em>quoque</em></strong></span> <span class='ocrx_word' id='word_1_350' title='bbox 1093 3828 1222 3894; x_wconf 87' lang='lat' dir='ltr'><strong><em>ejus</em></strong></span> <span class='ocrx_word' id='word_1_351' title='bbox 1247 3825 1346 3880; x_wconf 90' lang='lat' dir='ltr'><strong><em>illa</em></strong></span> <span class='ocrx_word' id='word_1_352' title='bbox 1382 3828 1439 3881; x_wconf 88' lang='lat' dir='ltr'><strong><em>in</em></strong></span> <span class='ocrx_word' id='word_1_353' title='bbox 1472 3828 1667 3883; x_wconf 86' lang='lat' dir='ltr'><strong><em>animo</em></strong></span> <span class='ocrx_word' id='word_1_354' title='bbox 1689 3846 1817 3896; x_wconf 87' lang='lat' dir='ltr'><strong><em>suo,</em></strong></span> <span class='ocrx_word' id='word_1_355' title='bbox 1840 3830 1902 3885; x_wconf 90' lang='lat' dir='ltr'><strong><em>Si</em></strong></span> 
     </span>
    </p>
   </div>
   <div class='ocr_carea' id='block_1_45' title="bbox 224 3899 1899 3976">
    <p class='ocr_par' dir='ltr' id='par_1_45' title="bbox 224 3899 1899 3976">
     <span class='ocr_line' id='line_1_45' title="bbox 224 3899 1899 3976; baseline 0.007 -22"><span class='ocrx_word' id='word_1_356' title='bbox 224 3899 382 3954; x_wconf 83' lang='lat' dir='ltr'><strong><em>mihi</em></strong></span> <span class='ocrx_word' id='word_1_357' title='bbox 401 3903 618 3954; x_wconf 85' lang='lat' dir='ltr'><strong><em>centum</em></strong></span> <span class='ocrx_word' id='word_1_358' title='bbox 649 3917 820 3957; x_wconf 82' lang='lat' dir='ltr'><strong><em>annos</em></strong></span> <span class='ocrx_word' id='word_1_359' title='bbox 849 3903 1071 3958; x_wconf 68' lang='lat' dir='ltr'><strong><em>habenti</em></strong></span> <span class='ocrx_word' id='word_1_360' title='bbox 1100 3915 1355 3960; x_wconf 75' lang='lat' dir='ltr'><strong><em>nascetur</em></strong></span> <span class='ocrx_word' id='word_1_361' title='bbox 1372 3907 1552 3976; x_wconf 81' lang='lat' dir='ltr'><strong><em>ﬁlius,</em></strong></span> <span class='ocrx_word' id='word_1_362' title='bbox 1583 3917 1634 3964; x_wconf 92' lang='lat' dir='ltr'><strong><em>et</em></strong></span> <span class='ocrx_word' id='word_1_363' title='bbox 1663 3912 1710 3963; x_wconf 87' lang='lat' dir='ltr'><strong><em>si</em></strong></span> <span class='ocrx_word' id='word_1_364' title='bbox 1730 3910 1899 3966; x_wconf 86' lang='lat' dir='ltr'><strong><em>Sarra</em></strong></span> 
     </span>
    </p>
   </div>
   <div class='ocr_carea' id='block_1_46' title="bbox 227 3983 1898 4057">
    <p class='ocr_par' dir='ltr' id='par_1_46' title="bbox 227 3983 1898 4057">
     <span class='ocr_line' id='line_1_46' title="bbox 227 3983 1898 4057; baseline 0.007 -25"><span class='ocrx_word' id='word_1_365' title='bbox 227 3993 518 4032; x_wconf 83' lang='lat' dir='ltr'><strong><em>annorum</em></strong></span> <span class='ocrx_word' id='word_1_366' title='bbox 566 3983 869 4050; x_wconf 85' lang='lat' dir='ltr'><strong><em>nonaginta</em></strong></span> <span class='ocrx_word' id='word_1_367' title='bbox 919 3985 1159 4052; x_wconf 83' lang='lat' dir='ltr'><strong><em>pariet?</em></strong></span> <span class='ocrx_word' id='word_1_368' title='bbox 1204 4001 1316 4039; x_wconf 90' lang='lat' dir='ltr'><strong><em>non</em></strong></span> <span class='ocrx_word' id='word_1_369' title='bbox 1367 3992 1504 4040; x_wconf 87' lang='lat' dir='ltr'><strong><em>sunt</em></strong></span> <span class='ocrx_word' id='word_1_370' title='bbox 1550 3988 1898 4057; x_wconf 87' lang='lat' dir='ltr'><strong><em>dubitantis,</em></strong></span> 
     </span>
    </p>
   </div>
   <div class='ocr_carea' id='block_1_47' title="bbox 230 4058 1896 4137">
    <p class='ocr_par' dir='ltr' id='par_1_47' title="bbox 230 4058 1896 4137">
     <span class='ocr_line' id='line_1_47' title="bbox 230 4058 1896 4137; baseline 0.007 -25"><span class='ocrx_word' id='word_1_371' title='bbox 230 4059 342 4113; x_wconf 87' lang='lat' dir='ltr'><strong><em>sed</em></strong></span> <span class='ocrx_word' id='word_1_372' title='bbox 379 4058 746 4117; x_wconf 87' lang='lat' dir='ltr'><strong><em>admirantis.</em></strong></span> <span class='ocrx_word' id='word_1_373' title='bbox 781 4062 838 4116; x_wconf 92' lang='lat' dir='ltr'><strong><em>Si</em></strong></span> <span class='ocrx_word' id='word_1_374' title='bbox 877 4078 1052 4133; x_wconf 90' lang='lat' dir='ltr'><strong><em>quem</em></strong></span> <span class='ocrx_word' id='word_1_375' title='bbox 1096 4079 1227 4118; x_wconf 90' lang='lat' dir='ltr'><strong><em>vero</em></strong></span> <span class='ocrx_word' id='word_1_376' title='bbox 1261 4072 1450 4121; x_wconf 89' lang='lat' dir='ltr'><strong><em>movet</em></strong></span> <span class='ocrx_word' id='word_1_377' title='bbox 1481 4069 1631 4137; x_wconf 90' lang='lat' dir='ltr'><strong><em>quod</em></strong></span> <span class='ocrx_word' id='word_1_378' title='bbox 1674 4069 1896 4123; x_wconf 88' lang='lat' dir='ltr'><strong><em>dictum</em></strong></span> 
     </span>
    </p>
   </div>
   <div class='ocr_carea' id='block_1_48' title="bbox 231 4139 1900 4220">
    <p class='ocr_par' dir='ltr' id='par_1_48' title="bbox 231 4139 1900 4220">
     <span class='ocr_line' id='line_1_48' title="bbox 231 4139 1900 4220; baseline 0.007 -27"><span class='ocrx_word' id='word_1_379' title='bbox 231 4143 353 4198; x_wconf 87' lang='lat' dir='ltr'><strong><em>est,</em></strong></span> <span class='ocrx_word' id='word_1_380' title='bbox 388 4139 454 4192; x_wconf 87' lang='lat' dir='ltr'><strong><em>Et</em></strong></span> <span class='ocrx_word' id='word_1_381' title='bbox 482 4139 618 4195; x_wconf 84' lang='lat' dir='ltr'><strong><em>dabo</em></strong></span> <span class='ocrx_word' id='word_1_382' title='bbox 647 4140 752 4195; x_wconf 87' lang='lat' dir='ltr'><strong><em>tibi</em></strong></span> <span class='ocrx_word' id='word_1_383' title='bbox 779 4148 830 4197; x_wconf 93' lang='lat' dir='ltr'><strong><em>et</em></strong></span> <span class='ocrx_word' id='word_1_384' title='bbox 857 4145 1063 4198; x_wconf 89' lang='lat' dir='ltr'><strong><em>semini</em></strong></span> <span class='ocrx_word' id='word_1_385' title='bbox 1093 4147 1186 4198; x_wconf 89' lang='lat' dir='ltr'><strong><em>tuo</em></strong></span> <span class='ocrx_word' id='word_1_386' title='bbox 1214 4154 1330 4213; x_wconf 86' lang='lat' dir='ltr'><strong><em>post</em></strong></span> <span class='ocrx_word' id='word_1_387' title='bbox 1363 4152 1414 4201; x_wconf 91' lang='lat' dir='ltr'><strong><em>te</em></strong></span> <span class='ocrx_word' id='word_1_388' title='bbox 1444 4155 1668 4214; x_wconf 87' lang='lat' dir='ltr'><strong><em>terram,</em></strong></span> <span class='ocrx_word' id='word_1_389' title='bbox 1703 4150 1763 4202; x_wconf 90' lang='lat' dir='ltr'><strong><em>in</em></strong></span> <span class='ocrx_word' id='word_1_390' title='bbox 1791 4165 1900 4220; x_wconf 91' lang='lat' dir='ltr'><strong><em>qua</em></strong></span> 
     </span>
    </p>
   </div>
   <div class='ocr_carea' id='block_1_49' title="bbox 232 4220 1902 4294">
    <p class='ocr_par' dir='ltr' id='par_1_49' title="bbox 232 4220 1902 4294">
     <span class='ocr_line' id='line_1_49' title="bbox 232 4220 1902 4294; baseline 0.007 -20"><span class='ocrx_word' id='word_1_391' title='bbox 232 4224 298 4274; x_wconf 86' lang='lat' dir='ltr'><strong><em>tu</em></strong></span> <span class='ocrx_word' id='word_1_392' title='bbox 343 4220 528 4274; x_wconf 85' lang='lat' dir='ltr'><strong><em>incola</em></strong></span> <span class='ocrx_word' id='word_1_393' title='bbox 576 4236 650 4287; x_wconf 84' lang='lat' dir='ltr'><strong><em>es,</em></strong></span> <span class='ocrx_word' id='word_1_394' title='bbox 684 4237 896 4278; x_wconf 91' lang='lat' dir='ltr'><strong><em>omnem</em></strong></span> <span class='ocrx_word' id='word_1_395' title='bbox 941 4231 1148 4278; x_wconf 86' lang='lat' dir='ltr'><strong><em>terram</em></strong></span> <span class='ocrx_word' id='word_1_396' title='bbox 1191 4226 1462 4281; x_wconf 76' lang='lat' dir='ltr'><strong><em>Chanaan</em></strong></span> <span class='ocrx_word' id='word_1_397' title='bbox 1509 4231 1568 4283; x_wconf 90' lang='lat' dir='ltr'><strong><em>in</em></strong></span> <span class='ocrx_word' id='word_1_398' title='bbox 1610 4232 1902 4294; x_wconf 70' lang='lat' dir='ltr'><strong><em>possessio-</em></strong></span> 
     </span>
    </p>
   </div>
   <div class='ocr_carea' id='block_1_50' title="bbox 234 4305 1899 4379">
    <p class='ocr_par' dir='ltr' id='par_1_50' title="bbox 234 4305 1899 4379">
     <span class='ocr_line' id='line_1_50' title="bbox 234 4305 1899 4379; baseline 0.008 -26"><span class='ocrx_word' id='word_1_399' title='bbox 234 4315 368 4354; x_wconf 89' lang='lat' dir='ltr'><strong><em>nem</em></strong></span> <span class='ocrx_word' id='word_1_400' title='bbox 397 4309 700 4366; x_wconf 77' lang='lat' dir='ltr'><strong><em>aeternam;</em></strong></span> <span class='ocrx_word' id='word_1_401' title='bbox 730 4305 1023 4373; x_wconf 88' lang='lat' dir='ltr'><strong><em>quomodo</em></strong></span> <span class='ocrx_word' id='word_1_402' title='bbox 1053 4305 1371 4376; x_wconf 86' lang='lat' dir='ltr'><strong><em>accipiatur</em></strong></span> <span class='ocrx_word' id='word_1_403' title='bbox 1417 4308 1750 4379; x_wconf 89' lang='lat' dir='ltr'><strong><em>impletum,</em></strong></span> <span class='ocrx_word' id='word_1_404' title='bbox 1780 4311 1899 4366; x_wconf 88' lang='lat' dir='ltr'><strong><em>sive</em></strong></span> 
     </span>
    </p>
   </div>
   <div class='ocr_carea' id='block_1_51' title="bbox 233 4524 1898 4598">
    <p class='ocr_par' dir='ltr' id='par_1_51' title="bbox 233 4524 1898 4598">
     <span class='ocr_line' id='line_1_51' title="bbox 233 4524 1898 4598; baseline 0.009 -26"><span class='ocrx_word' id='word_1_405' title='bbox 233 4526 308 4573; x_wconf 76' lang='lat' dir='ltr'><strong><em>At</em></strong></span> <span class='ocrx_word' id='word_1_406' title='bbox 334 4587 344 4597; x_wconf 37' lang='grc' dir='ltr'><strong><em>ο</em></strong></span> <span class='ocrx_word' id='word_1_407' title='bbox 366 4524 523 4575; x_wconf 83' lang='lat' dir='ltr'><strong><em>Vind.</em></strong></span> <span class='ocrx_word' id='word_1_408' title='bbox 583 4527 636 4598; x_wconf 77' lang='lat' dir='ltr'><strong><em>et</em></strong></span> <span class='ocrx_word' id='word_1_409' title='bbox 666 4528 783 4576; x_wconf 82' lang='lat' dir='ltr'><strong><em>Am.</em></strong></span> <span class='ocrx_word' id='word_1_410' title='bbox 819 4527 878 4598; x_wconf 89' lang='lat' dir='ltr'><strong><em>i_n_</em></strong></span> <span class='ocrx_word' id='word_1_411' title='bbox 930 4542 992 4578; x_wconf 90' lang='lat' dir='ltr'><strong><em>eo</em></strong></span> <span class='ocrx_word' id='word_1_412' title='bbox 1043 4543 1177 4598; x_wconf 84' lang='lat' dir='ltr'><strong><em>non_</em></strong></span> <span class='ocrx_word' id='word_1_413' title='bbox 1208 4533 1566 4589; x_wconf 84' lang='lat' dir='ltr'><strong><em>consentiunt.</em></strong></span> <span class='ocrx_word' id='word_1_414' title='bbox 1595 4537 1738 4598; x_wconf 89' lang='lat' dir='ltr'><strong><em>quod</em></strong></span> <span class='ocrx_word' id='word_1_415' title='bbox 1767 4537 1898 4595; x_wconf 91' lang='lat' dir='ltr'><strong><em>loco,</em></strong></span> 
     </span>
    </p>
   </div>
   <div class='ocr_carea' id='block_1_52' title="bbox 237 4587 1901 4699">
    <p class='ocr_par' dir='ltr' id='par_1_52' title="bbox 237 4587 1901 4699">
     <span class='ocr_line' id='line_1_52' title="bbox 237 4587 1901 4658; baseline 0.009 -24"><span class='ocrx_word' id='word_1_416' title='bbox 237 4587 344 4650; x_wconf 81' lang='lat' dir='ltr'><strong><em>qui</em></strong></span> <span class='ocrx_word' id='word_1_417' title='bbox 403 4603 516 4636; x_wconf 85' lang='lat' dir='ltr'><strong><em>non</em></strong></span> <span class='ocrx_word' id='word_1_418' title='bbox 571 4591 1026 4651; x_wconf 82' lang='lat' dir='ltr'><strong><em>circumcidetur,</em></strong></span> <span class='ocrx_word' id='word_1_419' title='bbox 1091 4595 1306 4649; x_wconf 83' lang='lat' dir='ltr'><strong><em>habent,</em></strong></span> <span class='ocrx_word' id='word_1_420' title='bbox 1362 4597 1459 4658; x_wconf 80' lang='lat' dir='ltr'><strong><em>qui</em></strong></span> <span class='ocrx_word' id='word_1_421' title='bbox 1506 4587 1630 4645; x_wconf 50' lang='lat' dir='ltr'><strong><em>non:</em></strong></span> <span class='ocrx_word' id='word_1_422' title='bbox 1666 4587 1901 4648; x_wconf 52' lang='lat' dir='ltr'><strong><em>circum;</em></strong></span> 
     </span>
     <span class='ocr_line' id='line_1_53' title="bbox 238 4650 1900 4699; baseline 0 0"><span class='ocrx_word' id='word_1_423' title='bbox 238 4650 405 4699; x_wconf 89' lang='lat' dir='ltr'><strong><em>cidet.</em></strong></span> <span class='ocrx_word' id='word_1_424' title='bbox 485 4651 590 4699; x_wconf 61' lang='lat' dir='ltr'><strong><em>Er”</em></strong></span> <span class='ocrx_word' id='word_1_425' title='bbox 687 4653 739 4699; x_wconf 76' lang='grc' dir='ltr'><strong><em>εἰ</em></strong></span> <span class='ocrx_word' id='word_1_426' title='bbox 819 4668 927 4699; x_wconf 88' lang='lat' dir='ltr'><strong><em>non</em></strong></span> <span class='ocrx_word' id='word_1_427' title='bbox 997 4656 1427 4699; x_wconf 68' lang='lat' dir='ltr'><strong><em>circumsidetur</em></strong></span> <span class='ocrx_word' id='word_1_428' title='bbox 1505 4674 1670 4699; x_wconf 64' lang='lat' dir='ltr'><strong><em>carne</em></strong></span> <span class='ocrx_word' id='word_1_429' title='bbox 1741 4677 1900 4699; x_wconf 59' lang='grc' dir='ltr'><strong><em>τιν-ηρ-</em></strong></span> 
     </span>
    </p>
   </div>
   <div class='ocr_carea' id='block_1_53' title="bbox 238 4651 590 4711">
    <p class='ocr_par' dir='ltr' id='par_1_53' title="bbox 238 4651 590 4711">
     <span class='ocr_line' id='line_1_54' title="bbox 238 4651 590 4711; baseline 0.003 -12"><span class='ocrx_word' id='word_1_430' title='bbox 238 4651 405 4699; x_wconf 89' lang='lat' dir='ltr'><strong><em>cidet.</em></strong></span> <span class='ocrx_word' id='word_1_431' title='bbox 485 4651 590 4711; x_wconf 88' lang='lat' dir='ltr'><strong><em>Er.,</em></strong></span> 
     </span>
    </p>
   </div>
   <div class='ocr_carea' id='block_1_54' title="bbox 229 4721 1903 4845">
    <p class='ocr_par' dir='ltr' id='par_1_54' title="bbox 229 4721 1903 4845">
     <span class='ocr_line' id='line_1_55' title="bbox 229 4721 1903 4845; baseline 0.007 -24"><span class='ocrx_word' id='word_1_432' title='bbox 229 4721 477 4845; x_wconf 39' lang='lat' dir='ltr'><strong><em>putml&#39;ta</em></strong></span> <span class='ocrx_word' id='word_1_433' title='bbox 516 4777 896 4845; x_wconf 74' lang='lat' dir='ltr'><strong><em>_man_uscripti</em></strong></span> <span class='ocrx_word' id='word_1_434' title='bbox 965 4783 1256 4830; x_wconf 89' lang='lat' dir='ltr'><strong><em>secundum</em></strong></span> <span class='ocrx_word' id='word_1_435' title='bbox 1324 4782 1688 4845; x_wconf 78' lang='lat' dir='ltr'><strong><em>Septuaginta.</em></strong></span> <span class='ocrx_word' id='word_1_436' title='bbox 1765 4785 1903 4833; x_wconf 88' lang='lat' dir='ltr'><strong><em>Editi</em></strong></span> 
     </span>
    </p>
   </div>
   <div class='ocr_carea' id='block_1_55' title="bbox 236 4838 1902 4907">
    <p class='ocr_par' dir='ltr' id='par_1_55' title="bbox 236 4838 1902 4907">
     <span class='ocr_line' id='line_1_56' title="bbox 236 4838 1902 4907; baseline 0.006 -22"><span class='ocrx_word' id='word_1_437' title='bbox 236 4840 464 4907; x_wconf 62' lang='lat' dir='ltr'><strong><em>at}me</em></strong></span> <span class='ocrx_word' id='word_1_438' title='bbox 506 4838 677 4907; x_wconf 61' lang='grc' dir='ltr'><strong><em>δαταᾷ</em></strong></span> <span class='ocrx_word' id='word_1_439' title='bbox 733 4838 900 4907; x_wconf 49' lang='grc' dir='ltr'><strong><em>ᾳωόν-</em></strong></span> <span class='ocrx_word' id='word_1_440' title='bbox 935 4846 1074 4907; x_wconf 28' lang='lat' dir='ltr'><strong><em>tua,</em></strong></span> <span class='ocrx_word' id='word_1_441' title='bbox 1112 4859 1227 4892; x_wconf 82' lang='lat' dir='ltr'><strong><em>non</em></strong></span> <span class='ocrx_word' id='word_1_442' title='bbox 1272 4838 1649 4907; x_wconf 68' lang='lat' dir='ltr'><strong><em>appEllabitur</em></strong></span> <span class='ocrx_word' id='word_1_443' title='bbox 1701 4862 1902 4896; x_wconf 84' lang='lat' dir='ltr'><strong><em>nomen</em></strong></span> 
     </span>
    </p>
   </div>
   <div class='ocr_carea' id='block_1_56' title="bbox 238 4901 1900 4972">
    <p class='ocr_par' dir='ltr' id='par_1_56' title="bbox 238 4901 1900 4972">
     <span class='ocr_line' id='line_1_57' title="bbox 238 4901 1900 4972; baseline 0.006 -24"><span class='ocrx_word' id='word_1_444' title='bbox 238 4901 371 4962; x_wconf 83' lang='lat' dir='ltr'><strong><em>ejus</em></strong></span> <span class='ocrx_word' id='word_1_445' title='bbox 423 4902 598 4972; x_wconf 67' lang='lat' dir='ltr'><strong><em>Sarai</em></strong></span> <span class='ocrx_word' id='word_1_446' title='bbox 653 4903 779 4967; x_wconf 86' lang='lat' dir='ltr'><strong><em>(vel,</em></strong></span> <span class='ocrx_word' id='word_1_447' title='bbox 838 4902 998 4954; x_wconf 82' lang='lat' dir='ltr'><strong><em>ultra</em></strong></span> <span class='ocrx_word' id='word_1_448' title='bbox 1047 4906 1253 4969; x_wconf 82' lang='lat' dir='ltr'><strong><em>Sarai),</em></strong></span> <span class='ocrx_word' id='word_1_449' title='bbox 1297 4901 1389 4956; x_wconf 55' lang='lat' dir='ltr'><strong><em>se&#39;d</em></strong></span> <span class='ocrx_word' id='word_1_450' title='bbox 1437 4909 1619 4957; x_wconf 80' lang='lat' dir='ltr'><strong><em>Sarra</em></strong></span> <span class='ocrx_word' id='word_1_451' title='bbox 1663 4910 1770 4958; x_wconf 83' lang='lat' dir='ltr'><strong><em>erit</em></strong></span> <span class='ocrx_word' id='word_1_452' title='bbox 1812 4925 1900 4958; x_wconf 87' lang='lat' dir='ltr'><strong><em>no-</em></strong></span> 
     </span>
    </p>
   </div>
   <div class='ocr_carea' id='block_1_57' title="bbox 238 4977 1899 5092">
    <p class='ocr_par' dir='ltr' id='par_1_57' title="bbox 238 4977 1899 5092">
     <span class='ocr_line' id='line_1_58' title="bbox 238 4977 549 5022; baseline 0.01 -11"><span class='ocrx_word' id='word_1_453' title='bbox 238 4978 373 5011; x_wconf 87' lang='lat' dir='ltr'><strong><em>men</em></strong></span> <span class='ocrx_word' id='word_1_454' title='bbox 403 4977 549 5022; x_wconf 68' lang='lat' dir='ltr'><strong><em>ejus.</em></strong></span> 
     </span>
     <span class='ocr_line' id='line_1_59' title="bbox 238 5025 1899 5092; baseline 0.007 -20"><span class='ocrx_word' id='word_1_455' title='bbox 238 5025 528 5092; x_wconf 29' lang='lat' dir='ltr'><strong><em>“{‘Lovl,</em></strong></span> <span class='ocrx_word' id='word_1_456' title='bbox 575 5034 626 5092; x_wconf 80' lang='lat' dir='ltr'><strong><em>et</em></strong></span> <span class='ocrx_word' id='word_1_457' title='bbox 668 5042 761 5092; x_wconf 79' lang='lat' dir='ltr'><strong><em>ero</em></strong></span> <span class='ocrx_word' id='word_1_458' title='bbox 809 5028 904 5077; x_wconf 85' lang='lat' dir='ltr'><strong><em>illi</em></strong></span> <span class='ocrx_word' id='word_1_459' title='bbox 954 5029 1114 5081; x_wconf 84' lang='lat' dir='ltr'><strong><em>Deus.</em></strong></span> <span class='ocrx_word' id='word_1_460' title='bbox 1161 5031 1267 5092; x_wconf 87' lang='lat' dir='ltr'><strong><em>Er.,</em></strong></span> <span class='ocrx_word' id='word_1_461' title='bbox 1328 5039 1376 5079; x_wconf 91' lang='lat' dir='ltr'><strong><em>et</em></strong></span> <span class='ocrx_word' id='word_1_462' title='bbox 1427 5032 1535 5080; x_wconf 87' lang='lat' dir='ltr'><strong><em>sim</em></strong></span> <span class='ocrx_word' id='word_1_463' title='bbox 1583 5033 1679 5082; x_wconf 85' lang='lat' dir='ltr'><strong><em>illi</em></strong></span> <span class='ocrx_word' id='word_1_464' title='bbox 1733 5034 1899 5084; x_wconf 78' lang='lat' dir='ltr'><strong><em>Deus.</em></strong></span> 
     </span>
    </p>
   </div>
   <div class='ocr_carea' id='block_1_58' title="bbox 238 5087 1902 5151">
    <p class='ocr_par' dir='ltr' id='par_1_58' title="bbox 238 5087 1902 5151">
     <span class='ocr_line' id='line_1_60' title="bbox 238 5087 1902 5151; baseline 0.007 -15"><span class='ocrx_word' id='word_1_465' title='bbox 238 5087 436 5137; x_wconf 78' lang='lat' dir='ltr'><strong><em>Melius</em></strong></span> <span class='ocrx_word' id='word_1_466' title='bbox 465 5089 618 5138; x_wconf 87' lang='lat' dir='ltr'><strong><em>Vind.</em></strong></span> <span class='ocrx_word' id='word_1_467' title='bbox 651 5091 706 5139; x_wconf 86' lang='lat' dir='ltr'><strong><em>et</em></strong></span> <span class='ocrx_word' id='word_1_468' title='bbox 728 5093 864 5151; x_wconf 82' lang='lat' dir='ltr'><strong><em>Am.,</em></strong></span> <span class='ocrx_word' id='word_1_469' title='bbox 895 5102 958 5142; x_wconf 86' lang='lat' dir='ltr'><strong><em>ut</em></strong></span> <span class='ocrx_word' id='word_1_470' title='bbox 986 5093 1095 5141; x_wconf 84' lang='lat' dir='ltr'><strong><em>sim</em></strong></span> <span class='ocrx_word' id='word_1_471' title='bbox 1121 5094 1216 5142; x_wconf 87' lang='lat' dir='ltr'><strong><em>illi</em></strong></span> <span class='ocrx_word' id='word_1_472' title='bbox 1245 5087 1409 5144; x_wconf 78' lang='lat' dir='ltr'><strong><em>Deus.</em></strong></span> <span class='ocrx_word' id='word_1_473' title='bbox 1441 5097 1687 5145; x_wconf 84' lang='lat' dir='ltr'><strong><em>Attamen</em></strong></span> <span class='ocrx_word' id='word_1_474' title='bbox 1716 5111 1902 5148; x_wconf 89' lang='lat' dir='ltr'><strong><em>manu-</em></strong></span> 
     </span>
    </p>
   </div>
   <div class='ocr_carea' id='block_1_59' title="bbox 239 5151 1898 5222">
    <p class='ocr_par' dir='ltr' id='par_1_59' title="bbox 239 5151 1898 5222">
     <span class='ocr_line' id='line_1_61' title="bbox 239 5151 1898 5222; baseline 0.007 -24"><span class='ocrx_word' id='word_1_475' title='bbox 239 5151 426 5222; x_wconf 72' lang='lat' dir='ltr'><strong><em>scripti</em></strong></span> <span class='ocrx_word' id='word_1_476' title='bbox 457 5153 673 5222; x_wconf 70' lang='lat' dir='ltr'><strong><em>haben_t,</em></strong></span> <span class='ocrx_word' id='word_1_477' title='bbox 703 5169 817 5201; x_wconf 77' lang='lat' dir='ltr'><strong><em>esse</em></strong></span> <span class='ocrx_word' id='word_1_478' title='bbox 879 5155 974 5204; x_wconf 86' lang='lat' dir='ltr'><strong><em>illi</em></strong></span> <span class='ocrx_word' id='word_1_479' title='bbox 1003 5157 1170 5205; x_wconf 81' lang='lat' dir='ltr'><strong><em>Deus.</em></strong></span> <span class='ocrx_word' id='word_1_480' title='bbox 1221 5157 1479 5207; x_wconf 88' lang='lat' dir='ltr'><strong><em>Graecum</em></strong></span> <span class='ocrx_word' id='word_1_481' title='bbox 1529 5158 1898 5222; x_wconf 83' lang='lat' dir='ltr'><strong><em>Septuaginta,</em></strong></span> 
     </span>
    </p>
   </div>
   <div class='ocr_carea' id='block_1_60' title="bbox 245 5213 788 5264">
    <p class='ocr_par' dir='ltr' id='par_1_60' title="bbox 245 5213 788 5264">
     <span class='ocr_line' id='line_1_62' title="bbox 245 5213 788 5264; baseline 0.004 -2"><span class='ocrx_word' id='word_1_482' title='bbox 245 5213 407 5262; x_wconf 73' lang='grc' dir='ltr'><strong><em>είπαί</em></strong></span> <span class='ocrx_word' id='word_1_483' title='bbox 437 5220 567 5262; x_wconf 86' lang='lat' dir='ltr'><strong><em>auto’</em></strong></span> <span class='ocrx_word' id='word_1_484' title='bbox 604 5217 788 5264; x_wconf 78' lang='lat' dir='ltr'><strong><em>Theos.</em></strong></span> 
     </span>
    </p>
   </div>
   <div class='ocr_carea' id='block_1_61' title="bbox 306 5276 1899 5346">
    <p class='ocr_par' dir='ltr' id='par_1_61' title="bbox 306 5276 1899 5346">
     <span class='ocr_line' id='line_1_63' title="bbox 306 5276 1899 5346; baseline 0.007 -23"><span class='ocrx_word' id='word_1_485' title='bbox 306 5277 329 5310; x_wconf 83' lang='grc'><strong>³</strong></span> <span class='ocrx_word' id='word_1_486' title='bbox 361 5276 519 5346; x_wconf 61' lang='lat' dir='ltr'><strong><em>liditl,</em></strong></span> <span class='ocrx_word' id='word_1_487' title='bbox 557 5278 752 5326; x_wconf 80' lang='lat' dir='ltr'><strong><em>audivi</em></strong></span> <span class='ocrx_word' id='word_1_488' title='bbox 787 5288 852 5329; x_wconf 89' lang='lat' dir='ltr'><strong><em>te.</em></strong></span> <span class='ocrx_word' id='word_1_489' title='bbox 883 5281 952 5328; x_wconf 74' lang='lat' dir='ltr'><strong><em>At</em></strong></span> <span class='ocrx_word' id='word_1_490' title='bbox 998 5282 1140 5337; x_wconf 67' lang='lat' dir='ltr'><strong><em>Mss,</em></strong></span> <span class='ocrx_word' id='word_1_491' title='bbox 1191 5282 1460 5331; x_wconf 78' lang='lat' dir='ltr'><strong><em>exaudiui</em></strong></span> <span class='ocrx_word' id='word_1_492' title='bbox 1490 5292 1538 5331; x_wconf 87' lang='lat' dir='ltr'><strong><em>te</em></strong></span> <span class='ocrx_word' id='word_1_493' title='bbox 1570 5297 1587 5330; x_wconf 89' lang='lat'><strong><em>:</em></strong></span> <span class='ocrx_word' id='word_1_494' title='bbox 1622 5287 1764 5346; x_wconf 88' lang='lat' dir='ltr'><strong><em>quod</em></strong></span> <span class='ocrx_word' id='word_1_495' title='bbox 1794 5298 1899 5334; x_wconf 84' lang='lat' dir='ltr'><strong><em>res-</em></strong></span> 
     </span>
    </p>
   </div>
   <div class='ocr_carea' id='block_1_62' title="bbox 244 5340 1271 5468">
    <p class='ocr_par' dir='ltr' id='par_1_62' title="bbox 244 5340 1271 5468">
     <span class='ocr_line' id='line_1_64' title="bbox 244 5340 1116 5402; baseline 0.007 -15"><span class='ocrx_word' id='word_1_496' title='bbox 244 5340 449 5401; x_wconf 88' lang='lat' dir='ltr'><strong><em>pondet</em></strong></span> <span class='ocrx_word' id='word_1_497' title='bbox 477 5354 681 5402; x_wconf 83' lang='lat' dir='ltr'><strong><em>graeco.</em></strong></span> <span class='ocrx_word' id='word_1_498' title='bbox 713 5347 974 5402; x_wconf 76' lang='lat' dir='ltr'><strong><em>epecousa</em></strong></span> <span class='ocrx_word' id='word_1_499' title='bbox 1000 5359 1116 5393; x_wconf 86' lang='lat' dir='ltr'><strong><em>sou.</em></strong></span> 
     </span>
     <span class='ocr_line' id='line_1_65' title="bbox 306 5400 1271 5468; baseline 0.004 -19"><span class='ocrx_word' id='word_1_500' title='bbox 306 5401 327 5468; x_wconf 57' lang='grc' dir='ltr'><strong><em>’ξ</em></strong></span> <span class='ocrx_word' id='word_1_501' title='bbox 363 5400 452 5468; x_wconf 88' lang='lat' dir='ltr'><strong><em>_S_ic</em></strong></span> <span class='ocrx_word' id='word_1_502' title='bbox 480 5403 614 5468; x_wconf 66' lang='lat' dir='ltr'><strong><em>Mss._</em></strong></span> <span class='ocrx_word' id='word_1_503' title='bbox 631 5405 701 5453; x_wconf 71' lang='lat' dir='ltr'><strong><em>At</em></strong></span> <span class='ocrx_word' id='word_1_504' title='bbox 728 5405 875 5462; x_wconf 84' lang='lat' dir='ltr'><strong><em>editi,</em></strong></span> <span class='ocrx_word' id='word_1_505' title='bbox 906 5407 1271 5468; x_wconf 82' lang='lat' dir='ltr'><strong><em>ampliﬁcabo.</em></strong></span> 
     </span>
    </p>
   </div>
   <div class='ocr_carea' id='block_1_63' title="bbox 307 5464 1900 5536">
    <p class='ocr_par' dir='ltr' id='par_1_63' title="bbox 307 5464 1900 5536">
     <span class='ocr_line' id='line_1_66' title="bbox 307 5464 1900 5536; baseline 0.008 -25"><span class='ocrx_word' id='word_1_506' title='bbox 307 5465 328 5498; x_wconf 80' lang='grc'>⁵</span> <span class='ocrx_word' id='word_1_507' title='bbox 346 5464 540 5536; x_wconf 41' lang='lat' dir='ltr'><strong><em>.Nostr‘i</em></strong></span> <span class='ocrx_word' id='word_1_508' title='bbox 569 5466 728 5536; x_wconf 36' lang='lat' dir='ltr'><strong><em>Mss...</em></strong></span> <span class='ocrx_word' id='word_1_509' title='bbox 743 5476 793 5516; x_wconf 89' lang='lat' dir='ltr'><strong><em>et</em></strong></span> <span class='ocrx_word' id='word_1_510' title='bbox 823 5464 1207 5536; x_wconf 60' lang='lat' dir='ltr'><strong><em>multiplicabo</em></strong></span> <span class='ocrx_word' id='word_1_511' title='bbox 1236 5485 1362 5518; x_wconf 89' lang='lat' dir='ltr'><strong><em>eum</em></strong></span> <span class='ocrx_word' id='word_1_512' title='bbox 1408 5471 1581 5536; x_wconf 75' lang='lat' dir='ltr'><strong><em>valde.</em></strong></span> <span class='ocrx_word' id='word_1_513' title='bbox 1633 5473 1695 5522; x_wconf 85' lang='lat' dir='ltr'><strong><em>Et</em></strong></span> <span class='ocrx_word' id='word_1_514' title='bbox 1740 5473 1900 5536; x_wconf 80' lang='lat' dir='ltr'><strong><em>paulo</em></strong></span> 
     </span>
    </p>
   </div>
   <div class='ocr_carea' id='block_1_64' title="bbox 241 5527 1585 5591">
    <p class='ocr_par' dir='ltr' id='par_1_64' title="bbox 241 5527 1585 5591">
     <span class='ocr_line' id='line_1_67' title="bbox 241 5527 1585 5591; baseline 0.007 -18"><span class='ocrx_word' id='word_1_515' title='bbox 241 5528 383 5587; x_wconf 78' lang='lat' dir='ltr'><strong><em>post,</em></strong></span> <span class='ocrx_word' id='word_1_516' title='bbox 416 5536 468 5591; x_wconf 62' lang='lat' dir='ltr'><strong><em>et</em></strong></span> <span class='ocrx_word' id='word_1_517' title='bbox 497 5527 630 5575; x_wconf 83' lang='lat' dir='ltr'><strong><em>dabo</em></strong></span> <span class='ocrx_word' id='word_1_518' title='bbox 660 5529 829 5577; x_wconf 87' lang='lat' dir='ltr'><strong><em>illum</em></strong></span> <span class='ocrx_word' id='word_1_519' title='bbox 863 5531 926 5578; x_wconf 82' lang='lat' dir='ltr'><strong><em>in</em></strong></span> <span class='ocrx_word' id='word_1_520' title='bbox 953 5527 1217 5590; x_wconf 64' lang='lat' dir='ltr'><strong><em>magnam</em></strong></span> <span class='ocrx_word' id='word_1_521' title='bbox 1248 5541 1483 5591; x_wconf 78' lang='lat' dir='ltr'><strong><em>gentem.</em></strong></span> <span class='ocrx_word' id='word_1_522' title='bbox 1520 5535 1585 5583; x_wconf 91' lang='lat' dir='ltr'><strong><em>M.</em></strong></span> 
     </span>
    </p>
   </div>
   <div class='ocr_carea' id='block_1_65' title="bbox 308 5588 1614 5658">
    <p class='ocr_par' dir='ltr' id='par_1_65' title="bbox 308 5588 1614 5658">
     <span class='ocr_line' id='line_1_68' title="bbox 308 5588 1614 5658; baseline 0.009 -23"><span class='ocrx_word' id='word_1_523' title='bbox 308 5592 387 5658; x_wconf 73' lang='grc' dir='ltr'><strong><em>(ᾳ)</em></strong></span> <span class='ocrx_word' id='word_1_524' title='bbox 416 5588 570 5658; x_wconf 60' lang='lat' dir='ltr'><strong><em>gout.</em></strong></span> <span class='ocrx_word' id='word_1_525' title='bbox 592 5591 696 5658; x_wconf 81' lang='lat' dir='ltr'><strong><em>_li_b.</em></strong></span> <span class='ocrx_word' id='word_1_526' title='bbox 730 5596 869 5658; x_wconf 66' lang='lat' dir='ltr'><strong><em>cont.</em></strong></span> <span class='ocrx_word' id='word_1_527' title='bbox 905 5588 1079 5658; x_wconf 69' lang='lat' dir='ltr'><strong><em>Faust.</em></strong></span> <span class='ocrx_word' id='word_1_528' title='bbox 1113 5588 1370 5658; x_wconf 72' lang='lat' dir='ltr'><strong><em>Mauich.,_</em></strong></span> <span class='ocrx_word' id='word_1_529' title='bbox 1390 5610 1505 5658; x_wconf 88' lang='lat' dir='ltr'><strong><em>cap.</em></strong></span> <span class='ocrx_word' id='word_1_530' title='bbox 1534 5597 1614 5648; x_wconf 83' lang='lat'><strong><em>29.</em></strong></span> 
     </span>
    </p>
   </div>
   <div class='ocr_carea' id='block_1_66' title="bbox 309 5650 1396 5720">
    <p class='ocr_par' dir='ltr' id='par_1_66' title="bbox 309 5650 1396 5720">
     <span class='ocr_line' id='line_1_69' title="bbox 309 5650 1396 5720; baseline 0.008 -23"><span class='ocrx_word' id='word_1_531' title='bbox 309 5651 376 5710; x_wconf 82' lang='lat' dir='ltr'><strong><em>(b)</em></strong></span> <span class='ocrx_word' id='word_1_532' title='bbox 409 5650 559 5702; x_wconf 76' lang='lat' dir='ltr'><strong><em>Coni.</em></strong></span> <span class='ocrx_word' id='word_1_533' title='bbox 592 5654 685 5703; x_wconf 88' lang='lat' dir='ltr'><strong><em>lib.</em></strong></span> <span class='ocrx_word' id='word_1_534' title='bbox 717 5656 782 5704; x_wconf 90' lang='lat' dir='ltr'><strong><em>de</em></strong></span> <span class='ocrx_word' id='word_1_535' title='bbox 810 5654 1011 5707; x_wconf 86' lang='lat' dir='ltr'><strong><em>Peccat.</em></strong></span> <span class='ocrx_word' id='word_1_536' title='bbox 1043 5656 1202 5720; x_wconf 63' lang='lat' dir='ltr'><strong><em>Orig,</em></strong></span> <span class='ocrx_word' id='word_1_537' title='bbox 1235 5671 1287 5706; x_wconf 90' lang='lat' dir='ltr'><strong><em>n.</em></strong></span> <span class='ocrx_word' id='word_1_538' title='bbox 1319 5656 1396 5707; x_wconf 90' lang='lat'><strong><em>30.</em></strong></span> 
     </span>
    </p>
   </div>
   <div class='ocr_carea' id='block_1_67' title="bbox 687 4653 1900 4724">
    <p class='ocr_par' dir='ltr' id='par_1_67' title="bbox 687 4653 1900 4724">
     <span class='ocr_line' id='line_1_70' title="bbox 687 4653 1900 4724; baseline 0.01 -26"><span class='ocrx_word' id='word_1_539' title='bbox 687 4653 739 4700; x_wconf 88' lang='lat' dir='ltr'><strong><em>si</em></strong></span> <span class='ocrx_word' id='word_1_540' title='bbox 819 4668 927 4702; x_wconf 86' lang='lat' dir='ltr'><strong><em>non</em></strong></span> <span class='ocrx_word' id='word_1_541' title='bbox 997 4653 1427 4707; x_wconf 72' lang='lat' dir='ltr'><strong><em>circumcidetur</em></strong></span> <span class='ocrx_word' id='word_1_542' title='bbox 1505 4674 1670 4708; x_wconf 85' lang='lat' dir='ltr'><strong><em>carne</em></strong></span> <span class='ocrx_word' id='word_1_543' title='bbox 1732 4677 1900 4724; x_wconf 83' lang='lat' dir='ltr'><strong><em>prae-</em></strong></span> 
     </span>
    </p>
   </div>
   <div class='ocr_carea' id='block_1_68' title="bbox 1476 319 2474 397">
    <p class='ocr_par' dir='ltr' id='par_1_68' title="bbox 1476 319 2474 397">
     <span class='ocr_line' id='line_1_71' title="bbox 1476 319 2474 397; baseline 0.013 -18"><span class='ocrx_word' id='word_1_544' title='bbox 1476 319 1710 382; x_wconf 81' lang='lat' dir='ltr'><strong>LlBER</strong></span> <span class='ocrx_word' id='word_1_545' title='bbox 1755 320 2098 388; x_wconf 84' lang='lat' dir='ltr'><strong><em>DECIMUS</em></strong></span> <span class='ocrx_word' id='word_1_546' title='bbox 2146 330 2474 397; x_wconf 87' lang='lat' dir='ltr'><strong><em>SEXTUS.</em></strong></span> 
     </span>
    </p>
   </div>
   <div class='ocr_carea' id='block_1_69' title="bbox 3545 340 3662 401">
    <p class='ocr_par' dir='ltr' id='par_1_69' title="bbox 3545 340 3662 401">
     <span class='ocr_line' id='line_1_72' title="bbox 3545 340 3662 401; baseline 0 -1"><span class='ocrx_word' id='word_1_547' title='bbox 3545 340 3662 401; x_wconf 78' lang='lat'><strong><em>506</em></strong></span> 
     </span>
    </p>
   </div>
   <div class='ocr_carea' id='block_1_70' title="bbox 2024 461 3662 544">
    <p class='ocr_par' dir='ltr' id='par_1_70' title="bbox 2024 461 3662 544">
     <span class='ocr_line' id='line_1_73' title="bbox 2024 461 3662 544; baseline 0.008 -29"><span class='ocrx_word' id='word_1_548' title='bbox 2024 461 2216 518; x_wconf 89' lang='lat' dir='ltr'><strong><em>adhuc</em></strong></span> <span class='ocrx_word' id='word_1_549' title='bbox 2237 470 2602 535; x_wconf 85' lang='lat' dir='ltr'><strong><em>exspectetur</em></strong></span> <span class='ocrx_word' id='word_1_550' title='bbox 2631 466 3018 539; x_wconf 71' lang='lat' dir='ltr'><strong><em>implendum,</em></strong></span> <span class='ocrx_word' id='word_1_551' title='bbox 3041 485 3176 524; x_wconf 90' lang='lat' dir='ltr'><strong><em>cum</em></strong></span> <span class='ocrx_word' id='word_1_552' title='bbox 3209 471 3498 541; x_wconf 87' lang='lat' dir='ltr'><strong><em>possessio</em></strong></span> <span class='ocrx_word' id='word_1_553' title='bbox 3521 489 3662 544; x_wconf 85' lang='lat' dir='ltr'><strong><em>quae-</em></strong></span> 
     </span>
    </p>
   </div>
   <div class='ocr_carea' id='block_1_71' title="bbox 2024 548 3659 620">
    <p class='ocr_par' dir='ltr' id='par_1_71' title="bbox 2024 548 3659 620">
     <span class='ocr_line' id='line_1_74' title="bbox 2024 548 3659 620; baseline 0.007 -25"><span class='ocrx_word' id='word_1_554' title='bbox 2024 557 2272 613; x_wconf 89' lang='lat' dir='ltr'><strong><em>cumque</em></strong></span> <span class='ocrx_word' id='word_1_555' title='bbox 2329 552 2555 602; x_wconf 88' lang='lat' dir='ltr'><strong><em>terrena</em></strong></span> <span class='ocrx_word' id='word_1_556' title='bbox 2611 555 2828 604; x_wconf 63' lang='lat' dir='ltr'><strong><em>aeterna</em></strong></span> <span class='ocrx_word' id='word_1_557' title='bbox 2875 548 3110 604; x_wconf 88' lang='lat' dir='ltr'><strong><em>cuilibet</em></strong></span> <span class='ocrx_word' id='word_1_558' title='bbox 3168 553 3322 620; x_wconf 84' lang='lat' dir='ltr'><strong><em>genti</em></strong></span> <span class='ocrx_word' id='word_1_559' title='bbox 3371 567 3496 606; x_wconf 86' lang='lat' dir='ltr'><strong><em>esse</em></strong></span> <span class='ocrx_word' id='word_1_560' title='bbox 3546 569 3659 608; x_wconf 89' lang='lat' dir='ltr'><strong><em>non</em></strong></span> 
     </span>
    </p>
   </div>
   <div class='ocr_carea' id='block_1_72' title="bbox 2014 624 3655 703">
    <p class='ocr_par' dir='ltr' id='par_1_72' title="bbox 2014 624 3655 703">
     <span class='ocr_line' id='line_1_75' title="bbox 2014 624 3655 703; baseline 0.007 -26"><span class='ocrx_word' id='word_1_561' title='bbox 2014 624 2193 691; x_wconf 84' lang='lat' dir='ltr'><strong><em>possit</em></strong></span> <span class='ocrx_word' id='word_1_562' title='bbox 2227 641 2238 678; x_wconf 91' lang='lat'><strong>:</strong></span> <span class='ocrx_word' id='word_1_563' title='bbox 2275 628 2422 682; x_wconf 83' lang='lat' dir='ltr'><strong><em>sciat</em></strong></span> <span class='ocrx_word' id='word_1_564' title='bbox 2452 634 2732 684; x_wconf 69' lang='lat' dir='ltr'><strong><em>aeternum</em></strong></span> <span class='ocrx_word' id='word_1_565' title='bbox 2764 649 2794 684; x_wconf 89' lang='lat' dir='ltr'><strong><em>a</em></strong></span> <span class='ocrx_word' id='word_1_566' title='bbox 2826 631 3038 686; x_wconf 89' lang='lat' dir='ltr'><strong><em>nostris</em></strong></span> <span class='ocrx_word' id='word_1_567' title='bbox 3081 632 3470 700; x_wconf 87' lang='lat' dir='ltr'><strong><em>interpretari,</em></strong></span> <span class='ocrx_word' id='word_1_568' title='bbox 3501 633 3655 703; x_wconf 88' lang='lat' dir='ltr'><strong><em>quod</em></strong></span> 
     </span>
    </p>
   </div>
   <div class='ocr_carea' id='block_1_73' title="bbox 2013 703 3657 781">
    <p class='ocr_par' dir='ltr' id='par_1_73' title="bbox 2013 703 3657 781">
     <span class='ocr_line' id='line_1_76' title="bbox 2013 703 3657 781; baseline 0.006 -25"><span class='ocrx_word' id='word_1_569' title='bbox 2013 703 2188 758; x_wconf 67' lang='lat' dir='ltr'><strong><em>Graeci</em></strong></span> <span class='ocrx_word' id='word_1_570' title='bbox 2232 709 2526 776; x_wconf 89' lang='lat' dir='ltr'><strong><em>appellant</em></strong></span> <span class='ocrx_word' id='word_1_571' title='bbox 2570 708 2792 762; x_wconf 73' lang='grc' dir='ltr'><strong><em>αἰώνιον</em></strong></span> <span class='ocrx_word' id='word_1_572' title='bbox 2837 712 2991 781; x_wconf 91' lang='lat' dir='ltr'><strong><em>quod</em></strong></span> <span class='ocrx_word' id='word_1_573' title='bbox 3027 728 3058 764; x_wconf 90' lang='lat' dir='ltr'><strong><em>a</em></strong></span> <span class='ocrx_word' id='word_1_574' title='bbox 3089 710 3299 765; x_wconf 68' lang='lat' dir='ltr'><strong><em>saeculo</em></strong></span> <span class='ocrx_word' id='word_1_575' title='bbox 3338 710 3657 766; x_wconf 83' lang='lat' dir='ltr'><strong><em>deriVatum</em></strong></span> 
     </span>
    </p>
   </div>
   <div class='ocr_carea' id='block_1_74' title="bbox 2013 781 3658 859">
    <p class='ocr_par' dir='ltr' id='par_1_74' title="bbox 2013 781 3658 859">
     <span class='ocr_line' id='line_1_77' title="bbox 2013 781 3658 859; baseline 0.007 -23"><span class='ocrx_word' id='word_1_576' title='bbox 2013 787 2103 837; x_wconf 88' lang='lat' dir='ltr'><strong><em>est</em></strong></span> <span class='ocrx_word' id='word_1_577' title='bbox 2137 799 2149 836; x_wconf 92' lang='lat'>:</span> <span class='ocrx_word' id='word_1_578' title='bbox 2179 781 2311 836; x_wconf 75' lang='grc' dir='ltr'><strong><em>αἶ’ών</em></strong></span> <span class='ocrx_word' id='word_1_579' title='bbox 2342 788 2556 858; x_wconf 86' lang='lat' dir='ltr'><strong><em>quippe</em></strong></span> <span class='ocrx_word' id='word_1_580' title='bbox 2587 805 2768 859; x_wconf 82' lang='lat' dir='ltr'><strong><em>graece</em></strong></span> <span class='ocrx_word' id='word_1_581' title='bbox 2809 789 3081 844; x_wconf 60' lang='lat' dir='ltr'><strong><em>secutum</em></strong></span> <span class='ocrx_word' id='word_1_582' title='bbox 3127 794 3510 858; x_wconf 87' lang='lat' dir='ltr'><strong><em>nuncupatur.</em></strong></span> <span class='ocrx_word' id='word_1_583' title='bbox 3547 791 3658 846; x_wconf 90' lang='lat' dir='ltr'><strong><em>Sed</em></strong></span> 
     </span>
    </p>
   </div>
   <div class='ocr_carea' id='block_1_75' title="bbox 2017 871 3660 946">
    <p class='ocr_par' dir='ltr' id='par_1_75' title="bbox 2017 871 3660 946">
     <span class='ocr_line' id='line_1_78' title="bbox 2017 871 3660 946; baseline 0.006 -26"><span class='ocrx_word' id='word_1_584' title='bbox 2017 881 2131 921; x_wconf 89' lang='lat' dir='ltr'><strong><em>non</em></strong></span> <span class='ocrx_word' id='word_1_585' title='bbox 2163 877 2296 922; x_wconf 88' lang='lat' dir='ltr'><strong><em>sunt</em></strong></span> <span class='ocrx_word' id='word_1_586' title='bbox 2329 871 2457 925; x_wconf 89' lang='lat' dir='ltr'><strong><em>ausi</em></strong></span> <span class='ocrx_word' id='word_1_587' title='bbox 2492 872 2680 926; x_wconf 88' lang='lat' dir='ltr'><strong><em>Latini</em></strong></span> <span class='ocrx_word' id='word_1_588' title='bbox 2704 873 2810 928; x_wconf 91' lang='lat' dir='ltr'><strong><em>hoc</em></strong></span> <span class='ocrx_word' id='word_1_589' title='bbox 2840 874 3031 929; x_wconf 88' lang='lat' dir='ltr'><strong><em>dicere</em></strong></span> <span class='ocrx_word' id='word_1_590' title='bbox 3049 875 3348 943; x_wconf 68' lang='lat' dir='ltr'><strong><em>saeculare,</em></strong></span> <span class='ocrx_word' id='word_1_591' title='bbox 3375 892 3445 930; x_wconf 89' lang='lat' dir='ltr'><strong><em>ne</em></strong></span> <span class='ocrx_word' id='word_1_592' title='bbox 3488 874 3660 946; x_wconf 89' lang='lat' dir='ltr'><strong><em>longe</em></strong></span> 
     </span>
    </p>
   </div>
   <div class='ocr_carea' id='block_1_76' title="bbox 2017 945 3661 1028">
    <p class='ocr_par' dir='ltr' id='par_1_76' title="bbox 2017 945 3661 1028">
     <span class='ocr_line' id='line_1_79' title="bbox 2017 945 3661 1028; baseline 0.006 -29"><span class='ocrx_word' id='word_1_593' title='bbox 2017 945 2075 1000; x_wconf 92' lang='lat' dir='ltr'><strong><em>in</em></strong></span> <span class='ocrx_word' id='word_1_594' title='bbox 2101 947 2252 1003; x_wconf 88' lang='lat' dir='ltr'><strong><em>aliud</em></strong></span> <span class='ocrx_word' id='word_1_595' title='bbox 2280 950 2576 1006; x_wconf 88' lang='lat' dir='ltr'><strong><em>mitterent</em></strong></span> <span class='ocrx_word' id='word_1_596' title='bbox 2599 969 2859 1009; x_wconf 88' lang='lat' dir='ltr'><strong><em>sensum.</em></strong></span> <span class='ocrx_word' id='word_1_597' title='bbox 2887 953 3198 1011; x_wconf 69' lang='lat' dir='ltr'><strong><em>Saecularia</em></strong></span> <span class='ocrx_word' id='word_1_598' title='bbox 3221 959 3437 1028; x_wconf 89' lang='lat' dir='ltr'><strong><em>quippe</em></strong></span> <span class='ocrx_word' id='word_1_599' title='bbox 3458 945 3661 1010; x_wconf 79' lang='lat' dir='ltr'><strong><em>dicun-</em></strong></span> 
     </span>
    </p>
   </div>
   <div class='ocr_carea' id='block_1_77' title="bbox 2015 1028 3657 1107">
    <p class='ocr_par' dir='ltr' id='par_1_77' title="bbox 2015 1028 3657 1107">
     <span class='ocr_line' id='line_1_80' title="bbox 2015 1028 3657 1107; baseline 0.005 -27"><span class='ocrx_word' id='word_1_600' title='bbox 2015 1029 2114 1107; x_wconf 88' lang='lat' dir='ltr'><strong><em>tur</em></strong></span> <span class='ocrx_word' id='word_1_601' title='bbox 2147 1028 2350 1096; x_wconf 89' lang='lat' dir='ltr'><strong><em>multa,</em></strong></span> <span class='ocrx_word' id='word_1_602' title='bbox 2382 1048 2510 1102; x_wconf 64' lang='lat' dir='ltr'><strong><em>qum</em></strong></span> <span class='ocrx_word' id='word_1_603' title='bbox 2540 1034 2594 1087; x_wconf 92' lang='lat' dir='ltr'><strong><em>in</em></strong></span> <span class='ocrx_word' id='word_1_604' title='bbox 2631 1033 2735 1088; x_wconf 88' lang='lat' dir='ltr'><strong><em>hoc</em></strong></span> <span class='ocrx_word' id='word_1_605' title='bbox 2767 1035 2978 1089; x_wconf 64' lang='lat' dir='ltr'><strong><em>sarculo</em></strong></span> <span class='ocrx_word' id='word_1_606' title='bbox 3019 1040 3104 1091; x_wconf 88' lang='lat' dir='ltr'><strong><em>sic</em></strong></span> <span class='ocrx_word' id='word_1_607' title='bbox 3135 1042 3410 1107; x_wconf 86' lang='lat' dir='ltr'><strong><em>aguntur,</em></strong></span> <span class='ocrx_word' id='word_1_608' title='bbox 3440 1045 3498 1091; x_wconf 89' lang='lat' dir='ltr'><strong><em>ut</em></strong></span> <span class='ocrx_word' id='word_1_609' title='bbox 3529 1038 3657 1091; x_wconf 90' lang='lat' dir='ltr'><strong><em>bre-</em></strong></span> 
     </span>
    </p>
   </div>
   <div class='ocr_carea' id='block_1_78' title="bbox 2015 1106 3658 1187">
    <p class='ocr_par' dir='ltr' id='par_1_78' title="bbox 2015 1106 3658 1187">
     <span class='ocr_line' id='line_1_81' title="bbox 2015 1106 3658 1187; baseline 0.006 -27"><span class='ocrx_word' id='word_1_610' title='bbox 2015 1106 2068 1187; x_wconf 83' lang='lat' dir='ltr'><strong><em>vi</em></strong></span> <span class='ocrx_word' id='word_1_611' title='bbox 2099 1110 2271 1165; x_wconf 88' lang='lat' dir='ltr'><strong><em>etiam</em></strong></span> <span class='ocrx_word' id='word_1_612' title='bbox 2319 1117 2578 1182; x_wconf 89' lang='lat' dir='ltr'><strong><em>tempore</em></strong></span> <span class='ocrx_word' id='word_1_613' title='bbox 2624 1119 2968 1171; x_wconf 87' lang='lat' dir='ltr'><strong><em>transeant:</em></strong></span> <span class='ocrx_word' id='word_1_614' title='bbox 3001 1106 3223 1168; x_wconf 74' lang='grc' dir='ltr'>αἷώνιόν</span> <span class='ocrx_word' id='word_1_615' title='bbox 3265 1122 3452 1172; x_wconf 90' lang='lat' dir='ltr'><strong><em>autem</em></strong></span> <span class='ocrx_word' id='word_1_616' title='bbox 3504 1117 3658 1187; x_wconf 90' lang='lat' dir='ltr'><strong><em>quod</em></strong></span> 
     </span>
    </p>
   </div>
   <div class='ocr_carea' id='block_1_79' title="bbox 2015 1186 3658 1268">
    <p class='ocr_par' dir='ltr' id='par_1_79' title="bbox 2015 1186 3658 1268">
     <span class='ocr_line' id='line_1_82' title="bbox 2015 1186 3658 1268; baseline 0.006 -28"><span class='ocrx_word' id='word_1_617' title='bbox 2015 1186 2247 1258; x_wconf 90' lang='lat' dir='ltr'><strong><em>dicitur,</em></strong></span> <span class='ocrx_word' id='word_1_618' title='bbox 2279 1196 2382 1245; x_wconf 89' lang='lat' dir='ltr'><strong><em>aut</em></strong></span> <span class='ocrx_word' id='word_1_619' title='bbox 2433 1209 2545 1248; x_wconf 91' lang='lat' dir='ltr'><strong><em>non</em></strong></span> <span class='ocrx_word' id='word_1_620' title='bbox 2597 1194 2770 1250; x_wconf 88' lang='lat' dir='ltr'><strong><em>habet</em></strong></span> <span class='ocrx_word' id='word_1_621' title='bbox 2801 1195 2998 1263; x_wconf 86' lang='lat' dir='ltr'><strong><em>ﬁnem,</em></strong></span> <span class='ocrx_word' id='word_1_622' title='bbox 3034 1203 3129 1252; x_wconf 85' lang='lat' dir='ltr'><strong><em>aut</em></strong></span> <span class='ocrx_word' id='word_1_623' title='bbox 3162 1214 3340 1268; x_wconf 85' lang='lat' dir='ltr'><strong><em>usque</em></strong></span> <span class='ocrx_word' id='word_1_624' title='bbox 3389 1197 3446 1251; x_wconf 89' lang='lat' dir='ltr'><strong><em>in</em></strong></span> <span class='ocrx_word' id='word_1_625' title='bbox 3479 1186 3658 1267; x_wconf 81' lang='lat' dir='ltr'><strong><em>hujus</em></strong></span> 
     </span>
    </p>
   </div>
   <div class='ocr_carea' id='block_1_80' title="bbox 2014 1270 2734 1330">
    <p class='ocr_par' dir='ltr' id='par_1_80' title="bbox 2014 1270 2734 1330">
     <span class='ocr_line' id='line_1_83' title="bbox 2014 1270 2734 1330; baseline 0.013 -9"><span class='ocrx_word' id='word_1_626' title='bbox 2014 1270 2210 1324; x_wconf 71' lang='lat' dir='ltr'><strong><em>seaculi</em></strong></span> <span class='ocrx_word' id='word_1_627' title='bbox 2246 1273 2507 1328; x_wconf 87' lang='lat' dir='ltr'><strong><em>tenditur</em></strong></span> <span class='ocrx_word' id='word_1_628' title='bbox 2535 1275 2734 1330; x_wconf 82' lang='lat' dir='ltr'><strong><em>finem.</em></strong></span> 
     </span>
    </p>
   </div>
   <div class='ocr_carea' id='block_1_81' title="bbox 2013 1438 3658 1520">
    <p class='ocr_par' dir='ltr' id='par_1_81' title="bbox 2013 1438 3658 1520">
     <span class='ocr_line' id='line_1_84' title="bbox 2013 1438 3658 1520; baseline 0.005 -28"><span class='ocrx_word' id='word_1_629' title='bbox 2013 1438 2246 1497; x_wconf 87' lang='lat' dir='ltr'><strong><em>CAPUT</em></strong></span> <span class='ocrx_word' id='word_1_630' title='bbox 2276 1445 2501 1501; x_wconf 85' lang='lat' dir='ltr'><strong>XXVII.</strong></span> <span class='ocrx_word' id='word_1_631' title='bbox 2539 1478 2602 1488; x_wconf 91' lang='lat'><strong>—</strong></span> <span class='ocrx_word' id='word_1_632' title='bbox 2636 1448 2709 1504; x_wconf 89' lang='lat' dir='ltr'><strong><em>De</em></strong></span> <span class='ocrx_word' id='word_1_633' title='bbox 2737 1449 2996 1516; x_wconf 89' lang='lat' dir='ltr'><strong><em>masculo,</em></strong></span> <span class='ocrx_word' id='word_1_634' title='bbox 3021 1453 3115 1520; x_wconf 89' lang='lat' dir='ltr'><strong><em>qui</em></strong></span> <span class='ocrx_word' id='word_1_635' title='bbox 3141 1449 3190 1504; x_wconf 88' lang='lat' dir='ltr'><strong><em>si</em></strong></span> <span class='ocrx_word' id='word_1_636' title='bbox 3219 1453 3405 1505; x_wconf 90' lang='lat' dir='ltr'><strong><em>octavo</em></strong></span> <span class='ocrx_word' id='word_1_637' title='bbox 3434 1448 3522 1503; x_wconf 86' lang='lat' dir='ltr'><strong><em>die</em></strong></span> <span class='ocrx_word' id='word_1_638' title='bbox 3549 1463 3658 1504; x_wconf 88' lang='lat' dir='ltr'><strong><em>non</em></strong></span> 
     </span>
    </p>
   </div>
   <div class='ocr_carea' id='block_1_82' title="bbox 2081 1522 3660 1601">
    <p class='ocr_par' dir='ltr' id='par_1_82' title="bbox 2081 1522 3660 1601">
     <span class='ocr_line' id='line_1_85' title="bbox 2081 1522 3660 1601; baseline 0.002 -22"><span class='ocrx_word' id='word_1_639' title='bbox 2081 1522 2253 1590; x_wconf 82' lang='lat' dir='ltr'><strong><em>luerit</em></strong></span> <span class='ocrx_word' id='word_1_640' title='bbox 2283 1527 2656 1596; x_wconf 82' lang='lat' dir='ltr'><strong><em>circumcisus,</em></strong></span> <span class='ocrx_word' id='word_1_641' title='bbox 2677 1529 2822 1600; x_wconf 84' lang='lat' dir='ltr'><strong><em>perit</em></strong></span> <span class='ocrx_word' id='word_1_642' title='bbox 2851 1533 3036 1584; x_wconf 83' lang='lat' dir='ltr'><strong><em>anima</em></strong></span> <span class='ocrx_word' id='word_1_643' title='bbox 3055 1530 3192 1601; x_wconf 86' lang='lat' dir='ltr'><strong><em>ejus,</em></strong></span> <span class='ocrx_word' id='word_1_644' title='bbox 3215 1529 3346 1601; x_wconf 85' lang='lat' dir='ltr'><strong><em>quia</em></strong></span> <span class='ocrx_word' id='word_1_645' title='bbox 3375 1535 3660 1584; x_wconf 73' lang='lat' dir='ltr'><strong><em>testamen-</em></strong></span> 
     </span>
    </p>
   </div>
   <div class='ocr_carea' id='block_1_83' title="bbox 2083 1607 2663 1679">
    <p class='ocr_par' dir='ltr' id='par_1_83' title="bbox 2083 1607 2663 1679">
     <span class='ocr_line' id='line_1_86' title="bbox 2083 1607 2663 1679; baseline 0.002 -16"><span class='ocrx_word' id='word_1_646' title='bbox 2083 1616 2199 1663; x_wconf 88' lang='lat' dir='ltr'><strong><em>tum</em></strong></span> <span class='ocrx_word' id='word_1_647' title='bbox 2230 1608 2327 1662; x_wconf 86' lang='lat' dir='ltr'><strong><em>Dei</em></strong></span> <span class='ocrx_word' id='word_1_648' title='bbox 2354 1607 2663 1679; x_wconf 80' lang='lat' dir='ltr'><strong><em>dissipavit.</em></strong></span> 
     </span>
    </p>
   </div>
   <div class='ocr_carea' id='block_1_84' title="bbox 2089 1771 3662 1844">
    <p class='ocr_par' dir='ltr' id='par_1_84' title="bbox 2089 1771 3662 1844">
     <span class='ocr_line' id='line_1_87' title="bbox 2089 1771 3662 1844; baseline -0.002 -18"><span class='ocrx_word' id='word_1_649' title='bbox 2089 1773 2225 1827; x_wconf 89' lang='lat' dir='ltr'><strong><em>Item</em></strong></span> <span class='ocrx_word' id='word_1_650' title='bbox 2269 1776 2454 1844; x_wconf 87' lang='lat' dir='ltr'><strong><em>potest</em></strong></span> <span class='ocrx_word' id='word_1_651' title='bbox 2499 1789 2745 1838; x_wconf 88' lang='lat' dir='ltr'><strong><em>movere,</em></strong></span> <span class='ocrx_word' id='word_1_652' title='bbox 2783 1773 3074 1844; x_wconf 90' lang='lat' dir='ltr'><strong><em>quomodo</em></strong></span> <span class='ocrx_word' id='word_1_653' title='bbox 3113 1771 3360 1844; x_wconf 89' lang='lat' dir='ltr'><strong><em>intelligi</em></strong></span> <span class='ocrx_word' id='word_1_654' title='bbox 3403 1771 3662 1842; x_wconf 86' lang='lat' dir='ltr'><strong><em>oporteat</em></strong></span> 
     </span>
    </p>
   </div>
   <div class='ocr_carea' id='block_1_85' title="bbox 2011 1853 3663 1926">
    <p class='ocr_par' dir='ltr' id='par_1_85' title="bbox 2011 1853 3663 1926">
     <span class='ocr_line' id='line_1_88' title="bbox 2011 1853 3663 1926; baseline -0.002 -17"><span class='ocrx_word' id='word_1_655' title='bbox 2011 1855 2165 1926; x_wconf 91' lang='lat' dir='ltr'><strong><em>quod</em></strong></span> <span class='ocrx_word' id='word_1_656' title='bbox 2201 1854 2294 1910; x_wconf 87' lang='lat' dir='ltr'><strong><em>hic</em></strong></span> <span class='ocrx_word' id='word_1_657' title='bbox 2315 1855 2535 1910; x_wconf 86' lang='lat' dir='ltr'><strong><em>dictum</em></strong></span> <span class='ocrx_word' id='word_1_658' title='bbox 2568 1861 2675 1918; x_wconf 84' lang='lat' dir='ltr'><strong><em>est,</em></strong></span> <span class='ocrx_word' id='word_1_659' title='bbox 2700 1855 2965 1909; x_wconf 85' lang='lat' dir='ltr'><strong><em>Masculus</em></strong></span> <span class='ocrx_word' id='word_1_660' title='bbox 2987 1856 3081 1925; x_wconf 91' lang='lat' dir='ltr'><strong><em>qui</em></strong></span> <span class='ocrx_word' id='word_1_661' title='bbox 3100 1869 3208 1909; x_wconf 86' lang='lat' dir='ltr'><strong><em>non</em></strong></span> <span class='ocrx_word' id='word_1_662' title='bbox 3238 1853 3663 1908; x_wconf 81' lang='lat' dir='ltr'><strong><em>circumcidetur</em></strong></span> 
     </span>
    </p>
   </div>
   <div class='ocr_carea' id='block_1_86' title="bbox 2009 1932 3662 2004">
    <p class='ocr_par' dir='ltr' id='par_1_86' title="bbox 2009 1932 3662 2004">
     <span class='ocr_line' id='line_1_89' title="bbox 2009 1932 3662 2004; baseline -0.002 -14"><span class='ocrx_word' id='word_1_663' title='bbox 2009 1951 2231 1990; x_wconf 88' lang='lat' dir='ltr'><strong><em>carnem</em></strong></span> <span class='ocrx_word' id='word_1_664' title='bbox 2285 1936 2558 2004; x_wconf 69' lang='lat' dir='ltr'><strong><em>praepulii</em></strong></span> <span class='ocrx_word' id='word_1_665' title='bbox 2585 1934 2672 1988; x_wconf 86' lang='lat' dir='ltr'><strong><em>sui</em></strong></span> <span class='ocrx_word' id='word_1_666' title='bbox 2701 1946 2880 1990; x_wconf 81' lang='lat' dir='ltr'><strong><em>octavo</em></strong></span> <span class='ocrx_word' id='word_1_667' title='bbox 2918 1934 3029 2002; x_wconf 88' lang='lat' dir='ltr'><strong><em>die,</em></strong></span> <span class='ocrx_word' id='word_1_668' title='bbox 3061 1934 3309 1989; x_wconf 84' lang='lat' dir='ltr'><strong><em>interibit</em></strong></span> <span class='ocrx_word' id='word_1_669' title='bbox 3337 1936 3528 1987; x_wconf 91' lang='lat' dir='ltr'><strong><em>anima</em></strong></span> <span class='ocrx_word' id='word_1_670' title='bbox 3556 1932 3662 1986; x_wconf 89' lang='lat' dir='ltr'><strong><em>illa</em></strong></span> 
     </span>
    </p>
   </div>
   <div class='ocr_carea' id='block_1_87' title="bbox 2011 2013 3658 2086">
    <p class='ocr_par' dir='ltr' id='par_1_87' title="bbox 2011 2013 3658 2086">
     <span class='ocr_line' id='line_1_90' title="bbox 2011 2013 3658 2086; baseline -0.002 -17"><span class='ocrx_word' id='word_1_671' title='bbox 2011 2015 2078 2069; x_wconf 88' lang='lat' dir='ltr'><strong><em>de</em></strong></span> <span class='ocrx_word' id='word_1_672' title='bbox 2105 2030 2299 2082; x_wconf 78' lang='lat' dir='ltr'><strong><em>genere</em></strong></span> <span class='ocrx_word' id='word_1_673' title='bbox 2343 2016 2478 2083; x_wconf 85' lang='lat' dir='ltr'><strong><em>ejus,</em></strong></span> <span class='ocrx_word' id='word_1_674' title='bbox 2512 2018 2642 2086; x_wconf 87' lang='lat' dir='ltr'><strong><em>quia</em></strong></span> <span class='ocrx_word' id='word_1_675' title='bbox 2690 2019 3070 2070; x_wconf 86' lang='lat' dir='ltr'><strong><em>testamentum</em></strong></span> <span class='ocrx_word' id='word_1_676' title='bbox 3109 2030 3289 2068; x_wconf 89' lang='lat' dir='ltr'><strong><em>meum</em></strong></span> <span class='ocrx_word' id='word_1_677' title='bbox 3326 2013 3658 2082; x_wconf 85' lang='lat' dir='ltr'><strong><em>dissipavit:</em></strong></span> 
     </span>
    </p>
   </div>
   <div class='ocr_carea' id='block_1_88' title="bbox 2014 2092 3659 2166">
    <p class='ocr_par' dir='ltr' id='par_1_88' title="bbox 2014 2092 3659 2166">
     <span class='ocr_line' id='line_1_91' title="bbox 2014 2092 3659 2166; baseline -0.003 -17"><span class='ocrx_word' id='word_1_678' title='bbox 2014 2111 2146 2149; x_wconf 82' lang='lat' dir='ltr'><strong><em>cum</em></strong></span> <span class='ocrx_word' id='word_1_679' title='bbox 2191 2093 2312 2148; x_wconf 65' lang='lat' dir='ltr'><strong><em>haec</em></strong></span> <span class='ocrx_word' id='word_1_680' title='bbox 2345 2095 2506 2149; x_wconf 90' lang='lat' dir='ltr'><strong><em>nulla</em></strong></span> <span class='ocrx_word' id='word_1_681' title='bbox 2550 2095 2721 2166; x_wconf 86' lang='lat' dir='ltr'><strong><em>culpa</em></strong></span> <span class='ocrx_word' id='word_1_682' title='bbox 2752 2097 2827 2150; x_wconf 89' lang='lat' dir='ltr'><strong><em>sit</em></strong></span> <span class='ocrx_word' id='word_1_683' title='bbox 2877 2095 3118 2164; x_wconf 89' lang='lat' dir='ltr'><strong><em>parvuli,</em></strong></span> <span class='ocrx_word' id='word_1_684' title='bbox 3153 2095 3322 2162; x_wconf 87' lang='lat' dir='ltr'><strong><em>cujus</em></strong></span> <span class='ocrx_word' id='word_1_685' title='bbox 3353 2093 3496 2146; x_wconf 81' lang='lat' dir='ltr'><strong><em>dixit</em></strong></span> <span class='ocrx_word' id='word_1_686' title='bbox 3534 2092 3659 2145; x_wconf 88' lang='lat' dir='ltr'><strong><em>ani-</em></strong></span> 
     </span>
    </p>
   </div>
   <div class='ocr_carea' id='block_1_89' title="bbox 2016 2175 3658 2245">
    <p class='ocr_par' dir='ltr' id='par_1_89' title="bbox 2016 2175 3658 2245">
     <span class='ocr_line' id='line_1_92' title="bbox 2016 2175 3658 2245; baseline -0.002 -19"><span class='ocrx_word' id='word_1_687' title='bbox 2016 2189 2170 2227; x_wconf 91' lang='lat' dir='ltr'><strong><em>mam</em></strong></span> <span class='ocrx_word' id='word_1_688' title='bbox 2199 2176 2557 2244; x_wconf 88' lang='lat' dir='ltr'><strong><em>perituram;</em></strong></span> <span class='ocrx_word' id='word_1_689' title='bbox 2584 2191 2688 2228; x_wconf 90' lang='lat' dir='ltr'><strong><em>nec</em></strong></span> <span class='ocrx_word' id='word_1_690' title='bbox 2713 2176 2833 2244; x_wconf 91' lang='lat' dir='ltr'><strong><em>ipse</em></strong></span> <span class='ocrx_word' id='word_1_691' title='bbox 2857 2175 3226 2245; x_wconf 87' lang='lat' dir='ltr'><strong><em>dissipaverit</em></strong></span> <span class='ocrx_word' id='word_1_692' title='bbox 3249 2180 3658 2227; x_wconf 82' lang='lat' dir='ltr'><strong><em>testamentum</em></strong></span> 
     </span>
    </p>
   </div>
   <div class='ocr_carea' id='block_1_90' title="bbox 2018 2254 3663 2324">
    <p class='ocr_par' dir='ltr' id='par_1_90' title="bbox 2018 2254 3663 2324">
     <span class='ocr_line' id='line_1_93' title="bbox 2018 2254 3663 2324; baseline -0.001 -18"><span class='ocrx_word' id='word_1_693' title='bbox 2018 2255 2136 2318; x_wconf 90' lang='lat' dir='ltr'><strong><em>Dei,</em></strong></span> <span class='ocrx_word' id='word_1_694' title='bbox 2172 2254 2272 2308; x_wconf 88' lang='lat' dir='ltr'><strong><em>sed</em></strong></span> <span class='ocrx_word' id='word_1_695' title='bbox 2313 2257 2566 2323; x_wconf 85' lang='lat' dir='ltr'><strong><em>majores</em></strong></span> <span class='ocrx_word' id='word_1_696' title='bbox 2600 2258 2698 2324; x_wconf 86' lang='lat' dir='ltr'><strong><em>qui</em></strong></span> <span class='ocrx_word' id='word_1_697' title='bbox 2731 2270 2862 2309; x_wconf 91' lang='lat' dir='ltr'><strong><em>eum</em></strong></span> <span class='ocrx_word' id='word_1_698' title='bbox 2895 2254 3309 2308; x_wconf 86' lang='lat' dir='ltr'><strong><em>circumcidere</em></strong></span> <span class='ocrx_word' id='word_1_699' title='bbox 3343 2268 3455 2306; x_wconf 89' lang='lat' dir='ltr'><strong><em>non</em></strong></span> <span class='ocrx_word' id='word_1_700' title='bbox 3489 2267 3663 2304; x_wconf 88' lang='lat' dir='ltr'><strong><em>cura-</em></strong></span> 
     </span>
    </p>
   </div>
   <div class='ocr_carea' id='block_1_91' title="bbox 2019 2335 3661 2406">
    <p class='ocr_par' dir='ltr' id='par_1_91' title="bbox 2019 2335 3661 2406">
     <span class='ocr_line' id='line_1_94' title="bbox 2019 2335 3661 2406; baseline -0.003 -15"><span class='ocrx_word' id='word_1_701' title='bbox 2019 2342 2200 2391; x_wconf 85' lang='lat' dir='ltr'><strong><em>runt:</em></strong></span> <span class='ocrx_word' id='word_1_702' title='bbox 2237 2336 2324 2390; x_wconf 90' lang='lat' dir='ltr'><strong><em>nei</em></strong></span> <span class='ocrx_word' id='word_1_703' title='bbox 2377 2338 2516 2406; x_wconf 89' lang='lat' dir='ltr'><strong><em>quia</em></strong></span> <span class='ocrx_word' id='word_1_704' title='bbox 2562 2338 2736 2390; x_wconf 86' lang='lat' dir='ltr'><strong><em>etiam</em></strong></span> <span class='ocrx_word' id='word_1_705' title='bbox 2775 2336 3016 2406; x_wconf 83' lang='lat' dir='ltr'><strong><em>parvuli,</em></strong></span> <span class='ocrx_word' id='word_1_706' title='bbox 3049 2352 3162 2390; x_wconf 90' lang='lat' dir='ltr'><strong><em>non</em></strong></span> <span class='ocrx_word' id='word_1_707' title='bbox 3213 2335 3492 2390; x_wconf 84' lang='lat' dir='ltr'><strong><em>secndum</em></strong></span> <span class='ocrx_word' id='word_1_708' title='bbox 3543 2349 3661 2387; x_wconf 71' lang='lat' dir='ltr'><strong><em>suae</em></strong></span> 
     </span>
    </p>
   </div>
   <div class='ocr_carea' id='block_1_92' title="bbox 2017 2416 3662 2486">
    <p class='ocr_par' dir='ltr' id='par_1_92' title="bbox 2017 2416 3662 2486">
     <span class='ocr_line' id='line_1_95' title="bbox 2017 2416 3662 2486; baseline -0.001 -17"><span class='ocrx_word' id='word_1_709' title='bbox 2017 2416 2145 2470; x_wconf 79' lang='lat' dir='ltr'><strong><em>vitae</em></strong></span> <span class='ocrx_word' id='word_1_710' title='bbox 2196 2417 2628 2486; x_wconf 83' lang='lat' dir='ltr'><strong><em>proprietatem,</em></strong></span> <span class='ocrx_word' id='word_1_711' title='bbox 2659 2417 2756 2470; x_wconf 86' lang='lat' dir='ltr'><strong><em>sed</em></strong></span> <span class='ocrx_word' id='word_1_712' title='bbox 2793 2418 3111 2470; x_wconf 86' lang='lat' dir='ltr'><strong><em>secundum</em></strong></span> <span class='ocrx_word' id='word_1_713' title='bbox 3163 2428 3530 2468; x_wconf 84' lang='lat' dir='ltr'><strong><em>communem</em></strong></span> <span class='ocrx_word' id='word_1_714' title='bbox 3565 2428 3662 2483; x_wconf 87' lang='lat' dir='ltr'><strong><em>ge-</em></strong></span> 
     </span>
    </p>
   </div>
   <div class='ocr_carea' id='block_1_93' title="bbox 2018 2495 3662 2567">
    <p class='ocr_par' dir='ltr' id='par_1_93' title="bbox 2018 2495 3662 2567">
     <span class='ocr_line' id='line_1_96' title="bbox 2018 2495 3662 2567; baseline -0.002 -18"><span class='ocrx_word' id='word_1_715' title='bbox 2018 2495 2171 2550; x_wconf 83' lang='lat' dir='ltr'><strong><em>neris</em></strong></span> <span class='ocrx_word' id='word_1_716' title='bbox 2196 2496 2438 2550; x_wconf 90' lang='lat' dir='ltr'><strong><em>humani</em></strong></span> <span class='ocrx_word' id='word_1_717' title='bbox 2463 2497 2767 2567; x_wconf 81' lang='lat' dir='ltr'><strong><em>originem,</em></strong></span> <span class='ocrx_word' id='word_1_718' title='bbox 2786 2513 2987 2550; x_wconf 89' lang='lat' dir='ltr'><strong><em>omnes</em></strong></span> <span class='ocrx_word' id='word_1_719' title='bbox 3011 2496 3067 2550; x_wconf 91' lang='lat' dir='ltr'><strong><em>in</em></strong></span> <span class='ocrx_word' id='word_1_720' title='bbox 3092 2496 3190 2549; x_wconf 91' lang='lat' dir='ltr'><strong><em>illo</em></strong></span> <span class='ocrx_word' id='word_1_721' title='bbox 3214 2511 3328 2550; x_wconf 89' lang='lat' dir='ltr'><strong><em>uno</em></strong></span> <span class='ocrx_word' id='word_1_722' title='bbox 3350 2499 3662 2549; x_wconf 79' lang='lat' dir='ltr'><strong><em>testamen~</em></strong></span> 
     </span>
    </p>
   </div>
   <div class='ocr_carea' id='block_1_94' title="bbox 2017 2576 3660 2649">
    <p class='ocr_par' dir='ltr' id='par_1_94' title="bbox 2017 2576 3660 2649">
     <span class='ocr_line' id='line_1_97' title="bbox 2017 2576 3660 2649; baseline -0.003 -18"><span class='ocrx_word' id='word_1_723' title='bbox 2017 2581 2142 2631; x_wconf 89' lang='lat' dir='ltr'><strong><em>tum</em></strong></span> <span class='ocrx_word' id='word_1_724' title='bbox 2181 2576 2278 2632; x_wconf 89' lang='lat' dir='ltr'><strong><em>Dei</em></strong></span> <span class='ocrx_word' id='word_1_725' title='bbox 2307 2577 2752 2648; x_wconf 85' lang='lat' dir='ltr'><strong><em>dissipaverunt,</em></strong></span> <span class='ocrx_word' id='word_1_726' title='bbox 2779 2578 2838 2631; x_wconf 91' lang='lat' dir='ltr'><strong><em>iu</em></strong></span> <span class='ocrx_word' id='word_1_727' title='bbox 2871 2593 2985 2649; x_wconf 91' lang='lat' dir='ltr'><strong><em>quo</em></strong></span> <span class='ocrx_word' id='word_1_728' title='bbox 3025 2593 3229 2632; x_wconf 88' lang='lat' dir='ltr'><strong><em>omnes</em></strong></span> <span class='ocrx_word' id='word_1_729' title='bbox 3263 2578 3660 2644; x_wconf 88' lang='lat' dir='ltr'><strong><em>peccaverunt,</em></strong></span> 
     </span>
    </p>
   </div>
   <div class='ocr_carea' id='block_1_95' title="bbox 2014 2659 3664 2730">
    <p class='ocr_par' dir='ltr' id='par_1_95' title="bbox 2014 2659 3664 2730">
     <span class='ocr_line' id='line_1_98' title="bbox 2014 2659 3664 2730; baseline -0.002 -17"><span class='ocrx_word' id='word_1_730' title='bbox 2014 2659 2190 2729; x_wconf 83' lang='lat' dir='ltr'><strong><em>(Rom.</em></strong></span> <span class='ocrx_word' id='word_1_731' title='bbox 2217 2676 2267 2728; x_wconf 80' lang='grc' dir='ltr'><strong>ν,</strong></span> <span class='ocrx_word' id='word_1_732' title='bbox 2305 2660 2409 2729; x_wconf 85' lang='grc'><strong><em>12).</em></strong></span> <span class='ocrx_word' id='word_1_733' title='bbox 2445 2659 2626 2714; x_wconf 89' lang='lat' dir='ltr'><strong><em>Multa</em></strong></span> <span class='ocrx_word' id='word_1_734' title='bbox 2655 2661 2866 2730; x_wconf 89' lang='lat' dir='ltr'><strong><em>quippe</em></strong></span> <span class='ocrx_word' id='word_1_735' title='bbox 2905 2659 3268 2728; x_wconf 86' lang='lat' dir='ltr'><strong><em>appellantur</em></strong></span> <span class='ocrx_word' id='word_1_736' title='bbox 3315 2661 3664 2711; x_wconf 86' lang='lat' dir='ltr'><strong><em>testamenta</em></strong></span> 
     </span>
    </p>
   </div>
   <div class='ocr_carea' id='block_1_96' title="bbox 2015 2739 3660 2809">
    <p class='ocr_par' dir='ltr' id='par_1_96' title="bbox 2015 2739 3660 2809">
     <span class='ocr_line' id='line_1_99' title="bbox 2015 2739 3660 2809; baseline -0.003 -15"><span class='ocrx_word' id='word_1_737' title='bbox 2015 2739 2138 2807; x_wconf 87' lang='lat' dir='ltr'><strong><em>Dei,</em></strong></span> <span class='ocrx_word' id='word_1_738' title='bbox 2171 2740 2422 2808; x_wconf 82' lang='lat' dir='ltr'><strong><em>exceptis</em></strong></span> <span class='ocrx_word' id='word_1_739' title='bbox 2468 2740 2582 2795; x_wconf 88' lang='lat' dir='ltr'><strong><em>illis</em></strong></span> <span class='ocrx_word' id='word_1_740' title='bbox 2615 2739 2847 2794; x_wconf 90' lang='lat' dir='ltr'><strong><em>duobus</em></strong></span> <span class='ocrx_word' id='word_1_741' title='bbox 2884 2739 3133 2809; x_wconf 87' lang='lat' dir='ltr'><strong><em>magnis,</em></strong></span> <span class='ocrx_word' id='word_1_742' title='bbox 3164 2746 3348 2791; x_wconf 86' lang='lat' dir='ltr'><strong><em>vetere</em></strong></span> <span class='ocrx_word' id='word_1_743' title='bbox 3398 2741 3454 2790; x_wconf 88' lang='lat' dir='ltr'><strong><em>et</em></strong></span> <span class='ocrx_word' id='word_1_744' title='bbox 3494 2751 3660 2798; x_wconf 92' lang='lat' dir='ltr'><strong><em>novo,</em></strong></span> 
     </span>
    </p>
   </div>
   <div class='ocr_carea' id='block_1_97' title="bbox 2015 2817 3660 2891">
    <p class='ocr_par' dir='ltr' id='par_1_97' title="bbox 2015 2817 3660 2891">
     <span class='ocr_line' id='line_1_100' title="bbox 2015 2817 3660 2891; baseline -0.002 -19"><span class='ocrx_word' id='word_1_745' title='bbox 2015 2821 2168 2890; x_wconf 91' lang='lat' dir='ltr'><strong><em>quod</em></strong></span> <span class='ocrx_word' id='word_1_746' title='bbox 2203 2817 2336 2874; x_wconf 87' lang='lat' dir='ltr'><strong><em>licet</em></strong></span> <span class='ocrx_word' id='word_1_747' title='bbox 2365 2821 2571 2891; x_wconf 89' lang='lat' dir='ltr'><strong><em>cuique</em></strong></span> <span class='ocrx_word' id='word_1_748' title='bbox 2592 2821 2831 2890; x_wconf 80' lang='lat' dir='ltr'><strong><em>legendo</em></strong></span> <span class='ocrx_word' id='word_1_749' title='bbox 2848 2834 3206 2890; x_wconf 88' lang='lat' dir='ltr'><strong><em>cognoscere.</em></strong></span> <span class='ocrx_word' id='word_1_750' title='bbox 3224 2817 3660 2871; x_wconf 81' lang='lat' dir='ltr'><strong><em>Testamentum</em></strong></span> 
     </span>
    </p>
   </div>
   <div class='ocr_carea' id='block_1_98' title="bbox 2015 2895 3663 2972">
    <p class='ocr_par' dir='ltr' id='par_1_98' title="bbox 2015 2895 3663 2972">
     <span class='ocr_line' id='line_1_101' title="bbox 2015 2895 3663 2972; baseline -0.004 -17"><span class='ocrx_word' id='word_1_751' title='bbox 2015 2908 2206 2955; x_wconf 88' lang='lat' dir='ltr'><strong><em>autem</em></strong></span> <span class='ocrx_word' id='word_1_752' title='bbox 2253 2900 2703 2972; x_wconf 87' lang='lat' dir='ltr'><strong><em>primum,quod</em></strong></span> <span class='ocrx_word' id='word_1_753' title='bbox 2733 2902 2946 2956; x_wconf 80' lang='lat' dir='ltr'><strong><em>factum</em></strong></span> <span class='ocrx_word' id='word_1_754' title='bbox 2984 2906 3072 2954; x_wconf 89' lang='lat' dir='ltr'><strong><em>est</em></strong></span> <span class='ocrx_word' id='word_1_755' title='bbox 3099 2900 3168 2951; x_wconf 91' lang='lat' dir='ltr'><strong><em>ad</em></strong></span> <span class='ocrx_word' id='word_1_756' title='bbox 3207 2898 3498 2951; x_wconf 89' lang='lat' dir='ltr'><strong><em>hominem</em></strong></span> <span class='ocrx_word' id='word_1_757' title='bbox 3539 2895 3663 2966; x_wconf 89' lang='lat' dir='ltr'><strong><em>pri-</em></strong></span> 
     </span>
    </p>
   </div>
   <div class='ocr_carea' id='block_1_99' title="bbox 2015 2977 3664 3050">
    <p class='ocr_par' dir='ltr' id='par_1_99' title="bbox 2015 2977 3664 3050">
     <span class='ocr_line' id='line_1_102' title="bbox 2015 2977 3664 3050; baseline -0.002 -16"><span class='ocrx_word' id='word_1_758' title='bbox 2015 2996 2199 3047; x_wconf 90' lang='lat' dir='ltr'><strong><em>mum,</em></strong></span> <span class='ocrx_word' id='word_1_759' title='bbox 2234 2981 2484 3048; x_wconf 84' lang='lat' dir='ltr'><strong><em>profecto</em></strong></span> <span class='ocrx_word' id='word_1_760' title='bbox 2507 2981 2648 3036; x_wconf 89' lang='lat' dir='ltr'><strong><em>illud</em></strong></span> <span class='ocrx_word' id='word_1_761' title='bbox 2669 2989 2757 3035; x_wconf 87' lang='lat' dir='ltr'><strong><em>est</em></strong></span> <span class='ocrx_word' id='word_1_762' title='bbox 2791 2998 2802 3035; x_wconf 93' lang='lat'><strong>:</strong></span> <span class='ocrx_word' id='word_1_763' title='bbox 2838 2983 2955 3050; x_wconf 85' lang='lat' dir='ltr'><strong><em>Qua</em></strong></span> <span class='ocrx_word' id='word_1_764' title='bbox 2972 2981 3056 3035; x_wconf 86' lang='lat' dir='ltr'><strong><em>die</em></strong></span> <span class='ocrx_word' id='word_1_765' title='bbox 3079 2977 3318 3043; x_wconf 85' lang='lat' dir='ltr'><strong><em>ederitis,</em></strong></span> <span class='ocrx_word' id='word_1_766' title='bbox 3351 2982 3523 3032; x_wconf 91' lang='lat' dir='ltr'><strong><em>morte</em></strong></span> <span class='ocrx_word' id='word_1_767' title='bbox 3552 2991 3664 3030; x_wconf 89' lang='lat' dir='ltr'><strong><em>mo-</em></strong></span> 
     </span>
    </p>
   </div>
   <div class='ocr_carea' id='block_1_100' title="bbox 2015 3057 3662 3132">
    <p class='ocr_par' dir='ltr' id='par_1_100' title="bbox 2015 3057 3662 3132">
     <span class='ocr_line' id='line_1_103' title="bbox 2015 3057 3662 3132; baseline -0.003 -17"><span class='ocrx_word' id='word_1_768' title='bbox 2015 3063 2232 3115; x_wconf 86' lang='lat' dir='ltr'><strong><em>riemini</em></strong></span> <span class='ocrx_word' id='word_1_769' title='bbox 2259 3060 2413 3130; x_wconf 89' lang='lat' dir='ltr'><strong><em>(Gen.</em></strong></span> <span class='ocrx_word' id='word_1_770' title='bbox 2443 3060 2635 3131; x_wconf 77' lang='lat'><strong><em>11,17).</em></strong></span> <span class='ocrx_word' id='word_1_771' title='bbox 2658 3061 2818 3116; x_wconf 89' lang='lat' dir='ltr'><strong><em>Unde</em></strong></span> <span class='ocrx_word' id='word_1_772' title='bbox 2841 3061 3124 3132; x_wconf 88' lang='lat' dir='ltr'><strong><em>scriptum</em></strong></span> <span class='ocrx_word' id='word_1_773' title='bbox 3158 3062 3246 3113; x_wconf 90' lang='lat' dir='ltr'><strong><em>est</em></strong></span> <span class='ocrx_word' id='word_1_774' title='bbox 3276 3058 3332 3112; x_wconf 93' lang='lat' dir='ltr'><strong><em>in</em></strong></span> <span class='ocrx_word' id='word_1_775' title='bbox 3366 3057 3536 3126; x_wconf 90' lang='lat' dir='ltr'><strong><em>libro,</em></strong></span> <span class='ocrx_word' id='word_1_776' title='bbox 3561 3057 3662 3127; x_wconf 89' lang='lat' dir='ltr'><strong><em>qui</em></strong></span> 
     </span>
    </p>
   </div>
   <div class='ocr_carea' id='block_1_101' title="bbox 2014 3139 3658 3212">
    <p class='ocr_par' dir='ltr' id='par_1_101' title="bbox 2014 3139 3658 3212">
     <span class='ocr_line' id='line_1_104' title="bbox 2014 3139 3658 3212; baseline -0.005 -16"><span class='ocrx_word' id='word_1_777' title='bbox 2014 3140 2453 3196; x_wconf 86' lang='lat' dir='ltr'><strong><em>Ecclesiasticus</em></strong></span> <span class='ocrx_word' id='word_1_778' title='bbox 2475 3141 2823 3212; x_wconf 86' lang='lat' dir='ltr'><strong><em>appellatur,</em></strong></span> <span class='ocrx_word' id='word_1_779' title='bbox 2847 3141 3040 3210; x_wconf 78' lang='lat' dir='ltr'><strong><em>Omnis</em></strong></span> <span class='ocrx_word' id='word_1_780' title='bbox 3060 3155 3186 3194; x_wconf 86' lang='lat' dir='ltr'><strong><em>caro</em></strong></span> <span class='ocrx_word' id='word_1_781' title='bbox 3215 3141 3352 3192; x_wconf 85' lang='lat' dir='ltr'><strong><em>sicut</em></strong></span> <span class='ocrx_word' id='word_1_782' title='bbox 3386 3139 3540 3192; x_wconf 89' lang='lat' dir='ltr'><strong><em>vestis</em></strong></span> <span class='ocrx_word' id='word_1_783' title='bbox 3575 3153 3658 3190; x_wconf 85' lang='lat' dir='ltr'><strong><em>ve-</em></strong></span> 
     </span>
    </p>
   </div>
   <div class='ocr_carea' id='block_1_102' title="bbox 2013 3214 3658 3286">
    <p class='ocr_par' dir='ltr' id='par_1_102' title="bbox 2013 3214 3658 3286">
     <span class='ocr_line' id='line_1_105' title="bbox 2013 3214 3658 3286; baseline -0.004 -12"><span class='ocrx_word' id='word_1_784' title='bbox 2013 3223 2244 3275; x_wconf 87' lang='lat' dir='ltr'><strong><em>terascit.</em></strong></span> <span class='ocrx_word' id='word_1_785' title='bbox 2271 3221 2667 3276; x_wconf 82' lang='lat' dir='ltr'><strong><em>Testamentum</em></strong></span> <span class='ocrx_word' id='word_1_786' title='bbox 2687 3219 2840 3274; x_wconf 88' lang='lat' dir='ltr'><strong><em>enim</em></strong></span> <span class='ocrx_word' id='word_1_787' title='bbox 2859 3237 2892 3274; x_wconf 94' lang='lat' dir='ltr'><strong><em>a</em></strong></span> <span class='ocrx_word' id='word_1_788' title='bbox 2907 3220 3122 3286; x_wconf 74' lang='lat' dir='ltr'><strong><em>saeculo,</em></strong></span> <span class='ocrx_word' id='word_1_789' title='bbox 3149 3222 3326 3274; x_wconf 84' lang='lat' dir='ltr'><strong><em>Morte</em></strong></span> <span class='ocrx_word' id='word_1_790' title='bbox 3353 3217 3611 3272; x_wconf 85' lang='lat' dir='ltr'><strong><em>morieris</em></strong></span> <span class='ocrx_word' id='word_1_791' title='bbox 3642 3214 3658 3249; x_wconf 85' lang='grc'>¹</span> 
     </span>
    </p>
   </div>
   <div class='ocr_carea' id='block_1_103' title="bbox 2011 3295 3663 3372">
    <p class='ocr_par' dir='ltr' id='par_1_103' title="bbox 2011 3295 3663 3372">
     <span class='ocr_line' id='line_1_106' title="bbox 2011 3295 3663 3372; baseline -0.003 -20"><span class='ocrx_word' id='word_1_792' title='bbox 2011 3300 2174 3372; x_wconf 84' lang='lat' dir='ltr'><strong><em>(Eccl.</em></strong></span> <span class='ocrx_word' id='word_1_793' title='bbox 2210 3315 2320 3353; x_wconf 69' lang='lat' dir='ltr'><strong><em>31v.</em></strong></span> <span class='ocrx_word' id='word_1_794' title='bbox 2358 3302 2443 3367; x_wconf 90' lang='grc'><strong><em>18,</em></strong></span> <span class='ocrx_word' id='word_1_795' title='bbox 2472 3317 2575 3355; x_wconf 90' lang='lat' dir='ltr'><strong><em>sec.</em></strong></span> <span class='ocrx_word' id='word_1_796' title='bbox 2631 3301 2814 3369; x_wconf 81' lang='lat' dir='ltr'><strong><em>LXX).</em></strong></span> <span class='ocrx_word' id='word_1_797' title='bbox 2850 3299 2994 3354; x_wconf 90' lang='lat' dir='ltr'><strong><em>Cum</em></strong></span> <span class='ocrx_word' id='word_1_798' title='bbox 3037 3300 3191 3354; x_wconf 91' lang='lat' dir='ltr'><strong><em>enim</em></strong></span> <span class='ocrx_word' id='word_1_799' title='bbox 3225 3297 3316 3351; x_wconf 84' lang='lat' dir='ltr'><strong><em>lex</em></strong></span> <span class='ocrx_word' id='word_1_800' title='bbox 3347 3295 3663 3352; x_wconf 83' lang='lat' dir='ltr'><strong><em>evidentior</em></strong></span> 
     </span>
    </p>
   </div>
   <div class='ocr_carea' id='block_1_104' title="bbox 2013 3378 3664 3451">
    <p class='ocr_par' dir='ltr' id='par_1_104' title="bbox 2013 3378 3664 3451">
     <span class='ocr_line' id='line_1_107' title="bbox 2013 3378 3664 3451; baseline -0.003 -17"><span class='ocrx_word' id='word_1_801' title='bbox 2013 3386 2209 3451; x_wconf 84' lang='lat' dir='ltr'><strong><em>postea</em></strong></span> <span class='ocrx_word' id='word_1_802' title='bbox 2230 3379 2367 3434; x_wconf 88' lang='lat' dir='ltr'><strong><em>data</em></strong></span> <span class='ocrx_word' id='word_1_803' title='bbox 2400 3385 2496 3448; x_wconf 88' lang='lat' dir='ltr'><strong><em>sit,</em></strong></span> <span class='ocrx_word' id='word_1_804' title='bbox 2524 3382 2752 3436; x_wconf 88' lang='lat' dir='ltr'><strong><em>dicatet</em></strong></span> <span class='ocrx_word' id='word_1_805' title='bbox 2778 3380 3103 3447; x_wconf 75' lang='lat' dir='ltr'><strong><em>Apostolus,</em></strong></span> <span class='ocrx_word' id='word_1_806' title='bbox 3133 3378 3423 3434; x_wconf 86' lang='lat' dir='ltr'><strong><em>Ubiautem</em></strong></span> <span class='ocrx_word' id='word_1_807' title='bbox 3455 3392 3564 3430; x_wconf 88' lang='lat' dir='ltr'><strong><em>non</em></strong></span> <span class='ocrx_word' id='word_1_808' title='bbox 3585 3378 3664 3430; x_wconf 86' lang='lat' dir='ltr'><strong><em>est</em></strong></span> 
     </span>
    </p>
   </div>
   <div class='ocr_carea' id='block_1_105' title="bbox 2012 3452 3665 3545">
    <p class='ocr_par' dir='ltr' id='par_1_105' title="bbox 2012 3452 3665 3545">
     <span class='ocr_line' id='line_1_108' title="bbox 2012 3452 3665 3545; baseline -0.004 -30"><span class='ocrx_word' id='word_1_809' title='bbox 2012 3462 2123 3527; x_wconf 75' lang='lat' dir='ltr'><strong><em>lex,</em></strong></span> <span class='ocrx_word' id='word_1_810' title='bbox 2138 3475 2236 3517; x_wconf 88' lang='lat' dir='ltr'><strong><em>nec</em></strong></span> <span class='ocrx_word' id='word_1_811' title='bbox 2263 3462 2642 3530; x_wconf 56' lang='lat' dir='ltr'><strong><em>pravaricatio</em></strong></span> <span class='ocrx_word' id='word_1_812' title='bbox 2675 3461 2862 3545; x_wconf 66' lang='lat' dir='ltr'><strong><em>(Rom.</em></strong></span> <span class='ocrx_word' id='word_1_813' title='bbox 2883 3475 2959 3545; x_wconf 59' lang='lat' dir='ltr'><strong><em>1v3</em></strong></span> <span class='ocrx_word' id='word_1_814' title='bbox 2998 3459 3084 3528; x_wconf 88' lang='grc'><strong><em>15)</em></strong></span> <span class='ocrx_word' id='word_1_815' title='bbox 3120 3473 3281 3545; x_wconf 56' lang='grc' dir='ltr'><strong><em>ερυο</em></strong></span> <span class='ocrx_word' id='word_1_816' title='bbox 3313 3452 3665 3545; x_wconf 34' lang='lat' dir='ltr'><strong><em>pacto-quod.</em></strong></span> 
     </span>
    </p>
   </div>
   <div class='ocr_carea' id='block_1_106' title="bbox 2008 3536 3665 3618">
    <p class='ocr_par' dir='ltr' id='par_1_106' title="bbox 2008 3536 3665 3618">
     <span class='ocr_line' id='line_1_109' title="bbox 2008 3536 3665 3618; baseline -0.007 -20"><span class='ocrx_word' id='word_1_817' title='bbox 2008 3543 2221 3616; x_wconf 85' lang='lat' dir='ltr'><strong><em>legitur</em></strong></span> <span class='ocrx_word' id='word_1_818' title='bbox 2251 3545 2307 3598; x_wconf 90' lang='lat' dir='ltr'><strong><em>in</em></strong></span> <span class='ocrx_word' id='word_1_819' title='bbox 2330 3542 2758 3598; x_wconf 84' lang='lat' dir='ltr'><strong><em>Psalmoverum</em></strong></span> <span class='ocrx_word' id='word_1_820' title='bbox 2785 3544 2892 3603; x_wconf 83' lang='lat' dir='ltr'><strong><em>est,</em></strong></span> <span class='ocrx_word' id='word_1_821' title='bbox 2918 3536 3373 3618; x_wconf 68' lang='lat' dir='ltr'><strong><em>Praevaricatores</em></strong></span> <span class='ocrx_word' id='word_1_822' title='bbox 3395 3536 3665 3618; x_wconf 56' lang='lat' dir='ltr'><strong><em>mstimavi</em></strong></span> 
     </span>
    </p>
   </div>
   <div class='ocr_carea' id='block_1_107' title="bbox 2009 3615 3664 3704">
    <p class='ocr_par' dir='ltr' id='par_1_107' title="bbox 2009 3615 3664 3704">
     <span class='ocr_line' id='line_1_110' title="bbox 2009 3615 3664 3704; baseline -0.01 -23"><span class='ocrx_word' id='word_1_823' title='bbox 2009 3615 2192 3681; x_wconf 85' lang='lat' dir='ltr'><strong><em>omnes</em></strong></span> <span class='ocrx_word' id='word_1_824' title='bbox 2223 3631 2523 3694; x_wconf 88' lang='lat' dir='ltr'><strong><em>peccatores</em></strong></span> <span class='ocrx_word' id='word_1_825' title='bbox 2552 3628 2711 3674; x_wconf 64' lang='lat' dir='ltr'><strong><em>terrm</em></strong></span> <span class='ocrx_word' id='word_1_826' title='bbox 2741 3617 2910 3690; x_wconf 84' lang='lat' dir='ltr'><strong><em>(Psal.</em></strong></span> <span class='ocrx_word' id='word_1_827' title='bbox 2945 3633 3138 3683; x_wconf 81' lang='lat' dir='ltr'><strong><em>cxvm,</em></strong></span> <span class='ocrx_word' id='word_1_828' title='bbox 3178 3617 3296 3685; x_wconf 86' lang='grc'><strong><em>119)</em></strong></span> <span class='ocrx_word' id='word_1_829' title='bbox 3331 3615 3664 3704; x_wconf 41' lang='grc' dir='ltr'><strong><em>χηίεἰριιξξει</em></strong></span> 
     </span>
    </p>
   </div>
   <div class='ocr_carea' id='block_1_108' title="bbox 2009 3692 3664 3782">
    <p class='ocr_par' dir='ltr' id='par_1_108' title="bbox 2009 3692 3664 3782">
     <span class='ocr_line' id='line_1_111' title="bbox 2009 3692 3664 3782; baseline -0.011 -20"><span class='ocrx_word' id='word_1_830' title='bbox 2009 3692 2386 3775; x_wconf 9' lang='grc' dir='ltr'><strong><em>οῐηοθεήιθείε</em></strong></span> <span class='ocrx_word' id='word_1_831' title='bbox 2417 3703 2666 3770; x_wconf 90' lang='lat' dir='ltr'><strong><em>alicujus</em></strong></span> <span class='ocrx_word' id='word_1_832' title='bbox 2710 3700 3260 3782; x_wconf 20' lang='lat' dir='ltr'><strong><em>praevaricataa‘suint</em></strong></span> <span class='ocrx_word' id='word_1_833' title='bbox 3290 3693 3519 3782; x_wconf 82' lang='lat' dir='ltr'><strong><em>rei,qui</em></strong></span> <span class='ocrx_word' id='word_1_834' title='bbox 3554 3692 3664 3782; x_wconf 42' lang='lat' dir='ltr'><strong><em>ali:</em></strong></span> 
     </span>
    </p>
   </div>
   <div class='ocr_carea' id='block_1_109' title="bbox 2011 3777 3659 3858">
    <p class='ocr_par' dir='ltr' id='par_1_109' title="bbox 2011 3777 3659 3858">
     <span class='ocr_line' id='line_1_112' title="bbox 2011 3777 3659 3858; baseline -0.01 -16"><span class='ocrx_word' id='word_1_835' title='bbox 2011 3803 2126 3858; x_wconf 90' lang='lat' dir='ltr'><strong><em>quo</em></strong></span> <span class='ocrx_word' id='word_1_836' title='bbox 2178 3790 2412 3858; x_wconf 85' lang='lat' dir='ltr'><strong><em>peccato</em></strong></span> <span class='ocrx_word' id='word_1_837' title='bbox 2465 3788 2737 3836; x_wconf 86' lang='lat' dir='ltr'><strong><em>tenentur</em></strong></span> <span class='ocrx_word' id='word_1_838' title='bbox 2787 3779 3054 3833; x_wconf 86' lang='lat' dir='ltr'><strong><em>obstricti</em></strong></span> <span class='ocrx_word' id='word_1_839' title='bbox 3176 3779 3559 3842; x_wconf 87' lang='lat' dir='ltr'><strong><em>Quamobrem</em></strong></span> <span class='ocrx_word' id='word_1_840' title='bbox 3612 3777 3659 3828; x_wconf 90' lang='lat' dir='ltr'><strong><em>si</em></strong></span> 
     </span>
    </p>
   </div>
   <div class='ocr_carea' id='block_1_110' title="bbox 2008 3857 3662 3942">
    <p class='ocr_par' dir='ltr' id='par_1_110' title="bbox 2008 3857 3662 3942">
     <span class='ocr_line' id='line_1_113' title="bbox 2008 3857 3662 3942; baseline -0.008 -21"><span class='ocrx_word' id='word_1_841' title='bbox 2008 3857 2189 3922; x_wconf 10' lang='lat' dir='ltr'><strong><em>etiam?</em></strong></span> <span class='ocrx_word' id='word_1_842' title='bbox 2240 3863 2485 3936; x_wconf 85' lang='lat' dir='ltr'><strong><em>parvuli,</em></strong></span> <span class='ocrx_word' id='word_1_843' title='bbox 2532 3863 2683 3932; x_wconf 89' lang='lat' dir='ltr'><strong><em>quod</em></strong></span> <span class='ocrx_word' id='word_1_844' title='bbox 2714 3876 2870 3942; x_wconf 69' lang='lat' dir='ltr'><strong><em>vera</em></strong></span> <span class='ocrx_word' id='word_1_845' title='bbox 2924 3860 3066 3914; x_wconf 85' lang='lat' dir='ltr'><strong><em>lides</em></strong></span> <span class='ocrx_word' id='word_1_846' title='bbox 3111 3857 3305 3923; x_wconf 84' lang='lat' dir='ltr'><strong><em>habet,</em></strong></span> <span class='ocrx_word' id='word_1_847' title='bbox 3341 3860 3662 3942; x_wconf 71' lang='lat' dir='ltr'><strong><em>nascuntur</em></strong></span> 
     </span>
    </p>
   </div>
   <div class='ocr_carea' id='block_1_111' title="bbox 2008 3932 3663 4017">
    <p class='ocr_par' dir='ltr' id='par_1_111' title="bbox 2008 3932 3663 4017">
     <span class='ocr_line' id='line_1_114' title="bbox 2008 3932 3663 4017; baseline -0.008 -17"><span class='ocrx_word' id='word_1_848' title='bbox 2008 3963 2122 4002; x_wconf 90' lang='lat' dir='ltr'><strong><em>non</em></strong></span> <span class='ocrx_word' id='word_1_849' title='bbox 2158 3932 2404 4017; x_wconf 82' lang='lat' dir='ltr'><strong><em>proprie,</em></strong></span> <span class='ocrx_word' id='word_1_850' title='bbox 2438 3943 2533 3997; x_wconf 90' lang='lat' dir='ltr'><strong><em>sed</em></strong></span> <span class='ocrx_word' id='word_1_851' title='bbox 2578 3939 2939 4011; x_wconf 83' lang='lat' dir='ltr'><strong><em>originaliter</em></strong></span> <span class='ocrx_word' id='word_1_852' title='bbox 2980 3944 3324 4008; x_wconf 88' lang='lat' dir='ltr'><strong><em>peccatores,</em></strong></span> <span class='ocrx_word' id='word_1_853' title='bbox 3359 3937 3512 3990; x_wconf 90' lang='lat' dir='ltr'><strong><em>unde</em></strong></span> <span class='ocrx_word' id='word_1_854' title='bbox 3545 3932 3663 3987; x_wconf 85' lang='lat' dir='ltr'><strong><em>illis</em></strong></span> 
     </span>
    </p>
   </div>
   <div class='ocr_carea' id='block_1_112' title="bbox 2006 4017 3660 4098">
    <p class='ocr_par' dir='ltr' id='par_1_112' title="bbox 2006 4017 3660 4098">
     <span class='ocr_line' id='line_1_115' title="bbox 2006 4017 3660 4098; baseline -0.007 -18"><span class='ocrx_word' id='word_1_855' title='bbox 2006 4029 2249 4098; x_wconf 85' lang='lat' dir='ltr'><strong><em>gratiam</em></strong></span> <span class='ocrx_word' id='word_1_856' title='bbox 2285 4021 2652 4078; x_wconf 87' lang='lat' dir='ltr'><strong><em>remissionis</em></strong></span> <span class='ocrx_word' id='word_1_857' title='bbox 2693 4029 3059 4091; x_wconf 87' lang='lat' dir='ltr'><strong><em>peccatorum</em></strong></span> <span class='ocrx_word' id='word_1_858' title='bbox 3101 4017 3486 4073; x_wconf 82' lang='lat' dir='ltr'><strong><em>necessariam</em></strong></span> <span class='ocrx_word' id='word_1_859' title='bbox 3521 4028 3660 4068; x_wconf 83' lang='lat' dir='ltr'><strong><em>con-</em></strong></span> 
     </span>
    </p>
   </div>
   <div class='ocr_carea' id='block_1_113' title="bbox 2011 4100 3662 4186">
    <p class='ocr_par' dir='ltr' id='par_1_113' title="bbox 2011 4100 3662 4186">
     <span class='ocr_line' id='line_1_116' title="bbox 2011 4100 3662 4186; baseline -0.008 -24"><span class='ocrx_word' id='word_1_860' title='bbox 2011 4108 2240 4162; x_wconf 82' lang='lat' dir='ltr'><strong><em>ﬁtemur</em></strong></span> <span class='ocrx_word' id='word_1_861' title='bbox 2273 4123 2287 4174; x_wconf 91' lang='lat'><strong>;</strong></span> <span class='ocrx_word' id='word_1_862' title='bbox 2321 4105 2576 4176; x_wconf 79' lang='lat' dir='ltr'><strong><em>profecto</em></strong></span> <span class='ocrx_word' id='word_1_863' title='bbox 2624 4118 2689 4157; x_wconf 88' lang='lat' dir='ltr'><strong><em>eo</em></strong></span> <span class='ocrx_word' id='word_1_864' title='bbox 2729 4100 2900 4155; x_wconf 92' lang='lat' dir='ltr'><strong><em>modo</em></strong></span> <span class='ocrx_word' id='word_1_865' title='bbox 2952 4117 3066 4170; x_wconf 91' lang='lat' dir='ltr'><strong><em>quo</em></strong></span> <span class='ocrx_word' id='word_1_866' title='bbox 3119 4105 3259 4154; x_wconf 89' lang='lat' dir='ltr'><strong><em>sunt</em></strong></span> <span class='ocrx_word' id='word_1_867' title='bbox 3303 4100 3662 4186; x_wconf 75' lang='lat' dir='ltr'><strong><em>peccatores,</em></strong></span> 
     </span>
    </p>
   </div>
   <div class='ocr_carea' id='block_1_114' title="bbox 2007 4177 3659 4255">
    <p class='ocr_par' dir='ltr' id='par_1_114' title="bbox 2007 4177 3659 4255">
     <span class='ocr_line' id='line_1_117' title="bbox 2007 4177 3659 4255; baseline -0.009 -11"><span class='ocrx_word' id='word_1_868' title='bbox 2007 4191 2180 4245; x_wconf 86' lang='lat' dir='ltr'><strong><em>etiam</em></strong></span> <span class='ocrx_word' id='word_1_869' title='bbox 2232 4185 2697 4255; x_wconf 70' lang='lat' dir='ltr'><strong><em>praevaricatores</em></strong></span> <span class='ocrx_word' id='word_1_870' title='bbox 2745 4183 2886 4252; x_wconf 90' lang='lat' dir='ltr'><strong><em>legis</em></strong></span> <span class='ocrx_word' id='word_1_871' title='bbox 2929 4182 3110 4244; x_wconf 86' lang='lat' dir='ltr'><strong><em>illius,</em></strong></span> <span class='ocrx_word' id='word_1_872' title='bbox 3142 4197 3269 4252; x_wconf 68' lang='lat' dir='ltr'><strong><em>quae</em></strong></span> <span class='ocrx_word' id='word_1_873' title='bbox 3300 4179 3360 4234; x_wconf 84' lang='lat' dir='ltr'><strong><em>in</em></strong></span> <span class='ocrx_word' id='word_1_874' title='bbox 3391 4177 3659 4248; x_wconf 87' lang='lat' dir='ltr'><strong><em>paradiso</em></strong></span> 
     </span>
    </p>
   </div>
   <div class='ocr_carea' id='block_1_115' title="bbox 2008 4263 3660 4337">
    <p class='ocr_par' dir='ltr' id='par_1_115' title="bbox 2008 4263 3660 4337">
     <span class='ocr_line' id='line_1_118' title="bbox 2008 4263 3660 4337; baseline -0.008 -12"><span class='ocrx_word' id='word_1_875' title='bbox 2008 4272 2140 4325; x_wconf 87' lang='lat' dir='ltr'><strong><em>data</em></strong></span> <span class='ocrx_word' id='word_1_876' title='bbox 2189 4274 2298 4333; x_wconf 87' lang='lat' dir='ltr'><strong><em>est,</em></strong></span> <span class='ocrx_word' id='word_1_877' title='bbox 2349 4271 2778 4337; x_wconf 88' lang='lat' dir='ltr'><strong><em>agnoscuntur;</em></strong></span> <span class='ocrx_word' id='word_1_878' title='bbox 2838 4269 2896 4318; x_wconf 86' lang='lat' dir='ltr'><strong><em>ut</em></strong></span> <span class='ocrx_word' id='word_1_879' title='bbox 2946 4280 3144 4317; x_wconf 90' lang='lat' dir='ltr'><strong><em>verum</em></strong></span> <span class='ocrx_word' id='word_1_880' title='bbox 3202 4263 3278 4317; x_wconf 88' lang='lat' dir='ltr'><strong><em>sit</em></strong></span> <span class='ocrx_word' id='word_1_881' title='bbox 3323 4266 3660 4328; x_wconf 88' lang='lat' dir='ltr'><strong><em>utrumque,</em></strong></span> 
     </span>
    </p>
   </div>
   <div class='ocr_carea' id='block_1_116' title="bbox 2007 4342 3660 4422">
    <p class='ocr_par' dir='ltr' id='par_1_116' title="bbox 2007 4342 3660 4422">
     <span class='ocr_line' id='line_1_119' title="bbox 2007 4342 3660 4422; baseline -0.006 -18"><span class='ocrx_word' id='word_1_882' title='bbox 2007 4351 2155 4422; x_wconf 90' lang='lat' dir='ltr'><strong><em>quod</em></strong></span> <span class='ocrx_word' id='word_1_883' title='bbox 2191 4352 2474 4420; x_wconf 90' lang='lat' dir='ltr'><strong><em>scriptum</em></strong></span> <span class='ocrx_word' id='word_1_884' title='bbox 2506 4352 2615 4410; x_wconf 89' lang='lat' dir='ltr'><strong><em>est,</em></strong></span> <span class='ocrx_word' id='word_1_885' title='bbox 2649 4351 2726 4415; x_wconf 92' lang='lat' dir='ltr'><strong><em>et,</em></strong></span> <span class='ocrx_word' id='word_1_886' title='bbox 2759 4344 3214 4400; x_wconf 74' lang='lat' dir='ltr'><strong><em>Praevaricawres</em></strong></span> <span class='ocrx_word' id='word_1_887' title='bbox 3243 4342 3512 4398; x_wconf 64' lang='lat' dir='ltr'><strong><em>mstimavi</em></strong></span> <span class='ocrx_word' id='word_1_888' title='bbox 3540 4355 3660 4395; x_wconf 89' lang='lat' dir='ltr'><strong><em>om-</em></strong></span> 
     </span>
    </p>
   </div>
   <div class='ocr_carea' id='block_1_117' title="bbox 2006 4426 3663 4501">
    <p class='ocr_par' dir='ltr' id='par_1_117' title="bbox 2006 4426 3663 4501">
     <span class='ocr_line' id='line_1_120' title="bbox 2006 4426 3663 4501; baseline -0.007 -15"><span class='ocrx_word' id='word_1_889' title='bbox 2006 4448 2100 4487; x_wconf 80' lang='lat' dir='ltr'><strong><em>nes</em></strong></span> <span class='ocrx_word' id='word_1_890' title='bbox 2131 4441 2440 4501; x_wconf 81' lang='lat' dir='ltr'><strong><em>peccatores</em></strong></span> <span class='ocrx_word' id='word_1_891' title='bbox 2472 4435 2633 4484; x_wconf 67' lang='lat' dir='ltr'><strong><em>terra:</em></strong></span> <span class='ocrx_word' id='word_1_892' title='bbox 2653 4444 2674 4489; x_wconf 89' lang='grc'><strong><em>,·</em></strong></span> <span class='ocrx_word' id='word_1_893' title='bbox 2704 4438 2778 4493; x_wconf 86' lang='lat' dir='ltr'><strong><em>et,</em></strong></span> <span class='ocrx_word' id='word_1_894' title='bbox 2808 4426 2906 4483; x_wconf 89' lang='lat' dir='ltr'><strong><em>Ubi</em></strong></span> <span class='ocrx_word' id='word_1_895' title='bbox 2936 4427 3027 4480; x_wconf 74' lang='lat' dir='ltr'><strong><em>lea:</em></strong></span> <span class='ocrx_word' id='word_1_896' title='bbox 3055 4441 3164 4478; x_wconf 91' lang='lat' dir='ltr'><strong><em>non</em></strong></span> <span class='ocrx_word' id='word_1_897' title='bbox 3183 4434 3300 4486; x_wconf 83' lang='lat' dir='ltr'><strong><em>est;</em></strong></span> <span class='ocrx_word' id='word_1_898' title='bbox 3329 4439 3428 4478; x_wconf 91' lang='lat' dir='ltr'><strong><em>nec</em></strong></span> <span class='ocrx_word' id='word_1_899' title='bbox 3454 4437 3663 4492; x_wconf 79' lang='lat' dir='ltr'><strong><em>praeva-</em></strong></span> 
     </span>
    </p>
   </div>
   <div class='ocr_carea' id='block_1_118' title="bbox 2008 4504 3662 4580">
    <p class='ocr_par' dir='ltr' id='par_1_118' title="bbox 2008 4504 3662 4580">
     <span class='ocr_line' id='line_1_121' title="bbox 2008 4504 3662 4580; baseline -0.006 -15"><span class='ocrx_word' id='word_1_900' title='bbox 2008 4511 2223 4565; x_wconf 87' lang='lat' dir='ltr'><strong><em>ricatio.</em></strong></span> <span class='ocrx_word' id='word_1_901' title='bbox 2258 4513 2338 4564; x_wconf 87' lang='lat' dir='ltr'><strong><em>Ac</em></strong></span> <span class='ocrx_word' id='word_1_902' title='bbox 2371 4525 2470 4580; x_wconf 90' lang='lat' dir='ltr'><strong><em>per</em></strong></span> <span class='ocrx_word' id='word_1_903' title='bbox 2502 4508 2631 4574; x_wconf 90' lang='lat' dir='ltr'><strong><em>hoc,</em></strong></span> <span class='ocrx_word' id='word_1_904' title='bbox 2663 4508 2801 4577; x_wconf 88' lang='lat' dir='ltr'><strong><em>quia</em></strong></span> <span class='ocrx_word' id='word_1_905' title='bbox 2833 4505 3202 4560; x_wconf 88' lang='lat' dir='ltr'><strong><em>circumcisio</em></strong></span> <span class='ocrx_word' id='word_1_906' title='bbox 3235 4504 3469 4574; x_wconf 88' lang='lat' dir='ltr'><strong><em>signum</em></strong></span> <span class='ocrx_word' id='word_1_907' title='bbox 3506 4516 3662 4571; x_wconf 88' lang='lat' dir='ltr'><strong><em>rege-</em></strong></span> 
     </span>
    </p>
   </div>
   <div class='ocr_carea' id='block_1_119' title="bbox 2011 4584 3661 4657">
    <p class='ocr_par' dir='ltr' id='par_1_119' title="bbox 2011 4584 3661 4657">
     <span class='ocr_line' id='line_1_122' title="bbox 2011 4584 3661 4657; baseline -0.007 -12"><span class='ocrx_word' id='word_1_908' title='bbox 2011 4591 2332 4646; x_wconf 86' lang='lat' dir='ltr'><strong><em>nerationis</em></strong></span> <span class='ocrx_word' id='word_1_909' title='bbox 2374 4590 2502 4657; x_wconf 86' lang='lat' dir='ltr'><strong><em>fuit,</em></strong></span> <span class='ocrx_word' id='word_1_910' title='bbox 2534 4593 2587 4642; x_wconf 83' lang='lat' dir='ltr'><strong><em>et</em></strong></span> <span class='ocrx_word' id='word_1_911' title='bbox 2619 4589 2639 4621; x_wconf 69' lang='grc'>³</span> <span class='ocrx_word' id='word_1_912' title='bbox 2677 4604 2790 4640; x_wconf 88' lang='lat' dir='ltr'><strong><em>non</em></strong></span> <span class='ocrx_word' id='word_1_913' title='bbox 2823 4586 3112 4640; x_wconf 80' lang='lat' dir='ltr'><strong><em>immerito</em></strong></span> <span class='ocrx_word' id='word_1_914' title='bbox 3148 4584 3450 4656; x_wconf 83' lang='lat' dir='ltr'><strong><em>parvulum</em></strong></span> <span class='ocrx_word' id='word_1_915' title='bbox 3487 4598 3661 4652; x_wconf 82' lang='lat' dir='ltr'><strong><em>prOp-</em></strong></span> 
     </span>
    </p>
   </div>
   <div class='ocr_carea' id='block_1_120' title="bbox 2007 4662 3659 4752">
    <p class='ocr_par' dir='ltr' id='par_1_120' title="bbox 2007 4662 3659 4752">
     <span class='ocr_line' id='line_1_123' title="bbox 2007 4662 3659 4752; baseline -0.008 -28"><span class='ocrx_word' id='word_1_916' title='bbox 2007 4675 2094 4724; x_wconf 86' lang='lat' dir='ltr'><strong><em>ter</em></strong></span> <span class='ocrx_word' id='word_1_917' title='bbox 2125 4669 2406 4740; x_wconf 84' lang='lat' dir='ltr'><strong><em>originale</em></strong></span> <span class='ocrx_word' id='word_1_918' title='bbox 2446 4673 2772 4738; x_wconf 85' lang='lat' dir='ltr'><strong><em>peccatum,</em></strong></span> <span class='ocrx_word' id='word_1_919' title='bbox 2807 4683 2921 4736; x_wconf 89' lang='lat' dir='ltr'><strong><em>quo</em></strong></span> <span class='ocrx_word' id='word_1_920' title='bbox 2955 4667 3205 4752; x_wconf 73' lang='lat' dir='ltr'><strong><em>primum</em></strong></span> <span class='ocrx_word' id='word_1_921' title='bbox 3263 4665 3364 4752; x_wconf 33' lang='lat' dir='ltr'><strong><em>D‘ei.</em></strong></span> <span class='ocrx_word' id='word_1_922' title='bbox 3408 4662 3659 4752; x_wconf 77' lang='lat' dir='ltr'><strong><em>dissipa-</em></strong></span> 
     </span>
    </p>
   </div>
   <div class='ocr_carea' id='block_1_121' title="bbox 2006 4745 3659 4816">
    <p class='ocr_par' dir='ltr' id='par_1_121' title="bbox 2006 4745 3659 4816">
     <span class='ocr_line' id='line_1_124' title="bbox 2006 4745 3659 4816; baseline -0.009 -12"><span class='ocrx_word' id='word_1_923' title='bbox 2006 4755 2130 4804; x_wconf 89' lang='lat' dir='ltr'><strong><em>tum</em></strong></span> <span class='ocrx_word' id='word_1_924' title='bbox 2165 4755 2250 4804; x_wconf 90' lang='lat' dir='ltr'><strong><em>est</em></strong></span> <span class='ocrx_word' id='word_1_925' title='bbox 2282 4753 2714 4812; x_wconf 87' lang='lat' dir='ltr'><strong><em>testamentum,</em></strong></span> <span class='ocrx_word' id='word_1_926' title='bbox 2752 4746 3043 4816; x_wconf 86' lang='lat' dir='ltr'><strong><em>generatio</em></strong></span> <span class='ocrx_word' id='word_1_927' title='bbox 3077 4745 3394 4813; x_wconf 77' lang='lat' dir='ltr'><strong><em>disperdat,</em></strong></span> <span class='ocrx_word' id='word_1_928' title='bbox 3431 4745 3536 4793; x_wconf 76' lang='lat' dir='ltr'><strong><em>nisi</em></strong></span> <span class='ocrx_word' id='word_1_929' title='bbox 3568 4755 3659 4790; x_wconf 81' lang='lat' dir='ltr'><strong><em>re-</em></strong></span> 
     </span>
    </p>
   </div>
   <div class='ocr_carea' id='block_1_122' title="bbox 2008 4820 3657 4902">
    <p class='ocr_par' dir='ltr' id='par_1_122' title="bbox 2008 4820 3657 4902">
     <span class='ocr_line' id='line_1_125' title="bbox 2008 4820 3657 4902; baseline -0.01 -16"><span class='ocrx_word' id='word_1_930' title='bbox 2008 4831 2303 4902; x_wconf 88' lang='lat' dir='ltr'><strong><em>generatio</em></strong></span> <span class='ocrx_word' id='word_1_931' title='bbox 2338 4831 2534 4884; x_wconf 84' lang='lat' dir='ltr'><strong><em>liberet</em></strong></span> <span class='ocrx_word' id='word_1_932' title='bbox 2567 4845 2578 4883; x_wconf 94' lang='lat'>:</span> <span class='ocrx_word' id='word_1_933' title='bbox 2613 4829 2697 4881; x_wconf 89' lang='lat' dir='ltr'><strong><em>sic</em></strong></span> <span class='ocrx_word' id='word_1_934' title='bbox 2732 4826 3111 4894; x_wconf 86' lang='lat' dir='ltr'><strong><em>intelligenda</em></strong></span> <span class='ocrx_word' id='word_1_935' title='bbox 3142 4832 3274 4876; x_wconf 88' lang='lat' dir='ltr'><strong><em>sunt</em></strong></span> <span class='ocrx_word' id='word_1_936' title='bbox 3309 4824 3428 4875; x_wconf 83' lang='lat' dir='ltr'><strong><em>haec</em></strong></span> <span class='ocrx_word' id='word_1_937' title='bbox 3461 4820 3657 4873; x_wconf 88' lang='lat' dir='ltr'><strong><em>divina</em></strong></span> 
     </span>
    </p>
   </div>
   <div class='ocr_carea' id='block_1_123' title="bbox 2007 4902 3658 4991">
    <p class='ocr_par' dir='ltr' id='par_1_123' title="bbox 2007 4902 3658 4991">
     <span class='ocr_line' id='line_1_126' title="bbox 2007 4902 3658 4991; baseline -0.009 -26"><span class='ocrx_word' id='word_1_938' title='bbox 2007 4914 2200 4979; x_wconf 87' lang='lat' dir='ltr'><strong><em>verba,</em></strong></span> <span class='ocrx_word' id='word_1_939' title='bbox 2238 4916 2515 4980; x_wconf 89' lang='lat' dir='ltr'><strong><em>tanquam</em></strong></span> <span class='ocrx_word' id='word_1_940' title='bbox 2550 4906 2904 4991; x_wconf 45' lang='lat' dir='ltr'><strong><em>dictumnsit,</em></strong></span> <span class='ocrx_word' id='word_1_941' title='bbox 2937 4903 3044 4965; x_wconf 87' lang='lat' dir='ltr'><strong><em>Qui</em></strong></span> <span class='ocrx_word' id='word_1_942' title='bbox 3079 4919 3192 4991; x_wconf 82' lang='lat' dir='ltr'><strong><em>non</em></strong></span> <span class='ocrx_word' id='word_1_943' title='bbox 3221 4902 3392 4991; x_wconf 81' lang='lat' dir='ltr'><strong><em>fuerit</em></strong></span> <span class='ocrx_word' id='word_1_944' title='bbox 3419 4913 3658 4991; x_wconf 79' lang='lat' dir='ltr'><strong><em>regene-</em></strong></span> 
     </span>
    </p>
   </div>
   <div class='ocr_carea' id='block_1_124' title="bbox 2008 4981 3656 5057">
    <p class='ocr_par' dir='ltr' id='par_1_124' title="bbox 2008 4981 3656 5057">
     <span class='ocr_line' id='line_1_127' title="bbox 2008 4981 3656 5057; baseline -0.008 -11"><span class='ocrx_word' id='word_1_945' title='bbox 2008 4997 2193 5057; x_wconf 86' lang='lat' dir='ltr'><strong><em>ratus,</em></strong></span> <span class='ocrx_word' id='word_1_946' title='bbox 2226 4989 2492 5044; x_wconf 89' lang='lat' dir='ltr'><strong><em>interibit</em></strong></span> <span class='ocrx_word' id='word_1_947' title='bbox 2514 4987 2710 5040; x_wconf 88' lang='lat' dir='ltr'><strong><em>anima</em></strong></span> <span class='ocrx_word' id='word_1_948' title='bbox 2743 4983 2836 5037; x_wconf 87' lang='lat' dir='ltr'><strong><em>illa</em></strong></span> <span class='ocrx_word' id='word_1_949' title='bbox 2868 4984 2939 5038; x_wconf 91' lang='lat' dir='ltr'><strong><em>de</em></strong></span> <span class='ocrx_word' id='word_1_950' title='bbox 2970 4981 3183 5054; x_wconf 86' lang='lat' dir='ltr'><strong><em>populo</em></strong></span> <span class='ocrx_word' id='word_1_951' title='bbox 3217 4984 3362 5051; x_wconf 88' lang='lat' dir='ltr'><strong><em>ejus,</em></strong></span> <span class='ocrx_word' id='word_1_952' title='bbox 3389 4981 3522 5052; x_wconf 89' lang='lat' dir='ltr'><strong><em>quia</em></strong></span> <span class='ocrx_word' id='word_1_953' title='bbox 3549 4983 3656 5032; x_wconf 80' lang='lat' dir='ltr'><strong><em>tes-</em></strong></span> 
     </span>
    </p>
   </div>
   <div class='ocr_carea' id='block_1_125' title="bbox 2072 5211 3656 5272">
    <p class='ocr_par' dir='ltr' id='par_1_125' title="bbox 2072 5211 3656 5272">
     <span class='ocr_line' id='line_1_128' title="bbox 2072 5211 3656 5272; baseline -0.005 -4"><span class='ocrx_word' id='word_1_954' title='bbox 2072 5225 2088 5257; x_wconf 79' lang='grc'><strong>1</strong></span> <span class='ocrx_word' id='word_1_955' title='bbox 2120 5219 2276 5272; x_wconf 87' lang='lat' dir='ltr'><strong><em>Editi.</em></strong></span> <span class='ocrx_word' id='word_1_956' title='bbox 2332 5217 2746 5265; x_wconf 83' lang='lat' dir='ltr'><strong><em>Testamentum</em></strong></span> <span class='ocrx_word' id='word_1_957' title='bbox 2802 5223 2878 5262; x_wconf 85' lang='lat' dir='ltr'><strong><em>est</em></strong></span> <span class='ocrx_word' id='word_1_958' title='bbox 2933 5229 2970 5262; x_wconf 73' lang='grc' dir='ltr'><em>α</em></span> <span class='ocrx_word' id='word_1_959' title='bbox 3013 5215 3251 5269; x_wconf 86' lang='lat' dir='ltr'><strong><em>saeculo,</em></strong></span> <span class='ocrx_word' id='word_1_960' title='bbox 3307 5220 3481 5262; x_wconf 81' lang='lat' dir='ltr'><strong><em>morte</em></strong></span> <span class='ocrx_word' id='word_1_961' title='bbox 3509 5211 3656 5260; x_wconf 84' lang='lat' dir='ltr'><strong><em>mori</em></strong></span> 
     </span>
    </p>
   </div>
   <div class='ocr_carea' id='block_1_126' title="bbox 2006 5276 3654 5350">
    <p class='ocr_par' dir='ltr' id='par_1_126' title="bbox 2006 5276 3654 5350">
     <span class='ocr_line' id='line_1_129' title="bbox 2006 5276 3654 5350; baseline -0.006 -18"><span class='ocrx_word' id='word_1_962' title='bbox 2006 5299 2110 5337; x_wconf 83' lang='lat' dir='ltr'><strong><em>eos,</em></strong></span> <span class='ocrx_word' id='word_1_963' title='bbox 2141 5283 2240 5350; x_wconf 79' lang='lat' dir='ltr'><strong><em>qui</em></strong></span> <span class='ocrx_word' id='word_1_964' title='bbox 2272 5279 2777 5350; x_wconf 67' lang='lat' dir='ltr'><strong><em>transgrediuntur</em></strong></span> <span class='ocrx_word' id='word_1_965' title='bbox 2823 5289 3120 5350; x_wconf 70' lang='lat' dir='ltr'><strong><em>praecepta</em></strong></span> <span class='ocrx_word' id='word_1_966' title='bbox 3173 5278 3284 5350; x_wconf 77' lang='lat' dir='ltr'><strong><em>Dei.</em></strong></span> <span class='ocrx_word' id='word_1_967' title='bbox 3323 5276 3654 5350; x_wconf 45' lang='lat' dir='ltr'><strong><em>Locus‘ve‘te-</em></strong></span> 
     </span>
    </p>
   </div>
   <div class='ocr_carea' id='block_1_127' title="bbox 2006 5339 3654 5402">
    <p class='ocr_par' dir='ltr' id='par_1_127' title="bbox 2006 5339 3654 5402">
     <span class='ocr_line' id='line_1_130' title="bbox 2006 5339 3654 5402; baseline -0.006 -6"><span class='ocrx_word' id='word_1_968' title='bbox 2006 5361 2125 5397; x_wconf 91' lang='lat' dir='ltr'><strong><em>rum</em></strong></span> <span class='ocrx_word' id='word_1_969' title='bbox 2146 5339 2410 5394; x_wconf 72' lang='lat' dir='ltr'><strong><em>librorum</em></strong></span> <span class='ocrx_word' id='word_1_970' title='bbox 2434 5339 2538 5402; x_wconf 79' lang='lat' dir='ltr'><strong><em>ope</em></strong></span> <span class='ocrx_word' id='word_1_971' title='bbox 2583 5342 2841 5391; x_wconf 87' lang='lat' dir='ltr'><strong><em>liberatur</em></strong></span> <span class='ocrx_word' id='word_1_972' title='bbox 2895 5355 2928 5390; x_wconf 87' lang='lat' dir='ltr'><strong><em>a</em></strong></span> <span class='ocrx_word' id='word_1_973' title='bbox 2955 5343 3286 5402; x_wconf 86' lang='lat' dir='ltr'><strong><em>glossemate,</em></strong></span> <span class='ocrx_word' id='word_1_974' title='bbox 3334 5339 3654 5402; x_wconf 84' lang='lat' dir='ltr'><strong><em>etredinte-</em></strong></span> 
     </span>
    </p>
   </div>
   <div class='ocr_carea' id='block_1_128' title="bbox 2039 5401 3654 5476">
    <p class='ocr_par' dir='ltr' id='par_1_128' title="bbox 2039 5401 3654 5476">
     <span class='ocr_line' id='line_1_131' title="bbox 2039 5401 3654 5476; baseline -0.006 -17"><span class='ocrx_word' id='word_1_975' title='bbox 2039 5413 2206 5458; x_wconf 87' lang='lat' dir='ltr'><strong><em>ratur.</em></strong></span> <span class='ocrx_word' id='word_1_976' title='bbox 2238 5401 2631 5476; x_wconf 52' lang='lat' dir='ltr'><strong><em>Sumptusnest</em></strong></span> <span class='ocrx_word' id='word_1_977' title='bbox 2684 5417 2750 5476; x_wconf 78' lang='lat' dir='ltr'><strong><em>ex</em></strong></span> <span class='ocrx_word' id='word_1_978' title='bbox 2796 5401 3174 5476; x_wconf 69' lang='lat' dir='ltr'><strong><em>Ecclesiastico.</em></strong></span> <span class='ocrx_word' id='word_1_979' title='bbox 3223 5418 3335 5459; x_wconf 78' lang='lat' dir='ltr'><strong><em>xw,</em></strong></span> <span class='ocrx_word' id='word_1_980' title='bbox 3362 5401 3465 5476; x_wconf 44' lang='lat'><strong><em>.18,</em></strong></span> <span class='ocrx_word' id='word_1_981' title='bbox 3512 5403 3654 5476; x_wconf 78' lang='lat' dir='ltr'><strong><em>apud</em></strong></span> 
     </span>
    </p>
   </div>
   <div class='ocr_carea' id='block_1_129' title="bbox 2005 5425 3653 5534">
    <p class='ocr_par' dir='ltr' id='par_1_129' title="bbox 2005 5425 3653 5534">
     <span class='ocr_line' id='line_1_132' title="bbox 2039 5425 3653 5466; baseline -0.006 -7"><span class='ocrx_word' id='word_1_982' title='bbox 2039 5425 2206 5458; x_wconf 76' lang='lat' dir='ltr'><strong><em>ratur.</em></strong></span> <span class='ocrx_word' id='word_1_983' title='bbox 2254 5425 2507 5466; x_wconf 73' lang='lat' dir='ltr'><strong><em>Dumptuu</em></strong></span> <span class='ocrx_word' id='word_1_984' title='bbox 2551 5425 2631 5452; x_wconf 68' lang='lat' dir='ltr'><strong><em>65b</em></strong></span> <span class='ocrx_word' id='word_1_985' title='bbox 2684 5425 2750 5452; x_wconf 72' lang='lat' dir='ltr'><strong><em>ex</em></strong></span> <span class='ocrx_word' id='word_1_986' title='bbox 2797 5425 3174 5457; x_wconf 73' lang='lat' dir='ltr'><strong><em>nwwsmsucu.</em></strong></span> <span class='ocrx_word' id='word_1_987' title='bbox 3224 5425 3335 5459; x_wconf 58' lang='grc' dir='ltr'><strong><em>λιν,</em></strong></span> <span class='ocrx_word' id='word_1_988' title='bbox 3391 5425 3465 5458; x_wconf 79' lang='grc' dir='ltr'><strong><em>ιο,</em></strong></span> <span class='ocrx_word' id='word_1_989' title='bbox 3512 5425 3653 5462; x_wconf 76' lang='lat' dir='ltr'><strong><em>upuu</em></strong></span> 
     </span>
     <span class='ocr_line' id='line_1_133' title="bbox 2005 5425 3653 5534; baseline -0.005 -13"><span class='ocrx_word' id='word_1_990' title='bbox 2005 5425 2365 5534; x_wconf 50' lang='lat' dir='ltr'><strong><em>Septuaginta.</em></strong></span> <span class='ocrx_word' id='word_1_991' title='bbox 2400 5469 2473 5534; x_wconf 71' lang='lat' dir='ltr'><strong><em>lu</em></strong></span> <span class='ocrx_word' id='word_1_992' title='bbox 2517 5467 2743 5534; x_wconf 78' lang='lat' dir='ltr'><strong><em>Vulgata</em></strong></span> <span class='ocrx_word' id='word_1_993' title='bbox 2786 5481 2912 5534; x_wconf 49' lang='lat' dir='ltr'><strong><em>vero</em></strong></span> <span class='ocrx_word' id='word_1_994' title='bbox 2955 5468 3196 5528; x_wconf 82' lang='lat' dir='ltr'><strong><em>jungitur</em></strong></span> <span class='ocrx_word' id='word_1_995' title='bbox 3235 5465 3498 5534; x_wconf 69' lang='lat' dir='ltr'><strong><em>versiculo</em></strong></span> <span class='ocrx_word' id='word_1_996' title='bbox 3527 5465 3653 5534; x_wconf 84' lang='lat' dir='ltr'><strong><em>du_o_-</em></strong></span> 
     </span>
    </p>
   </div>
   <div class='ocr_carea' id='block_1_130' title="bbox 2003 5527 3650 5592">
    <p class='ocr_par' dir='ltr' id='par_1_130' title="bbox 2003 5527 3650 5592">
     <span class='ocr_line' id='line_1_134' title="bbox 2003 5527 3650 5592; baseline -0.005 -8"><span class='ocrx_word' id='word_1_997' title='bbox 2003 5527 2229 5592; x_wconf 55' lang='lat' dir='ltr'><strong><em>decimo:</em></strong></span> <span class='ocrx_word' id='word_1_998' title='bbox 2255 5535 2306 5581; x_wconf 87' lang='lat' dir='ltr'><strong><em>et</em></strong></span> <span class='ocrx_word' id='word_1_999' title='bbox 2335 5527 2753 5580; x_wconf 32' lang='lat' dir='ltr'><strong><em>exhibetur’sic:</em></strong></span> <span class='ocrx_word' id='word_1_1000' title='bbox 2784 5527 3191 5578; x_wconf 76' lang='lat' dir='ltr'><strong><em>Testamentum</em></strong></span> <span class='ocrx_word' id='word_1_1001' title='bbox 3227 5529 3402 5589; x_wconf 78' lang='lat' dir='ltr'><strong><em>hujus</em></strong></span> <span class='ocrx_word' id='word_1_1002' title='bbox 3429 5527 3650 5585; x_wconf 84' lang='lat' dir='ltr'><strong><em>mundi,</em></strong></span> 
     </span>
    </p>
   </div>
   <div class='ocr_carea' id='block_1_131' title="bbox 2003 5595 3155 5664">
    <p class='ocr_par' dir='ltr' id='par_1_131' title="bbox 2003 5595 3155 5664">
     <span class='ocr_line' id='line_1_135' title="bbox 2003 5595 3155 5664; baseline 0.002 -19"><span class='ocrx_word' id='word_1_1003' title='bbox 2003 5595 2498 5664; x_wconf 65' lang='lat' dir='ltr'><strong><em>m-Ortemorietur.</em></strong></span> <span class='ocrx_word' id='word_1_1004' title='bbox 2553 5656 2567 5664; x_wconf 45' lang='lat'><strong><em>‘</em></strong></span> <span class='ocrx_word' id='word_1_1005' title='bbox 2635 5655 2682 5664; x_wconf 51' lang='grc' dir='ltr'>η</span> <span class='ocrx_word' id='word_1_1006' title='bbox 2784 5657 2793 5664; x_wconf 34' lang='grc' dir='ltr'><strong>Δ</strong></span> <span class='ocrx_word' id='word_1_1007' title='bbox 2897 5654 2908 5664; x_wconf 51' lang='grc'><em>.</em></span> <span class='ocrx_word' id='word_1_1008' title='bbox 3145 5654 3155 5664; x_wconf 47' lang='grc'><strong>¹</strong></span> 
     </span>
    </p>
   </div>
   <div class='ocr_carea' id='block_1_132' title="bbox 2068 5654 3203 5713">
    <p class='ocr_par' dir='ltr' id='par_1_132' title="bbox 2068 5654 3203 5713">
     <span class='ocr_line' id='line_1_136' title="bbox 2068 5654 3203 5713; baseline -0.004 -7"><span class='ocrx_word' id='word_1_1009' title='bbox 2068 5660 2089 5692; x_wconf 74' lang='grc'><strong><em>2</em></strong></span> <span class='ocrx_word' id='word_1_1010' title='bbox 2119 5658 2404 5709; x_wconf 85' lang='lat' dir='ltr'><strong><em>Particula.</em></strong></span> <span class='ocrx_word' id='word_1_1011' title='bbox 2435 5665 2503 5713; x_wconf 80' lang='lat' dir='ltr'><strong><em>et,</em></strong></span> <span class='ocrx_word' id='word_1_1012' title='bbox 2538 5654 2952 5705; x_wconf 80' lang='lat' dir='ltr'><strong><em>desideraturin</em></strong></span> <span class='ocrx_word' id='word_1_1013' title='bbox 2980 5654 3203 5704; x_wconf 85' lang='lat' dir='ltr'><strong><em>excusis.</em></strong></span> 
     </span>
    </p>
   </div>
  </div>
