4138 6192
142 5663 154 5688 ‘.

110 5666 164 5846 ἓ

137 5695 154 5727 ἐ
199 5712 210 5727 κ

194 5733 214 5750 .-

467 299 582 363 507
1513 297 1614 358 DE
1657 293 2029 358 CIVITATE
2073 295 2235 367 DEI,
2280 296 2344 358 S.
2391 297 2811 362 AUGUSTINI
3759 309 3876 374 508

463 439 786 493 tamentam
834 431 925 489 dei
973 429 1339 504 dissipavit‘,
1363 431 1595 503 quando
1638 429 1698 486 in
1744 429 1924 485 Adam
1975 445 2110 486 cum

462 517 738 573 omnibus
791 514 968 568 etiam
1017 512 1142 583 ipse
1198 511 1478 582 peccavit.
1533 511 1590 566 Si
1640 510 1797 566 enim
1845 509 2109 579 dixisset,

465 598 609 663 Quia
647 598 756 654 hoc
794 599 1204 651 testamentum
1248 610 1444 650 meum
1486 593 1794 666 dissipavit
1825 609 1842 662 ;
1875 591 2111 648 nonnisi

461 678 532 733 de
561 677 676 732 ista
705 673 1151 731 circumcisione
1181 673 1422 746 intelligi
1457 680 1686 746 cogeret
1719 690 1732 728 :
1763 689 1920 729 nunc
1956 689 2109 740 vero,

461 758 732 832 quoniam
791 773 907 812 non
960 754 1244 826 expressit
1301 755 1628 826 cujusmodi
1690 759 2110 810 testamentum

463 837 709 911 puvulus
739 836 1134 906 dissipavcrit,
1168 834 1415 890 liberum
1447 845 1531 890 est
1567 833 1882 904 intelligere
1914 835 1984 889 de
2013 832 2113 888 illo

463 922 812 976 testamento
835 917 1080 984 dictum,
1105 917 1272 986 cujus
1292 915 1595 987 dissipatio
1621 916 1903 984 pertinere
1927 915 2115 985 possit

466 1001 536 1056 ad
569 997 900 1072 parvulum.
929 998 986 1053 Si
1032 1004 1226 1054 autem
1261 997 1573 1068 quisquam
1623 996 1732 1051 hoc
1765 995 1997 1051 nonnisi
2041 994 2113 1051 de

467 1080 583 1134 ista
621 1077 1062 1133 circumcisione
1093 1077 1315 1131 dictum
1357 1091 1485 1131 esse
1516 1075 1836 1142 contendit,
1870 1074 2020 1146 quod
2054 1074 2114 1128 in

465 1177 533 1218 ea
555 1164 964 1214 testamentum
991 1158 1113 1225 Dei,
1137 1157 1414 1229 quoniam
1440 1173 1555 1212 non
1591 1162 1678 1213 est
1717 1155 2114 1222 circumcisus,

467 1239 840 1311 dissipaverit
887 1238 1158 1311 parvulus
1195 1263 1208 1305 ;
1240 1242 1465 1310 quaerat
1508 1237 1814 1293 locutionis
1860 1235 2114 1306 aliquem

466 1323 727 1388 modum,
757 1336 869 1391 quo
902 1336 1017 1376 non
1049 1319 1300 1374 absurde
1335 1320 1512 1390 possit
1543 1317 1810 1389 intelligi,
1834 1317 1964 1371 ideo
1994 1315 2117 1372 dis-

465 1402 691 1473 sipasse
723 1404 1155 1467 testamentum,
1180 1398 1318 1470 quia
1348 1397 1483 1454 licet
1519 1413 1631 1452 non
1665 1398 1738 1452 ab
1768 1397 1887 1464 illo,
1924 1403 2117 1452 tamen

467 1483 528 1538 in
560 1481 660 1537 illo
691 1485 781 1536 est
825 1479 1195 1550 dissipatum.
1230 1479 1440 1533 Verum
1470 1478 1552 1534 sic
1601 1494 1834 1551 quoque
1863 1476 2120 1531 animad-

468 1563 804 1618 vertendum
839 1568 948 1630 est,
984 1561 1142 1616 nulla
1171 1562 1230 1616 in
1261 1578 1321 1616 se
1345 1561 1698 1632 negligentia
1719 1577 1828 1615 sua
1849 1560 2066 1628 injuste
2097 1557 2121 1591 ²

469 1642 707 1699 interire
741 1641 1131 1698 incircumcisi
1171 1643 1423 1696 animam
1459 1639 1700 1713 parvuli,
1726 1640 1836 1696 nisi
1871 1639 2120 1712 origina-

471 1723 548 1780 lis
570 1723 924 1797 obligatione
955 1722 1194 1795 peccati.

469 1890 701 1949 CAPU'I‘
723 1886 965 1944 XXVIII.
991 1917 1059 1928 —
1081 1889 1153 1944 De
1181 1887 1612 1943 commutatione
1641 1887 1928 1942 nominum
1946 1886 2119 1942 Abra-

537 1972 621 2028 hae
639 1979 692 2027 et
711 1971 914 2033 Sarrae,
935 1971 1032 2040 qui
1049 1986 1172 2024 cum
1195 1971 1259 2026 ob
1277 1974 1445 2026 unius
1465 1971 1836 2039 sterilitatem,
1854 1971 1919 2026 ob
1940 1973 2122 2025 utrius

539 2068 644 2125 que
662 2061 846 2108 autem
874 2056 1201 2107 senectutem
1229 2069 1495 2124 generare
1522 2067 1634 2107 non
1663 2055 1900 2123 possent,
1922 2067 2123 2106 munus

541 2132 894 2204 fecunditatis
924 2130 1133 2203 indepti
1160 2137 1306 2187 sunt.

543 2303 717 2358 Facta
753 2299 933 2370 igitur
963 2298 1351 2370 promissione
1383 2302 1501 2353 tam
1535 2313 1746 2369 magna
1775 2301 2010 2369 tamque
2039 2295 2126 2352 di-

483 2381 680 2438 lucida
709 2380 779 2434 ad
815 2379 1128 2445 Abraham,
1161 2379 1253 2434 cui
1289 2377 1724 2434 evidentissima
1765 2377 1981 2432 dictum
2017 2379 2124 2441 est,

483 2465 709 2519 Patrem
727 2459 1043 2516 multarum
1071 2462 1314 2531 gentium
1341 2459 1499 2528 posui
1524 2464 1574 2514 te
1591 2475 1612 2520 ;
1633 2463 1682 2514 et
1712 2459 1917 2529 augebo
1935 2461 1988 2512 te
2018 2456 2130 2514 val-

483 2544 566 2610 de,
598 2551 648 2599 et
674 2559 875 2614 ponam
904 2547 954 2598 te
983 2544 1042 2596 in
1071 2551 1272 2613 gentes,
1308 2545 1357 2596 et
1388 2557 1538 2612 reges
1567 2541 1802 2596 exibunt
1832 2557 1902 2596 ex
1940 2544 1992 2596 te
2016 2557 2038 2597 :
2077 2545 2128 2596 et

478 2624 621 2682 dabo
652 2623 756 2680 tibi
783 2639 854 2680 ea:
880 2623 1048 2678 Sarra
1077 2623 1259 2692 ﬁlium
1280 2638 1300 2683 .'
1320 2626 1372 2678 et
1403 2622 1718 2678 benedicam
1742 2622 1926 2690 illum,
1948 2627 1999 2677 et
2019 2622 2130 2677 erit

481 2709 541 2762 in
569 2709 843 2772 nationes,
865 2708 919 2759 et
940 2718 1095 2772 reges
1120 2705 1360 2772 gentium
1391 2718 1460 2756 ea:
1487 2717 1550 2757 eo
1569 2707 1770 2757 erunt:
1801 2716 1977 2772 quam
2003 2698 2131 2772 pro-

479 2786 819 2842 missionem
851 2783 1087 2839 nuncin
1118 2782 1344 2838 Christo
1373 2782 1671 2837 cernimus
1703 2781 1863 2835 reddi
1889 2797 1902 2834 :
1927 2795 1994 2834 ex
2030 2780 2128 2836 illo

479 2866 756 2936 deinceps
788 2863 874 2918 illi
901 2863 1181 2932 conjuges
1225 2879 1338 2917 non
1369 2866 1654 2917 vocantur
1684 2861 1741 2916 in
1790 2860 2127 2930 Scripturis,

479 2947 636 3003 sicut
673 2952 842 2999 antea
883 2941 1256 3000 vocabantur.
1285 2941 1494 2997 Abram
1537 2951 1588 2995 et
1619 2941 1757 2996 Sara
1790 2959 1804 3007 ;
1837 2940 1938 2994 sed
1981 2941 2132 2996 sicut

481 3041 589 3081 nos
625 3038 724 3077 eos
761 3021 832 3076 ab
863 3019 1028 3072 initio
1061 3020 1420 3085 vocavimus,
1449 3017 1722 3088 quoniam
1757 3019 1980 3088 siojam
2024 3035 2132 3074 vo-

483 3107 691 3159 cantur
720 3101 792 3156 ah
823 3099 1116 3168 omnibus,
1147 3097 1442 3153 Abraham
1463 3103 1540 3161 get
1569 3099 1758 3154 Sarra.
1792 3098 1905 3154 Cur
1939 3105 2130 3157 autem

485 3187 778 3238 mutatum
828 3179 907 3235 sit
949 3195 1161 3233 nomen
1209 3177 1472 3246 Abrahae,
1524 3179 1752 3233 reddita
1800 3184 1886 3234 est
1936 3180 2130 3238 ratio:

486 3263 626 3330 Quia
653 3265 888 3332 patrem,
918 3260 1132 3328 inquit,
1164 3263 1468 3314 multarum
1487 3261 1730 3328 gentium
1742 3263 1896 3328 posui
1921 3266 1991 3316 te.
2018 3261 2132 3316 Hoc

481 3357 617 3416 ergo
638 3341 963 3412 signiﬁcare
985 3339 1424 3404 intelligendum
1449 3347 1537 3394 est
1560 3341 1850 3396 Abraham
1879 3358 1892 3396 :
1914 3343 2131 3398 Abram

481 3439 637 3492 vero,
669 3423 821 3494 quod
857 3426 990 3478 ante
1019 3421 1349 3486 vocabatur,
1383 3420 1798 3493 interpretatur
1836 3422 2000 3478 Pater
2038 3440 2132 3479 ex-

485 3503 696 3560 celsus.
730 3503 810 3558 De
859 3501 1094 3557 nomine
1137 3509 1331 3556 autem
1387 3507 1606 3556 mutqu
1653 3502 1835 3558 Sarra)
1888 3520 2000 3559 non
2046 3510 2136 3560 est

482 3583 713 3642 reddita
750 3585 896 3638 ratio
927 3599 940 3638 :
976 3582 1098 3650 sed,
1133 3582 1276 3637 sicut
1309 3583 1495 3643 aiunt,
1529 3581 1629 3652 qui
1651 3583 2008 3654 scripserunt
2039 3585 2136 3638 in-

482 3667 921 3735 terpretationes
939 3662 1240 3718 nominum
1272 3661 1652 3729 hebraeorum,
1675 3679 1801 3734 quia
1834 3663 1925 3719 his
1953 3666 2135 3721 sacris

484 3746 714 3800 Litteris
761 3743 1156 3811 continentur,
1207 3743 1348 3798 Sara
1389 3743 1804 3812 interpretatur
1862 3746 2134 3815 Princeps

485 3842 612 3881 mea
645 3845 660 3893 ;
693 3825 866 3880 Sarra
905 3831 1099 3879 autem
1150 3827 1368 3881 Virtus.
1402 3823 1564 3879 Unde
1612 3826 1896 3890 scriptum
1943 3837 2023 3881 est
2075 3827 2133 3881 in

487 3905 740 3977 Epistula
768 3905 836 3960 ad
883 3904 1153 3960 Hebraeos
1189 3920 1202 3959 :
1238 3906 1362 3958 File
1407 3909 1458 3959 et
1489 3907 1610 3964 ipsa
1656 3904 1826 3961 Sarra
1877 3908 2136 3962 virtutem

483 3988 690 4057 accepit
717 3987 786 4042 ad
815 3985 1158 4041 emissionem
1185 3985 1207 4019 ³
1234 3988 1455 4040 seminis
1483 3986 1665 4056 (llebr.
1698 4002 1778 4050 χι,
1808 3986 1921 4058 11).
1951 3990 2134 4045 Ambo

483 4077 671 4125 autem
717 4066 973 4122 seniores
1001 4066 1025 4100 ⁴
1069 4071 1254 4129 erant,
1307 4066 1459 4120 sicut
1504 4067 1799 4138 Scriptura
1845 4073 2133 4122 testatur:

484 4149 582 4206 sed
618 4149 718 4202 illa
749 4146 920 4201 etiam
954 4147 1192 4212 sterilis,
1216 4153 1273 4202 et
1298 4163 1502 4202 cruore
1534 4152 1830 4201 menstruo
1855 4150 1974 4216 jam
2011 4149 2138 4204 des-

485 4231 655 4285 tituta
679 4245 694 4297 ;
720 4233 950 4298 propter
972 4229 1125 4300 quod
1151 4229 1274 4296 jam
1301 4245 1499 4298 parere
1532 4245 1645 4282 non
1673 4233 1880 4297 posset,
1905 4227 2135 4284 etiamsi

483 4308 703 4364 sterilis
737 4324 848 4362 non
889 4308 1114 4363 fuisset.
1148 4307 1320 4362 Porro
1353 4307 1401 4361 si
1445 4306 1659 4361 femina
1691 4308 1768 4360 ita
1798 4307 1873 4360 sit
1906 4324 2136 4376 provec-

485 4389 648 4444 tioris
694 4389 904 4456 aetatis,
949 4392 1012 4443 ut
1038 4390 1087 4442 ei
1120 4387 1293 4444 solita
1338 4386 1648 4442 mulierum
1697 4387 1886 4443 adhuc
1931 4388 2133 4455 ﬂuant,

485 4469 557 4524 de
593 4470 808 4537 juvene
856 4485 1056 4540 parere
1104 4473 1310 4539 potest,
1346 4469 1415 4522 de
1465 4469 1692 4523 seniore
1735 4485 1848 4524 non
1898 4476 2132 4539 potest:

487 4551 757 4622 quamvis
779 4550 966 4606 adhuc
1001 4549 1183 4619 possit
1214 4548 1311 4604 ille
1342 4549 1553 4619 senior,
1579 4550 1678 4604 sed
1710 4552 1779 4605 de
1808 4551 2137 4608 adolescen-

491 4629 607 4686 tula
645 4629 918 4701 gignere:
952 4631 1102 4686 sicut
1147 4629 1434 4684 Abraham
1482 4639 1606 4698 post
1659 4636 1904 4686 mortem
1953 4633 2133 4687 Sarra:

483 4711 553 4766 de
583 4709 835 4766 Cetbura
876 4709 1079 4779 potuit.
1115 4709 1255 4781 quia
1284 4708 1529 4764 vividam
1563 4712 1691 4780 ejus
1732 4710 1953 4765 invenit
1994 4716 2134 4766 seta-

487 4799 623 4848 tem.
659 4790 777 4846 Hoc
823 4806 957 4856 ergo
988 4795 1078 4846 est
1108 4791 1261 4862 quod
1306 4790 1514 4845 mirum
1566 4791 1940 4845 commendat
1981 4793 2132 4859 Apo-

484 4871 692 4933 stolus,
723 4875 781 4926 et
810 4872 880 4925 ad
925 4873 1028 4928 hoc
1059 4871 1200 4927 dicit
1247 4871 1491 4927 Abrahae
1533 4873 1658 4940 jam
1710 4870 1889 4924 fuisse
1930 4887 2134 4942 corpus

485 4956 818 5007 emortuum
842 4953 1016 5022 (Rom,
1046 4969 1119 5020 ιν,
1154 4953 1274 5025 19);
1306 4953 1579 5025 quoniam
1613 4967 1726 5006 non
1759 4967 1828 5006 ex
1857 4954 2014 5006 omni
2048 4953 2136 5008 fe-

487 5031 668 5100 mina,
701 5031 791 5085 cui
813 5037 968 5086 esset
995 5032 1185 5087 adhuc
1217 5032 1448 5104 aliquod
1487 5029 1748 5103 pariendi
1780 5036 2013 5104 tempus
2035 5049 2131 5088 cx-

547 5294 563 5327 ¹
624 5292 742 5340 Am.
798 5287 882 5338 Er.
950 5289 1003 5338 et
1068 5288 1215 5343 ιον..

485 5352 795 5428 dissipavit.
848 5353 916 5401 At
955 5349 1110 5399 Vind.
1159 5351 1212 5399 et

485 5416 798 5464 dissipavit.

547 5479 568 5512 ²
598 5473 735 5526 Vind
784 5479 898 5527 Am.
933 5477 1015 5525 Er.
1049 5477 1104 5524 et
1132 5473 1379 5524 nonnulli
1407 5477 1550 5530 Mss.
1578 5476 1746 5535 fus-te.

549 5542 570 5574 ³
601 5541 932 5590 Navarraeus
959 5539 1074 5594 Ms.,
1112 5539 1169 5584 in
1210 5541 1650 5597 conceptionem;
1698 5541 2135 5593 dissentientibus

487 5603 706 5650 caeteris
734 5604 902 5652 libris.
938 5601 1130 5652 Graece
1159 5602 1257 5660 est,
1287 5600 1364 5648 eis
1393 5602 1692 5654 catabolen.

549 5662 569 5695 ⁴
601 5663 685 5712 Sic
711 5665 832 5713 Mss.
864 5665 1002 5715 Editi
1025 5666 1221 5722 autem,
1251 5677 1423 5714 senes.

1337 5286 1434 5335 uia
1497 5296 1885 5337 testamentum
1947 5299 2128 5337 meum

1310 5350 1402 5409 ει,
1450 5351 1584 5413 quia
1617 5356 2004 5400 testamentum
2033 5350 2135 5401 Dei

2219 434 2804 516 tremum.generare
2843 435 2969 507 ipse
2997 435 3057 492 in
3087 435 3186 494 illa
3225 441 3390 497 astate
3416 441 3612 498 adhuc
3651 450 3868 516 posset.

2217 511 2304 566 Ad
2337 511 2557 584 aliquid
2585 517 2736 596 enim
2765 522 3097 573 emortuum
3121 535 3332 592 corpus
3356 511 3684 596 intelligere
3704 524 3870 584 debe-

2219 605 2372 659 mus,
2405 609 2520 648 non
2571 595 2641 676 ad
2693 597 2910 655 omnia.
2943 597 3089 654 Nam
3131 601 3179 655 si
3221 602 3291 656 ad
3341 607 3564 671 omnia,
3595 621 3712 661 non
3746 608 3868 676 jam

2219 677 2489 729 senectus
2538 675 2670 742 vivi,
2721 677 2821 732 sed
2867 679 3113 735 cadaver
3158 687 3249 736 est
3293 685 3531 740 mortui.
3588 687 3872 752 Quamvis

2218 752 2391 808 etiam
2425 754 2508 810 sic
2540 755 2683 811 solvi
2715 758 2896 814 soleat
2930 761 3040 815 ista
3069 763 3332 832 quaestio,
3367 765 3525 835 quod
3551 766 3622 820 de
3651 769 3870 824 Cethu-

2221 848 2282 888 ra
2313 840 2514 916 postea
2551 837 2755 907 genuit
2793 839 3109 909 Abraham,
3141 843 3280 914 quia
3309 843 3584 916 gignendi
3627 848 3869 916 donum,

2221 914 2377 984 quod
2407 931 2442 968 a
2471 915 2717 974 Domino
2753 919 2998 990 accepit,
3031 922 3203 976 etiam
3236 914 3626 991 post'obitum
3655 914 3876 983 mansit

2221 995 2434 1078 uxoris.
2469 997 2579 1054 Sed
2621 1003 2924 1078 propterea
2963 1000 3104 1056 mihi
3143 1001 3376 1059 videtur
3397 1003 3517 1074 illa,
3552 1022 3726 1078 quam
3771 1024 3872 1064 se-

2222 1076 2339 1157 cuti
2380 1093 2607 1144 sumas,
2641 1077 2818 1150 hujus
2848 1081 3183 1151 quaestionis
3223 1084 3442 1140 solut-io
3490 1076 3872 1157 prmt‘erenda,

2222 1155 2361 1228 quia
2385 1159 2767 1237 centonarius
2796 1161 3036 1231 quidem
3067 1178 3265 1228 senex,
3292 1165 3392 1218 sed
3427 1155 3706 1237 temporis
3733 1155 3878 1224 nos?

2223 1237 2314 1304 tri,
2364 1235 2436 1320 de
2481 1238 2643 1294 nulla
2700 1245 2890 1311 potest
2941 1243 3159 1298 femina
3203 1245 3486 1316 gignere;
3540 1235 3656 1303 non
3704 1252 3870 1320 tunc,

2223 1317 2455 1390 quando
2500 1320 2688 1377 adhuc
2741 1327 2856 1378 tam
2890 1323 2987 1377 diu
3037 1325 3324 1391 vivebant,
3355 1331 3422 1381 ut
3451 1333 3686 1384 centum
3737 1317 3878 1386 anni

2224 1399 2483 1456 nondum
2515 1401 2768 1457 facerent
2801 1402 3094 1459 hominem
3115 1405 3420 1478 decrepita:
3451 1411 3796 1466 senectutis.

2224 1560 2452 1618 CAPUT
2481 1561 2670 1619 XXIX.
2700 1593 2772 1604 —
2800 1565 2876 1620 De
2902 1567 3078 1620 tribus
3109 1567 3244 1621 viris
3271 1567 3356 1622 vel
3391 1567 3629 1640 angelis,
3659 1573 3720 1625 in
3749 1575 3880 1642 qui-

2295 1644 2394 1699 bus
2421 1645 2491 1699 ad
2515 1661 2775 1716 quercum
2808 1647 3045 1704 Humbre
3075 1651 3396 1720 apparuisse
3421 1651 3658 1708 Abralw
3687 1654 3880 1710 Domi-

2293 1741 2396 1780 nus
2425 1725 2721 1784 indicatur.

2298 1859 2437 1916 Item
2462 1861 2616 1919 Deus
2647 1865 2918 1936 apparuit
2936 1864 3180 1922 Abrahae
3207 1867 3276 1920 ad
3301 1884 3584 1940 quercum
3619 1870 3883 1927 Mambre

2227 1938 2288 1997 in
2327 1942 2514 1998 tribus
2553 1943 2714 2014 viris,
2746 1961 2894 2015 quos
2929 1938 3464 2004 dubitandum—non
3503 1954 3594 2005 est
3631 1949 3884 2023 Angelos

2227 2023 2450 2092 fuisse;
2497 2026 2764 2094 quamvis
2809 2025 3050 2097 quidam
3095 2026 3434 2084 existiment
3463 2047 3648 2086 unum
3693 2033 3753 2087 in
3797 2033 3886 2087 eis

2228 2103 2408 2160 fuisse
2454 2103 2767 2160 Dominum
2814 2107 3129 2177 Christum,
3157 2116 3488 2166 asserentes
3530 2127 3665 2166 eum
3703 2112 3884 2168 etiam

2228 2192 2362 2241 ante
2407 2185 2814 2242 indumentum
2863 2189 3056 2244 carnis
3107 2192 3282 2246 fuisse
3327 2191 3613 2247 visibilem
3641 2193 3742 2264 (a).
3779 2191 3890 2248 Est

2228 2266 2465 2337 quidem
2496 2267 2702 2323 divina
2736 2271 3060 2339 potestatis,
3091 2274 3148 2325 et
3177 2271 3513 2339 invisibilis,
3546 2275 3886 2344 incorpora-

2230 2347 2302 2402 lis
2332 2347 2948 2421 incommutabilisque
2978 2357 3221 2421 naturae,
3253 2354 3378 2408 sine
3409 2352 3528 2409 ulla
3563 2355 3651 2410 sui
3685 2361 3886 2412 muta-

2227 2427 2385 2484 tione
2425 2429 2603 2484 etiam
2653 2430 2997 2488 mortalibus
3038 2433 3373 2502 aspectibus
3420 2451 3720 2506 apparere,
3764 2452 3886 2492 non

2230 2526 2332 2579 per
2352 2508 2406 2564 id
2440 2511 2593 2580 quod
2626 2515 2733 2580 est,
2756 2513 2855 2565 sed
2880 2528 2982 2583 per
3002 2512 3225 2584 aliquid
3260 2516 3412 2586 quod
3445 2516 3558 2570 sibi
3577 2517 3885 2572 subditum

2230 2594 2340 2644 est.
2374 2590 2521 2654 Quid
2552 2598 2746 2646 autem
2790 2591 2872 2647 illi
2906 2591 3206 2648 subditum
3250 2611 3367 2652 non
3424 2595 3545 2652 est?
3570 2596 3890 2652 Verumta-

2232 2686 2365 2748 men
2398 2672 2445 2726 si
2479 2677 2775 2743 prapterea
2795 2674 3147 2730 conﬁrmant
3178 2675 3386 2731 horum
3416 2677 3598 2733 trium
3627 2678 3884 2748 aliquem

2231 2741 2414 2806 fuisse
2454 2741 2772 2820 Christum,
2805 2753 2944 2824 quia
2975 2770 3110 2810 cum
3144 2763 3258 2810 tres
3288 2756 3542 2818 vidisset.
3577 2757 3644 2812 ad
3689 2741 3891 2813 Domi-

2235 2847 2371 2886 num
2423 2832 2799 2904 singulariter
2828 2840 2917 2889 est
2965 2835 3194 2890 locutus
3230 2852 3244 2890 :
3277 2837 3360 2890 sic
3390 2838 3545 2892 enim
3594 2839 3893 2905 scriptum

2234 2917 2342 2976 est,
2375 2912 2435 2965 Et
2465 2928 2582 2968 ecce
2609 2918 2718 2969 tres
2748 2916 2857 2970 viri
2879 2916 3094 2972 stabant
3113 2933 3277 2984 super
3302 2932 3446 2983 eum,
3472 2921 3522 2972 et
3549 2916 3740 2973 videns
3758 2934 3896 2987 pro-

2231 2994 2475 3046 cucurrit
2495 2993 2708 3048 obviam
2732 2994 2848 3049 illis
2867 2996 2938 3050 ub
2959 2997 3096 3050 ostio
3118 2996 3452 3051 tabernaculi
3471 2999 3580 3062 sui,
3603 3003 3657 3052 et
3671 2999 3896 3052 adora-

2233 3071 2312 3127 vit
2339 3088 2500 3142 super
2531 3077 2758 3138 terram,
2791 3083 2841 3129 et
2864 3075 3012 3131 dicit
3040 3093 3061 3132 :
3094 3077 3335 3144 Domine,
3357 3076 3406 3132 si
3427 3077 3613 3133 inveni
3633 3077 3893 3148 gratiam

2235 3156 2372 3206 ante
2400 3162 2449 3206 te
2481 3151 2634 3221 (Gen.
2666 3170 2825 3219 xvm,
2868 3155 3002 3222 1-3),
3037 3161 3093 3211 et
3124 3165 3328 3212 caetera
3359 3173 3372 3213 :
3403 3173 3511 3214 cur
3548 3173 3662 3212 non
3707 3157 3895 3214 etiam

2237 3229 2383 3286 illud
2423 3233 2748 3300 advertunt,
2784 3235 2931 3289 duos
2962 3252 3028 3290 ex
3074 3236 3157 3291 eis
3189 3237 3434 3304 venisse,
3467 3243 3531 3291 ut
3573 3236 3897 3293 Sodomita

2237 3310 2588 3380 delerentur,
2612 3330 2745 3368 cum
2779 3316 2967 3370 adhuc
2992 3315 3272 3371 Abraham
3308 3317 3376 3372 ad
3413 3332 3592 3372 unum
3631 3317 3901 3388 loquere-

2240 3400 2349 3459 tur,
2397 3392 2704 3448 Domiuuin
2750 3395 3070 3466 appellans,
3101 3403 3158 3451 et
3186 3396 3551 3454 intercedens
3599 3414 3666 3451 ne
3707 3399 3898 3454 simul

2231 3474 2458 3541 justum
2493 3489 2624 3529 cum
2659 3475 2839 3546 impio
2867 3477 2923 3530 in
2955 3477 3222 3532 Sodomis
3261 3477 3576 3546 perderet?
3607 3478 3745 3534 Illos
3787 3496 3896 3534 au—

2240 3557 2352 3610 tem
2386 3555 2533 3610 duos
2580 3557 2661 3609 sic
2693 3557 2952 3627 suscepit
2990 3558 3110 3624 Lot,
3147 3566 3210 3612 ut
3239 3560 3417 3614 etiam
3466 3562 3590 3630 ipse
3619 3561 3677 3613 in
3717 3561 3899 3616 collo-

2242 3635 2374 3707 quio
2407 3653 2536 3690 cum
2569 3635 2684 3690 illis
2725 3653 2831 3691 suo
2861 3639 3239 3706 singulariter
3278 3638 3590 3694 Dominum
3635 3640 3902 3708 appella-

2241 3724 2324 3772 ret
2357 3719 2395 3770 ί.
2432 3721 2572 3771 Nam
2614 3733 2744 3772 cum
2776 3720 2859 3772 eis
2897 3719 3198 3787 pluraliter
3233 3720 3490 3785 dixisset,
3521 3723 3671 3785 Ecce,
3720 3721 3895 3777 domi-

2239 3795 2322 3858 ui,
2355 3797 2626 3854 declinare
2657 3804 2711 3850 in
2757 3799 2977 3854 domum
3021 3802 3187 3870 pueri
3215 3805 3396 3870 vestri,
3428 3815 3480 3856 et
3511 3811 3722 3856 cetera
3769 3817 3898 3872 quo

2239 3876 2318 3930 ibi
2345 3877 2654 3933 dicuntur:
2691 3884 2891 3950 postea
2921 3888 3114 3934 tamen
3149 3882 3230 3935 ita
3251 3882 3483 3952 legitur,
3509 3883 3568 3936 Et
3589 3887 3900 3938 tenuerunt

2239 3958 2432 4028 Angeli
2461 3977 2684 4014 manum
2715 3962 2853 4029 eius,
2884 3971 2935 4018 et
2963 3978 3188 4016 manum
3215 3966 3412 4019 uxoris
3440 3965 3578 4029 eius,
3611 3976 3662 4020 et
3691 3979 3900 4021 manus

2239 4041 2482 4096 duarum
2511 4042 2757 4111 ﬁliarum
2775 4043 2917 4113 ejus,
2951 4045 3012 4098 in
3041 4042 3063 4078 ²
3090 4059 3153 4099 eo
3185 4048 3335 4115 quod
3352 4057 3597 4116 parceret
3623 4047 3901 4102 Dommus

2239 4124 2367 4193 ipsi.
2402 4125 2462 4179 Et
2491 4130 2700 4192 factum
2729 4135 2824 4190 est,
2855 4139 2984 4179 mos:
3013 4129 3074 4179 ut
3100 4125 3414 4181 eduxerunt
3442 4126 3609 4182 illum
3637 4131 3816 4196 foras,
3849 4135 3904 4182 et

2237 4205 2502 4258 dixerunt
2529 4221 2548 4258 :
2575 4205 2797 4260 Salvam
2832 4208 2924 4274 [ac
2969 4207 3217 4261 anisnam
3261 4212 3437 4272 luam,
3464 4222 3534 4265 ne
3581 4206 3902 4274 respexeris

2239 4294 2406 4347 retro,
2439 4300 2535 4338 nec
2561 4286 2779 4338 steteris
2810 4285 2864 4338 in
2897 4291 3006 4339 tota
3029 4286 3249 4354 regione
3266 4303 3287 4342 :
3311 4289 3369 4340 in
3396 4292 3582 4342 monte
3609 4287 3832 4341 saluum
3850 4294 3902 4342 te

2235 4362 2347 4430 fac,
2382 4378 2449 4417 ne
2491 4363 2706 4434 quando
2744 4365 3243 4434 comprehendaris.
3277 4367 3435 4422 Dixit
3462 4369 3646 4421 autem
3687 4366 3785 4421 Lot
3827 4367 3900 4423 ad

2240 4442 2402 4498 illos:
2437 4443 2560 4509 Oro,
2585 4445 2839 4514 Domine,
2869 4445 3242 4518 quia‘invenit
3269 4463 3408 4518 puer
3437 4456 3560 4503 tuus
3579 4448 3897 4503 misericor-

2304 4727 2320 4762 ί
2354 4723 2478 4774 Sola
2505 4723 2666 4772 editio
2695 4722 2842 4777 Lov.,
2875 4720 2936 4769 in
2966 4721 3240 4784 colloquio
3284 4736 3385 4770 suo
3412 4735 3540 4770 eum
3582 4719 3708 4769 illis
3753 4720 3904 4770 duo:

2237 4785 2613 4849 singulariter
2645 4785 3143 4849 Dominumappel
3166 4793 3304 4849 aret.

2303 4846 2638 4903 5rPerticalis.
2669 4848 2751 4902 in.
2782 4848 2929 4896 deest
2949 4846 3033 4895 in‘
3058 4847 3213 4897 editls
3243 4861 3255 4897 :
3303 4846 3398 4896 sed
3429 4846 3659 4898 habetur
3684 4846 3744 4897 in
3782 4858 3899 4899 orn-

2238 4910 2804 4978 nlhus_manuscrlptis
2831 4909 3370 4978 iuxta:§eptnaginta.
3407 4973 3422 4978 _
3509 4970 3539 4978 Δ
3661 4976 3663 4978 η

2304 4978 2374 5052 (et:
2405 4976 2486 5052 ita
2513 4969 2805 5052 dgcuerunt
2831 4969 3361 5052 ’lj‘ertulliapus.;libll:i
3391 4970 3672 5052 (ξε-αξξυς
3694 4969 3901 5052 Ehﬁst!

2239 5034 2411 5102 capite
2437 5038 2486 5092 6.
2543 5036 2738 5087 Contra
2769 5037 3015 5089 Judaeos.
3051 5048 3164 5099 cap.
3213 5034 3262 5096 9,
3301 5035 3499 5085 Contra
3546 5034 3901 5092 Marcionem.

2237 5101 2408 5151 lib.‘2.
2445 5114 2558 5162 cap.
2606 5099 2687 5154 27.
2718 5101 2772 5148 et
2802 5098 2896 5147 lib.
2939 5097 2989 5151 3.
3032 5110 3146 5161 cap.
3195 5096 3256 5162 9.
3294 5098 3558 5162 alibique;
3597 5097 3896 5162 _Irenaeus.

2237 5163 2375 5212 libro
2402 5163 2450 5217 3.
2482 5159 2596 5224 cap.
2628 5162 2676 5220 6,
2707 5165 2760 5211 et
2782 5162 2920 5209 libro
2948 5162 2995 5212 4.
3040 5159 3152 5223 cap.
3200 5160 3293 5216 26;
3330 5159 3568 5224 Clemens
3597 5159 3899 5224 Romanus.

2239 5221 2689 5276 Constitutionum
2749 5221 3172 5286 Apostolicaru'm
3243 5224 3414 5285 capite
3479 5221 3539 5274 21
3572 5223 3902 5286 ;_Jnetinus

2237 5289 2458 5352 Martyr,
2514 5289 2579 5352 ini
2625 5283 2840 5352 Dialogo
2885 5289 3072 5352 contra
3115 5283 3493 5352 Thryplionem
3541 5299 3591 5352 ;_
3610 5283 3898 5352 Eusebius,

2238 5347 2500 5401 Historiae
2545 5347 2939 5401 Ecclesiasticae
2980 5350 3118 5398 libro
3173 5347 3237 5409 t,‘
3264 5347 3394 5411 icap.
3448 5348 3496 5398 2.
3557 5347 3902 5398 Probabilior

2237 5416 2528 5479 tamen‘est
2567 5413 2836 5479 sententia
2862 5412 3161 5479 Augustini,
3184 5425 3370 5479 quam
3413 5411 3572 5479 etiam
3603 5411 3805 5479 profert
3835 5411 3896 5479 in

2237 5479 2374 5546 libro
2416 5477 2445 5523 2
2473 5478 2537 5526 de
2565 5477 2838 5548 Trinitatis,
2869 5489 2923 5524 n.
3181 5473 3240 5548 in
3270 5475 3407 5548 libro
3440 5473 3470 5524 2
3497 5476 3684 5548 contra
3709 5473 3898 5523 Mauri-

2238 5540 2463 5598 minum,
2520 5552 2634 5600 cap.
2695 5537 2775 5597 26,
2824 5551 2914 5586 nn.
2973 5537 3004 5586 5
3067 5541 3120 5588 et
3190 5537 3258 5594 6;
3321 5537 3408 5586 cut
3481 5537 3710 5600 denique
3763 5549 3901 5586 con-

2239 5601 2784 5709 Eeorggitmﬁmhrosiue,
2845 5601 2983 5650 libro
3057 5600 3080 5648 1
3155 5600 3220 5650 de
3282 5599 3568 5655 Abraham.
3641 5609 3758 5659 cap.
3841 5597 3894 5646 5.

2281 5677 2499 5716 οοῠλιῠβ.
