4138 6192
258 347 370 411 800

250 482 396 539 ἀέσαι
442 490 570 538 ante
596 490 667 548 te,
696 489 751 539 et
780 499 909 555 quas
955 491 1301 556 sequuntur.
1330 485 1551 543 Deinde
1598 488 1733 556 post
1776 484 1898 541 hac

250 564 420 619 verba
448 564 825 634 singulariter
854 561 937 617 illi
968 566 1269 636 respondit
1315 571 1372 621 et
1410 566 1716 635 Dominus,
1765 580 1900 621 cum

248 643 310 701 in
338 643 568 699 duobus
589 643 830 714 Angelis
859 650 1031 710 esset,
1054 646 1274 717 dicens,
1295 648 1427 703 Ecce
1446 648 1687 702 miratus
1700 661 1861 701 suum
1880 647 1897 681 ¹

246 724 444 797 faciem
472 728 626 779 luam
656 723 809 795 (Gen.
835 741 952 790 xxx,
989 725 1168 797 2-21),
1192 736 1245 782 et
1292 735 1515 784 caetera.
1540 726 1701 783 Unde
1749 724 1901 781 mul-

246 810 305 861 to
353 809 440 861 est
488 803 845 872 credibilius,
878 806 1030 876 quod
1079 814 1138 862 et
1165 807 1458 863 Abraham
1510 808 1567 863 in
1610 808 1797 862 tribus
1841 810 1899 860 et

248 883 350 941 Lot
380 884 440 940 in
466 884 699 939 duobus
719 884 860 940 viris
895 886 1203 941 Dominum
1237 888 1651 957 agnoscebant,
1675 886 1767 942 cui
1800 901 1898 958 per

246 962 607 1032 singularem
632 978 944 1019 numerum
977 964 1387 1036 loquebantur,
1421 968 1595 1022 etiam
1633 982 1767 1022 cum
1798 980 1897 1020 eos

245 1042 516 1103 homines
545 1060 673 1100 esse
703 1043 1124 1100 arbitrarentur
1154 1063 1168 1101 :
1205 1062 1390 1117 neque
1419 1046 1577 1102 enim
1618 1046 1790 1102 aliam
1823 1046 1896 1100 ob

243 1137 479 1183 ausam
510 1125 595 1181 sie
640 1139 740 1180 eos
766 1131 1174 1197 susceperunt,
1209 1132 1270 1182 ut
1313 1132 1594 1199 tanquam
1641 1123 1899 1182 mortali-

242 1206 353 1263 bus
387 1210 444 1261 et
487 1205 747 1262 humana
789 1206 1105 1263 refectione
1148 1208 1554 1281 indigentibus
1599 1209 1898 1263 ministra-

241 1292 372 1343 rent
406 1302 420 1343 :
452 1287 551 1342 sed
572 1292 699 1342 erat
718 1286 980 1358 profecto
1011 1287 1248 1358 aliquid,
1272 1304 1384 1360 quo
1416 1290 1499 1344 ita
1520 1287 1896 1358 excellebant,

238 1365 375 1423 licet
416 1370 701 1439 tanquam
737 1368 1024 1435 homines,
1060 1374 1124 1424 ut
1162 1369 1221 1425 in
1268 1370 1351 1425 eis
1380 1386 1510 1425 esse
1558 1370 1896 1436 Dominum,

239 1448 397 1503 sicut
416 1462 545 1503 esse
567 1447 784 1503 assolet
806 1449 865 1503 in
892 1449 1215 1519 Prophetis,
1241 1450 1298 1506 hi
1321 1451 1423 1522 qui
1448 1452 1896 1523 hospitalitatem

238 1527 360 1584 illis
390 1528 762 1596 exhibebant,
792 1529 1057 1585 dubitare
1097 1546 1212 1586 non
1252 1539 1487 1601 possent
1514 1550 1530 1600 ;
1564 1538 1738 1603 atque
1766 1532 1898 1587 ideo

239 1614 296 1665 et
344 1609 504 1679 ipsos
526 1607 846 1680 aliquando
897 1609 1220 1680 pluraliter,
1257 1616 1313 1668 et
1341 1611 1400 1666 in
1449 1612 1533 1669 eis
1580 1613 1896 1669 Dominum

238 1689 560 1760 aliquando
584 1690 960 1761 singulariter
979 1692 1348 1763 appellabant
1372 1694 1411 1747 ³.
1439 1695 1681 1764 Angelos
1701 1699 1895 1750 autem

239 1770 426 1827 fuisse
448 1770 749 1842 Scriptura
778 1775 1048 1837 testatur,
1072 1789 1185 1829 non
1220 1772 1407 1829 solum
1432 1774 1489 1828 in
1524 1774 1630 1830 hoc
1654 1774 1896 1830 Genesis

237 1849 413 1918 libro,
444 1850 544 1905 ubi
587 1850 708 1906 haec
757 1856 923 1922 gesta
971 1858 1332 1921 narrantur;
1365 1870 1565 1910 verum
1614 1855 1789 1910 etiam
1834 1854 1895 1910 in

237 1930 500 2002 Epistula
532 1931 603 1986 ad
636 1930 930 2002 Hebraeos,
966 1932 1085 2001 ubi,
1118 1951 1247 1989 cum
1290 1934 1660 2006 hospitalitas
1693 1934 1898 1990 lauda-

238 2016 422 2077 retur,
456 2013 566 2067 Per
593 2011 755 2080 hanc,
778 2012 991 2085 inquit,
1007 2015 1178 2069 etiam
1196 2015 1428 2086 quidam
1456 2017 1751 2071 nescientes
1782 2015 1897 2070 hos-

230 2091 378 2163 pitio
408 2097 728 2163 receperunt
756 2094 988 2165 Angelos
1012 2095 1197 2165 (Hebr.
1230 2112 1357 2160 xm,
1386 2096 1462 2165 2).
1497 2096 1603 2150 Per
1633 2095 1763 2150 illos
1794 2094 1895 2166 igi-

236 2177 337 2227 tur
367 2177 482 2228 tres
512 2174 686 2238 viros,
709 2189 840 2229 cum
873 2190 1079 2229 rursus
1104 2174 1261 2229 ﬁlius
1293 2175 1448 2229 Isaac
1474 2174 1544 2229 de
1566 2174 1738 2229 Sarra
1769 2189 1897 2243 pro-

235 2252 575 2308 mitteretur
610 2253 877 2321 Abrahe,
906 2253 1168 2309 divinum
1208 2254 1411 2308 datum
1444 2258 1529 2307 est
1567 2254 1742 2308 etiam
1787 2252 1900 2306 tale

238 2346 616 2401 responsum,
651 2336 709 2387 ut
755 2332 1059 2399 diceretur,
1092 2332 1370 2388 Abraham
1393 2334 1496 2388 erit
1540 2334 1599 2387 in
1643 2324 1899 2401 gentem'

235 2427 515 2481 magnam
543 2416 593 2466 el
622 2412 878 2480 multam,
900 2422 951 2468 et
985 2412 1369 2469 benedicentur
1397 2414 1457 2467 in
1477 2428 1537 2467 eo
1558 2428 1745 2468 omnes
1768 2427 1899 2480 gen-

240 2497 324 2545 tes
356 2493 520 2545 terra:
541 2489 698 2561 (Gen.
731 2507 889 2555 xvm,
928 2490 1035 2564 18).
1069 2492 1134 2547 Et
1162 2492 1259 2548 hic
1290 2493 1403 2546 duo
1435 2491 1533 2547 illa
1566 2492 1901 2547 brevissime

240 2569 717 2642 planissimeque
738 2572 1025 2641 promissa
1050 2577 1206 2639 sunt,
1222 2588 1364 2643 gens
1382 2571 1554 2627 Israel
1575 2572 1895 2628 secundum

245 2664 512 2716 carnem,
541 2656 595 2705 et
626 2666 831 2706 omnes
860 2657 1064 2723 gentes
1094 2653 1418 2708 secundum
1451 2652 1649 2707 fidem.

235 2807 479 2868 CAPUT
507 2804 669 2877 XXX.
721 2840 791 2851 —
837 2810 910 2867 De
938 2812 1034 2868 Lot
1080 2828 1113 2867 a
1154 2811 1402 2869 Sodomis
1448 2811 1700 2879 liberato,
1740 2820 1903 2881 atque

297 2890 513 2949 eisdem
532 2889 746 2947 caelesti
775 2892 902 2960 igne
931 2893 1267 2961 consumptis
1294 2908 1313 2951 ,'
1346 2895 1395 2946 et
1437 2890 1500 2946 de
1538 2891 1850 2947 Abimeteclt
1880 2906 1901 2952 :

300 2972 471 3039 cuius
511 2972 956 3044 concupiscentia
1011 2970 1255 3028 castitati
1306 2971 1489 3027 Sarrae
1546 2986 1737 3028 nocere
1789 2987 1901 3027 non

298 3055 512 3127 potuit.

293 3193 442 3250 Post
502 3193 649 3249 hanc
711 3190 1157 3263 promissionem
1217 3190 1466 3247 liberato
1508 3192 1580 3247 de
1622 3189 1896 3247 Sodomis

229 3276 350 3341 Lot,
407 3278 473 3331 et
520 3274 788 3328 veniente
838 3271 1003 3341 igneo
1052 3271 1237 3326 imbre
1286 3272 1357 3327 de
1422 3270 1587 3337 cmlo,
1634 3276 1751 3327 tota
1794 3271 1898 3325 illa

232 3356 384 3427 regio
436 3355 636 3425 impias
690 3352 940 3408 civitatis
990 3351 1048 3406 in
1100 3354 1354 3407 cinerem
1403 3368 1573 3407 versa
1625 3357 1734 3418 est,
1795 3350 1894 3405 ubi

231 3440 432 3507 stupra
458 3436 529 3491 ‘i'n
558 3434 852 3491 masculos
881 3433 941 3487 in
974 3437 1199 3488 tantum
1232 3431 1715 3488 consuetudinem
1751 3447 1899 3486 con-

231 3517 563 3583 valuerant,
593 3521 874 3589 quantum
919 3513 1071 3583 leges
1103 3513 1293 3569 solent
1326 3513 1576 3568 aliorum
1610 3514 1894 3567 laetorum

231 3602 491 3667 prmbere
523 3598 816 3654 licentiam
848 3596 945 3666 (a).
1001 3594 1210 3650 Verum
1276 3598 1332 3647 et
1364 3593 1470 3647 hoc
1522 3609 1722 3647 eorum
1742 3608 1895 3661 sup-

237 3678 477 3748 plicium
529 3679 829 3749 specimen
877 3676 1053 3731 futuri
1105 3674 1312 3743 judicii
1356 3673 1539 3727 divini
1593 3673 1716 3726 fuit.
1752 3672 1896 3727 Nam

235 3773 347 3830 quo
372 3758 630 3829 pertinet
656 3758 806 3829 quod
862 3755 1137 3826 prohibiti
1188 3759 1331 3808 sunt
1368 3755 1466 3825 qui
1498 3753 1900 3807 liberabantur

232 3840 301 3893 ab
335 3838 582 3910 Angelis
614 3847 761 3893 retro
795 3836 1102 3906 respicere,
1135 3834 1248 3889 nisi
1282 3836 1419 3905 quia
1450 3849 1561 3889 non
1582 3840 1673 3888 est
1698 3834 1896 3887 animo

236 3916 601 3975 redeundum
650 3920 719 3973 ad
768 3922 1017 3973 veterem
1066 3917 1263 3983 vitam,
1332 3931 1447 3985 qua
1502 3930 1606 3985 per
1654 3914 1899 3983 gratiam

235 4007 612 4073 regeneratus
663 4000 915 4064 exuitur,
950 3997 997 4051 si
1037 3996 1312 4051 ultimum
1341 3996 1579 4050 evadere
1602 3994 1897 4065 judicium

236 4082 565 4152 cogitamus
619 4081 649 4136 ?
710 4079 975 4148 Denique
1053 4092 1195 4131 uxor
1262 4076 1386 4142 Lot,
1465 4074 1564 4129 ubi
1625 4076 1895 4143 respexit,

238 4162 523 4217 remansit
556 4166 655 4227 ;et
686 4159 744 4215 in
778 4162 962 4213 salem
995 4173 1277 4214 conversa
1308 4156 1463 4228 (Gen.
1497 4155 1612 4227 xix)
1648 4154 1901 4210 homini-

241 4241 345 4297 bus
404 4242 683 4297 ﬂdelibus
752 4241 1051 4311 quoddam
1130 4238 1394 4306 prastitit
1437 4239 1898 4304 condimentum,

243 4338 349 4393 quo
371 4325 612 4393 sapiant
634 4321 878 4393 aliquid,
906 4320 1057 4374 unde
1082 4319 1215 4372 illud
1252 4321 1522 4373 caveatur
1545 4315 1898 4386 exemplum.

244 4401 622 4457 lnde‘rursus
651 4400 941 4456 Abraham
988 4398 1121 4453 fecit
1158 4398 1216 4451 in
1256 4396 1488 4451 Geraris
1520 4395 1673 4460 apud
1708 4409 1900 4464 regem

243 4480 495 4537 civitatis
563 4478 719 4536 illius
778 4476 1137 4541 Abimelech,
1197 4478 1349 4547 quod
1415 4476 1475 4531 in
1531 4475 1775 4547 (Egypto
1832 4474 1903 4529 de

245 4563 492 4635 conjuge
524 4561 754 4627 fecerat,
779 4562 951 4633 eique
990 4560 1210 4614 intacta
1240 4556 1510 4611 similiter
1539 4556 1766 4610 reddita
1795 4564 1900 4611 est.

243 4639 344 4697 Ubi
393 4634 539 4700 sane
598 4641 885 4697 Abraham
919 4638 1255 4711 objurgsnti
1303 4638 1423 4704 regi
1473 4651 1574 4690 cur
1626 4634 1906 4690 tacuisset

245 4734 504 4790 uxorem,
539 4736 916 4794 sororemque
938 4720 1196 4785 dixisset,
1231 4716 1497 4788 aperiens
1527 4715 1664 4784 quid
1686 4715 1905 4770 timue-

243 4804 545 4870 rit,-etiam
575 4803 685 4859 hoc
726 4802 953 4858 addidit
1000 4816 1015 4855 :
1064 4800 1279 4855 Etenim
1308 4812 1432 4852 vere
1467 4811 1621 4851 soror
1664 4810 1785 4849 mea
1827 4797 1907 4849 est

244 4882 304 4941 de
349 4890 534 4958 patre,
576 4880 677 4942 sed
698 4898 816 4940 non
866 4882 933 4938 de
978 4885 1154 4937 matre
1175 4878 1333 4951 (Gen.
1369 4891 1463 4945 six,
1512 4876 1567 4947 2)
1620 4875 1808 4947 :quia
1836 4875 1907 4931 de

312 5130 327 5165 ¹
360 5126 521 5181 Editi.
555 5125 858 5175 miseratus
885 5137 1031 5173 sum.
1069 5121 1255 5172 Verius
1284 5119 1429 5178 Mam,
1461 5118 1704 5168 miratus
1733 5132 1861 5181 sum
1890 5131 1909 5166 :

250 5201 373 5239 nam
386 5180 589 5264 graece
617 5192 699 5264 est
727 5188 869 5252 apud
898 5186 1042 5264 ξτΧΧ,
1088 5184 1431 5237 ethaumasa,
1476 5183 1618 5245 quod
1660 5181 1747 5230 hic
1774 5180 1911 5230 forte

250 5256 427 5364 σομῄ
461 5256 699 5319 respexi.
730 5256 1009 5299 reveritus
1037 5262 1185 5295 sum.

315 5314 339 5349 ²
366 5378 377 5379 7
430 5329 459 5365 ο
486 5316 614 5379 Mss.
634 5306 785 5379 ‘Bditi
813 5322 957 5379 vero.
1007 5319 1057 5379 et
1088 5310 1228 5379 ipsos
1266 5307 1576 5379 aliquando
1598 5304 1911 5379 pluraliter

257 5386 317 5424 ut
344 5378 623 5440 dominos,
655 5376 966 5440 aliquando
992 5368 1378 5436 sinjulariref
1414 5378 1475 5417 ut
1526 5368 1587 5417 in
1629 5368 1709 5416 eis
1736 5368 1907 5417 domi-

264 5415 962 5505 estimates?”
1413 5415 1470 5505 ξ
1572 5415 1603 5505 ἡ,

325 5503 345 5537 ³
376 5494 526 5558 [ιοὖᾷ
559 5511 622 5552 ut
648 5502 924 5551 diceretur
956 5498 1030 5548 ad
1058 5495 1357 5552 Abraham,
1404 5494 1535 5543 Erit
1580 5494 1665 5558 in‘
1690 5498 1910 5554 gentem

264 5555 531 5624 magnam
560 5574 609 5615 et
639 5566 897 5613 multum.
923 5561 1063 5610 Bdlti
1096 5559 1188 5609 alii
1229 5560 1283 5607 et
1328 5555 1671 5619 mamiscripti
1699 5567 1910 5605 consen-

260 5620 410 5692 tiunt
439 5636 566 5692 cum
580 5627 950 5692 Septuaginta.

330 5688 408 5751 (α)
438 5687 583 5740 Cant.
614 5681 917 5754 ειίρηῖω).
946 5685 1029 5742 tt.
1058 5697 1173 5748 cap.
1210 5681 1288 5738 ts.
1316 5681 1487 5731 meo.

1468 347 1709 411 LIBER
1750 346 2090 412 DECIMUS
2133 353 2461 421 SEXTUS.

3550 372 3672 436 510

2007 492 2175 582 patre
2221 508 2327 583 suo
2374 512 2539 583 soror
2581 507 2704 556 erat
2752 500 3014 568 Abraha,
3068 504 3140 559 de
3188 521 3303 575 quo
3340 508 3670 583 propinqua

2009 578 2138 658 ejus
2185 578 2574 658 e_rat._Tanta
2629 586 2825 638 autem
2899 584 3350 653 pulchritudinis
3416 578 3665 658 fuit,'ut

2010 652 2183 708 etiam
2212 655 2271 710 in
2306 656 2404 713 illa
2433 664 2599 715 atate
2624 673 2816 733 posset
2851 652 3136 720 adamari.

2005 815 2241 875 CAPUT
2272 820 2458 879 ΧΧΧΙ.
2519 854 2588 867 -
2617 827 2693 881 De
2721 828 2873 883 Isaac
2903 829 3208 885 secundum
3251 832 3669 903 promissionem

2078 904 2234 1035 uel};
2272 904 2367 957 cui
2415 919 2613 961 nomen
2659 922 2730 963 ea:
2779 910 2900 964 risu
2948 910 3239 984 utriusque
3291 917 3543 985 parentis
3589 919 3671 972 est

2091 995 2151 1034 in
2197 995 2353 1035 iam.

2091 995 2353 1038 inuitum.

2042 1194 2054 1208 .
2078 1114 2213 1171 Post
2243 1116 2567 1208 bas;c_nat_us
2597 1128 2700 1208 est
2755 1126 3021 1208 Abrahae,
3070 1132 3385 1187 secundum
3422 1135 3672 1204 promis-

2005 1198 2231 1252 sionem
2294 1198 2413 1281 Dei,
2452 1201 2543 1281 de
2588 1206 2758 1260 Sarra
2813 1206 2991 1274 illius,
3045 1225 3295 1281 eumque
3346 1198 3670 1269 nominavit

2003 1283 2189 1340 Isaac,
2243 1280 2398 1347 quod
2448 1280 2871 1355 interpretatur
2920 1287 3113 1344 Risus.
3160 1280 3387 1348 Riserat
3425 1293 3579 1348 enim
3610 1299 3669 1350 et

2007 1362 2182 1446 pater,
2235 1360 2468 1446 quando
2528 1362 2588 1446 rei
2678 1366 3005 1435 promissus
3057 1374 3164 1437 est,
3234 1372 3536 1429 admirans
3606 1374 3665 1429 in

2003 1436 2282 1523 gaudio:
2335 1439 2538 1495 riserat
2582 1448 2638 1523 et
2688 1452 2893 1512 mater,
2941 1452 3175 1520 quando
3222 1467 3325 1521 per
3367 1452 3499 1507 illos
3546 1458 3664 1509 tres

2002 1516 2156 1570 viros
2206 1516 2417 1600 iterum
2453 1522 2782 1590 promissus
2823 1534 2929 1592 est,
2957 1516 3246 1585 ‘dubitans
3289 1530 3348 1585 in
3398 1531 3608 1600 gaudio
3647 1549 3661 1599 ;

2005 1598 2274 1680 quamvis
2296 1602 2678 1669 exprobrante
2703 1607 2908 1676 angelo
2934 1610 3087 1680 quod
3114 1614 3263 1665 risus
3290 1598 3413 1680 ille,
3432 1598 3665 1668 etiamsi

2002 1677 2199 1762 gaudii
2235 1678 2361 1762 fuit,
2398 1686 2588 1737 tamen
2627 1686 2807 1755 plenas
2841 1677 2972 1742 ﬁdei
3017 1706 3130 1745 non
3164 1690 3271 1745 fuit
3311 1677 3467 1762 (Gen.
3501 1708 3662 1761 xvm,

2004 1756 2215 1841 i245).
2260 1759 2398 1815 Post
2435 1762 2507 1817 ab
2547 1766 2750 1822 eodem
2802 1768 3008 1841 angelo
3049 1772 3107 1825 in
3158 1772 3271 1826 ﬁde
3320 1756 3494 1828 etiam
3527 1756 3669 1830 con;

2001 1836 2371 1924 ﬁrmataest.
2401 1841 2483 1924 Ex
2512 1842 2621 1901 hoc
2664 1863 2798 1919 ergo
2830 1836 2975 1920 puer
3007 1868 3217 1906 nomen
3240 1854 3482 1924 accepit.
3515 1858 3660 1911 Nam

2002 1919 2155 2004 quod
2205 1918 2495 2004 risusille
2544 1941 2661 1981 non
2711 1918 2781 1981 ad
2832 1918 3196 1986 irridendum
3248 1918 3659 2004 opprobrium.

2002 1998 2102 2082 sed
2162 1998 2234 2052 ad
2309 1999 2727 2060 celebrandum
2784 2010 3064 2078 gaudium
3120 1998 3464 2082 pertinebat,
3524 2019 3662 2069 nato

2002 2077 2183 2167 Isaac,
2216 2086 2269 2133 et
2289 2096 2360 2167 eo
2406 2085 2640 2167 nomine
2672 2077 2889 2154 vocato,
2938 2077 3496 2147 Sarra'monstravit
3539 2093 3665 2158 ;ait

2005 2160 2243 2246 quippe,
2296 2160 2481 2246 ltisum
2538 2163 2703 2219 mihil
2756 2168 2885 2235 fecit
2940 2170 3201 2223 Dominus
3258 2187 3279 2231 ;
3335 2174 3665 2243 quicumque

2002 2239 2155 2323 enim
2202 2239 2468 2323 audierit,
2517 2247 2878 2313 rongaudebit
2929 2250 3074 2304 mihi
3112 2252 3214 2319 (Id.
3260 2239 3377 2316 xxi,
3421 2253 3501 2323 6).
3549 2239 3661 2307 Sed

2004 2321 2138 2389 post
2167 2320 2599 2404 aliquantulum
2624 2332 2856 2397 tempus
2886 2330 3099 2385 ancilla
3132 2334 3201 2387 de
3233 2333 3403 2387 domo
3430 2320 3661 2404 ejicitur

2004 2413 2138 2483 cum
2173 2398 2292 2455 filio
2320 2418 2447 2483 suo,
2480 2410 2537 2459 et
2566 2406 2680 2460 duo
2705 2407 2802 2461 illa
2832 2412 3155 2465 secundum
3187 2398 3527 2483 Apostolu'm
3562 2414 3665 2469 Te~

2004 2481 2282 2534 stamenta
2317 2481 2745 2553 signiﬁcantur,
2779 2494 2941 2544 vetus
2971 2497 3029 2544 et
3060 2481 3269 2547 novum
3307 2507 3321 2546 ε
3356 2494 3452 2547 ubi
3485 2496 3662 2549 Sarra

2002 2557 2105 2645 illa
2154 2558 2172 2593 ί
2221 2577 2488 2631 supernae
2534 2566 2877 2637 Jerusalem,
2943 2571 3049 2627 hoc
3099 2578 3188 2627 est
3236 2573 3483 2629 civitatis
3532 2574 3660 2645 Dei,

2005 2639 2252 2711 figuram
2294 2646 2442 2713 gerit
2480 2646 2684 2713 (Gatat.
2729 2666 2807 2719 v1,
2836 2651 2949 2722 26).

2004 2797 2233 2856 CAPUT
2256 2800 2480 2884 XXXII.
2514 2838 2583 2848 —
2610 2807 2685 2861 De
2715 2808 3027 2865 obedientia
3055 2815 3107 2866 et
3130 2811 3238 2879 ﬁde
3260 2812 3519 2879 Abrahz,
3552 2829 3661 2884 qua

2074 2897 2176 2951 per
2211 2881 2552 2941 oblationem
2584 2889 2910 2944 immolandi
2948 2890 3059 2960 ﬁlii
3086 2892 3350 2961 probatus
3378 2902 3483 2959 est,
3512 2881 3571 2949 et
3591 2893 3657 2950 de

2075 2973 2251 3022 morte
2282 2965 2482 3021 Sarra.

2076 3091 2126 3146 1.
2179 3090 2334 3147 Inter
2380 3093 2517 3157 haec,
2566 3109 2693 3164 quae
2733 3094 2933 3151 omnia
2981 3112 3437 3155 commemorare
3477 3098 3655 3157 nimis

2001 3171 2243 3243 longum
2315 3177 2424 3239 est,
2482 3178 2744 3229 tentatur
2791 3175 3100 3247 jAbraham
3162 3178 3232 3234 de
3295 3179 3656 3235 immolando

2002 3251 2383 3307 dilectissimo
2416 3252 2534 3308 filio
2568 3256 2698 3324 ipso
2732 3257 2914 3323 Isaac,
2948 3264 3011 3311 ut
3052 3258 3149 3329 pia
3178 3260 3307 3327 ejus
3339 3260 3669 3316 obedientia

2006 3333 2370 3400 probaretur,
2422 3334 2649 3388 seculis
2687 3334 2744 3388 in
2798 3337 3064 3391 notitiam
3121 3340 3484 3407 proferenda,
3548 3358 3663 3397 non

2010 3411 2140 3465 Beo.
2193 3410 2392 3481 Neque
2434 3416 2588 3465 enim
2642 3414 2829 3467 omnis
2887 3426 2969 3468 est
3019 3416 3315 3486 culpanda
3360 3422 3603 3474 teutatio
3654 3434 3669 3476 :

2001 3490 2143 3567 quia
2180 3496 2243 3543 et
2290 3491 2640 3567 gratulanda
2689 3497 2792 3567 est,
2863 3510 2979 3567 qua
3031 3494 3094 3547 fit
3145 3497 3411 3563 probatio
3465 3500 3561 3567 (a).
3607 3498 3671 3553 Et

2003 3562 2356 3631 pturumque
2412 3562 2579 3614 aliter
2626 3562 3205 3619 animus’humanus
3246 3570 3361 3621 sibi
3411 3562 3531 3636 ipsi
3578 3572 3666 3621 in-

2005 3646 2300 3697 notescere
2354 3657 2466 3695 non
2521 3646 2727 3709 potest.
2799 3642 2911 3696 nisi
2964 3645 3116 3697 vires
3168 3662 3305 3699 suas
3359 3646 3489 3709 sibi,
3549 3663 3662 3701 non

2000 3722 2195 3787 verbo,
2228 3722 2328 3774 sed
2381 3722 2799 3792 experimento,
2860 3721 3175 3777 tentatione
3228 3726 3664 3794 quodammolo

2003 3805 2419 3870 interrogante,
2492 3802 2838 3870 respondeat
2914 3818 2927 3855 :
2990 3802 3087 3856 ubi
3166 3804 3214 3857 si
3282 3803 3381 3858 Dei
3447 3821 3663 3863 munus

2003 3886 2319 3953 agnoverit,
2354 3886 2495 3936 tunc
2550 3882 2681 3951 pius
2732 3887 2834 3947 est,
2887 3894 3026 3937 tunc
3075 3882 3357 3937 solidatur
3390 3884 3664 3942 firmitate

2002 3962 2222 4034 gratias,
2262 3979 2372 4015 non
2409 3961 2653 4018 inﬂatur
2694 3962 3313 4032 inanilatejactantite.
3354 3965 3658 4036 Nunquam

2004 4057 2146 4099 sane
2174 4042 2433 4097 crederet
2463 4041 2779 4108 Abraham,
2827 4042 2981 4113 quod
3011 4044 3265 4098 victimis
3299 4050 3448 4099 Deus
3481 4045 3671 4099 delec-

2004 4127 2223 4178 taretur
2256 4122 2528 4177 humanis
2564 4138 2577 4176 :
2612 4125 2904 4193 quamvis,
2938 4123 3133 4177 divino
3175 4126 3481 4180 intonante
3514 4142 3667 4196 pras-

2006 4212 2188 4274 cepto,
2224 4204 2618 4259 obediendum
2652 4204 2750 4265 sit.
2790 4220 2905 4257 non
2940 4203 3383 4272 disputandum.
3418 4208 3667 4261 Verum-

2004 4290 2201 4339 tamen
2272 4284 2566 4339 Abraham
2633 4284 2938 4339 confestim
3016 4285 3221 4351 ﬁlium,
3274 4301 3408 4341 cum
3462 4286 3669 4342 luisset

2005 4364 2366 4431 immolatus,
2426 4371 2892 4419 resurrecturum
2960 4364 3281 4421 credidisse
3338 4365 3666 4422 laudandus

2004 4453 2110 4502 est.
2145 4446 2379 4501 Dixerat
2427 4462 2682 4516 namque
2727 4447 2810 4501 illi
2863 4448 3032 4513 Deus,
3074 4463 3203 4502 curn
3257 4448 3329 4502 de
3359 4449 3576 4505 ancilla
3609 4457 3669 4505 ct

2007 4525 2128 4581 ﬁlio
2177 4526 2305 4595 ejus
2382 4526 2539 4580 foras
2612 4526 2914 4594 ejiciendis
2980 4525 3343 4583 voluntatem
3399 4529 3670 4599 conjugis

2007 4607 2186 4662 nollet
2216 4606 2458 4677 implere
2500 4621 2514 4662 :
2577 4607 2638 4660 In
2690 4608 2840 4662 Isaac
2885 4609 3174 4664 vocabitur
3220 4609 3324 4664 tibi
3368 4626 3569 4667 semen.
3603 4611 3673 4664 Et

2006 4692 2162 4742 certe
2194 4688 2271 4741 ibi
2312 4687 2579 4759 sequitur
2608 4703 2673 4742 ac
2722 4688 2958 4754 dicitur,
2999 4689 3203 4743 Filium
3232 4692 3415 4743 autem
3448 4691 3665 4744 ancillis

2005 4768 2169 4838 hujus
2223 4766 2285 4822 in
2344 4783 2602 4836 magnam
2655 4772 2869 4835 gentem
2932 4770 3139 4834 faciam
3186 4768 3351 4821 illum
3389 4769 3411 4803 ³
3464 4785 3485 4829 ;
3534 4767 3667 4837 quia

2006 4837 2187 4896 semen
2220 4844 2377 4893 tuum
2420 4849 2497 4893 est
2543 4837 2701 4906 (Gen.
2756 4854 2871 4903 ιιι,
2929 4839 3015 4904 12,
3059 4839 3167 4907 13).
3199 4839 3501 4901 Quomodo
3530 4854 3665 4907 ergo

2009 4921 2231 4975 dictum
2273 4924 2380 4987 est,
2431 4920 2493 4975 In
2550 4920 2701 4973 Isaac
2754 4917 3030 4973 vocabitur
3070 4918 3176 4971 tibi
3214 4932 3417 4986 semen,
3449 4933 3577 4972 cum
3612 4921 3671 4972 et

2012 4999 2317 5056 Ismaelem
2360 5000 2509 5055 Deus
2553 5016 2748 5055 semen
2799 4998 2931 5068 ejus
2980 4996 3325 5052 vocaverit?
3364 5001 3667 5067 Exponens

2010 5086 2202 5138 autem
2242 5080 2579 5149 Apostolus,
2612 5081 2745 5152 quid
2797 5080 2897 5149 ait,
2935 5085 3003 5135 tn
3051 5079 3203 5134 Isaac
3246 5080 3528 5136 vocabitur
3560 5081 3672 5139 tibi

2075 5241 2088 5275 1
2124 5237 2211 5287 Sic
2242 5238 2363 5286 Mss.
2396 5237 2534 5286 Editi
2564 5238 2764 5299 autem,
2796 5236 2979 5285 illius.

2074 5300 2096 5336 ³
2151 5302 2211 5350 In
2236 5300 2395 5349 editis
2422 5301 2707 5351 omittitur.
2752 5298 2948 5349 illum.
2986 5300 3228 5350 Debetur
3254 5301 3430 5350 nmen
3461 5298 3519 5349 in
3555 5312 3665 5351 ma-

2009 5364 2299 5426 nuscriptts
2316 5366 2381 5412 et
2408 5364 2548 5425 apud
2578 5361 2943 5426 Septuaginta.

2072 5434 2147 5481 la)
2194 5424 2352 5488 ‘Quod
2400 5424 2741 5488 explicat'in
2788 5424 3209 5485 ’Quaestlonibue
3273 5426 3329 5475 in
3394 5424 3661 5483 Gens-sim.

2009 5489 2217 5550 quaest.
2274 5486 2355 5540 57.
2410 5486 2571 5537 et'tn
2626 5489 2884 5545 Exodum.
2940 5492 3145 5551 quaest.
3199 5488 3299 5551 58.,
3334 5488 3663 5549 Ambrosius,

2010 5553 2075 5617 de
2131 5551 2396 5617 Abraham
2453 5552 2773 5617 patriarcha:
2832 5550 2963 5617 Alib.’
3007 5552 3082 5617 1,“
3107 5565 3216 5617 cap.
3280 5550 3377 5617 87:
3428 5567 3449 5597 ι
3500 5551 3667 5602 Aliter

2010 5614 2150 5662 Dens
2206 5614 2393 5665 tentat.
2452 5614 2608 5663 aliter
2670 5614 2916 5663 diabolus
2966 5627 2977 5660 :
3034 5614 3279 5662 diabolus
3330 5616 3522 5671 bentat.
3580 5617 3659 5668 ut.

2017 5676 2242 5725 subruat
2273 5690 2285 5735 ;
2318 5677 2454 5726 Deus
2484 5678 2671 5733 tentet,
2704 5680 2765 5726 ut
2793 5677 3024 5726 coronet.
3058 5695 3081 5719 ιι
3112 5675 3371 5730 6mm.
