4138 6192
389 333 392 337 ’
459 336 572 397 511

1526 342 1623 400 DE
1667 342 2034 403 CIVITATE
2079 341 2230 416 DEI,
2280 343 2345 404 S.
2392 343 2814 406 AUGUSTINI

3758 341 3878 400 512

453 483 613 524 emen
661 486 680 526 :
714 471 782 526 Id
810 474 911 536 est,
970 467 1164 540 inquit
1212 486 1326 526 non
1369 474 1466 544 qui
1505 473 1616 543 ﬁlii
1658 479 1864 544 carnis,
1925 477 1985 532 hi
2017 477 2123 548 ﬁlii
2217 476 2508 546 juratione
2539 475 2640 532 Dei
2674 475 2898 531 ﬁrmata
2929 473 3253 546 promissio.
3286 472 3450 543 Saepe
3481 470 3638 527 enim
3664 474 3878 544 promi-

455 548 551 604 Dei
590 565 612 610 ;
643 549 732 604 sed
771 550 880 618 ﬁlii
926 552 1298 618 promissionis
1345 553 1674 622 deputantur
1713 560 1772 612 in
1835 562 2038 614 semine
2076 561 2116 613 ¹.

2223 565 2394 625 serat,
2424 560 2519 612 sed
2572 572 2872 627 nunquam
2905 555 3225 626 juraverat.
3257 552 3407 617 Quid
3437 556 3625 606 autem
3659 557 3752 607 est
3781 552 3880 610 Dei

461 625 634 693 (Rom.
670 646 747 695 ix,
774 630 847 698 8).
885 636 962 683 Ac
1013 647 1113 700 per
1156 632 1265 686 hoc
1315 633 1416 687 lilii
1452 638 1872 710 promissionis,
1907 645 1970 694 ut
2000 640 2119 696 sint
2222 637 2337 693 veri
2369 625 2978 708 veracisqueijuratio,
3027 635 3139 689 nisi
3174 634 3446 706 promissi
3478 633 3876 702 conﬁrmatio,

453 723 649 763 semen
679 709 946 778 Abrahae,
979 710 1036 764 in
1073 711 1231 768 Isaac
1257 722 1557 786 vocantur,
1582 718 1689 774 hoc
1719 726 1823 791 est,
1859 721 1916 776 in
1948 721 2112 778 Chri-

451 792 637 875 stum_
672 789 693 822 ²
739 795 976 845 vocante
1033 793 1218 875 gratia
1277 807 1723 870 congregantur.
1769 789 1928 858 Hanc
1977 819 2114 875 ergo

2221 726 2274 772 et
2298 717 2627 773 inﬁdelium
2661 715 2923 785 quaedam
2959 714 3277 784 increpatio
3312 714 3341 768 ‘2

2289 799 2343 855 3.
2380 798 2514 854 Post
2544 799 2662 852 haec
2691 798 2857 852 Sarra
2891 801 3116 850 mortua
3147 801 3255 861 est,
3287 794 3606 850 centesimo
3637 799 3697 850 et
3727 795 3873 852 vice-

452 868 896 938 promissionem
949 878 1113 941 pater
1154 874 1282 944 pius
1325 868 1570 934 ﬁdeliter
1613 887 1835 948 tenens,
1882 886 1980 956 qui
2013 868 2113 954 pler
2217 877 2365 933 είωο
2394 880 2642 949 septimo
2675 893 2827 931 εωυο
2858 876 2979 930 Vim
3020 891 3138 930 ειη
3170 875 3322 946 (Gen.
3369 891 3528 940 XXI",
3566 877 3636 944 1),
3671 887 3874 956 90010-

456 950 616 1033 hunc
643 953 943 1033 Oportebat
975 952 1225 1024 impleri,
1258 973 1428 1027 quem
1462 959 1609 1016 Deus
1633 963 1873 1032 jubebat
1900 950 2110 1033 occidi,

452 1045 568 1117 non
599 1029 888 1117 haesitavit
928 1035 1082 1102 quod
1123 1035 1230 1090 sibi
1273 1040 1429 1093 readi
1479 1029 1702 1110 poterat
1746 1029 2108 1117 immolatus,

449 1110 546 1180 qui
579 1111 698 1165 dari
732 1113 921 1181 potuit
949 1131 1061 1168 non
1091 1123 1378 1186 speratus.
1413 1121 1507 1176 Sic
1549 1123 1905 1180 intellectum
1939 1133 2028 1182 est
2057 1110 2110 1182 el

449 1188 508 1281 in
559 1191 816 1282 Epistola
865 1193 956 1282 ad.
991 1195 1274 1282 Hebraeos,
1321 1204 1379 1254 et
1437 1202 1521 1256 sic
1561 1206 1905 1274 exyositum.
1956 1207 2106 1282 Fide,

447 1271 663 1343 inquit,
703 1278 980 1343 praecessit
1030 1278 1326 1347 Abraham,
1380 1284 1439 1334 in
1482 1271 1647 1339 Isaac
1675 1284 1698 1319 ³
1744 1290 1988 1342 tentatus
2015 1271 2109 1350 ;et

446 1356 674 1408 unicum
706 1355 919 1424 obtulit,
967 1360 1062 1427 qui
1108 1363 1492 1428 promissiones
1539 1367 1790 1437 suscepit,
1832 1369 1908 1422 ad
1948 1385 2107 1440 quem

450 1433 654 1518 dictum
683 1439 782 1503 est,
828 1441 897 1492 In
944 1441 1106 1492 Isaac
1154 1443 1431 1497 vocabitur
1477 1448 1580 1499 tibi
1607 1433 1790 1502 semen
1815 1465 1834 1502 :
1864 1433 2108 1518 cogitans

450 1517 579 1584 quia
607 1525 658 1569 et
695 1532 766 1570 ex
795 1521 1022 1571 mortuis
1052 1523 1300 1576 excitare
1321 1534 1496 1593 potest
1529 1527 1686 1580 Deus.
1725 1529 1967 1584 Proinde
1998 1532 2102 1586 ad-

445 1594 609 1660 didit,
641 1597 747 1649 Pro
789 1597 887 1650 hoc
916 1600 1078 1652 etiam
1112 1615 1235 1654 eum
1261 1612 1310 1656 et
1338 1605 1395 1657 in
1425 1607 1838 1664 similitudinem
1867 1610 2100 1666 adduxit

446 1672 625 1751 (Hebr.
676 1689 755 1740 x1,
810 1676 1020 1746 17-19).
1075 1678 1256 1747 Cujus
1286 1682 1755 1751 similitudinem,
1799 1688 1910 1743 nisi
1943 1690 2103 1746 illius

448 1750 518 1806 de
548 1769 663 1836 quo
695 1754 834 1836 dicit
877 1756 1025 1809 idem
1070 1760 1405 1826 Apostolus,
1438 1765 1543 1830 Qui
1577 1750 1795 1836 praprio
1825 1769 1959 1825 Filio
1989 1787 2102 1826 non

437 1835 698 1919 pepercit,
726 1834 830 1919 sed
872 1853 976 1905 pro
1006 1838 1164 1892 nobis
1194 1843 1443 1897 omnibus
1477 1834 1704 1903 tradidit
1733 1850 1894 1904 illum
1927 1852 2099 1919 (Rom.

444 1928 567 1978 VIII,
603 1914 692 1985 32)
723 1915 750 1968 ?
784 1920 1090 1998 Propterea
1127 1925 1184 1975 et
1227 1923 1404 1986 Isaac,
1447 1925 1599 1980 sicut
1629 1914 1943 1998 Dominus,
1967 1949 2099 1986 cru-

442 2006 566 2083 cem
601 2009 792 2082 suam,
827 1996 909 2049 ita
931 1998 1041 2083 sibi
1077 1998 1232 2070 ligna
1261 2003 1329 2056 ad
1363 2003 1605 2061 victima
1638 2008 1850 2075 locum,
1887 1996 2100 2083 quibus

440 2072 627 2160 fuerat
670 2072 1083 2160 imponendus,
1135 2081 1259 2150 ipse
1309 2086 1573 2152 portavit.
1632 2072 1927 2146 Postremo
1965 2092 2100 2160 quia

442 2152 601 2244 lsaac
639 2155 825 2244 occidi
854 2172 980 2244 non
1024 2161 1344 2244 oportebat,
1401 2176 1768 2239 posteaquam
1811 2181 1895 2228 est
1940 2152 2101 2244 pater

440 2232 608 2320 ferire
633 2235 988 2320 prohibitus,
1029 2241 1161 2320 quis
1184 2251 1302 2297 erat
1334 2232 1430 2300 ille
1461 2232 1630 2318 aries,
1654 2267 1768 2320 quo
1802 2232 2097 2308 immolato

443 2311 749 2394 impletum
799 2319 885 2368 est
934 2317 1323 2387 signiticativo
1375 2311 2027 2394 sanguine-sacriﬁcum
2072 2329 2099 2384 ?

443 2391 663 2463 Nempe
709 2397 943 2464 quando
986 2415 1121 2453 eum
1164 2401 1305 2456 vidit
1345 2391 1653 2473 Abraham,
1707 2412 1981 2466 cornibus
2037 2413 2093 2466 in

440 2473 644 2560 {rutice
689 2476 1015 2560 tenebatur.
1064 2481 1201 2543 Quis
1244 2499 1376 2555 ergo
1419 2486 1517 2541 illo
1560 2488 1942 2560 ﬁgurabatur,
1985 2491 2096 2546 nisi

437 2553 965 2688 Jesus,‘;mtequam
992 2553 1414 2632 immolaret—ur,
1441 2553 1631 2638 spinis
1653 2553 2095 2627 Judaicis'coro-

441 2640 615 2688 natus

441 2640 615 2689 natus

506 2714 561 2766 2.
615 2713 955 2800 Sed‘d‘ivina
1007 2735 1106 2789 per
1152 2724 1506 2793 Angelorum
1553 2729 1726 2785 verba
1767 2731 1955 2800 potius
1995 2748 2096 2786 au-

436 2793 685 2845 diamus.
711 2791 809 2845 Ait
841 2796 1056 2867 quippe
1078 2791 1377 2871 Scriptura
1410 2822 1422 2859 :
1453 2808 1517 2862 Et
1547 2791 1787 2864 extendit
1817 2811 2099 2864 Abraham

435 2885 848 2958 manum_suam
877 2891 1092 2932 sumere
1132 2885 1483 2956 machaeram,
1532 2893 1590 2942 ut
1619 2889 1880 2943 occideret
1917 2890 2098 2958 filium

436 2965 616 3038 suum.
773 2957 980 3038 vocavit
1027 2959 1187 3038 illum
1231 2951 1477 3030 Angelus
1506 2970 1727 3023 Domini
1763 2971 1831 3023 de
1867 2951 2015 3038 caelo,
2048 2975 2099 3025 et

433 3029 626 3119 dixit:
651 3034 935 3119 Abraham
964 3041 983 3090 !
1005 3037 1106 3092 Ille
1133 3029 1472 3099 autemidia‘it
1492 3065 1511 3100 :
1537 3049 1666 3103 Ecce
1684 3065 1796 3119 ego.
1829 3050 1890 3105 Et
1917 3029 2056 3106 dicit
2076 3068 2097 3107 :

433 3110 550 3164 Non
579 3113 796 3177 inficias
834 3132 1056 3170 manum
1097 3123 1250 3174 tuam
1270 3137 1436 3188 super
1453 3110 1911 3200 puerumIneque
1929 3134 2099 3198 facias

431 3193 520 3244 illi
545 3193 871 3264 quidquam:
889 3212 1037 3252 nunc
1062 3201 1210 3254 enim
1228 3205 1361 3257 scivi
1381 3208 1508 3276 quia
1533 3211 1687 3264 times
1709 3193 1881 3266 Deum
1903 3193 1962 3266 tu
1983 3213 2024 3280 ‘,
2049 3220 2098 3270 et

430 3286 540 3355 non
566 3278 856 3342 pepercisti
881 3277 997 3345 ﬁlio
1029 3283 1121 3332 tuo
1143 3280 1339 3338 dilecto
1357 3296 1591 3354 propter
1621 3306 1725 3346 me.
1755 3295 1913 3347 Nunc
1941 3277 2094 3355 scivi,

433 3353 653 3440 dictum
687 3361 794 3420 est,
838 3375 992 3412 nunc
1024 3361 1157 3414 sciri
1193 3363 1296 3419 feci
1333 3353 1365 3420 :7
1404 3353 1592 3440 neque
1623 3373 1780 3428 enim
1815 3373 1922 3428 hoc
1956 3353 2100 3430 non;-

433 3431 573 3526 dum
607 3436 827 3526 sciebat
857 3438 1031 3494 Deus.
1068 3441 1283 3499 Deinde
1326 3431 1630 3506 arieteillo
1663 3453 1960 3510 immolato
1995 3473 2095 3526 pro

437 3513 614 3599 isaac‘
647 3515 765 3599 lilio
797 3535 925 3580 suo,
977 3526 1202 3590 vocavit,
1237 3531 1297 3581 ut
1327 3526 1557 3599 legitur,
1602 3532 1871 3590 Abraham
1902 3513 2096 3591 nomen

443 3595 547 3680 l_oci
574 3596 747 3680 illius,
782 3600 1046 3656 Dominus
1094 3605 1226 3660 vidit
1263 3624 1282 3660 .-
1316 3595 1581 3666 unum
1620 3615 1794 3680 hodie,
1827 3618 1890 3671 In
1919 3622 2102 3674 monte

445 3677 707 3731 Dominus
755 3685 1028 3750 apparuit.
1104 3685 1259 3741 Sicut
1312 3689 1534 3748 dictum
1593 3701 1700 3761 est,
1749 3677 1900 3752 Nunc
1945 3701 2096 3761 scivi,

447 3771 647 3843 pro-eo
678 3762 828 3829 quod
857 3768 957 3827 est,
993 3762 1157 3843 Nunc
1191 3769 1324 3821 sciri
1363 3772 1462 3825 feci
1511 3790 1524 3828 :
1583 3776 1661 3829 ita
1696 3776 1804 3843 hic,
1841 3779 2100 3834 Dominus

609 3855 637 3924 ί
660 3842 1033 3925 pro‘eo-quod
1065 3849 1174 3912 est,
1214 3849 1491 3906 Dominus
1513 3835 1825 3922 apparuit;
1854 3857 1960 3910 hoc
1990 3863 2097 3925 est,

448 3913 647 3999 Videri
672 3919 915 3999 se‘l’ecit.
946 3923 1014 3975 Et
1043 3929 1246 3980 vocavit
1294 3928 1531 3999 Angelus
1553 3913 1784 3989 Domini
1814 3913 2100 3993 'Abraham

445 3993 679 4086 secundo
725 3996 788 4086 de
835 4000 984 4063 creto,
1031 4002 1219 4060 dicens
1260 4024 1280 4062 :
1315 3993 1420 4063 Per
1464 4017 1840 4083 memetipsum
1882 4019 2094 4086 juravi.

446 4072 576 4127 dicit
620 4075 904 4160 Dominus,
953 4088 1173 4150 propter
1208 4086 1350 4152 quod
1395 4091 1577 4158 fecisti
1625 4072 1845 4147 verbum
1882 4072 2007 4160 hoc,
2048 4072 2100 4150 et

445 4170 553 4238 non
585 4158 874 4238 pepercisti
901 4160 1014 4227 ﬁlio
1043 4164 1134 4217 tuo
1163 4164 1363 4221 dilecto
1393 4176 1620 4238 prapter
1646 4187 1749 4238 me,
1801 4176 1908 4227 nisi
1939 4158 2096 4229 bene-

447 4232 628 4288 dicens
678 4234 985 4294 benedicam
1042 4246 1110 4306 te,
1167 4248 1216 4298 et
1287 4232 1666 4319 multiplicans
1724 4232 2098 4320 multiplicabo

446 4325 624 4366 semen
653 4323 834 4380 tuum,
883 4321 1021 4372 sicut
1049 4324 1233 4378 stellas
1272 4327 1410 4390 caeli,
1458 4340 1507 4384 et
1555 4333 1820 4400 tanquam
1863 4349 2098 4387 arenam

447 4411 564 4464 quae
595 4402 674 4483 est
696 4398 1106 4483 juxta‘labium
1133 4408 1311 4460 maris.
1361 4409 1422 4461 Et
1455 4398 1775 4466 haereditate
1808 4413 2098 4483 possidebit

445 4491 630 4531 semen
656 4479 812 4530 tuum
833 4480 1081 4538 civitates
1102 4485 1544 4545 adversariorum
1561 4491 1582 4525 ⁸
1607 4516 1619 4557 ;
1639 4497 1690 4545 et
1715 4479 2100 4548 benedicentur

448 4557 505 4609 in
551 4559 756 4613 sem-ine
804 4563 896 4645 tuo
915 4580 1128 4645 _omncs
1173 4573 1357 4635 gentes
1405 4579 1562 4628 terra
1597 4589 1618 4635 ;
1657 4577 1787 4645 quia
1827 4575 2099 4637 obaudisti

445 4653 629 4721 uocem
667 4654 843 4693 meum
875 4640 1030 4711 (Gen.
1072 4663 1209 4711 χχιι,
1267 4650 1472 4721 10-18).
1517 4652 1632 4708 Ηοο
1662 4640 1838 4711 modo
1877 4662 1964 4711 est
2003 4657 2099 4714 illa

446 4718 538 4807 de.
572 4730 868 4777 vocatione
916 4725 1178 4795 gentium
1239 4728 1298 4784 in
1359 4718 1576 4786 semine
1646 4735 1906 4802 Abrahae,
1966 4744 2099 4807 post

447 4799 863 4870 holocaustum,
897 4821 1011 4876 quo
1063 4809 1428 4879 signiﬁcatus
1466 4817 1556 4868 est
1583 4799 2095 4886 Christus,vet'iam

509 5076 525 5108 1
555 5073 638 5121 Er.
661 5073 1001 5142 _I_.ov.,-ﬁlii_
1030 5079 1478 5142 repromissionis
1535 5079 1879 5142 deputantur
1922 5083 1984 5132 in
2024 5099 2099 5132 se-

445 5150 617 5208 men“;
638 5135 1272 5208 _disseutientibus__editi_s
1301 5141 1422 5208 aliis
1448 5143 1502 5191 et
1530 5135 1922 5208 manuscriptis.

513 5201 532 5233 ³
565 5198 692 5247 Sola
721 5199 884 5248 editio
919 5201 1064 5252 ιον..
1096 5201 1159 5249 in
1196 5203 1428 5252 Christo.

510 5262 532 5295 ³
589 5262 840 5310 Nonnulli
895 5262 1039 5319 Mss.,
1099 5264 1233 5311 Fide
1297 5265 1503 5320 inquit.
1561 5268 1760 5317 obtulit
1815 5270 2097 5320 Abraham

448 5322 628 5371 Isaac.
671 5351 733 5359 —
774 5324 1068 5397 Mssz'205l),
1098 5325 1216 5397 205}
1252 5330 1306 5375 et
1503 5330 1702 5391 legunt,
1749 5332 1883 5380 Fide
1911 5343 2097 5383 autem

447 5401 557 5434 non
587 5388 827 5448 pepercit
860 5387 1142 5436 Abraham
1171 5389 1341 5438 Isaac.
1375 5392 1440 5439 M.
1557 5387 1579 5391 '
1693 5387 1699 5390 ⁷

484 5448 727 5522 ,ιιΕᾱὶξῇ
789 5451 966 5497 Deum
1026 5459 1207 5498 tuum.
1261 5453 1448 5504 Melius
1503 5456 1626 5504 Mss.
1672 5457 1828 5518 juxta
1881 5457 2096 5522 Septua-

447 5511 613 5570 ginta.
650 5514 823 5559 Deum
857 5522 937 5560 tu.

511 5574 530 5604 5
557 5573 700 5645 .Editi
728 5576 1220 5645 addunt._suorum
1251 5593 1268 5624 :
1296 5579 1438 5639 quod
1493 5593 1526 5628 a
1571 5583 1947 5645 manuscriptis
1979 5587 2033 5633 et
2064 5597 2097 5633 a

449 5630 797 5694 Septuaginta
824 5639 990 5687 abest.

2217 959 2367 1014 simo
2397 965 2594 1015 autem
2637 963 2694 1013 et
2725 957 3020 1012 tricesimo
3072 957 3320 1027 septimo
3366 957 3471 1010 viri
3516 957 3630 1011 sui.
3667 955 3875 1013 Decem

2217 1039 2429 1108 quippe
2477 1037 2646 1092 annis
2695 1051 2820 1092 eam
2861 1035 3215 1106 praecedebat
3255 1040 3422 1089 aetate
3469 1034 3674 1100 ;sicut
3721 1036 3870 1104 ipse,

2213 1120 2442 1188 quando
2494 1118 2604 1173 sibi
2657 1133 2725 1172 ex
2770 1116 2872 1170 illa
2915 1116 3235 1185 promissus
3299 1119 3384 1169 est
3438 1113 3614 1183 ﬁlius,
3667 1115 3774 1182 ait,
3813 1115 3876 1171 Si

2213 1199 2360 1255 mihi
2406 1214 2677 1255 annorum
2733 1200 2953 1251 centum
3000 1203 3256 1250 nascetur
3301 1196 3470 1263 ﬁlius,
3515 1199 3566 1250 et
3609 1197 3658 1248 si
3698 1195 3872 1251 Sarra

2211 1295 2484 1336 annorum
2514 1279 2813 1349 nonaginta
2843 1279 3018 1347 pariet
3049 1277 3160 1346 (1d.
3185 1292 3324 1340 xvn,
3359 1275 3449 1345 17)
3475 1275 3504 1330 ?
3531 1274 3698 1330 Tunc
3725 1277 3872 1332 emit

2211 1377 2415 1432 agrum
2447 1359 2763 1425 Abraham,
2813 1357 2874 1413 in
2905 1373 3022 1428 quo
3076 1355 3342 1427 sepelivit
3402 1370 3665 1410 uxorem.
3707 1356 3870 1412 Tunc

2209 1459 2364 1513 ergo,
2412 1439 2734 1497 secundum
2786 1437 3177 1493 narrationem
3220 1434 3524 1506 Stephani,
3589 1434 3651 1489 in
3709 1439 3871 1490 terra

2209 1522 2310 1577 illa
2356 1527 2445 1577 est
2491 1521 2831 1587 collocatus,
2885 1518 3163 1590 quoniam
3215 1518 3383 1587 coepit
3435 1515 3516 1570 ibi
3562 1530 3684 1570 esse
3725 1533 3866 1588 pos-

2209 1619 2403 1658 sessor
2449 1602 2585 1670 (Act.
2636 1617 2736 1665 vn,
2771 1600 2825 1666 4)
2877 1624 2892 1666 ;
2944 1604 3072 1670 post
3121 1603 3368 1652 mortem
3422 1594 3643 1651 scilicet
3685 1599 3866 1666 patris

2206 1693 2320 1759 sui,
2344 1692 2444 1762 qui
2484 1689 2773 1760 colligitur
2803 1693 2938 1744 ante
2971 1687 3268 1743 biennium
3305 1685 3484 1740 fuisse
3519 1685 3854 1742 defunctus.

2205 1869 2445 1926 CAPUT
2476 1867 2720 1924 XXXIII.
2753 1898 2822 1906 —
2852 1869 2928 1921 De
2962 1865 3190 1921 Rebecca
3237 1871 3396 1935 nepte
3424 1863 3660 1930 Nachor,
3691 1879 3858 1935 quam

2654 1951 2808 2004 Isaac
2837 1950 3041 2018 accepit
3079 1962 3330 2002 uxorem.

2276 2103 2496 2160 Deinde
2545 2103 2885 2169 Rebeccam,
2947 2104 3179 2172 neptem
3226 2097 3451 2154 Nachor
3511 2100 3698 2169 patrui
3743 2100 3857 2167 sui,

2205 2201 2337 2240 cum
2415 2199 2698 2238 annorum
2775 2183 3160 2252 quadraginta
3227 2185 3382 2234 esset
3448 2179 3629 2245 Isaac,
3690 2180 3861 2235 duxit

2206 2284 2465 2334 uxorem,
2508 2265 2821 2321 centesimo
2855 2265 3078 2319 scilicet
3125 2267 3182 2317 et
3220 2262 3667 2333 quadragesimo
3700 2279 3856 2317 anno

2204 2350 2334 2404 vitae
2365 2349 2545 2419 patris
2581 2347 2694 2412 sui,
2746 2344 2996 2400 triennio
3039 2349 3170 2415 post
3201 2348 3443 2397 mortem
3480 2342 3679 2396 matris
3712 2359 3850 2398 suae.

2204 2429 2278 2486 Ut
2323 2437 2514 2484 autem
2566 2426 2722 2481 illam
2756 2427 3014 2494 duceret,
3047 2425 3281 2494 quando
3323 2424 3395 2478 ab
3432 2423 3563 2493 ejus
3607 2428 3768 2493 patre
3795 2423 3854 2479 in

2205 2510 2683 2580 Mesopotamiam
2718 2523 2922 2562 servus
2972 2506 3184 2561 missus
3215 2509 3322 2572 est,
3374 2503 3513 2574 quid
3564 2503 3722 2557 aliud
3755 2504 3857 2558 de-

2203 2595 2593 2646 monstratum
2625 2593 2730 2656 est,
2762 2604 2894 2642 cum
2926 2587 3110 2641 eidem
3154 2601 3318 2640 servo
3359 2585 3507 2639 dixit
3535 2585 3857 2649 Abraham,

2202 2673 2355 2726 Pone
2401 2685 2636 2724 manum
2675 2678 2826 2723 tuam
2855 2667 2952 2722 sub
2990 2665 3207 2738 femore
3234 2681 3373 2731 meo,
3417 2676 3468 2721 et
3495 2665 3762 2736 adjurabo
3806 2672 3857 2719 te

2201 2770 2300 2828 per
2346 2752 2644 2806 Dominum
2669 2751 2841 2803 Deum
2869 2749 2990 2802 ειειὶ
3022 2756 3074 2802 et
3106 2748 3395 2828 Dominum
3423 2752 3623 2828 terra,
3655 2750 3716 2828 ut
3743 2760 3855 2798 non

2203 2825 2388 2895 sumas
2440 2831 2561 2905 ﬁlio
2609 2845 2728 2883 meo
2778 2833 2930 2887 Isaac
2980 2845 3209 2884 uxorem
3255 2827 3318 2882 de
3363 2825 3594 2897 ﬁliabus
3642 2826 3856 2881 Chana-

2203 2933 2447 2974 nzorum
2496 2915 2650 2987 (Gen.
2701 2927 2852 2976 xxxv,
2908 2912 2961 2976 2,
3012 2909 3092 2979 3),
3139 2907 3248 2962 nisi
3309 2906 3855 2987 Dominum-“Deum

2202 2999 2332 3054 cmli
2363 3001 2419 3050 et
2449 2982 2765 3049 Dominum
2806 2999 2972 3044 terrae
3002 2989 3062 3043 in
3114 3002 3304 3052 carne,
3353 3001 3474 3054 qua:
3512 3000 3579 3039 ex
3623 2982 3720 3038 illo
3755 2984 3852 3038 fe-

2204 3094 2365 3133 more
2392 3075 2748 3137 trahebatur,
2794 3071 2975 3125 l'uisse
3005 3075 3311 3123 venturum
3339 3067 3368 3120 ‘l
3395 3064 3695 3135 Numquid
3728 3063 3854 3119 hac

2205 3173 2374 3229 parva
2423 3158 2563 3210 sunt
2620 3151 3016 3224 praenuntiata:
3065 3148 3277 3229 indicia
3320 3146 3602 3214 veritatis,
3667 3160 3848 3216 quam

2203 3228 2479 3308 compleri
2509 3235 2775 3288 videmus
2805 3232 2865 3286 in
2889 3229 3140 3284 Christo‘
3163 3228 3191 3282 ?

2202 3407 2432 3465 CAPUT
2461 3403 2701 3461 XXXIV.
2732 3435 2795 3444 —
2819 3402 2960 3471 Quid
2989 3399 3414 3468 intelligendum
3435 3400 3501 3454 sit
3532 3398 3591 3453 in
3616 3414 3676 3454 eo
3704 3397 3852 3468 quod

2273 3488 2545 3544 Abraham
2560 3493 2674 3556 post
2705 3487 2931 3541 mortem
2960 3481 3142 3535 Same
3161 3481 3370 3549 accepit
3387 3494 3616 3534 uxorem
3645 3477 3848 3533 Cethu-

2270 3584 2392 3623 ram
2399 3610 2412 3624 .

2273 3731 2416 3794 Quid
2447 3733 2642 3783 autem
2678 3727 2788 3781 sibi
2821 3725 2962 3788 vult,
2998 3724 3151 3794 quod
3189 3721 3484 3777 Abraham
3533 3725 3665 3790 post
3698 3737 3848 3775 mor-

2199 3816 2313 3866 tem
2347 3809 2528 3864 Sarras
2560 3808 2872 3862 Gethuram
2900 3804 3063 3858 duxit
3095 3818 3331 3857 uxorem
3375 3802 3452 3872 (α)
3479 3801 3508 3856 ?
3544 3801 3649 3856 Ubi
3695 3800 3848 3855 absit

2202 3897 2262 3944 ut
2281 3887 2761 3943 incontinentiam
2796 3880 3506 3952 suspicemur,priesertim
3531 3880 3587 3933 in
3614 3877 3711 3934 illa
3730 3881 3846 3947 jam

2201 3975 2387 4034 estate,
2439 3970 2495 4022 et
2542 3967 2596 4019 in
2649 3965 2748 4020 illa
2796 3963 2926 4018 ﬁdei
2975 3962 3301 4018 sanctitate.
3356 3961 3438 4014 An
3491 3959 3684 4014 adhuc
3716 3974 3847 4030 pro-

2203 4049 2432 4106 creandi
2460 4048 2557 4102 lilii
2582 4045 3011 4117 qurerebantur,
3035 4059 3170 4099 cum
3189 4043 3307 4112 jam
3341 4041 3454 4096 Deo
3477 4041 3852 4111 promittente

2199 4135 2362 4184 tanta
2413 4125 2816 4196 multiplicatio
2868 4123 3121 4178 filiorum
3172 4139 3242 4177 ex
3291 4121 3449 4176 Isaac
3499 4137 3600 4192 per
3649 4119 3852 4176 stellas

2201 4209 2329 4266 cmli
2360 4213 2416 4264 et
2445 4223 2682 4263 arenam
2716 4215 2878 4262 terrae
2909 4205 3020 4259 ﬁde
3055 4204 3470 4272 probatissima
3492 4203 3790 4257 teneretur
3824 4200 3852 4254 ?

2201 4289 2308 4344 Sed
2346 4289 2596 4358 profecto
2627 4286 2676 4340 si
2718 4287 2869 4354 Agar
2915 4289 2973 4338 et
3002 4282 3233 4346 lsmael,
3276 4284 3510 4338 doctore
3556 4279 3854 4351 Apostolo,

2201 4369 2678 4439 signiﬁcaverunt
2717 4366 2978 4420 carnales
3009 4363 3221 4452 veteris
3258 4363 3612 4452 Testamenti
3645 4360 3851 4452 (Galat.

2202 4465 2277 4512 ιν,
2309 4448 2399 4519 24)
2453 4464 2469 4501 1
2500 4462 2602 4502 cur
2633 4462 2746 4501 non
2786 4446 2960 4500 etiam
3007 4443 3256 4500 Cethura
3287 4449 3340 4498 et
3375 4442 3474 4498 lilii
3511 4443 3638 4511 ejus
3672 4442 3855 4510 signi-

2203 4529 2376 4584 ﬁcent
2423 4528 2708 4595 carnales,
2756 4526 2856 4596 qui
2913 4541 2974 4581 se
3023 4525 3091 4580 ad
3138 4523 3577 4580 Testamentum
3632 4536 3854 4577 novum

2200 4608 2540 4663 existimant
2583 4606 2870 4677 pertinere
2919 4605 2946 4660 ‘t
2993 4605 3192 4660 Ambae
3258 4605 3475 4675 quippe
3538 4610 3588 4657 et
3639 4617 3854 4656 uxores

2200 4689 2466 4753 Abrabaa,
2507 4691 2564 4742 et
2593 4685 2928 4741 concubinis
2964 4693 3100 4750 sunt
3136 4683 3424 4756 appellate
3457 4697 3470 4736 :
3507 4687 3678 4738 Sarra
3719 4696 3853 4736 vero

2201 4784 2502 4840 nunquam
2554 4767 2709 4821 dicta
2758 4773 2844 4827 est
2883 4763 3210 4822 concubina
3257 4763 3299 4820 ².
3333 4763 3474 4818 Nam
3521 4769 3576 4817 et
3616 4762 3854 4832 quando

2201 4850 2339 4904 data
2378 4853 2465 4904 est
2487 4850 2641 4919 Agar
2669 4847 2934 4914 Abrahae,
2968 4845 3051 4900 ita
3081 4845 3362 4916 scriptum
3395 4851 3481 4899 est
3513 4857 3528 4897 :
3565 4844 3626 4897 Et
3655 4855 3857 4912 appre-

2201 4929 2384 4985 hendit
2431 4929 2602 4983 Sarra
2651 4943 2798 4982 uocor
2847 4927 3045 4981 Abram
3099 4925 3244 4992 Agar
3314 4926 3624 4996 [Egyptiam
3678 4921 3855 4977 ancil-

2203 5009 2316 5065 lam
2365 5026 2544 5074 suam,
2600 5017 2718 5078 post
2790 5007 2976 5063 decem
3016 5020 3192 5062 annos
3272 5020 3439 5075 quam
3507 5003 3856 5060 habitaverat

2268 5269 2286 5302 ί
2320 5267 2406 5317 Sic
2433 5268 2553 5317 Mss.
2587 5267 2656 5316 At
2685 5267 2831 5328 editi,
2870 5266 3083 5317 indicia
3112 5265 3387 5325 veritatis,
3419 5278 3559 5329 quae
3591 5259 3863 5325 compleri

2203 5331 2491 5380 videamus
2519 5334 2578 5378 in
2615 5330 2850 5380 Christo.

2265 5393 2286 5428 2
2316 5395 2376 5442 In
2405 5394 2560 5443 editis
2588 5394 2819 5452 additur,
2849 5392 2945 5441 sed
2971 5407 3120 5442 uxor
3149 5399 3392 5442 tantum.

2265 5522 2337 5588 (αἱ
2401 5521 2755 5588 Hieronymus
2813 5520 2870 5568 in
2928 5519 3323 5588 Traditionibus
3362 5515 3635 5588 hebraicis
3679 5513 3856 5588 refert

2200 5583 2497 5643 Opinionem
2528 5580 2901 5644 Hebraeorum,
2917 5581 3341 5632 existimantium
3357 5580 3640 5630 Cethuram
3676 5580 3858 5638 ipsam

2201 5645 2365 5693 fuisse
2392 5647 2548 5706 Agar.
2581 5644 2838 5700 Coouucs.
