4136 6190
271 343 380 408 513

1456 333 1692 394 LIBER
1732 330 2071 394 DECIMUS
2115 333 2439 397 SEXTUS.

3536 355 3656 413 514

273 481 459 535 Abram
507 479 566 531 in
608 479 755 531 terra
813 473 1096 540 Chanaan,
1129 477 1180 526 et
1208 468 1356 525 dedit
1384 484 1505 524 eam
1552 468 1761 522 Abram
1786 468 1902 522 viro
2005 466 2271 536 quamvis
2301 467 2359 523 in
2382 473 2551 541 gente
2573 469 2981 540 Idumaeorum,
3011 490 3138 544 qum
3162 481 3300 533 nata
3322 483 3409 535 est
3441 481 3512 537 de
3538 498 3657 538 ma-

271 576 380 624 δυο,
411 559 514 629 ipsi
549 557 565 590 ι
611 571 835 611 uxorem
865 552 1017 624 (Gen.
1052 569 1166 619 xv1,
1197 552 1273 617 3).
1311 552 1383 604 De
1424 549 1675 605 Cethura
1707 553 1899 633 autem
1999 547 2263 633 jorescui
2297 550 2409 604 duo
2433 553 2664 633 nomina
2685 559 2852 608 erant
2873 554 3030 625 (nam
3057 563 3112 610 et
3136 557 3286 614 Esau
3313 562 3650 633 vocabatur,

270 656 434 711 quam
469 641 598 709 post
638 636 858 690 obitum
902 638 1080 687 Same
1114 631 1353 702 accepit,
1387 630 1471 685 sic
1511 629 1722 698 legitur
1753 643 1766 681 :
1800 629 1901 682 Ad-

261 723 446 794 jiciens
477 726 659 772 autem
691 715 964 771 Abraham
999 715 1230 784 sumpsit
1275 725 1523 776 uxorem,
1574 711 1665 794 cui
1703 722 1899 762 nomen

270 801 518 857 Cethura.
552 799 692 853 Ecce
723 799 904 853 ambis
927 796 1203 851 dicuntur
1230 810 1436 848 uxores
1467 809 1480 846 :
1517 792 1700 846 ambas
1734 805 1901 859 porro

269 881 594 938 concubinae
629 879 810 932 fuisse
841 877 1228 948 reperiuntur,
1264 879 1463 944 postea
1493 872 1719 926 dicente
1749 869 1898 923 Scri-

265 969 446 1032 ptura,
492 960 649 1015 Dedit
694 968 873 1013 autem
921 957 1196 1012 Abraham
1228 970 1442 1010 omnem
1489 968 1710 1008 censum
1741 965 1903 1032 suum

2008 633 2064 681 et
2097 629 2307 714 Edom,
2335 630 2486 685 unde
2529 631 2811 704 Idumaei),
2848 636 2952 690 hoc
2996 637 3171 691 videri
3209 641 3393 710 possit
3441 629 3653 714 imple;

2009 713 2130 762 tum
2161 725 2174 776 ;
2211 712 2348 780 quia
2379 718 2579 794 postea
2619 718 2945 783 superanda
2983 717 3170 772 fuerat
3209 738 3241 772 a
3283 712 3650 794 populo,_qui

2007 794 2170 844 ortus
2200 795 2288 845 est
2316 807 2384 845 ex
2417 792 2660 859 minore,
2689 795 2744 848 id
2770 802 2857 850 est
2891 796 3232 865 lsraelitico,
3266 802 3437 870 eique
3465 792 3655 860 fuerat

2009 870 2200 926 futura
2229 872 2489 941 subjecta
2519 890 2532 927 :
2567 881 2756 930 tamen
2788 877 2847 930 in
2889 877 3106 948 aliquid
3143 882 3336 950 majus
3369 883 3653 941 intentam

2010 951 2193 1034 fuisse
2232 953 2402 1007 istam
2439 957 2828 1026 prophetiam.
2863 974 2981 1028 qua
3013 960 3233 1015 dictum
3267 967 3373 1026 est,
3407 963 3653 1034 Populus

264 1030 408 1097 Isaac
449 1042 563 1111 filio
606 1054 722 1104 suo,
756 1044 807 1092 et
835 1037 968 1106 filiis
1013 1037 1440 1091 concubinarum
1489 1048 1718 1088 suarum
1758 1030 1906 1092 dedit
2004 1031 2272 1100 paputum
2331 1035 2631 1102 superabit,
2664 1045 2718 1090 et
2758 1039 2936 1108 major
2964 1044 3159 1094 serviet
3191 1042 3418 1110 minori,
3445 1030 3654 1099 conve-

263 1121 534 1178 Abraham
579 1120 846 1188 dationes,
891 1122 941 1173 et
990 1117 1194 1171 dimisit
1241 1132 1326 1170 eos
1357 1117 1424 1168 ab
1457 1117 1608 1169 Isaac
1655 1113 1768 1181 ﬁlio
1807 1124 1905 1164 suo

260 1202 431 1257 adhuc
472 1218 532 1256 se
561 1203 706 1265 vivo,
755 1201 834 1255 ad
865 1198 1160 1266 Orientem,
1194 1200 1252 1250 in
1281 1200 1486 1250 terram
1528 1194 1767 1249 Orientis
1799 1191 1900 1262 (Id.

263 1299 384 1351 xxv,
411 1286 458 1349 1,
481 1284 542 1346 5,
563 1283 643 1354 6).
668 1281 892 1363 Habent
915 1296 1052 1351 ergo
1075 1277 1360 1363 nonnulla
1384 1293 1620 1330 munera
1644 1274 1743 1328 filii
1768 1289 1902 1363 con-

266 1362 634 1430 cubinarum,
657 1362 756 1416 sed
783 1375 897 1415 non
923 1361 1266 1430 perveniunt
1295 1358 1363 1410 ad
1395 1371 1633 1419 regnum
1659 1358 1905 1424 promis-

266 1458 413 1507 sum,
464 1458 574 1497 nec
631 1439 906 1506 haeretici,
980 1454 1082 1493 nec
1129 1435 1316 1492 Judaei
1367 1435 1634 1490 carnales
1699 1449 1712 1487 :
1765 1433 1905 1503 quia

263 1530 459 1595 praeter
517 1521 682 1576 Isaac
730 1519 930 1576 nullus
979 1527 1069 1574 est
1122 1518 1306 1572 heres
1347 1533 1360 1583 ;
1411 1522 1468 1571 et
1513 1531 1619 1570 non
1661 1517 1756 1584 qui
1801 1513 1906 1583 ﬁlii

266 1607 462 1670 carnis,
485 1603 549 1657 hi
575 1599 688 1672 ﬁlii
720 1603 818 1656 Dei
855 1617 875 1662 ;
905 1601 996 1656 sed
1032 1600 1138 1670 ﬁlii
1165 1596 1540 1668 promissionis
1567 1596 1906 1666 deputantur

258 1687 319 1738 in
360 1686 575 1738 semine
620 1684 793 1753 (Rom.
851 1699 930 1745 ιχ,
979 1681 1055 1752 8),
1110 1681 1180 1734 de
1237 1696 1351 1750 quo
1402 1679 1624 1733 dictum
1679 1681 1787 1742 est,
1837 1678 1902 1731 In

263 1767 409 1821 Isaac
458 1766 750 1819 vocabitur
807 1764 906 1818 tibi
952 1777 1130 1816 semen
1183 1759 1334 1831 (Gen.
1376 1776 1491 1826 xxi,
1548 1757 1654 1829 12).
1707 1756 1903 1826 Neque

263 1849 410 1900 enim
444 1846 617 1900 video
649 1862 753 1900 cur
781 1845 951 1898 etiam
985 1842 1232 1896 Cethura
1274 1845 1400 1909 post
1432 1841 1624 1894 uxoris
1658 1845 1900 1893 mortem

262 1927 449 1991 ducta,
484 1927 602 1981 nisi
637 1931 866 1997 prepter
894 1925 1002 1979 hoc
1043 1923 1406 1990 mysterium,
1452 1921 1609 1976 dicta
1639 1920 1715 1975 sit
1761 1937 1900 1976 con-

262 2007 488 2061 cubina.
517 2006 630 2061 Sed
669 2006 936 2076 quisquis
969 2006 1088 2059 haec
1119 2019 1232 2057 non
1266 2002 1387 2056 vult
1426 2002 1483 2055 in
1517 2002 1647 2056 istis
1674 2001 1903 2072 signiﬁ-

261 2087 588 2142 cationibus
652 2087 936 2158 accipere,
1005 2101 1120 2140 non
1185 2081 1578 2138 calumnietur
1640 2083 1900 2134 Abrahae.

260 2168 398 2230 Quid
432 2169 483 2222 si
515 2168 674 2222 enim
702 2173 756 2222 et
786 2170 892 2222 hoc
927 2165 1218 2236 provisum
1250 2169 1338 2218 est
1369 2168 1570 2217 contra
1609 2162 1906 2215 htereticos

263 2247 489 2303 futuros
521 2249 913 2302 secundarum
945 2244 1306 2299 adversarios
1339 2242 1673 2310 nuptiarum
1709 2241 1807 2310 (a),
1841 2244 1908 2294 ut

259 2328 316 2382 in
374 2331 506 2400 ipso
557 2338 715 2400 patre
785 2327 1102 2381 multarum
1173 2325 1436 2395 gentium
1491 2327 1616 2392 post
1682 2322 1905 2376 obitum

257 2412 523 2480 conjugis
552 2410 760 2463 iterum
785 2407 1084 2476 conjugari
1105 2407 1605 2459 demonstraretur
1635 2418 1749 2456 non
1781 2419 1908 2458 esse

259 2496 564 2560 peccatum
593 2489 622 2542 ?
669 2489 738 2542 Et
769 2494 1040 2540 mortuus
1089 2491 1178 2539 est
1223 2483 1542 2549 Abraham,
1583 2498 1712 2537 cum
1757 2487 1908 2538 esset

254 2585 547 2624 annorum
580 2574 815 2623 centum
847 2564 1218 2635 septuaginta
1238 2565 1492 2633 quinque
1515 2563 1535 2596 ³
1566 2563 1669 2634 (Id.
1691 2563 1905 2635 xxv,7).

252 2653 562 2706 Annorum
609 2665 743 2717 ergo
803 2648 1172 2718 septuaginta
1213 2646 1474 2716 quinque
1504 2645 1663 2700 Isaac
1719 2645 1904 2700 (ilium

251 2730 582 2801 dereliquit,
605 2744 780 2800 quem
816 2725 1184 2781 centonarius
1215 2727 1433 2796 genuit.

251 2895 485 2952 CAPUT
514 2895 726 2952 XXXV.
776 2928 844 2939 -
888 2900 962 2952 De
1008 2900 1239 2968 geminis
1285 2897 1460 2952 adhuc
1501 2899 1562 2953 in
1609 2907 1759 2952 utero
1811 2899 1906 2953 Re-

323 2977 494 3032 becca:
537 2980 734 3032 matris
780 2979 1005 3034 inclusis
1052 2979 1180 3049 quid
1228 2979 1546 3034 indicaverit
1593 2979 1780 3034 divina
1819 2993 1903 3034 re-

321 3074 344 3113 s
347 3071 558 3129 pensio.

325 3195 456 3250 Jam
478 3211 548 3249 ex
572 3195 699 3261 hoc,
722 3198 1214 3267 quemadmodum
1241 3215 1340 3268 per
1371 3197 1900 3270 posterosAbiahsa

260 3275 506 3329 civitatis
529 3274 629 3329 Dei
647 3282 1120 3345 procurranttem
1133 3294 1289 3347 pora,
1305 3279 1628 3332 videamus.
1651 3285 1694 3331 Α
1713 3278 1901 3348 primo

260 3358 432 3428 igitur
462 3374 618 3412 anno
645 3358 771 3412 vitae
807 3359 980 3426 Isaac,
1014 3376 1200 3431 usque
1234 3362 1301 3414 ad
1328 3362 1752 3432 sexagesimum
1786 3375 1901 3429 quo

261 3438 308 3492 ei
340 3438 459 3492 nati
493 3442 642 3492 sunt
672 3437 798 3506 ﬁlii,
839 3439 981 3493 illud
1017 3441 1396 3495 memorabile
1436 3447 1543 3506 est,
1577 3441 1731 3512 quod
1767 3453 1900 3494 cum

261 3516 341 3571 illi
371 3517 557 3572 Deum
593 3519 814 3587 reganti
855 3523 920 3574 ut
951 3525 1178 3590 pareret
1209 3537 1351 3575 uxor
1381 3521 1527 3590 ejus.
1564 3538 1691 3592 qua:
1723 3521 1900 3575 steri-

259 3597 328 3653 lis
357 3604 498 3667 erat,
533 3601 923 3655 concessisset
945 3601 1228 3656 Dominus
1252 3603 1405 3673 quod
1443 3604 1692 3671 petebat,
1727 3607 1903 3672 atque

259 3677 489 3734 haberet
528 3679 631 3733 illa
677 3687 1046 3748 conceptum,
1088 3683 1414 3752 gestiebant
1452 3683 1664 3753 gemini
1711 3683 1903 3739 adhuc

261 3762 315 3814 in
347 3767 508 3814 utero
543 3762 676 3829 ejus
709 3759 942 3817 inclusi.
967 3760 1090 3823 Qua
1115 3761 1382 3816 molestia
1408 3778 1538 3817 cum
1573 3769 1900 3833 angeretur,

261 3837 577 3895 Dominum
599 3839 994 3912 interrogavit,
1019 3843 1354 3913 accepitque
1375 3859 1752 3914 responsum:
1775 3845 1902 3899 Duae

261 3924 437 3987 gentes
466 3922 530 3976 in
562 3931 714 3977 utero
744 3931 845 3976 tuo
873 3926 1019 3989 sunt,
1051 3928 1102 3978 et
1143 3923 1248 3978 duo
1284 3925 1474 3994 pepuli
1501 3924 1566 3979 de
1596 3929 1902 3996 ventre-tuo

261 4003 687 4071 separabantur,
711 4007 759 4056 et
781 4005 1012 4073 populus
1032 4003 1293 4073 papulum
1314 4007 1615 4073 superabit,
1645 4009 1697 4060 et
1719 4007 1904 4077 major

264 4083 450 4137 serviet
497 4083 711 4137 minori
757 4084 935 4150 (Ibid,
984 4084 1097 4155 23).
1140 4083 1300 4147 Quod
1349 4084 1568 4140 Paulus
1609 4087 1904 4157 apostolus

267 4177 537 4234 magnum
584 4163 707 4218 vult
735 4163 981 4235 intelligi
1029 4167 1226 4235 gratias
1273 4166 1729 4222 documentum:
1764 4169 1903 4239 quia

267 4246 512 4299 nondum
543 4242 666 4299 illis
695 4247 874 4311 natis,
907 4261 1010 4300 nec
1042 4245 1256 4316 aliquid
1291 4248 1594 4316 agentibus
1628 4250 1763 4304 boni
1797 4265 1901 4304 seu

269 4321 419 4391 mali,
451 4325 581 4380 sine
613 4325 750 4380 ullis
798 4326 968 4381 bonis
1000 4325 1223 4381 meritis
1261 4327 1493 4398 eligitur
1526 4329 1740 4395 minor,
1775 4347 1902 4386 ma-

263 4400 380 4469 jore
426 4404 736 4476 reprobato
765 4405 942 4474 (Rom.
993 4422 1070 4474 1x,
1121 4407 1311 4478 11-13)
1357 4425 1369 4462 :
1423 4410 1655 4478 quando
1702 4409 1900 4482 procul

270 4482 457 4550 dubio,
509 4491 799 4555 quantum
851 4486 1056 4541 attinet
1111 4488 1176 4540 ad
1247 4487 1525 4559 originale
1573 4500 1898 4561 peccatum,

270 4563 431 4640 ambo
472 4580 643 4634 pares
684 4569 883 4632 erant;
919 4571 1200 4636 quantum
1236 4575 1424 4624 autem
1457 4570 1525 4623 ad
1581 4571 1898 4640 pr0prium,

273 4639 435 4698 ullius
467 4660 671 4699 eorum
716 4644 940 4699 nullum
974 4650 1116 4701 erat.
1150 4646 1260 4702 Sed
1297 4665 1448 4703 nunc
1490 4649 1559 4703 de
1584 4639 1698 4704 hac
1724 4667 1784 4706 re
1809 4652 1903 4706 di-

272 4735 389 4776 cere
419 4723 638 4796 aliquid
670 4725 864 4792 latius,
899 4726 1148 4783 instituti
1180 4730 1370 4797 operis
1413 4731 1557 4784 ratio
1589 4747 1704 4784 non
1739 4731 1902 4796 sinit,

272 4803 414 4858 unde
443 4813 500 4861 et
549 4805 610 4860 in
649 4806 778 4862 aliis
815 4808 940 4877 jam
995 4810 1176 4863 multa
1207 4811 1482 4864 diximus.
1519 4811 1676 4874 Quod
1707 4816 1900 4868 autem

272 4879 482 4940 dictum
506 4891 618 4950 est,
644 4887 814 4956 Major
833 4891 1029 4944 serviet
1048 4892 1279 4956 minori,
1306 4906 1475 4944 nemo
1501 4891 1615 4945 fere
1635 4898 1898 4948 nostrum

273 4959 431 5017 aliter
460 4966 760 5034 intellexit,
803 4985 979 5040 quam
1016 4970 1296 5039 majorem
1349 4970 1620 5039 p0pulum
1669 4970 1904 5028 Judseo-

274 5054 396 5098 rum
419 5047 627 5103 minori
646 5049 860 5120 populo
876 5051 1209 5106 Christiano
1226 5052 1440 5107 servitu
1452 5067 1596 5107 rum.
1616 5053 1683 5108 Et
1704 5069 1903 5111 revera

334 5310 500 5384 ﬁlex,
532 5313 660 5378 ipsi,
717 5316 864 5366 deest
906 5317 964 5367 in
994 5317 1150 5368 editis
1179 5335 1193 5380 ;
1251 5320 1344 5371 sed
1379 5321 1606 5372 habetur
1630 5321 1689 5371 in
1718 5335 1903 5372 manu-

277 5375 471 5431 scnptis
497 5379 549 5426 et
576 5379 718 5431 apud
749 5379 1109 5431 Septuaginta.

277 5387 471 5466 scglpus
497 5387 549 5426 et
576 5387 718 5441 apud
749 5387 1109 5456 είθριηαείηιδ.

277 5435 490 5546 επίιξῖξξ.
532 5443 584 5490 et
637 5455 880 5505 promo
933 5445 1048 5495 loco
1102 5446 1269 5506 abest,
1324 5447 1591 5512 quinque,
1640 5462 1673 5497 a
1717 5461 1905 5497 manu-

278 5512 686 5629 B‘fll'cltligicundas
713 5570 927 5632 nuptias
955 5571 1311 5636 Cataphryges
1339 5574 1473 5624 nihil
1497 5589 1529 5624 a
1557 5575 1905 5626 fornicatione

278 5618 478 5664 differre
518 5631 799 5664 ηιηειρῆοηίμ
863 5635 923 5664 ut
970 5635 1150 5664 unuthzt
1208 5639 1525 5664 nummum...
1571 5639 1624 5664 ε..
1678 5641 1812 5664 ιιιι-,ι
1842 5641 1904 5664 ,ιιι

310 5621 500 5698 {ﬂend
518 5621 818 5698 censebant,
846 5635 925 5698 _ut
944 5621 1152 5698 _scribit
1186 5621 1528 5698 fugastiqu
1558 5621 1906 5690 iii—156666

277 5681 584 5742 Haeresibus
613 5695 688 5744 ad
718 5681 1164 5756 Quodvultdeum,
1193 5681 1452 5755 lia—ech23‘.

2011 1111 2270 1192 nientius
2300 1115 2575 1170 creditur.
2612 1122 2676 1171 Et
2697 1118 2833 1187 quid
2855 1124 2943 1173 est
2974 1118 3102 1187 hoc,
3138 1119 3246 1175 nisi
3277 1127 3431 1192 quod
3473 1125 3528 1179 iu
3560 1127 3655 1180 Ju-

2010 1191 2150 1246 daais
2181 1199 2238 1247 et
2269 1192 2619 1251 Christianis
2653 1197 2944 1253 evidenter
2976 1199 3251 1270 impletur
3271 1201 3300 1255 ‘l

2009 1349 2238 1405 CAPUT
2267 1352 2515 1409 XXXVI.
2549 1385 2617 1395 —
2649 1357 2720 1410 De
2749 1358 2968 1413 oraculo
2991 1367 3040 1412 et
3070 1359 3458 1429 benedictione,
3486 1377 3650 1431 quam

2080 1433 2231 1488 Isaac
2250 1450 2358 1489 non
2389 1436 2554 1489 aliter
2582 1452 2744 1506 quam
2771 1441 2927 1506 pater
2954 1441 3145 1509 ipsius,
3178 1443 3367 1496 merito
3405 1443 3652 1511 ejusdem

2082 1514 2306 1570 dilectus
2331 1515 2370 1585 ί,
2396 1520 2621 1588 accepit.

2080 1672 2313 1740 Accepit
2342 1673 2516 1728 etiam
2555 1674 2711 1730 Isaac
2744 1677 3041 1731 oraculum
3067 1677 3204 1743 tale,
3237 1679 3406 1750 quale
3428 1679 3651 1751 aliquo-

2010 1753 2118 1808 ties
2155 1760 2312 1824 pater
2341 1758 2470 1822 ejus
2490 1763 2807 1824 acceperat.
2843 1757 2922 1811 De
2953 1773 3062 1826 quo
3093 1762 3327 1814 oraculo
3361 1761 3447 1816 sic
3478 1761 3656 1832 scrip-

2009 1839 2134 1888 tum
2168 1839 2286 1888 est:
2323 1837 2482 1890 Facta
2504 1846 2580 1890 est
2610 1841 2790 1892 autem
2811 1840 2983 1905 fames
3012 1855 3177 1910 super
3201 1845 3431 1910 terram,
3451 1847 3656 1912 praeter

2008 1917 2212 1986 famem
2241 1932 2360 1986 qum
2394 1920 2545 1987 prius
2573 1921 2718 1984 facta
2746 1924 2819 1973 est
2855 1921 2910 1972 in
2943 1925 3181 1989 tempore
3215 1921 3469 1978 Abrahae.
3504 1924 3654 1977 Abiit

2009 2004 2194 2051 autem
2231 1998 2380 2050 Isaac
2403 1997 2472 2051 ad
2503 1998 2805 2052 Abimetech
2829 2015 3007 2068 regem
3030 2001 3455 2056 Philistinorum
3480 2005 3538 2055 in
3561 2002 3656 2057 Ge-

2013 2092 2162 2129 rara.
2198 2077 2466 2146 Apparuit
2489 2081 2670 2131 autem
2702 2080 2787 2132 illi
2807 2079 3086 2144 Dominus,
3109 2093 3161 2135 et
3183 2081 3360 2135 dixit:
3385 2084 3511 2137 Noli
3537 2083 3657 2138 des-

2011 2154 2240 2208 cendere
2288 2159 2344 2208 in
2391 2157 2722 2226 rEgyptum:
2757 2157 2943 2212 habita
2972 2169 3157 2214 autem
3204 2162 3261 2212 in
3295 2169 3448 2215 terra
3495 2178 3660 2232 quam

2013 2235 2348 2302 tibiptiazero,
2379 2238 2630 2306 et‘incole
2660 2241 2716 2291 in
2747 2243 2897 2292 terra
2919 2238 3020 2292 hac
3038 2254 3059 2298 ;
3089 2247 3139 2293 et
3160 2253 3249 2293 ero
3282 2248 3476 2308 tecum,
3499 2251 3552 2294 et
3569 2242 3658 2295 be-

2015 2315 2260 2370 nedicam
2290 2327 2358 2372 te.
2394 2319 2503 2372 Tibi
2532 2321 2674 2373 enim
2705 2326 2755 2374 et
2784 2318 2984 2373 semini
3023 2329 3111 2374 tuo
3140 2319 3280 2375 dabo
3312 2337 3524 2377 omnem
3555 2326 3662 2377 ter-

2015 2414 2135 2452 ram
2154 2399 2298 2454 hanc
2325 2418 2344 2454 :
2376 2410 2426 2456 et
2445 2405 2685 2455 statuam
2717 2405 3093 2470 iuramentum
3117 2419 3296 2458 meum
3317 2405 3457 2476 quod
3476 2406 3662 2473 iuravi

2014 2480 2248 2535 Abrahae
2295 2485 2441 2550 patri
2467 2491 2556 2537 tuo
2584 2500 2606 2546 ;
2647 2492 2696 2537 et
2727 2484 3100 2551 multiplicabo
3131 2500 3313 2539 semen
3341 2490 3495 2541 tuum
3533 2496 3659 2542 tan-

2016 2575 2178 2630 quam
2209 2562 2395 2616 stellas
2416 2563 2554 2630 cceli,
2591 2573 2640 2618 et
2669 2562 2808 2618 dabo
2841 2566 3039 2618 semini
3065 2568 3158 2619 tuo
3185 2580 3400 2620 omnem
3444 2575 3661 2622 terram

2014 2641 2175 2709 hanc,
2233 2648 2283 2697 et
2332 2643 2715 2699 benedicentur
2762 2645 2823 2698 in
2859 2648 3066 2700 semine
3113 2652 3206 2701 tuo
3264 2663 3449 2702 omnes
3477 2653 3661 2718 gentes

2014 2730 2192 2792 terrae,
2216 2739 2317 2793 pro
2364 2739 2424 2780 eo
2473 2728 2621 2795 quod
2661 2725 2943 2780 obaudivit
3001 2726 3278 2782 Abraham
3325 2738 3481 2798 pater
3535 2735 3662 2785 tuus

2012 2818 2190 2857 vocem
2231 2821 2432 2870 meam,
2490 2815 2540 2860 et
2581 2807 2869 2860 custodiuit
2916 2813 3189 2879 praecepta
3233 2825 3357 2863 mea
3406 2813 3456 2863 et
3505 2826 3658 2864 man-

2011 2881 2141 2936 data
2184 2899 2324 2948 mea,
2366 2895 2419 2938 et
2467 2885 2885 2955 iustiﬁcationes
2928 2902 3096 2952 meas,
3139 2893 3191 2943 et
3240 2889 3484 2959 legitima
3540 2906 3662 2945 mea

2014 2962 2166 3029 (Gen.
2236 2980 2386 3028 xxvx,
2457 2967 2585 3034 1-5).
2652 2966 2764 3020 Iste
2838 2965 3162 3035 patriarcha
3237 2982 3342 3023 nec
3419 2985 3656 3024 uxorem

2011 3043 2218 3099 habuit
2247 3044 2443 3112 aliam,
2481 3064 2583 3102 nec
2615 3049 2875 3118 aliquam
2908 3048 3306 3113 concubinam,
3338 3052 3438 3105 sed
3467 3057 3655 3122 poste-

2013 3123 2176 3179 ritate
2207 3126 2454 3180 duorum
2480 3129 2837 3197 geminorum
2861 3145 2927 3183 ex
2955 3145 3069 3184 uno
3097 3131 3405 3185 concubitu
3431 3147 3664 3202 procre-

2011 3217 2235 3264 atorum
2269 3216 2577 3267 contentus
2604 3214 2733 3267 fuit.
2767 3213 2992 3267 Timuit
3021 3229 3163 3269 sane
3189 3215 3367 3270 etiam
3402 3217 3524 3286 ipse
3558 3231 3662 3287 pe-

2012 3289 2260 3344 riculum
2296 3292 2835 3362 depulchritudine
2874 3296 3163 3364 conjugis,
3207 3310 3341 3350 cum
3381 3296 3663 3351 habitaret

2013 3370 2162 3424 inter
2192 3371 2428 3438 alienos,
2463 3374 2711 3442 fecitque
2743 3374 2897 3442 quod
2931 3380 3113 3444 pater,
3140 3380 3205 3429 ut
3244 3391 3369 3429 eam
3405 3391 3662 3431 sororem

2013 3450 2248 3516 diceret,
2302 3457 2515 3507 taceret
2555 3469 2826 3508 uxorem:
2863 3459 2983 3507 erat
3022 3455 3176 3508 enim
3228 3454 3278 3507 ei
3331 3458 3662 3525 propinqua

2016 3536 2252 3601 paterno
2302 3537 2359 3585 et
2392 3537 2650 3586 materno
2697 3533 3011 3602 sanguine:
3047 3534 3148 3586 sed
3193 3533 3367 3587 etiam
3419 3535 3542 3605 ipsa
3585 3535 3657 3588 ab

2014 3610 2356 3679 alienigenis
2377 3612 2420 3677 ³,
2454 3613 2683 3681 cognito
2713 3612 2864 3681 quod
2899 3627 3038 3666 uxor
3067 3613 3192 3681 ejus
3233 3618 3406 3681 esset,
3440 3615 3661 3668 mansit

2013 3689 2251 3745 intacta.
2286 3689 2399 3744 Nec
2434 3691 2560 3744 ideo
2603 3697 2796 3746 tamen
2838 3691 3010 3744 istum
3047 3692 3194 3762 patri
3225 3692 3353 3761 ejus
3395 3692 3661 3762 praeferre

2013 3772 2309 3836 debemus,
2344 3769 2484 3840 quia
2516 3771 2618 3827 iste
2660 3771 2878 3825 nullam
2913 3772 3189 3825 feminam
3243 3778 3449 3842 praeter
3481 3788 3658 3828 unam

2014 3853 2318 3921 conjugem
2351 3856 2606 3906 noverat.
2657 3851 2832 3906 Erant
2881 3852 3037 3906 enim
3083 3850 3282 3921 procul
3343 3852 3515 3907 dubio
3562 3869 3660 3921 pa-

2014 3936 2188 3986 ternae
2224 3929 2351 3985 ﬁdei
2375 3936 2430 3986 et
2461 3931 2802 3987 obedientize
2836 3933 3040 3986 merita
3066 3933 3308 4001 potiora,
3343 3932 3400 3986 in
3434 3939 3660 3987 tantum

2017 4018 2081 4067 ut
2114 4016 2343 4082 propter
2382 4010 2549 4066 illum
2600 4013 2756 4067 dicat
2795 4011 2970 4078 Deus,
3011 4012 3146 4066 huic
3183 4028 3244 4067 se
3278 4013 3463 4067 facere
3509 4012 3663 4068 bona

2015 4110 2139 4165 quae
2164 4094 2334 4147 facit:
2369 4093 2782 4158 Benetlicentur,
2807 4093 3017 4163 inquit,
3040 4095 3097 4146 in
3117 4095 3318 4148 semine
3350 4098 3442 4148 tuo
3472 4108 3662 4150 omnes

2012 4184 2204 4248 gentes
2236 4183 2418 4242 terrae,
2456 4190 2556 4245 pro
2585 4189 2644 4229 eo
2687 4173 2827 4244 quod
2857 4173 3130 4228 obaudivit
3180 4174 3454 4229 Abraham
3498 4179 3662 4245 pater

2015 4265 2137 4311 tuus
2168 4271 2349 4310 vocem
2370 4271 2568 4322 meam,
2592 4259 2647 4311 et
2665 4255 2951 4310 custodiuit
2963 4265 3237 4326 praecepta
3257 4269 3398 4323 mea,
3421 4260 3472 4310 et
3500 4271 3661 4310 man-

2013 4339 2140 4394 data
2167 4354 2309 4402 mea,
2341 4341 2389 4392 et
2412 4337 2830 4409 justiﬁcationes
2856 4352 3021 4402 meas,
3062 4340 3114 4392 et
3145 4337 3388 4408 legitima
3417 4353 3560 4392 mea.
3596 4335 3664 4393 Et

2017 4419 2127 4474 alio
2160 4435 2362 4473 rursus
2384 4417 2613 4473 oraculo
2639 4435 2651 4473 :
2687 4417 2794 4486 Ego
2824 4433 2968 4482 sum,
2993 4417 3201 4487 inquit,
3226 4417 3363 4473 Deus
3385 4416 3662 4472 Abraham

2012 4501 2184 4571 patris
2217 4500 2338 4553 tui:
2370 4500 2485 4554 noli
2513 4497 2737 4565 timere;
2779 4508 2956 4554 tecum
2986 4501 3133 4554 enim
3157 4515 3302 4563 sum,
3333 4503 3386 4554 et
3409 4497 3664 4554 benedixi

2016 4590 2088 4645 te,
2118 4583 2166 4635 et
2199 4580 2573 4651 multiplicabo
2605 4595 2781 4634 semen
2815 4583 2969 4634 tuum
2998 4588 3219 4650 prapter
3256 4580 3533 4634 Abraham
3561 4596 3663 4649 pa-

2017 4669 2155 4717 trem
2186 4666 2344 4715 tuum
2383 4661 2544 4732 (Ibid.
2593 4661 2706 4732 24).
2746 4661 2813 4717 Ut
2842 4660 3242 4731 intelligamus
3278 4676 3451 4730 quam
3502 4664 3660 4714 caste

2017 4742 2310 4798 Abraham
2344 4743 2562 4811 fecerit,
2596 4743 2749 4812 quod
2777 4742 3113 4796 hominibus
3137 4740 3451 4809 impudicis
3483 4743 3539 4792 et
3566 4753 3662 4792 ne-

2017 4825 2212 4896 quitias
2243 4841 2363 4879 suis
2413 4825 2481 4879 de
2509 4823 2828 4893 Scripturis
2859 4821 3080 4874 sanctis
3119 4818 3445 4888 patrocinia
3479 4817 3666 4888 requi-

2017 4906 2282 4961 rentibus
2311 4905 2540 4959 videtur
2583 4904 2784 4956 fecisse
2813 4901 3057 4953 libidine
3090 4913 3102 4950 :
3140 4897 3350 4950 deinde
3383 4902 3448 4952 ut
3487 4898 3663 4952 etiam

2017 4987 2124 5041 hoc
2157 4985 2510 5047 noverimus,
2542 4997 2656 5035 non
2688 4996 2755 5034 ex
2801 4979 2964 5034 bonis
3002 4976 3245 5046 singulis
3276 4977 3424 5030 inter
3467 4992 3524 5031 se
3555 4976 3664 5032 ho-

2019 5068 2206 5120 mines
2238 5077 2595 5132 comparare,
2629 5061 2730 5114 sed
2766 5059 2823 5112 in
2849 5073 3196 5128 unoquoque
3226 5057 3663 5112 consideremus

2019 5145 2308 5200 universa.
2342 5141 2490 5196 Fieri
2529 5142 2685 5196 enim
2733 5145 2940 5211 potest,
2992 5145 3057 5194 ut
3090 5139 3301 5193 habeat
3336 5136 3560 5207 aliquid
3601 5135 3662 5191 in

2017 5226 2133 5281 vita
2181 5233 2232 5279 et
2273 5223 2533 5278 moribus
2581 5221 2870 5293 quispiam
2923 5236 3039 5293 quo
3071 5223 3306 5291 superat
3334 5217 3538 5286 alium,
3574 5216 3664 5272 id-

2083 5499 2100 5568 }
2166 5494 2250 5544 Sic
2302 5493 2423 5542 Mss.
2478 5493 2544 5542 At
2600 5492 2745 5549 editi,
2802 5492 3000 5541 merito
3067 5487 3317 5548 ejusdem
3385 5503 3448 5537 ac
3527 5487 3670 5538 dile-

2019 5566 2214 5606 ctione.

2084 5621 2105 5653 ²
2135 5620 2278 5677 Mss,
2308 5620 2374 5668 ab
2403 5618 2629 5671 alienis.
