4138 6192
440 331 560 393 818

437 476 551 532 qua
578 458 659 515 ait
680 457 850 527 longe
880 452 1296 526 prostabilius.
1317 467 1495 523 quam
1530 455 1618 506 est
1648 449 1789 507 illud
1822 447 1976 532 unde
2005 446 2082 532 ab

438 526 555 596 alio
595 526 924 608 superatur.
957 536 1035 589 Ac
1081 547 1181 604 pec
1213 532 1319 586 hoc
1368 546 1512 586 sano
1554 544 1797 598 veroque
1836 526 2077 608 judicio,

437 636 569 675 cum
611 607 971 672 continentia
1017 613 1289 682 eonjugio
1341 611 1694 681 praeferatur,
1741 607 1940 663 melior
1992 610 2081 661 est

434 706 630 756 tamen
682 698 851 751 homo
909 694 1098 748 ﬁdelis
1142 693 1515 763 conjugatus.
1547 706 1724 761 quam
1772 689 2082 743 continens

433 779 707 834 infidelis.
754 776 864 832 Sed
892 774 1145 829 inﬁdelis
1186 774 1362 829 homo
1385 790 1500 828 non
1523 772 1714 827 solum
1749 770 1943 825 minus
1966 770 2084 822 lau-

433 862 683 921 dandus,
704 873 901 912 verum
929 856 1100 910 etiam
1129 854 1380 909 maxime
1401 854 1781 909 detestandus
1803 855 1911 906 est.
1937 848 2082 904 Con-

435 942 753 997 stituamus
814 938 1020 993 ambos
1090 935 1273 990 bonos
1312 933 1387 1001 ίς
1447 935 1622 989 etiam
1690 934 1775 989 sic
1834 931 2082 1000 profecto

436 1020 639 1077 melior
683 1024 770 1075 est
819 1019 1168 1089 conjugatus
1214 1014 1594 1071 ﬁdelissimus
1633 1020 1690 1070 et
1728 1012 2083 1070 obedientis-

434 1103 623 1159 simus
658 1102 789 1167 Deo,
825 1115 1001 1170 quam
1034 1098 1338 1153 continens
1372 1096 1618 1151 minoris
1651 1095 1784 1151 ﬁdei
1816 1093 2084 1149 minoris-

431 1198 540 1253 que
569 1181 949 1237 obedientiam
983 1178 1031 1233 si
1083 1194 1215 1232 vero
1264 1176 1425 1247 paria
1455 1176 1575 1231 sint
1606 1179 1831 1241 cetera,
1891 1174 2086 1230 conti-

433 1269 667 1319 nentem
698 1260 1009 1331 conjugato
1043 1260 1309 1329 praeferre
1330 1257 1352 1291 ²
1378 1258 1509 1329 quis
1529 1254 1831 1327 ambigat?

435 1423 667 1480 CAPUT
712 1422 988 1479 XXXVII.
1026 1450 1094 1463 —
1152 1422 1222 1475 De
1254 1423 1335 1476 his
1393 1434 1516 1490 qua
1542 1421 1601 1473 in
1634 1420 1775 1475 Esau
1821 1427 1873 1473 et
1921 1416 2083 1474 Jacob

863 1504 1085 1573 mystice
1130 1500 1657 1571 przﬁgurabantur.

509 1640 633 1697 Duo
666 1639 842 1708 igitur
874 1640 1031 1693 Isaac
1065 1637 1194 1704 ﬁlii,
1219 1638 1369 1691 Esau
1403 1642 1460 1691 et
1490 1636 1691 1705 Jacob,
1729 1636 1941 1707 pariter
1968 1649 2085 1690 cre-

439 1726 631 1777 scunt.
665 1718 956 1773 Primatus
983 1717 1221 1787 maioris
1255 1714 1685 1770 transfunditur
1716 1715 1773 1769 in
1799 1716 2081 1769 minorem

438 1816 509 1855 ex
546 1803 710 1868 pacto
741 1803 796 1853 et
828 1798 1033 1866 placito
1066 1796 1217 1851 inter
1256 1795 1409 1865 illos,
1441 1812 1507 1850 eo
1538 1795 1688 1863 quod
1725 1794 2082 1861 lenticulam,

436 1894 610 1948 quem
653 1879 848 1933 cibum
899 1877 1087 1931 minor
1118 1873 1483 1946 paraverat’,
1520 1874 1701 1946 major
1741 1875 2085 1930 immodera-

436 1958 555 2015 tius
586 1957 935 2027 concupivit,
961 1973 1143 2026 eoque
1169 1957 1347 2026 pretio
1374 1956 1754 2027 primogenita
1786 1970 1892 2010 sua
1926 1952 2085 2008 fratri

429 2038 724 2108 juratione
756 2035 1099 2105 interposita
1131 2035 1407 2090 vendidit.
1444 2034 1547 2090 Ubi
1583 2034 1862 2089 discimus
1894 2034 1951 2088 in
1984 2050 2085 2089 ve-

438 2120 649 2174 scendo
682 2133 792 2173 non
834 2116 947 2171 cibi
978 2132 1206 2188 genere,
1240 2117 1338 2171 sed
1384 2116 1656 2169 aviditate
1704 2116 2087 2170 immoderata

438 2214 727 2269 quemque
758 2196 1132 2268 culpandum.
1167 2195 1431 2251 Senescit
1466 2196 1647 2263 Isaac,
1682 2198 1928 2265 ejusque
1951 2211 2085 2250 ocu-

439 2278 511 2333 lis
563 2294 664 2349 per
712 2284 1003 2333 senectam
1052 2278 1208 2331 visus
1240 2278 1520 2331 aufertur.
1572 2275 1709 2331 Vult
1742 2275 2084 2331 benedicere

439 2354 625 2411 ﬁlium
661 2355 965 2427 majorem,
998 2360 1054 2409 et
1086 2373 1184 2425 pro
1217 2354 1316 2409 illo
1352 2356 1615 2410 nesciens
1640 2354 1941 2423 ,heuedicit
1974 2354 2081 2407 mi-

442 2454 663 2506 norem,
699 2455 799 2510 pro
832 2438 1005 2493 fratre
1046 2439 1280 2507 majore,
1316 2437 1411 2508 qui
1459 2442 1581 2491 erat
1615 2437 1858 2507 pilosus,
1890 2452 1951 2492 se
1985 2452 2084 2506 pa-

437 2518 617 2573 ternis
660 2518 932 2573 manibus
978 2526 1425 2588 supponentem,
1478 2517 1725 2572 haedinis
1766 2517 1877 2571 sibi
1924 2514 2085 2585 pelli-

440 2598 588 2655 culis
618 2599 897 2668 coaptatis
928 2598 1084 2653 velut
1112 2598 1301 2653 aliena
1325 2605 1559 2669 peccata
1591 2603 1938 2669 portantem.
1973 2596 2084 2652 Iste

439 2678 609 2735 dolus
655 2678 855 2743 Jacob,
908 2695 979 2735 ne
1012 2685 1316 2749 putaretur
1348 2679 1747 2735 fraudulentus
1777 2678 1969 2746 dolus,
2026 2682 2083 2734 et

438 2777 555 2815 non
588 2761 643 2813 in
679 2776 745 2816 eo
776 2776 999 2830 magnae
1030 2759 1112 2814 rei
1148 2761 1485 2831 mysterium
1515 2765 1887 2831 quaereretur,
1916 2775 2085 2830 supe-

435 2840 559 2895 rius
592 2840 852 2911 prmdixit
882 2840 1185 2911 Scriptura
1217 2857 1231 2895 :
1265 2842 1396 2896 Erat
1431 2841 1571 2895 Esau
1608 2840 1763 2894 homo
1795 2842 1969 2895 sciens
1996 2855 2079 2895 ve-

436 2920 584 2987 nari,
611 2922 837 2991 agrestis
861 2937 880 2975 :
911 2920 1074 2977 Jacob
1115 2930 1299 2976 autem
1332 2920 1488 2976 homo
1527 2919 1789 2991 simplex,
1824 2920 2082 2976 habitans

436 2999 662 3056 domum
698 2999 846 3069 (Gen.
883 3018 1012 3068 xxv,
1043 3000 1235 3068 29-34,
1286 3002 1398 3073 27).
1449 3000 1563 3057 Hoc
1615 3000 1799 3056 nostri
1843 2999 2080 3071 quidam

432 3081 793 3152 interpretati
834 3086 996 3150 sunt,
1042 3082 1161 3136 sine
1211 3081 1353 3138 dolo.
1404 3081 1539 3137 Sive
1579 3086 1770 3135 autem
1802 3081 1917 3135 sine
1955 3079 2081 3136 dolo

431 3161 550 3217 sive
579 3160 835 3231 simplex,
869 3162 990 3215 sive
1022 3158 1217 3229 potius
1246 3160 1367 3215 sine
1395 3160 1614 3230 ﬁctione
1646 3158 1897 3227 dicatur,
1929 3160 2081 3229 quod

432 3249 518 3299 est
566 3256 747 3305 graec
796 3236 1092 3307 ἄπλαστος,
1144 3238 1276 3311 quis
1307 3244 1395 3295 est
1444 3240 1504 3295 in
1551 3240 1657 3293 ista
1710 3239 2085 3310 percipienda

430 3320 833 3377 benedictione
879 3321 1047 3375 dolus
1111 3320 1368 3376 hominis
1419 3321 1543 3375 sine
1584 3319 1773 3375 dolo?
1821 3323 1949 3391 quis
1996 3325 2085 3377 est

428 3401 595 3457 dolus
642 3399 952 3472 simplicis,
1005 3417 1133 3472 qua
1190 3401 1345 3456 ﬁctio
1398 3417 1509 3455 non
1564 3400 1919 3468 mentientis,
1968 3400 2083 3458 nisi

430 3482 782 3555 profundum
817 3482 1161 3554 mysterium
1189 3481 1491 3537 veritatis?
1519 3480 1649 3552 Ipsa
1680 3490 1871 3536 autem
1914 3483 2083 3536 bene-

426 3563 604 3619 dictio
628 3562 820 3633 qualis
838 3570 927 3617 est
946 3562 974 3615 ?
993 3563 1143 3627 Ecce,
1172 3562 1385 3635 inquit,
1411 3562 1543 3617 odor
1561 3562 1666 3632 ﬁlii
1686 3563 1797 3616 mei
1818 3567 2083 3634 tanquam

425 3644 555 3700 odor
581 3644 706 3713 agri
732 3643 904 3713 pleni,
928 3660 1089 3714 quem
1121 3642 1403 3698 benedixit
1442 3643 1725 3697 Dominus.
1762 3644 1824 3698 Et
1854 3646 1947 3698 det
1977 3642 2084 3697 tibi

430 3725 570 3780 Deus
598 3724 664 3778 de
696 3739 816 3779 rore
844 3724 991 3789 caeli,
1023 3731 1075 3778 et
1120 3722 1185 3778 de
1214 3724 1435 3778 uberate
1460 3731 1641 3791 terrae,
1675 3727 1724 3778 et
1772 3722 2085 3777 multitudi-

429 3820 553 3859 nem
581 3805 856 3873 frumenti
886 3816 935 3858 et
962 3805 1113 3857 vini:
1145 3808 1196 3858 et
1226 3804 1463 3859 serviant
1495 3803 1600 3857 tibi
1632 3807 1839 3871 gentes,
1866 3813 1919 3858 et
1951 3802 2083 3858 ado-

428 3893 553 3942 rent
596 3890 645 3940 le
690 3885 991 3955 principes,
1035 3892 1085 3940 et
1135 3884 1239 3955 ﬁas
1272 3882 1295 3917 ⁴
1328 3884 1586 3939 dominus
1623 3887 1815 3954 fratris
1876 3886 1976 3955 tui,
2032 3887 2084 3940 et

427 3965 735 4023 adorabunt
763 3969 816 4021 te
863 3963 973 4035 ﬁlii
1002 3964 1176 4035 patris
1205 3966 1309 4019 tui.
1348 3966 1454 4033 Qui
1483 3965 1831 4020 maledixerit
1862 3973 1932 4033 Ie,
1963 3981 2081 4019 ma-

435 4046 712 4111 lcdictus;
742 4049 793 4101 et
822 4045 920 4116 qui
951 4044 1291 4101 benedixerit
1322 4053 1392 4110 te,
1439 4044 1769 4101 benedictus.
1806 4044 2083 4100 Benedic-

431 4130 510 4185 tio
542 4126 718 4198 igitur
744 4126 945 4190 Jacob,
982 4127 1307 4197 prmdicatio
1350 4126 1560 4180 Christi
1594 4130 1682 4181 est
1714 4126 1771 4179 in
1807 4125 2083 4180 omnibus

431 4209 724 4281 gentibus.
765 4208 878 4263 lloc
912 4208 995 4273 ﬁt,
1033 4207 1139 4262 hoc
1162 4206 1353 4278 agitur
1391 4222 1403 4260 :
1438 4210 1549 4263 Lex
1580 4216 1632 4261 et
1664 4204 1969 4275 Prophetia
1999 4212 2084 4261 est

432 4288 634 4346 Isaac‘
672 4302 684 4341 :
724 4286 899 4343 etiam
934 4303 1032 4357 per
1062 4303 1127 4341 os
1178 4287 1513 4340 Judaeorum
1563 4284 1821 4340 Christus
1865 4284 1935 4339 ab
1984 4286 2085 4341 illa

429 4368 796 4423 benedicitur
834 4367 991 4423 velut
1030 4384 1063 4420 a
1103 4365 1418 4429 nesciente,
1453 4365 1593 4435 quia
1636 4366 1759 4433 ipsa
1802 4365 2080 4420 nescitur.

431 4447 620 4506 Odore
653 4448 909 4504 nominis
946 4445 1178 4510 Christi,
1213 4445 1365 4500 sicut
1396 4461 1555 4516 ager,
1590 4445 1847 4500 mundus
1880 4444 2085 4515 imple-

443 4534 541 4585 tur
572 4546 585 4583 :
618 4530 745 4598 ejus
786 4532 875 4583 est
907 4524 1233 4579 benedictio
1265 4524 1335 4580 de
1367 4540 1491 4579 rore
1540 4524 1690 4593 cmli,
1734 4524 1841 4579 hoc
1872 4531 1980 4594 est,
2015 4526 2084 4582 de

432 4610 739 4665 verborum
774 4606 969 4679 pluvia
998 4604 1369 4673 divinorum;
1403 4610 1460 4661 et
1489 4605 1560 4661 de
1602 4606 1863 4662 ubertate
1895 4614 2082 4678 terrae,

431 4689 541 4746 hoc
589 4694 697 4761 est,
742 4691 813 4745 de
860 4687 1307 4760 congregatione
1368 4689 1715 4759 populorum
1756 4703 1769 4741 :
1822 4688 1949 4758 ejus
1996 4692 2085 4744 est

498 4899 541 4957 ιγ
585 4893 673 4944 Sic
749 4908 910 4957 magn

435 4956 881 5021 Sedicontinen’s
941 4957 1190 5021 inﬁdelis
1247 4957 1405 5021 homo
1460 4970 1572 5021 non

437 5019 757 5071 laudandus
799 5030 894 5078 est,
938 5017 1075 5083 quia
1118 5034 1174 5067 se
1220 5020 1484 5078 continet,
1532 5019 1671 5083 dum
1716 5033 1826 5066 non
1865 5017 2088 5083 credat;

434 5096 632 5131 verum
675 5083 843 5129 etiam
875 5081 1054 5130 multo
1103 5083 1291 5144 magis
1338 5082 1762 5144 vituperandus,
1809 5081 1948 5144 quia
1977 5095 2090 5131 non

431 5146 629 5201 credit,
687 5159 815 5194 eum
860 5159 919 5191 se
967 5144 1267 5194 contineat.
1324 5144 1747 5195 Constituamus
1793 5159 1919 5207 ergo
1965 5159 2089 5195 am-

435 5210 525 5259 bos
554 5208 737 5257 bonos.

498 5272 520 5307 ²
548 5271 673 5320 Mss.
702 5268 827 5318 2050
854 5270 907 5319 et
931 5266 1075 5326 2058,
1094 5269 1401 5331 praeferri.
1431 5269 1501 5321 Μ.

502 5336 523 5370 ³
556 5334 680 5384 Sola
705 5332 866 5383 editio
894 5332 1044 5391 Lov.,
1069 5346 1128 5380 eo
1155 5330 1302 5396 quad
1329 5330 1676 5390 lenticulam,
1707 5344 1877 5395 quam
1904 5330 2095 5381 minor

436 5406 752 5459 paraverat.
784 5396 853 5445 Μ.

501 5460 525 5495 ⁵
550 5460 699 5523 ﬂes"
730 5466 787 5523 et_
808 5459 962 5523 ﬁere.

439 5522 634 5634 “'33:.
666 5525 720 5572 et
766 5519 915 5581 me,
961 5528 1040 5569 est
1097 5520 1158 5570 in
1191 5519 1365 5572 Isaac.
1398 5521 1576 5577 Abest,
1610 5520 1692 5581 in,
1723 5533 1756 5571 a
1783 5520 1937 5570 Vind.
1972 5519 2089 5570 Am.

911 4908 943 4945 o
1007 4906 1269 4945 consensu
1347 4893 1714 4957 manuscriptl.
1799 4893 1867 4942 At
1937 4892 2085 4949 editi,

941 4957 1190 5004 infidelis
1247 4957 1405 5004 homo
1460 4970 1572 5004 non
1650 4956 1831 5004 solum
1890 4956 2085 5004 minus

1678 4971 1831 5004 etum
1890 4971 2087 5004 minus

1494 321 1599 381 DE
1643 314 2007 380 CIVITATE
2051 311 2206 386 DEI,
2251 314 2317 375 S.
2367 315 2799 379 AUGUSTINI

3720 322 3839 387 816

2192 444 2505 501 multitudo
2556 447 2837 504 frumenti
2883 450 2941 504 et
2987 447 3129 517 vini,
3189 448 3299 505 hoc
3357 453 3470 519 est,
3530 451 3850 513 multitudo

2195 542 2373 598 quam
2408 525 2630 598 colligit
2660 528 3021 585 frumentum
3052 536 3111 585 et
3142 530 3345 590 vinum
3386 531 3445 587 in
3482 532 3856 593 Sacramenta

2194 608 2455 689 corporis
2506 613 2563 663 et
2620 610 2924 679 sanguinis
2977 611 3131 679 ejus.
3194 611 3251 665 Ei
3314 614 3578 669 serviunt
3625 623 3851 686 gentes,

2192 694 2383 759 Ipsum
2417 690 2660 745 adorant
2702 690 3010 761 principes.
3054 693 3180 763 Ipse
3207 698 3298 749 est
3337 695 3613 753 dominus
3648 697 3851 757 fratris

2194 771 2307 835 sui,
2359 771 2498 841 quia
2549 770 2797 842 ponulus
2845 773 2971 841 ejus
3019 773 3353 830 dominatur
3382 776 3619 833 Judais.
3655 777 3849 847 Ipsum

2196 850 2438 904 adorant
2464 850 2565 904 ﬁiii
2592 852 2771 922 patris
2796 854 2949 920 ejus,
2975 852 3083 908 hoc
3104 865 3212 916 est.
3245 854 3347 909 ﬁlii
3377 858 3624 912 Abraha
3649 874 3853 915 secun-

2195 931 2334 984 dutn
2376 929 2547 985 ﬁdem
2582 946 2597 984 :
2641 932 2780 1002 quia
2807 937 2863 987 et
2894 933 3019 1001 ipse
3049 933 3199 988 ﬁlius
3242 944 3327 990 est
3357 938 3603 993 Abrahtn
3636 954 3853 995 secun-

2194 1012 2331 1067 dum
2353 1027 2608 1067 carnem.
2634 1013 2831 1083 Ipsum
2850 1014 2952 1084 qui
2972 1012 3346 1086 maledixerit,
3371 1016 3721 1075 maledictus
3746 1036 3760 1086 ;
3796 1022 3854 1075 et

2193 1091 2293 1162 qui
2325 1091 2701 1159 benedixerit,
2736 1092 3074 1151 benedictus
3112 1100 3221 1152 est.
3266 1096 3554 1161 Christus,
3579 1100 3847 1169 inquam,

2195 1177 2393 1228 noster
2420 1173 2592 1229 etiam
2622 1190 2692 1230 ex
2708 1190 2806 1231 ore
2824 1176 3176 1243 Judtsorum,
3199 1179 3470 1249 quamvis
3498 1180 3848 1248 errantium,

2194 1253 2295 1310 sed
2328 1258 2522 1309 tamen
2557 1255 2766 1326 Legem
2798 1255 3236 1328 Prophetasque
3263 1260 3627 1317 cantantium
3680 1260 3849 1319 bene-

2195 1334 2428 1401 dicitur,
2461 1334 2516 1391 id
2557 1345 2642 1391 est
2672 1337 2952 1394 veraciter
3000 1338 3251 1407 dicitur;
3283 1345 3340 1396 et
3379 1340 3533 1396 alius
3586 1341 3853 1398 benedici

2195 1421 2452 1483 putatur,
2499 1416 2600 1486 qui
2650 1416 2723 1471 ab
2752 1416 2837 1472 eis
2886 1419 3221 1475 errantibus
3275 1425 3665 1492 exspectatur.
3709 1423 3854 1480 Ecce

2196 1493 2653 1553 benedictionem
2690 1496 3035 1567 promissam
3070 1506 3363 1570 repetente
3397 1503 3629 1571 majore,
3661 1518 3844 1571 expa-

2195 1575 2371 1631 vescit
2402 1578 2579 1640 Isaac,
2612 1583 2670 1634 at
2687 1577 2866 1634 alium
2895 1595 2996 1649 pro
3018 1580 3132 1637 alio
3153 1596 3214 1635 se
3239 1581 3608 1638 benedixisse
3631 1598 3844 1648 cegno-

2194 1670 2363 1711 sceus
2412 1659 2678 1723 miratur,
2725 1665 2783 1713 et
2815 1660 3090 1731 quisnam
3122 1660 3220 1717 ille
3252 1660 3348 1721 sit.
3383 1668 3797 1732 percunctatur
3829 1678 3846 1719 :

2196 1751 2299 1791 nec
2346 1742 2536 1793 tamen
2590 1754 2653 1793 se
2710 1739 3018 1810 deceptum
3074 1757 3206 1799 esse
3261 1744 3673 1813 conqueritur;
3724 1743 3842 1803 imo

2196 1817 2495 1874 confestim
2530 1818 2778 1875 revelato
2800 1821 2912 1877 sibi
2943 1822 3105 1879 intus
3134 1822 3192 1878 in
3212 1824 3387 1880 corde
3418 1839 3629 1895 magno
3661 1840 3849 1881 sacra-

2197 1903 2394 1955 mento
2425 1901 2639 1957 devitat
2685 1902 3166 1974 indignationem,
3210 1904 3521 1960 conﬁrmat
3569 1904 3845 1961 benedic-

2197 1976 2432 2034 tionem.
2467 1979 2598 2047 Quis
2626 1996 2772 2050 ergo,
2807 1983 3014 2052 inquit,
3049 1988 3276 2039 venatus
3303 1987 3381 2040 est
3424 1983 3568 2039 mihi
3599 1986 3846 2043 venatio-

2196 2073 2339 2125 nem,
2371 2067 2421 2113 et
2450 2059 2641 2115 intulit
2670 2060 2829 2123 mihi,
2861 2070 2912 2116 et
2938 2062 3272 2119 manducavi
3294 2063 3363 2119 ab
3388 2063 3669 2129 omnibus,
3699 2068 3852 2121 ante-

2192 2155 2355 2209 quam
2384 2145 2444 2194 tu
2472 2144 2705 2205 venires,
2754 2147 2805 2198 et
2834 2142 3096 2199 benedixi
3124 2160 3269 2209 eum,
3300 2152 3353 2201 et
3403 2145 3476 2200 sit
3529 2144 3844 2202 benedictus

2193 2218 2347 2289 (Gen.
2379 2236 2555 2286 xxvu,
2587 2222 2772 2287 27-29,
2792 2222 2883 2292 33)
2903 2222 2930 2277 ?
2952 2224 3089 2289 Quis
3112 2240 3226 2279 non
3249 2223 3347 2280 hic
3372 2224 3843 2280 maledictionem

2197 2298 2383 2368 potius
2410 2306 2765 2371 exspectaret
2804 2302 2958 2369 irati,
2994 2302 3043 2357 si
3078 2302 3200 2359 haec
3238 2320 3351 2359 non
3384 2320 3638 2373 superna
3664 2303 3850 2375 inspi-

2195 2378 2436 2447 ratione,
2462 2382 2559 2435 sed
2596 2386 2821 2437 terreno
2845 2398 3004 2439 more
3024 2382 3406 2453 gererentur?
3426 2382 3470 2439 Ο
3514 2400 3627 2451 res,
3648 2389 3846 2455 gestas

2194 2460 2293 2514 sed
2344 2460 2672 2530 prOphetice
2700 2466 2934 2533 gestas;
2968 2463 3028 2518 in
3077 2468 3255 2528 terra,
3300 2463 3402 2519 sed
3445 2462 3711 2531 cmiitus;
3745 2479 3845 2534 per

2194 2538 2482 2609 homines,
2524 2542 2624 2596 sed
2690 2542 3017 2599 divinitus!
3073 2543 3128 2601 Si
3178 2546 3546 2603 excutiantur
3614 2542 3844 2617 singula

2195 2622 2364 2676 tantis
2397 2624 2641 2678 fecunda
2672 2625 2983 2695 mysteriis,
3021 2624 3204 2683 multa
3245 2630 3385 2683 sunt
3415 2624 3717 2696 implenda
3748 2640 3838 2683 vo-

2192 2700 2459 2757 lumina:
2512 2704 2611 2758 sed
2664 2704 2797 2761 huic
2843 2705 3002 2774 operi
3045 2705 3255 2762 modus
3300 2705 3601 2763 moderate
3646 2706 3833 2775 impo-

2192 2783 2417 2837 nendus
2450 2799 2554 2837 nos
2586 2783 2642 2837 in
2679 2782 2793 2840 alia
2824 2785 3094 2841 festinare
3125 2785 3440 2858 compellit.

2191 2940 2420 2997 CAPUT
2450 2940 2748 2998 XXXVIII.
2792 2974 2859 2983 —
2894 2944 2969 2999 De
3013 2944 3179 3000 misso
3225 2941 3383 3001 Iacob
3434 2941 3491 2999 in
3535 2942 3843 3013 Mesopota-

2262 3023 2435 3075 miam
2465 3022 2534 3076 ad
2563 3022 2953 3093 accipiendam
2974 3040 3224 3089 uxorem.
3255 3032 3306 3078 et
3335 3021 3399 3079 de
3427 3020 3637 3083 uisione
3664 3039 3841 3095 quam

2262 3102 2321 3156 in
2354 3103 2555 3157 itinere
2583 3103 2894 3174 somniavit,
2924 3112 2977 3160 et
3006 3104 3072 3160 de
3107 3108 3343 3177 quatuor
3379 3102 3551 3176 ipsius
3581 3102 3834 3174 feminis,

2260 3199 2385 3239 cum
2413 3199 2583 3238 unam
2616 3183 2855 3255 petiisset
2884 3200 3130 3243 uxorem.

2264 3317 2313 3373 1.
2348 3316 2599 3375 Mittitur
2626 3318 2805 3378 Jacob
2826 3339 2857 3377 a
2879 3323 3217 3393 parentibus
3238 3322 3298 3380 in
3328 3320 3839 3393 Mesopotamiam,

2191 3403 2257 3454 ut
2286 3399 2366 3455 ibi
2396 3401 2573 3457 ducat
2622 3419 2881 3459 uxorem.
2915 3404 3103 3461 Patris
3135 3405 3423 3461 mittentis
3482 3405 3605 3461 haec
3663 3403 3839 3459 verba

2190 3485 2356 3535 sunt:
2378 3480 2493 3537 Non
2508 3482 2745 3553 accipies
2767 3500 2998 3541 uxorem
3017 3500 3088 3540 ea:
3104 3483 3326 3554 ﬁliabus
3349 3484 3798 3541 Chananzorum
3820 3498 3839 3537 :

2190 3576 2417 3631 surgens
2444 3565 2573 3632 fuge
2619 3564 2682 3619 in
2724 3563 3157 3636 MesOpotamiam
3199 3563 3260 3620 in
3308 3564 3535 3621 domum
3582 3560 3839 3631 Bathuel,

2188 3644 2363 3710 patris
2382 3645 2575 3698 matris
2608 3647 2734 3712 tum,
2766 3652 2819 3700 et
2838 3661 2987 3701 sume
3014 3645 3117 3699 tibi
3148 3644 3275 3703 inde
3292 3661 3522 3702 uxorem
3538 3644 3603 3701 de
3619 3641 3843 3713 ﬁliabus

2190 3721 2395 3789 Laban,
2412 3722 2614 3793 fratris
2632 3725 2829 3781 matris
2858 3734 2985 3783 tuae.
3004 3727 3149 3782 Deus
3170 3730 3355 3784 autem
3384 3741 3536 3782 meus
3555 3722 3838 3783 benedicat

2190 3809 2260 3870 te,
2291 3812 2341 3858 et
2370 3812 2574 3872 augeat
2603 3813 2675 3873 te,
2707 3813 2757 3861 et
2798 3804 3134 3877 multiplicet
3163 3814 3250 3873 te;
3279 3814 3333 3862 et
3362 3803 3474 3864 eris
3506 3805 3567 3862 in
3608 3817 3840 3872 congre-

2189 3884 2432 3953 gationes
2468 3888 2715 3954 gentium
2743 3904 2761 3941 :
2793 3893 2845 3943 et
2873 3887 2960 3943 det
2989 3887 3093 3943 tibi
3132 3887 3557 3944 benedictionem
3602 3884 3839 3943 Abrahz

2186 3964 2366 4036 patris
2399 3966 2483 4019 tui
2510 3965 2611 4038 (a),
2644 3967 2747 4022 tibi
2766 3977 2816 4025 et
2845 3969 3044 4024 semini
3074 3974 3165 4024 tuo
3192 3978 3310 4041 post
3341 3975 3412 4036 te,
3436 3977 3497 4026 ut
3525 3967 3707 4026 haeres
3731 3967 3839 4035 ﬁas

2190 4052 2356 4102 terrae
2386 4045 2653 4103 incolatu:
2701 4051 2801 4118 tui,
2834 4065 2998 4121 quam
3028 4048 3176 4105 dedit
3206 4050 3351 4106 Deus
3398 4048 3637 4105 Abrahae
3684 4045 3841 4117 (Gen.

2190 4142 2389 4191 xxvm,
2422 4127 2552 4197 1-4).
2592 4128 2729 4185 llic‘
2758 4130 2881 4201 jam
2925 4129 3314 4202 intelligimus
3344 4133 3716 4202 segregatum
3749 4142 3835 4185 se-

2190 4224 2320 4264 men
2357 4208 2530 4263 Jacob
2562 4209 2634 4264 ab
2681 4209 2790 4265 alio
2824 4211 3045 4269 semine
3078 4212 3259 4281 Isaac,
3292 4214 3443 4282 quod
3494 4211 3715 4268 factum
3746 4216 3843 4267 est

2189 4303 2290 4361 per
2320 4288 2485 4342 Esau.
2527 4287 2769 4352 Quando
2800 4290 2955 4347 enim
2989 4290 3211 4346 dictum
3242 4298 3348 4360 est,
3392 4291 3454 4347 In
3486 4290 3639 4345 Isaac
3688 4302 3845 4344 voca-

2190 4369 2335 4424 bitur
2387 4369 2490 4424 tibi
2542 4385 2722 4425 semen
2771 4371 2872 4441 (ld.
2931 4387 3071 4440 xxii,
3136 4371 3245 4445 12),
3295 4371 3589 4441 pertinens
3638 4368 3845 4439 utique

2190 4465 2382 4504 semen
2413 4450 2481 4504 ad
2515 4452 2806 4507 civitatem
2841 4450 2979 4519 Dei;
3015 4457 3346 4523 separatum
3380 4454 3469 4507 est
3507 4450 3643 4507 inde
3672 4448 3838 4507 aliud

2190 4544 2387 4584 semen
2419 4531 2686 4595 Abrahae,
2720 4533 2873 4603 quod
2908 4536 3031 4589 erat
3060 4532 3116 4587 in
3150 4530 3373 4588 ancilla:
3407 4529 3547 4597 ﬁlio,
3588 4534 3646 4586 et
3678 4529 3838 4600 quod

2191 4612 2452 4666 futurum
2484 4616 2606 4667 erat
2636 4612 2694 4667 in
2724 4612 2859 4668 ﬁliis
2883 4612 3166 4670 Cethuraa.
3197 4610 3312 4667 Sed
3344 4610 3536 4668 adhuc
3568 4614 3691 4667 erat
3718 4624 3845 4666 am-

2189 4690 2434 4763 biguum
2459 4692 2685 4747 duobus
2710 4692 2960 4763 geminis
2990 4692 3124 4749 ﬁliis
3170 4692 3355 4761 Isaac,
3387 4707 3458 4746 an
3492 4692 3563 4747 ad
3612 4694 3846 4746 utrum-

2191 4786 2325 4842 que,
2382 4788 2453 4825 an
2510 4771 2580 4827 ad
2645 4787 2827 4827 unum
2884 4787 3087 4830 eorum
3136 4771 3234 4828 illa
3284 4769 3609 4828 benedictio
3661 4768 3848 4843 perti-

2192 4857 2401 4918 neret;
2452 4857 2507 4908 et
2556 4854 2604 4909 si
2655 4854 2725 4909 ad
2789 4868 2995 4921 unum,
3046 4853 3313 4925 quisnam
3362 4855 3517 4909 esset
3572 4850 3839 4908 illorum.

2192 4935 2352 5001 Quod
2390 4950 2544 4990 nunc
2573 4934 2935 4994 declaratum
2967 4938 3074 5001 est,
3099 4949 3235 4997 cum
3260 4931 3591 5007 prophetice
3621 4948 3655 4985 a
3674 4935 3846 5003 patre

2192 5014 2549 5071 benedicitur
2574 5011 2779 5083 Jacob,
2812 5019 2869 5071 et
2906 5012 3117 5072 dicitur
3146 5014 3197 5069 ei
3232 5032 3246 5083 ;
3293 5013 3355 5068 Et
3383 5014 3493 5069 eris
3525 5010 3585 5068 in
3615 5025 3850 5081 congre-

2192 5093 2446 5165 gationes
2479 5094 2745 5165 gentium,
2795 5102 2844 5149 et
2879 5094 2967 5149 del
3000 5094 3104 5149 tibi
3145 5093 3573 5149 benedictionem
3603 5091 3849 5148 Abrahae

2191 5176 2369 5246 patris
2403 5174 2505 5228 tui.

2264 5466 2279 5501 ί
2314 5462 2401 5515 Sic
2427 5463 2582 5515 Vind.
2614 5468 2728 5516 Am.
2761 5470 2814 5517 et
2840 5465 2963 5518 ﬂes.
2994 5469 3062 5518 At
3087 5464 3173 5519 Er.
3208 5470 3259 5519 et
3289 5468 3436 5525 ιον..
3466 5467 3633 5521 Hine.

2262 5530 2339 5591 (a)
2356 5529 2415 5578 In
2444 5530 2645 5595 graecis
2672 5530 2870 5593 Bibliis,
2894 5540 3089 5595 patres
3116 5548 3271 5601 mou,
3294 5532 3479 5602 patris
3507 5530 3634 5585 mei.
