4136 6190
203 332 312 398 517

1369 332 1600 394 LIBER
1642 330 1983 394 DECIMUS
2028 331 2360 395 SEXTUS.

3459 339 3581 399 518

267 470 316 523 2.
367 470 615 540 Pergens
671 467 866 537 itaque
913 467 972 522 in
1003 465 1480 538 Mesopotamiam
1519 465 1722 535 Jacoh,
1770 465 1830 520 in
1941 467 2154 523 Genuit
2201 483 2336 539 ergo
2385 466 2692 523 duodecim
2742 465 2892 523 filios
2948 476 3003 524 et
3045 484 3222 525 unam
3282 467 3467 526 tiliam
3513 487 3585 527 ex

205 553 416 605 somnis
445 548 663 619 accepit
692 548 1015 618 oraculum,
1041 551 1113 605 de
1137 564 1248 618 quo
1284 551 1368 604 sic
1398 550 1685 620 scriptum
1713 553 1831 605 est:

1941 553 2188 618 quatuor
2215 547 2575 603 mulieribus.
2595 549 2806 604 Deinde
2839 547 3141 620 ingressus
3165 555 3254 605 est
3279 551 3340 606 in
3377 551 3586 623 Egyp.

213 631 268 685 ει
303 630 436 684 exiit
478 629 639 684 Iacob
669 645 703 684 a
735 629 904 684 Puteo
931 630 1252 699 iurationis,
1281 634 1331 684 et
1357 632 1637 700 profectus
1667 634 1746 683 est
1777 631 1835 681 in
1942 633 2064 681 tum
2102 646 2200 696 per
2229 629 2413 683 lilium
2447 645 2621 683 suum
2648 627 3002 700 Ioseph,qui
3028 631 3294 684 venditus
3336 631 3408 685 ab
3440 632 3584 687 invi-

208 709 478 776 Charram,
509 714 559 764 et
590 711 801 764 devenit
833 709 891 764 in
923 711 1122 775 locum,
1169 715 1217 766 et
1249 712 1510 765 dormivit
1539 709 1621 765 ibi
1651 726 1670 765 :
1697 707 1838 763 occi-

205 792 348 848 derat
378 797 520 845 enim
549 792 669 846 sol:
692 796 740 846 et
768 795 999 862 sumpsit
1030 808 1101 846 ea:
1123 792 1396 862 lapidibus
1419 792 1542 856 loei,
1576 794 1627 845 et
1656 790 1840 857 posuit

205 874 268 928 ad
295 881 445 944 caput
472 887 652 941 suum,
692 879 742 927 et
772 873 1025 928 dormivit
1059 874 1114 927 in
1147 875 1260 928 loco
1292 873 1411 941 illo,
1433 884 1483 928 et
1519 872 1837 927 somniavit.

204 954 273 1008 Et
315 967 430 1007 ecce
479 953 630 1007 scala
671 952 927 1007 stabilita
975 969 1137 1023 super
1183 963 1408 1020 terram,
1467 952 1624 1018 cuius
1677 953 1841 1022 caput

202 1033 531 1107 pertingebat
563 1032 632 1087 ad
660 1033 854 1088 calum
883 1051 903 1089 :
940 1042 992 1088 et
1021 1034 1219 1103 Angeli
1254 1034 1352 1088 Dei
1389 1032 1761 1089 ascendebant
1789 1039 1843 1087 et

203 1113 578 1171 descendebant
598 1131 697 1183 per
719 1115 884 1170 illam
901 1130 923 1176 ;
951 1120 1004 1170 et
1022 1117 1284 1171 Dominus
1312 1115 1655 1171 incumbebat
1681 1129 1844 1181 super

200 1197 386 1259 illam;
413 1203 461 1248 et
505 1195 646 1248 dixit
675 1212 694 1249 :
726 1210 860 1267 ergo
889 1211 1008 1249 sum
1039 1195 1177 1250 Deus
1214 1197 1487 1251 Abraham
1521 1195 1698 1266 patris
1734 1194 1841 1259 tui,

202 1281 248 1331 et
265 1277 393 1330 Deus
422 1275 600 1340 Isaac,
622 1274 739 1330 noli
753 1279 948 1330 timere
971 1293 990 1330 :
1011 1279 1218 1331 terram
1245 1279 1303 1332 in
1329 1294 1437 1348 qua
1454 1280 1515 1330 tu
1534 1276 1740 1330 dormis
1759 1292 1846 1330 su-

201 1373 294 1428 per
312 1371 432 1410 eam
457 1353 498 1422 ί,
526 1356 630 1409 tibi
658 1354 794 1410 dabo
825 1356 1003 1422 illam,
1023 1365 1074 1411 et
1101 1357 1302 1411 semini
1314 1361 1405 1410 tuo
1419 1375 1437 1408 .·
1459 1361 1509 1412 et
1539 1355 1644 1411 erit
1666 1369 1842 1410 semen

201 1445 345 1492 tuum
358 1435 493 1490 sicut
509 1451 684 1490 arena
714 1441 885 1492 terra
923 1453 943 1497 ;
975 1442 1023 1491 et
1059 1437 1393 1492 dilatabitur
1419 1455 1584 1506 super
1605 1439 1771 1504 Mare,
1795 1444 1847 1492 et

210 1518 263 1572 in
316 1515 584 1584 Africum,
614 1527 664 1571 et
686 1518 742 1569 in
775 1517 1117 1585 Aquilonem,
1149 1525 1200 1572 et
1231 1517 1301 1572 ad
1329 1517 1606 1574 Orientem
1634 1536 1653 1574 :
1682 1529 1732 1573 et
1762 1522 1846 1572 be-

205 1595 520 1652 nedicentur
542 1596 602 1651 in
626 1602 677 1651 te
699 1613 886 1651 omnes
911 1599 1084 1652 tribus
1103 1607 1292 1666 terrae,
1325 1605 1375 1654 et
1404 1599 1463 1654 in
1495 1601 1706 1654 semine
1733 1607 1842 1654 tuo.

205 1678 262 1733 Et
281 1694 394 1733 ecce
418 1693 514 1748 ego
536 1693 659 1732 sum
691 1681 886 1745 tecum,
907 1677 1211 1733 custodiens
1242 1690 1292 1734 te
1324 1679 1383 1734 in
1408 1681 1561 1735 omni
1592 1678 1680 1734 via
1710 1695 1846 1750 qua-

205 1773 417 1830 cumque
438 1757 588 1818 ibis;
611 1767 660 1812 et
681 1758 938 1811 reducam
964 1767 1016 1812 te
1047 1757 1108 1813 in
1135 1766 1343 1814 terram
1365 1759 1540 1814 lianc:
1571 1762 1700 1830 quia
1732 1775 1846 1813 non

205 1845 252 1896 te
266 1841 673 1910 derelinquam,
691 1839 856 1893 donec
873 1841 1080 1910 faciam
1097 1841 1303 1908 omnia,
1319 1847 1624 1912 quaetecum
1641 1843 1848 1896 locutus

208 1937 335 1976 sum.
353 1921 412 1974 Et
429 1918 688 1974 surrexit
707 1919 866 1975 Iacob
887 1919 954 1975 de
977 1936 1164 1976 somno
1183 1937 1301 1989 suo,
1316 1925 1365 1976 et
1386 1922 1528 1976 dixit
1545 1939 1565 1976 :
1585 1923 1725 1991 Quia
1746 1921 1850 1974 Do-

210 2004 380 2057 minus
403 2007 482 2055 est
515 2003 577 2053 in
598 2001 708 2054 loco
729 1999 852 2067 hoc,
870 2015 966 2070 ego
985 2009 1172 2056 autem
1196 2002 1526 2058 nesciebam.
1553 2003 1614 2055 Et
1636 2003 1846 2069 timuit,

209 2087 255 2138 et
273 2081 408 2136 dixit
436 2097 455 2135 :
490 2081 667 2148 Quam
706 2078 975 2136 terribilis
1002 2083 1146 2137 locus
1176 2082 1305 2136 hic!
1333 2099 1440 2137 non
1471 2087 1549 2136 est
1578 2082 1675 2137 hoc
1696 2081 1718 2115 ²
1738 2081 1852 2134 nisi

207 2162 382 2218 domus
413 2161 532 2227 Dei,
566 2167 617 2216 et
635 2161 752 2218 hac
788 2171 940 2232 porta
965 2172 1042 2217 est
1085 2163 1228 2219 caeli.
1273 2167 1335 2218 Et
1366 2165 1613 2218 surrexit
1667 2158 1849 2232 Iacob,

210 2251 257 2298 et
301 2245 528 2313 sumpsit
578 2241 817 2312 lapidem
861 2258 1018 2312 quem
1068 2245 1350 2314 supposuit
1382 2245 1461 2297 ibi
1485 2242 1507 2276 ⁸
1537 2242 1611 2296 ad
1667 2250 1848 2311 caput,

208 2327 254 2378 et
296 2323 484 2377 statuit
531 2322 704 2377 illum
755 2326 813 2377 in
844 2323 1096 2390 titulum,
1145 2328 1192 2378 et
1224 2322 1530 2394 superfudit
1568 2322 1750 2376 oleum
1791 2321 1855 2375 in

207 2417 458 2457 cacumen
507 2404 620 2471 eius
653 2418 672 2457 .°
704 2411 758 2457 et
814 2402 1027 2458 vocavit
1057 2403 1219 2458 Iacob
1260 2418 1464 2459 nomen
1512 2403 1620 2458 loci
1675 2401 1852 2471 illius,

220 2482 411 2539 Domus
453 2483 551 2538 Dei
604 2482 755 2555 (Gen.
804 2499 1004 2548 xxviii,
1061 2483 1264 2554 10-19).
1325 2483 1440 2538 Ηοο
1488 2483 1559 2538 ad
1611 2482 1854 2554 prophe-

206 2563 339 2618 tiam
391 2564 640 2635 pertinet
677 2581 690 2619 :
727 2579 832 2619 nec
866 2579 1022 2618 more
1066 2563 1401 2619 idololatriae
1437 2563 1688 2634 lapidem
1725 2579 1859 2632 per-

208 2643 348 2698 fudit
381 2643 510 2698 oleo
541 2642 749 2709 Jacob,
783 2644 937 2698 velut
969 2646 1187 2700 faciens
1217 2644 1383 2699 illum
1425 2645 1597 2699 deum
1627 2661 1640 2712 ;
1674 2657 1861 2713 neque

207 2725 358 2780 enim
386 2725 656 2779 adoravit
686 2725 955 2779 eumdem
989 2723 1265 2796 lapidem,
1297 2725 1381 2780 vel
1406 2725 1456 2780 ei
1480 2724 1856 2784 sacriﬁcavit;

210 2805 308 2860 sed
335 2805 618 2874 quoniam
646 2803 858 2860 Christi
902 2819 1108 2859 nomen
1146 2821 1180 2859 a
1201 2804 1515 2860 chrismate
1544 2810 1651 2868 est,
1685 2803 1741 2856 id
1776 2808 1862 2857 est

209 2885 274 2940 ab
325 2882 648 2950 unctione;
701 2883 956 2954 profecto
1009 2884 1323 2956 figuratum
1357 2890 1446 2940 est
1477 2884 1570 2938 hic
1615 2883 1856 2954 aliquid,

215 2963 361 3036 quod
397 2964 467 3017 ad
506 2978 784 3033 magnum
827 2963 1114 3035 pertineat
1142 2969 1596 3019 sacramentum.
1630 2964 1858 3018 Scalam

218 3059 340 3100 vero
364 3045 542 3099 istam
575 3044 919 3111 intelligitur
949 3044 1076 3114 ipse
1097 3043 1355 3099 Salvator
1379 3045 1546 3100 nobis
1566 3047 1621 3100 in
1645 3059 1859 3098 memo-

224 3126 355 3180 riam
376 3138 645 3178 revocare
674 3123 728 3178 in
756 3123 1090 3194 Evangelia,
1125 3123 1221 3178 ubi
1245 3140 1370 3178 cum
1396 3126 1640 3180 dixisset
1661 3124 1730 3180 de
1749 3129 1858 3179 Na-

223 3202 507 3269 thanaele,
543 3203 674 3259 Ecce
704 3219 825 3259 vere
853 3202 1138 3274 Israelita,
1171 3204 1230 3258 in
1275 3219 1378 3274 quo
1407 3203 1562 3260 dolus
1599 3221 1704 3260 non
1747 3212 1860 3264 est;

225 3286 348 3355 quia
389 3281 568 3338 lsrael
604 3283 832 3338 viderat
871 3283 1044 3338 istam
1091 3283 1399 3350 visionem,
1431 3284 1557 3356 ipse
1587 3291 1675 3340 est
1706 3285 1861 3340 enim

222 3363 387 3419 Iacob
421 3380 435 3419 :
469 3363 676 3418 eodem
717 3362 844 3418 loco
879 3365 981 3431 ait,
1023 3365 1212 3431 Amen,
1250 3380 1410 3419 amen
1442 3364 1560 3420 dico
1591 3364 1763 3430 vobis,
1787 3366 1867 3420 vi-

224 3442 403 3498 debitis
441 3445 645 3498 caelum
693 3445 966 3513 apertum,
1015 3452 1065 3498 et
1104 3445 1330 3514 Angelos
1377 3444 1480 3498 Dei
1527 3445 1867 3500 ascendentes

226 3532 269 3579 et
306 3524 682 3581 descendentes
727 3540 894 3597 super
945 3522 1146 3579 Filium
1195 3525 1439 3580 hominis
1472 3525 1646 3596 (Ioan.
1686 3526 1735 3591 1,
1776 3525 1864 3594 47,

289 3684 340 3742 3.
381 3685 638 3742 Perrexit
667 3701 803 3758 ergo
832 3684 1011 3742 Jacoh
1034 3685 1089 3740 in
1117 3683 1620 3756 Mesopotamiam,
1651 3695 1708 3741 ut
1739 3684 1872 3741 inde

232 3766 498 3835 acciperet
529 3764 971 3821 uxorem.Unde
1003 3771 1196 3822 autem
1220 3765 1304 3818 illi
1323 3766 1598 3822 acciderit
1619 3773 1874 3840 quatuor

236 3845 432 3904 habere
472 3847 837 3914 feminas,de
869 3847 1084 3919 quibus
1106 3848 1408 3902 duodecim
1434 3849 1584 3904 filios
1623 3860 1872 3906 etunam

239 3926 401 3982 filiam
468 3927 817 4000 procreavit,
867 3943 998 3983 cum
1049 3944 1250 3983 earum
1304 3927 1523 3983 nullam
1569 3929 1875 4000 concupis-

243 4013 382 4063 ceret
427 4008 658 4075 illicite,
713 4007 907 4064 divina
952 4009 1244 4079 Scriptura
1293 4009 1528 4064 indicat.
1579 4012 1661 4065 Ad
1700 4025 1876 4065 unam

244 4091 439 4160 quippe
486 4089 893 4160 accipiendam
931 4096 1166 4145 venerat
1213 4089 1361 4159 (Gen.
1395 4094 1576 4162 xxxx);
1609 4091 1706 4147 sed
1749 4106 1880 4145 cum

245 4168 320 4224 illi
355 4171 526 4228 altera
575 4187 680 4242 pro
720 4172 901 4226 altera
931 4170 1235 4241 supposita
1286 4172 1508 4242 fuisset,
1555 4189 1658 4228 nec
1691 4173 1880 4244 ipsam

249 4250 482 4318 dimisit,
534 4267 650 4323 qua
701 4252 964 4307 nesciens
1021 4267 1162 4306 usus
1227 4252 1415 4307 fuerat
1458 4253 1516 4307 in
1567 4259 1755 4321 nocte,
1811 4268 1883 4308 ne

252 4327 482 4388 ludibrio
523 4349 656 4389 eam
705 4332 994 4387 videretur
1043 4331 1347 4400 habuisse;
1401 4338 1456 4388 et
1504 4349 1568 4388 eo
1600 4339 1882 4404 tempore,

253 4416 462 4481 quando
520 4411 984 4482 multiplicandis
1044 4412 1398 4484 posteritatis
1460 4429 1639 4470 causa
1691 4413 1886 4485 plures

256 4506 444 4549 uxores
481 4495 572 4552 lex
625 4493 786 4549 nulla
829 4493 1194 4563 prohibebat,
1238 4496 1457 4563 accepit
1491 4497 1665 4551 etiam
1700 4495 1884 4561 illam,

257 4571 340 4626 cui
369 4574 464 4629 uni
491 4576 624 4646 jam
649 4573 827 4631 futuri
851 4573 1111 4644 conjugii
1136 4573 1305 4630 fidem
1337 4576 1564 4630 fecerat.
1596 4579 1730 4639 Qum
1753 4591 1886 4630 cum

257 4661 394 4708 esset
422 4656 665 4716 sterilis,
699 4653 970 4709 ancillam
993 4669 1182 4721 suam,
1217 4655 1287 4710 de
1315 4671 1430 4726 qua
1452 4655 1600 4710 filios
1620 4656 1750 4726 ipsa
1770 4673 1890 4712 sus-

262 4731 478 4802 ciperet,
512 4735 727 4792 marito
761 4735 951 4790 dedit:
985 4735 1139 4805 quod
1157 4734 1322 4790 etiam
1357 4736 1541 4804 major
1561 4752 1727 4790 soror
1745 4737 1889 4805 ejus,

265 4815 512 4882 quamvis
543 4815 880 4884 peperisset,
915 4816 1163 4882 imitata,
1197 4816 1473 4886 quoniam
1505 4817 1893 4883 multiplicare

267 4893 472 4960 prolem
504 4895 800 4966 cupiebat,
833 4895 1040 4951 effecit.
1079 4894 1310 4950 Nullam
1341 4895 1520 4951 Iacob
1551 4895 1760 4964 legitur
1795 4912 1893 4966 pe-

265 4970 414 5028 tiisse
436 4981 644 5046 praeter
665 4992 864 5042 unam,
885 4990 990 5029 nec
1009 4991 1152 5029 usus
1166 4973 1435 5044 plurimis
1459 4975 1569 5030 nisi
1592 4977 1894 5046 gignenda

269 5051 432 5118 prolis
477 5057 688 5124 officio,
720 5055 1011 5126 conjugali
1041 5056 1170 5125 jure
1200 5058 1448 5122 servato,
1484 5060 1545 5109 ut
1575 5071 1762 5126 neque
1789 5055 1896 5112 hoc

269 5127 481 5203 faceret,
515 5137 627 5192 nisi
661 5153 867 5192 uxores
913 5135 1040 5206 ejus
1095 5136 1150 5190 id
1185 5133 1304 5190 fieri
1349 5134 1728 5206 ﬂagitassent,
1772 5152 1898 5208 qua

272 5215 514 5284 corporis
549 5216 658 5272 viri
688 5216 780 5272 sui
809 5215 1102 5272 habebant
1156 5214 1480 5286 legitimam
1531 5221 1894 5287 potestatem.

336 5435 352 5512 ξ
368 5431 519 5512 liget
529 5436 676 5498 Lov.,
697 5453 950 5512 peream.
969 5438 1308 5512 castigantur
1322 5453 1389 5491 ex
1403 5439 1560 5491 editis
1709 5442 1768 5512 et
1779 5439 1902 5512 uss.

331 5494 352 5528 ⁸
384 5497 534 5561 Editi,
585 5494 806 5552 non—est
851 5501 958 5555 hic.
1005 5505 1076 5554 At
1114 5494 1262 5562 Hes"

279 5569 533 5622 graecum,
564 5572 729 5614 touto.

339 5621 358 5655 ³
408 5621 553 5692 Apud
602 5626 752 5692 _I_.ov.,
809 5629 1100 5691 supposuit
1126 5628 1256 5682 sibi.
1306 5630 1367 5680 In
1411 5629 1557 5692 Mss.,
1600 5635 1780 5682 autem
1807 5631 1907 5688 est,

285 5687 562 5745 mpposuit
590 5689 685 5742 ibi.
712 5687 1022 5755 Apud—EH
1047 5692 1180 5742 diei.

1943 707 2217 762 dentibus
2251 709 2528 764 fratribus
2554 725 2620 763 eo
2653 709 2966 780 perductus
3005 709 3132 780 fuit,
3165 715 3341 781 atque
3369 710 3587 766 ibidem

1945 789 2316 844 sublimatus.

2017 965 2246 1023 CAPUT
2275 966 2530 1023 XXXIX.
2557 998 2623 1010 —
2645 967 2782 1036 Quae
2796 969 2937 1022 ratio
2964 970 3132 1037 fuerit
3153 975 3213 1024 ut
3240 968 3399 1024 Iacob
3420 970 3590 1026 etiam

2419 1049 2588 1106 Israel
2617 1051 3117 1119 cognominaretur.

2019 1209 2197 1267 Iacob
2225 1220 2416 1267 autem
2450 1213 2623 1268 etiam
2656 1211 2854 1278 Israel,
2887 1210 3039 1266 sicut
3075 1211 3247 1284 paulo
3287 1215 3421 1267 ante
3451 1212 3591 1281 dixi,

1949 1291 2262 1347 vocabatur
2293 1310 2305 1348 :
2337 1293 2490 1364 quod
2518 1310 2724 1348 nomen
2753 1293 2936 1364 magis
2969 1293 3216 1362 p0pulus
3247 1307 3315 1347 ex
3338 1293 3435 1348 illo
3461 1309 3594 1365 pro-

1951 1378 2180 1428 creatus
2211 1375 2479 1428 obtinuit.
2514 1378 2632 1428 Hoc
2663 1381 2854 1428 autem
2910 1389 3118 1428 nomen
3151 1374 3237 1427 illi
3277 1374 3348 1427 ab
3377 1373 3596 1444 Angelo

1950 1453 2288 1524 impOsitum
2320 1464 2428 1522 est,
2462 1458 2560 1525 qui
2612 1471 2746 1510 cum
2796 1453 2897 1508 illo
2943 1455 3126 1508 fuerat
3176 1453 3232 1508 in
3285 1453 3489 1508 itinere
3528 1454 3598 1509 de

1954 1534 2372 1606 Mesopotamia
2437 1537 2710 1590 redeunte
2784 1535 3056 1596 luctatus,
3115 1539 3318 1604 typum
3383 1532 3596 1590 Christi

1951 1617 2384 1671 evidentissime
2407 1632 2630 1685 gerens.
2667 1619 2808 1671 Nam
2825 1615 2974 1684 quod
3001 1614 3049 1668 ei
3069 1613 3371 1684 prisvaluit
3393 1613 3598 1676 Iacob,

1954 1697 2156 1766 utique
2197 1697 2436 1761 volenti,
2479 1705 2539 1749 ut
2582 1695 2920 1766 mysterium
2973 1695 3266 1762 figuraret,
3311 1692 3601 1765 significat

1954 1776 2277 1844 passionem
2311 1775 2548 1838 Christi,
2575 1777 2669 1829 ubi
2695 1775 2799 1829 visi
2825 1779 2965 1829 sunt
2985 1774 3037 1828 ei
3062 1771 3370 1843 praevalere
3388 1770 3598 1827 Judai.

1953 1857 2022 1912 Et
2052 1863 2243 1914 tamen
2295 1858 2755 1913 benedictionem
2798 1857 2870 1912 ab
2903 1856 3104 1911 eodem
3158 1851 3386 1924 angelo,
3425 1868 3599 1924 quem

1954 1943 2345 2010 superaverat,
2378 1938 2698 2007 impetravit
2739 1954 2751 1991 :
2787 1953 2852 1990 ac
2883 1936 2966 1990 sic
2998 1937 3175 2005 hujus
3210 1933 3461 1990 nominis
3492 1935 3602 1988 im-

1955 2020 2162 2088 positio
2205 2017 2526 2072 benedictio
2571 2018 2694 2071 fuit.
2742 2015 3152 2083 interpretatur
3181 2018 3374 2067 autem
3407 2012 3602 2081 lsrael,

1954 2097 2172 2152 Videns
2204 2097 2421 2152 Deum:
2447 2099 2598 2168 quod
2633 2099 2742 2152 erit
2772 2097 2831 2150 in
2861 2095 2976 2151 fine
3009 2096 3311 2166 praemium
3341 2095 3605 2148 omnium

1957 2183 2316 2233 sanctorum.
2365 2178 2582 2247 Tetigit
2624 2193 2791 2247 porro
2841 2175 2926 2228 illi
2956 2176 3110 2230 idem
3160 2174 3403 2246 angelus
3452 2172 3611 2235 velut

1957 2258 2286 2330 praevalenti
2320 2259 2686 2312 latitudinem
2712 2257 2969 2320 femoris,
3010 2271 3262 2326 eumque
3293 2255 3406 2308 isto
3437 2253 3607 2308 modo

1958 2339 2226 2394 claudum
2276 2338 2525 2392 reddidit
2553 2336 2703 2406 (Gen.
2755 2335 3167 2402 xxxii,24-29).
3220 2333 3358 2389 Erat
3409 2332 3610 2404 itaque

1959 2436 2114 2474 unus
2145 2425 2321 2489 atque
2351 2419 2502 2474 idem
2550 2418 2726 2474 Iacob
2769 2427 2828 2472 et
2866 2416 3204 2471 benedictus
3234 2421 3291 2470 et
3329 2413 3606 2480 claudus;

1961 2500 2303 2556 benedictus
2341 2499 2398 2554 in
2438 2499 2523 2554 eis
2553 2500 2650 2570 qui
2684 2498 2742 2552 in
2765 2497 3056 2552 Christum
3084 2511 3153 2550 ex
3173 2497 3370 2550 eodem
3400 2493 3610 2563 populo

1961 2578 2353 2645 crediderunt,
2397 2583 2570 2649 atque
2603 2580 2658 2632 in
2694 2575 3028 2632 infidelibus
3061 2575 3300 2629 claudus
3340 2572 3438 2645 (a).
3464 2572 3609 2628 Nam

1960 2657 2197 2714 femoris
2255 2658 2520 2724 latitudo,
2584 2657 2812 2730 generis
2870 2661 2956 2711 est
3017 2653 3350 2711 multitudo.
3413 2652 3614 2708 Plures

1961 2739 2177 2809 quippe
2203 2742 2340 2793 sunt
2370 2737 2428 2792 in
2452 2754 2520 2792 ea
2548 2740 2752 2808 stirpe,
2775 2737 2846 2793 de
2876 2734 3092 2807 quibus
3116 2733 3450 2806 prophetiae
3469 2748 3612 2802 pris-

1961 2818 2182 2872 dictum
2219 2823 2343 2873 est:
2379 2818 2441 2874 Et
2487 2818 2934 2874 claudicaverunt
2963 2833 2996 2871 a
3025 2817 3232 2871 semitis
3280 2815 3396 2870 suis
3433 2811 3607 2886 (Psal.

1961 2899 2117 2969 xvn,l
2131 2898 2241 2970 46).

1965 3086 2192 3144 CAPUT
2211 3085 2333 3143 XL.
2365 3114 2435 3124 —
2468 3083 2741 3152 Quomodo
2767 3081 2927 3139 Iacob
2949 3098 3074 3138 cum
3093 3080 3439 3154 septuaginta
3460 3082 3620 3154 quin-

2037 3183 2142 3240 que
2169 3167 2461 3222 animabus
2494 3168 2798 3237 zﬁ‘gyptum
2839 3169 3105 3220 narretur
3143 3162 3425 3232 ingressus
3445 3179 3468 3225 ;
3495 3179 3620 3218 cum

2035 3251 2287 3320 plerique
2310 3263 2381 3304 ex
2409 3247 2495 3301 his
2525 3246 2622 3318 qui
2660 3249 3176 3310 commemorantur,
3211 3249 3451 3318 tempore
3482 3259 3615 3316 pos-

2042 3332 2241 3384 teriore
2259 3331 2369 3383 sint
2387 3327 2584 3398 geniti.

2047 3479 2300 3552 Ingressi
2315 3480 2505 3550 itaque
2524 3477 2852 3533 referuntur
2870 3477 2933 3532 in
2953 3477 3266 3548 Egyptum
3288 3474 3614 3531 simuloum

1976 3563 2104 3632 ipso
2127 3559 2307 3616 Iacob
2325 3558 2695 3630 septuaginta
2717 3556 2975 3628 quinque
3008 3556 3271 3611 homines
3293 3553 3442 3624 (Gen.
3473 3570 3622 3620 κινι,

1975 3643 2067 3710 27,
2101 3657 2204 3696 sec.
2231 3638 2464 3707 LXX,et
2488 3640 2598 3692 Act.
2628 3654 2725 3704 vn,
2754 3636 2867 3707 14),
2893 3642 3272 3692 annumerato
3297 3637 3421 3706 ipso
3453 3636 3626 3692 cum‘

1983 3723 2118 3778 filiis
2148 3720 2289 3776 suis.
2308 3722 2369 3774 In
2393 3735 2510 3790 quo
2533 3734 2775 3774 numero
2799 3719 2929 3773 dure
2959 3723 3189 3772 tantum
3216 3717 3441 3772 feminei
3472 3731 3631 3772 com-

1981 3806 2404 3865 memorantur,
2437 3816 2551 3854 una
2588 3799 2726 3865 tilia,
2758 3799 2946 3867 neptis
2977 3798 3180 3852 altera.
3213 3796 3322 3851 Sed
3373 3812 3466 3852 res
3507 3793 3634 3849 dili-

1983 3890 2190 3958 genter
2213 3881 2575 3938 considerata
2605 3897 2720 3935 non
2748 3879 2982 3945 indicat,
3009 3878 3163 3949 quod
3205 3883 3401 3933 tantus
3436 3891 3636 3958 nume-

1986 3956 2088 4022 rus
2121 3965 2294 4020 fuerit
2319 3963 2377 4017 in
2411 3961 2685 4032 progenie
2727 3960 2907 4015 Iacob
2937 3959 3031 4014 die
3059 3958 3148 4013 vel
3192 3973 3345 4012 anno
3384 3973 3496 4028 quo
3540 3956 3633 4010 in-

1987 4061 2222 4118 gressus
2253 4049 2339 4099 est
2378 4045 2703 4113 Egyptum.
2739 4039 3185 4096 Commemorati
3227 4042 3364 4092 sunt
3419 4036 3636 4108 quippe

1988 4117 2045 4184 in
2077 4127 2162 4183 eis
2191 4126 2367 4180 etiam
2401 4129 2747 4196 pronepotes
2766 4121 3010 4193 Ioseph,
3034 4121 3130 4191 qui
3156 4117 3316 4175 nullo
3333 4120 3638 4187 modoiam

1304 5517 1420 5553 non
1461 5513 1542 5553 est
1585 5505 1715 5565 hoc;
1751 5504 1908 5567 juxta

1987 4216 2129 4267 tunc
2151 4223 2276 4264 esse
2295 4213 2633 4280 potuerunt:
2669 4204 2944 4276 quoniam
2969 4213 3105 4258 tunc
3127 4207 3360 4258 centum
3398 4200 3638 4271 triginta

1991 4306 2278 4349 annorum
2303 4287 2633 4357 eratIacob,
2667 4285 2822 4343 illius
2850 4301 2984 4341 vero
3005 4283 3134 4356 ejus
3161 4282 3375 4354 Ioseph
3397 4282 3639 4354 triginta

1993 4386 2237 4437 novem;
2273 4383 2444 4440 quem
2467 4382 2602 4422 cum
2643 4364 2938 4437 accepisse
2975 4364 3273 4419 tricesimo
3302 4378 3456 4418 anno
3507 4374 3638 4428 suo,

1992 4450 2081 4508 vel
2113 4449 2384 4522 amplius,
2426 4451 2651 4504 constet
2698 4461 2960 4515 uxorem,
2993 4443 3285 4516 quomodo
3326 4441 3514 4515 potuit
3544 4457 3647 4512 per

1997 4547 2202 4588 novem
2252 4545 2437 4584 annos
2479 4529 2687 4583 habere
2721 4531 3063 4598 pronepotes
3100 4526 3172 4580 de
3205 4525 3362 4592 filiis,
3401 4539 3548 4593 quos
3576 4536 3646 4578 ex

1997 4613 2198 4668 eadem
2230 4624 2405 4664 uxore
2435 4606 2740 4678 suscepit?
2770 4607 2910 4662 Cum
2941 4605 3125 4677 igitur
3163 4620 3268 4660 nec
3291 4604 3440 4658 filios
3470 4603 3648 4657 hahe-

1999 4697 2130 4749 rent
2147 4689 2412 4762 Ephrem
2427 4694 2488 4745 et
2509 4688 2805 4744 Manassen
2829 4687 2927 4742 lilii
2954 4685 3189 4756 Ioseph,
3225 4685 3324 4740 sed
3373 4699 3474 4738 eos
3507 4697 3648 4752 pue-

2001 4771 2259 4828 rosinfra
2284 4785 2462 4841 quam
2497 4784 2788 4823 novennes
2811 4766 2984 4821 Iacob
3010 4764 3315 4836 Egyptum
3350 4764 3649 4841 ingressus

2001 4838 2321 4918 invenerit,—
2357 4866 2472 4923 quo
2523 4854 2691 4920 pacto
2738 4861 2933 4903 eorum
2973 4860 3086 4898 non
3136 4841 3324 4923 solum
3376 4839 3501 4904 filii,
3549 4838 3650 4893 sed

2001 4936 2180 4993 etiam
2213 4922 2472 5004 nepotes,
2505 4932 2561 4983 in
2606 4929 2724 4982 illis
2745 4925 3115 4996 septuaginta
3141 4922 3406 4994 quinque
3445 4934 3653 5004 nume:

2004 5019 2227 5079 rantur,
2249 4997 2349 5082 qui
2373 5015 2513 5064 tunc
2541 5007 2783 5078 Egyptu
2796 5022 2846 5060 m
2867 5003 3114 5074 ingressi
3140 5007 3428 5082 suntcum
3441 4997 3653 5054 Iacob?

2003 5094 2149 5150 Nam
2182 5080 2672 5146 commemoratur
2710 5086 2788 5140 ibi
2812 5083 3033 5140 Machir
3058 5081 3209 5137 [ilius
3241 5080 3525 5144 Manasse,
3557 5092 3658 5134 ne-

2008 5191 2114 5246 pos
2143 5169 2389 5239 Ioseph;
2413 5174 2471 5225 et
2494 5167 2760 5240 ejusdem
2787 5164 3003 5222 Machir
3023 5163 3202 5246 illius,
3227 5161 3282 5246 id
3309 5165 3398 5246 est
3413 5157 3657 5246 Galaad,

2008 5243 2192 5325 nepos
2221 5251 2512 5310 Manasse.
2546 5263 2836 5320 pronepos
2865 5245 3080 5315 Ioseph
3115 5243 3240 5325 :_ibi
3271 5244 3452 5325 es_t_et_
3484 5253 3658 5325 quem

2010 5314 2214 5406 genuit
2238 5330 2520 5404 Ephrem,
2543 5314 2688 5385 alter
2708 5314 2864 5384 filius
2883 5314 3114 5398 Ioseph,
3136 5323 3194 5380 id
3217 5330 3302 5380 est
3329 5318 3588 5377 Utalaam
3609 5314 3658 5388 ',

2082 5567 2097 5601 ι
2129 5563 2414 5619 Particulo,
2442 5576 2589 5615 cum.
2619 5560 2770 5610 abest
2795 5573 2830 5609 α
2861 5557 2984 5610 Μ..

2083 5627 2154 5723 Su)
2183 5627 2333 5676 Cant.
2363 5617 2547 5676 Enarr.
2576 5624 2635 5672 in
2663 5624 2801 5673 Psal.
2831 5637 2970 5679 nev,
2998 5635 3054 5672 n.
3082 5617 3164 5672 90.

2160 5689 2404 5723 Nonnulli
2464 5688 2658 5723 nmhnn
2711 5688 2871 5723 ποι..
2944 5685 3084 5723 Mn.

2159 5689 2410 5741 Nonnulli
2463 5688 2658 5753 probae
2711 5688 2871 5738 notae
2942 5677 3088 5744 Msa,
3176 5679 3502 5742 fututum,
3578 5677 3668 5732 vel
