4110 6196
435 317 555 375 519

438 467 619 522 nepos
648 444 859 515 Joseph
887 458 900 496 :
937 445 994 496 et
1022 440 1180 522 ﬁlius
1210 439 1396 522 ipsius
1427 440 1647 522 Utalaaer
1672 442 1871 510 Edem,
1906 457 2079 512 nepos

437 520 725 601 Ephrem,
756 537 1045 594 pronepos
1083 520 1294 588 Joseph
1321 520 1478 589 (Gen.
1512 539 1563 589 L,
1586 521 1661 577 22
1691 541 1704 589 ;
1740 523 1897 578 Num.
1932 539 2086 582 xxvr,

435 613 506 665 29
533 609 706 680 sqq.):
734 605 833 670 qui
883 602 1040 656 nullo
1075 603 1246 655 modo
1295 617 1423 656 esse
1472 608 1809 672 potuerunt,
1853 603 2084 672 quando

435 691 614 747 Jacob
646 688 704 741 in
745 686 1048 754 {Egyptum
1090 682 1263 748 venit,
1293 687 1350 737 et
1400 682 1549 738 ﬁlios
1581 683 1793 753 Joseph
1846 690 2082 755 nepotes

437 787 594 836 suos,
631 783 762 822 avos
810 767 1076 829 istorum,
1111 762 1358 818 minores
1405 779 1578 833 quam
1651 780 1849 818 novem
1902 781 2083 818 anno-

439 868 566 907 rum
588 862 796 920 pueros
817 845 1051 899 invenit.
1087 843 1196 897 Sed
1219 843 1495 896 nimirum
1519 843 1989 906 introitusJacob
2025 847 2082 898 in

436 925 1000 1002 Egyptumquando
1021 939 1150 977 eum
1185 924 1243 976 in
1276 923 1641 994 septuaginta
1673 925 1928 993 quinque
1960 924 2083 978 ani-

440 1015 647 1065 mabus
689 1006 986 1075 Scriptura
1026 1008 1463 1067 commemorat,
1502 1019 1612 1056 non
1644 1018 1793 1056 unus
1823 1003 1968 1067 dies,
1997 1002 2084 1058 vel

437 1105 590 1146 unus
620 1103 830 1152 annus,
864 1084 961 1139 sed
995 1088 1182 1137 totum
1219 1081 1359 1135 illud
1391 1085 1481 1136 est
1511 1087 1766 1152 tempus,
1801 1083 2082 1153 quamdiu

434 1166 828 1236 vixitJoseph,
859 1181 960 1234 per
981 1179 1154 1234 quem
1181 1163 1389 1216 factum
1405 1167 1490 1216 est
1514 1169 1577 1216 ut
1598 1162 1904 1217 intrarent.
1939 1162 2080 1217 Nam

438 1253 508 1306 de
539 1253 664 1321 ipso
710 1247 924 1318 Joseph
968 1246 1166 1300 eadem
1207 1245 1509 1312 Scriptura
1558 1243 1642 1298 sic
1694 1243 1981 1314 loquitur:
2019 1243 2083 1297 Et

439 1328 708 1386 habitavit
749 1327 940 1395 Ioseph
971 1327 1026 1380 in
1059 1327 1308 1394 Algypto,
1361 1327 1475 1392 ipse
1521 1334 1570 1378 et
1606 1325 1812 1392 fratres
1850 1325 1988 1391 eius,
2029 1333 2082 1379 et

437 1414 615 1466 omnis
645 1408 988 1463 cohabitatio
1017 1416 1190 1473 patris
1210 1405 1355 1473 ejus:
1388 1411 1439 1458 et
1478 1405 1621 1458 vixit
1657 1419 1829 1459 annos
1861 1409 2082 1458 centum

438 1497 486 1546 et
518 1491 720 1555 decem,
752 1497 801 1544 et
832 1488 969 1541 vidit
998 1487 1196 1555 Joseph
1225 1485 1369 1553 ﬁlios
1401 1485 1655 1551 Ephreem
1687 1500 1855 1555 usque
1883 1487 1943 1540 in
1975 1493 2082 1539 ter-

437 1574 573 1625 tiam
621 1570 1038 1639 generationem.
1083 1566 1211 1635 Ipse
1246 1569 1333 1618 est
1364 1563 1459 1618 ille
1509 1581 1796 1634 pronepos
1837 1566 1963 1634 ejus
2010 1565 2080 1620 ab

437 1651 701 1721 Ephraem
730 1650 954 1701 tertius.
971 1644 1405 1700 Generationem
1429 1645 1647 1714 quippe
1671 1645 1900 1699 tertiam
1917 1645 2079 1712 dicit,

437 1731 648 1789 ﬁlium,
701 1732 986 1797 nepotem,
1049 1729 1446 1795 pronepotem.
1498 1723 1717 1778 Deinde
1774 1725 2078 1796 sequitur:

436 1812 500 1865 Et
528 1810 634 1880 filii
667 1807 893 1872 Machir,
942 1805 1050 1874 ﬁlii
1082 1805 1341 1871 Manasse,
1365 1803 1486 1858 nati
1513 1814 1641 1859 sunt
1667 1821 1834 1876 supra
1873 1808 2084 1872 femora

434 1890 627 1961 Joseph
658 1889 813 1957 (Gen.
849 1887 1032 1953 L,‘32).
1068 1885 1133 1939 Et
1180 1883 1274 1938 hic
1318 1883 1412 1938 ille
1459 1886 1578 1955 ipse
1619 1891 1711 1940 est
1744 1901 1921 1955 nepos
1966 1886 2082 1940 Ma-

436 1986 630 2036 nasse,
647 1983 932 2039 pronepos
952 1964 1189 2034 Joseph.
1205 1965 1314 2019 Sed
1338 1964 1919 2036 pluraliteriappellati
1945 1969 2083 2020 sunt

437 2050 581 2105 sicut
608 2048 905 2116 Scriptura
931 2044 1405 2114 consuevit;quaa
1426 2061 1600 2099 unam
1643 2061 1875 2115 quoque
1903 2045 2080 2101 ﬁliam

435 2128 613 2185 Jacob
665 2128 817 2181 tilias
857 2126 1256 2195 nuncupavit:
1303 2125 1455 2179 sicut
1501 2124 1556 2178 in
1624 2125 1816 2179 latinae
1870 2125 2080 2195 linguas

435 2207 856 2264 consuetudine
887 2205 1050 2261 liberi
1082 2204 1349 2260 dicuntur
1375 2203 1676 2275 pluraliter
1702 2204 1829 2272 ﬁlii,
1852 2205 2080 2260 etiamsi

435 2308 553 2348 non
585 2294 703 2346 sint
734 2305 848 2343 uno
881 2288 1135 2358 amplius
1159 2287 1255 2357 (a).
1286 2287 1431 2342 Cum
1475 2302 1611 2358 ergo
1638 2285 1825 2356 ipsius
1867 2286 2078 2356 Joseph

435 2372 844 2445 praadiceretur
879 2369 1142 2435 felicitas,
1169 2367 1306 2438 quia
1338 2367 1529 2421 videre
1573 2367 1762 2437 potuit
1791 2384 2079 2438 pronepo-

433 2457 542 2522 tes,
576 2451 736 2506 nullo
772 2451 938 2505 modo
973 2448 1214 2516 putandi
1241 2455 1373 2502 sunt
1399 2449 1522 2515 jam
1569 2447 1755 2502 fuisse
1785 2448 2078 2504 tricesimo

435 2549 588 2588 nono
620 2548 772 2586 anno
807 2529 1001 2601 proavi
1034 2529 1121 2583 sui
1169 2527 1409 2599 Joseph,
1445 2528 1679 2597 quando
1724 2530 1789 2582 ad
1842 2545 1973 2583 eum
2019 2530 2078 2584 in

434 2614 742 2686 Egyptum
766 2611 943 2666 Jacob
970 2616 1123 2681 pater
1147 2611 1275 2678 ejus
1301 2609 1552 2662 advenit.
1578 2607 1721 2663 Illud
1749 2614 1944 2663 autem
1969 2615 2078 2679 est,

436 2694 589 2764 quod
615 2691 762 2747 t‘allit
785 2690 980 2745 minus
1006 2692 1115 2744 ista
1137 2687 1442 2760 diligenter
1467 2688 1782 2756 intuentes,
1803 2690 2080 2759 quoniam

437 2772 720 2840 scriptum
755 2776 861 2833 est,
913 2771 1037 2825 Haec
1080 2773 1274 2823 autem
1318 2768 1549 2823 nomina
1590 2770 1834 2838 ﬁliorum
1878 2769 2076 2834 Israel,

434 2854 529 2924 qui
559 2854 901 2906 intraverunt
945 2853 1002 2904 in
1033 2852 1329 2920 Ai'gyptum
1366 2848 1535 2904 simul
1564 2865 1682 2904 cum
1713 2849 1878 2904 Jacob
1924 2859 2082 2920 patre

434 2947 530 2988 suo
562 2933 660 2999 (td.
693 2946 838 2995 xcvr,
871 2930 946 3000 8).
982 2929 1100 2984 Hoc
1128 2931 1283 2984 enim
1335 2930 1556 2985 dictum
1589 2935 1695 2992 est,
1732 2929 1869 2999 quia
1909 2929 2078 2985 simul

436 3027 568 3066 cum
617 3010 712 3065 illo
758 3014 1170 3080 computantur
1222 3008 1591 3079 septuaginta
1643 3009 1915 3079 quinque,
1962 3026 2077 3064 non

435 3093 573 3163 quia
604 3091 783 3146 simul
837 3090 958 3159 jam
1007 3093 1174 3144 erant
1223 3105 1444 3156 omnes,
1479 3089 1712 3160 quando
1761 3089 2074 3160 Egyptum

434 3173 738 3243 ingressus
769 3176 857 3225 est
884 3171 1039 3240 ipse:
1074 3170 1190 3236 sed,
1233 3175 1297 3223 ut
1328 3169 1464 3235 dixi,
1497 3174 1680 3224 totum
1716 3177 1941 3239 tempus
1973 3169 2079 3224 ha-

435 3252 603 3308 betur
631 3251 757 3322 ejus
797 3251 1122 3322 ingressus,
1161 3265 1272 3320 quo
1303 3251 1446 3304 vixit
1478 3249 1718 3321 Joseph,
1752 3266 1854 3321 per
1901 3266 2074 3320 quem

434 3334 659 3390 videtur
690 3333 1014 3402 ingressus.

434 3469 667 3526 CAPUT
698 3467 838 3524 XLI.
872 3498 940 3508 —-
972 3469 1047 3522 De
1079 3465 1468 3531 benedictione,
1498 3481 1666 3537 quam
1694 3465 1861 3520 Jacob
1893 3468 1948 3522 in
1981 3467 2077 3520 Ju-

831 3548 960 3602 dam
977 3548 1158 3617 ﬁlium
1188 3563 1349 3601 suum
1389 3545 1667 3617 promisit.

503 3686 684 3758 Igitur
716 3689 951 3756 propter
983 3683 1259 3754 populum
1295 3683 1707 3747 christianum,
1731 3683 1788 3736 in
1833 3699 1949 3754 quo
1971 3681 2072 3743 Dei

428 3769 630 3822 civitas
661 3766 1058 3835 peregrinatur
1085 3763 1141 3818 in
1178 3764 1366 3829 terris,
1400 3765 1448 3816 si
1489 3779 1722 3817 carnem
1771 3763 1981 3817 Christi
2013 3763 2073 3816 in

427 3849 668 3904 Abrahae
697 3847 916 3901 semine
939 3846 1326 3916 requiramus,
1354 3845 1586 3899 remotis
1611 3845 2072 3899 concubinarum

429 3930 586 3998 ﬁliis,
632 3929 885 3985 occurrit
915 3928 1117 3982 Isaac:
1163 3926 1209 3980 si
1258 3929 1316 3981 in
1348 3927 1569 3982 semine
1618 3927 1801 3994 Isaac,
1851 3930 2073 3980 remoto

430 4010 599 4078 Esau,
634 4009 733 4079 qui
765 4013 855 4063 est
881 4008 1056 4062 etiam
1089 4006 1289 4074 Edom,
1318 4006 1569 4061 occurrit
1608 4006 1806 4069 Jacob,
1841 4005 1942 4076 qui
1986 4010 2077 4060 est

426 4095 484 4145 et
513 4088 722 4145 Israel:
759 4087 807 4142 si
839 4086 897 4141 in
933 4087 1154 4142 semine
1190 4086 1362 4141 Israel
1409 4085 1610 4157 ipsius,
1645 4086 1877 4140 remotis
1907 4089 2073 4140 ciete-

428 4171 529 4236 ris,
563 4169 815 4224 occurrit
844 4167 1040 4232 Judas,
1065 4167 1200 4238 quia
1229 4167 1300 4221 de
1326 4167 1478 4221 tribu
1523 4165 1670 4220 Juda
1711 4170 1945 4219 exortus
1989 4168 2073 4220 est

427 4250 706 4304 Christus.
739 4253 818 4304 Ac
861 4265 961 4318 per
1015 4247 1124 4304 hoc
1173 4264 1305 4302 cuiu
1356 4247 1414 4301 in
1459 4250 1697 4316 Egypto
1755 4245 2070 4299 moriturus

428 4331 602 4384 Israel
621 4330 768 4384 ﬁlios
783 4346 920 4385 suos
935 4329 1117 4384 bened
1130 4328 1321 4393 iceret,
1339 4324 1728 4396 quemadmod
1741 4341 1837 4380 um
1855 4325 2070 4380 Judam

429 4411 758 4479 prophetico
784 4410 1157 4476 benedixerit,
1193 4406 1727 4471 audiamuszluda,
1764 4407 1974 4475 inquit,
2019 4415 2072 4462 te

428 4490 728 4546 laudabunt
748 4493 948 4561 fratres
978 4491 1080 4544 tui.
1102 4489 1290 4542 Manus
1307 4495 1419 4542 tuae
1439 4503 1602 4555 super
1619 4487 1842 4542 dorsum
1877 4485 2070 4541 inimi-

424 4586 612 4626 corum
641 4581 860 4627 tuorum
880 4587 899 4624 :
923 4570 1237 4624 adorabunt
1268 4573 1318 4621 te
1344 4568 1449 4636 filii
1476 4569 1651 4637 patris
1700 4570 1801 4623 tui.
1847 4567 2073 4622 Catulus

427 4652 597 4709 leonis
617 4651 802 4710 Iuda:
835 4668 907 4707 ea:
935 4650 1366 4722 germinatione,
1381 4646 1464 4716 fili
1495 4647 1592 4715 mi,
1623 4648 1916 4704 ascendisti
1937 4664 1957 4699 :
1981 4661 2070 4702 re-

433 4902 735 4952 Uttalaam.
795 4903 947 4964 Apud
1001 4902 1346 4966 Septuaginta
1399 4917 1543 4964 vero,
1601 4901 1899 4951 Sutalaam
1951 4904 2071 4952 Mox

420 4967 561 5027 post,
619 4979 782 5023 nepos
835 4966 1084 5025 Jos-eph;
1148 4967 1204 5014 in
1275 4966 1431 5015 editis
1499 4965 1575 5015 sic
1639 4966 1930 5027 legebatur.
1995 4966 2070 5014 ibi

422 5036 500 5076 est
559 5035 609 5075 et
662 5028 871 5091 Bareth
925 5027 1086 5090 ﬁlius
1141 5029 1318 5091 ipsius
1375 5028 1620 5083 Utalaae,
1670 5029 1723 5076 id
1771 5037 1846 5076 est
1905 5043 2070 5086 nepos

422 5091 720 5152 Eph-mem.
791 5090 1178 5140 Emendantur’
1213 5091 1528 5141 auctoritate
1599 5094 1840 5140 veterum
1905 5092 2069 5140 libro-

420 5166 560 5209 rum,
617 5153 812 5215 quibus
883 5154 1211 5214 suffragatur
1284 5153 1445 5202 editio
1523 5153 1887 5215 Septuaginta.
1965 5154 2069 5203 nisi

419 5216 564 5278 quod
617 5216 748 5265 haec
793 5229 904 5277 pro,
962 5216 1153 5272 Edem,
1183 5217 1361 5270 habet,
1420 5217 1607 5277 Edam,
1637 5220 1707 5272 et,
1752 5216 2066 5276 Sutalaae;

419 5293 532 5326 nro.
575 5278 818 5326 Utalaae.

457 5293 532 5328 ro.
575 5287 818 5326 Utataae.

419 5293 532 5341 pro,
575 5293 818 5326 Utataae.

423 5403 457 5417 Α
484 5341 555 5417 (ei)
618 5341 699 5390 Ita
752 5340 963 5417 lat-ine“
989 5353 1151 5417 ιιιιιιεΔ
1173 5340 1584 5417 ¹ίίΙίιιιξηῖίὸεςνί
1660 5341 1872 5417 dici‘tpr,
1903 5341 2066 5417 sicut

421 5403 621 5453 Gellius
675 5404 875 5458 scribit.
924 5404 1067 5453 Noct.
1125 5403 1282 5451 Attic.
1340 5403 1432 5450 lib.
1483 5403 1529 5460 2,
1578 5418 1691 5465 cap.
1754 5405 1828 5460 13.
1887 5403 2066 5452 affert-

419 5480 522 5527 que
576 5467 775 5517 dictum
834 5465 1130 5528 Sempronii
1186 5465 1494 5515 Assellionis
1541 5467 1800 5522 historici,
1852 5467 1944 5528 qui
2002 5467 2067 5515 de

418 5529 576 5577 unico
604 5530 797 5578 Tiberii
826 5530 1047 5580 Gracchi
1075 5528 1190 5577 tilio
1219 5546 1244 5573 α
1275 5528 1469 5578 liberos
1499 5548 1523 5573 »
1553 5529 1705 5579 dixit.
1749 5529 2062 5585 Herennius,

417 5589 847 5699 ὶξῗῗᾟὲἰὲιωε,
895 5594 1032 5645 libro
1078 5593 1410 5653 Digestorum
1455 5591 1533 5649 50,
1578 5592 1718 5642 idem
1765 5593 2062 5642 confirmat.

459 5665 536 5701 σι).
576 5665 601 5697 ν
613 5667 727 5702 ΠΒΒ.

1485 308 1590 368 DE
1632 308 2004 370 CIVITATE
2049 311 2207 385 DEI,
2251 310 2317 372 s.
2361 275 2792 376 AUGUSTINI

3718 321 3850 382 520

2186 445 2442 502 cumbens
2463 446 2714 504 dormisti
2739 452 2799 503 ut
2831 448 2930 516 leo,
2949 451 2998 503 et
3029 452 3090 502 ut
3119 448 3334 506 catulus
3355 449 3548 518 leonis,
3578 454 3703 523 quis
3722 469 3850 508 sus-

2189 529 2381 583 citabit
2406 532 2579 583 eum?
2609 535 2728 586 Non
2757 529 2970 598 deficiet
3014 531 3269 600 princeps
3313 546 3384 586 ea:
3424 532 3587 596 Iuda,
3628 539 3678 588 et
3727 533 3847 591 duo:

2189 609 2254 664 de
2279 611 2581 679 femoribus
2599 615 2740 682 ejus,
2763 612 2930 666 donec
2948 611 3170 666 veniant
3184 627 3308 682 quae
3328 616 3567 681 reposita
3588 624 3718 669 sunt
3745 617 3801 670 ei
3818 632 3842 670 :

2187 694 2237 744 et
2261 693 2374 760 ipse
2393 695 2728 762 exspectatio
2744 695 2994 762 gentium
3018 696 3033 727 ¹
3057 709 3077 752 ,α
3094 693 3335 762 alligans
3356 695 3425 748 ad
3439 697 3600 749 vitem
3623 697 3841 763 pullum

2188 785 2371 836 suum,
2405 781 2455 826 et
2494 773 2677 827 cilicio
2707 777 2786 840 (a)
2831 773 3045 842 pullum
3091 776 3262 826 asinae
3310 788 3448 829 suae.
3493 775 3725 829 Lavabit
3776 778 3844 830 in

2188 853 2312 904 vino
2328 853 2526 906 stolam
2550 869 2728 917 suam,
2758 861 2807 907 et
2829 855 2883 906 in
2917 853 3184 921 sanguine
3212 867 3334 908 uvae
3350 856 3614 908 amictum
3652 871 3839 913 suum.

2189 930 2347 985 Fulvi
2387 933 2531 986 oculi
2575 933 2692 1002 ejus
2722 949 2755 986 a
2801 931 2950 995 vino,
2999 942 3053 986 et
3095 930 3279 988 dentes
3317 934 3662 989 candidiores
3701 935 3844 992 tacte

2189 1009 2324 1078 (Gen
2369 1028 2517 1077 xux,
2541 1011 2717 1084 8-12).
2738 1012 2988 1082 Exposui
3010 1011 3130 1066 haec
3144 1011 3423 1066 adversus
3449 1013 3840 1070 Manicheum

2191 1089 2471 1144 Faustum
2495 1091 2802 1164 disputans
2817 1093 3037 1161 (Contra
3058 1092 3317 1145 Faustum
3331 1092 3711 1158 Manio/neum,
3735 1095 3840 1150 lib.

2192 1170 2277 1233 12,
2308 1186 2424 1240 cap.
2458 1173 2549 1240 42)
2577 1188 2590 1225 :
2626 1177 2682 1227 et
2703 1171 2844 1226 satis
2871 1187 2996 1227 esse
3019 1171 3286 1236 arbitror,
3308 1177 3595 1242 quantum
3623 1175 3840 1230 veritas

2191 1253 2501 1322 prophetiae
2537 1255 2709 1324 hujus
2739 1254 2965 1320 elucet;
3010 1253 3108 1308 ubi
3161 1259 3218 1309 et
3248 1261 3406 1310 mors
3439 1255 3652 1311 Christi
3685 1274 3842 1326 prte—

2189 1332 2344 1387 dicta
2374 1337 2462 1388 est
2489 1335 2664 1390 verbo
2697 1333 3084 1402 dormitionis,
3117 1338 3175 1389 et
3214 1351 3328 1389 non
3363 1337 3698 1403 necessitas,
3732 1338 3838 1393 sed

2189 1417 2441 1481 potestas
2474 1415 2530 1469 in
2566 1414 3249 1481 morte,nomineleonis.
3273 1415 3457 1478 Quam
3491 1422 3841 1486 potestatem

2186 1490 2245 1545 in
2299 1492 2604 1565 Evangelia
2657 1495 2781 1565 ipse
2850 1495 3144 1566 praedicat,
3195 1495 3439 1551 dicens:
3505 1502 3840 1554 Potestatem

2185 1571 2352 1625 habeo
2411 1573 2652 1642 ponendi
2693 1575 2941 1627 animam
2982 1590 3184 1643 meam,
3216 1582 3267 1629 et
3305 1580 3622 1642 potestatem
3666 1578 3838 1633 habeo

2187 1653 2388 1706 iterum
2417 1654 2677 1709 sumendi
2706 1671 2846 1709 eam.
2879 1654 3041 1709 Nemo
3074 1671 3194 1709 eam
3227 1656 3366 1711 tollit
3395 1675 3429 1711 a
3459 1673 3585 1711 me:
3626 1658 3718 1712 sed
3740 1673 3835 1728 ego

2184 1747 2305 1786 eam
2334 1749 2528 1799 ponoa
2557 1750 2662 1802 me,
2703 1740 2756 1790 et
2797 1737 3000 1790 iterum
3048 1751 3201 1791 sumo
3249 1753 3369 1792 eam
3413 1737 3595 1807 (Joan.
3638 1755 3690 1808 x,
3744 1740 3834 1806 18,

2189 1823 2297 1892 17).
2341 1824 2431 1878 Sic
2475 1825 2563 1880 leo
2607 1826 2860 1892 fremuit,
2906 1825 2992 1880 sic
3041 1826 3190 1895 quod
3239 1826 3358 1880 dixi
3403 1826 3690 1898 implevit.
3743 1830 3834 1884 Ad

2187 1920 2311 1959 eam
2359 1923 2614 1978 namque
2659 1907 2907 1978 pertinet
2954 1911 3315 1978 potestatem,
3349 1911 3502 1979 quod
3547 1913 3617 1964 de
3654 1927 3838 1965 resur-

2187 1986 2440 2042 rectione
2478 1989 2604 2057 ejus
2640 1988 2982 2058 adjunctum
3015 1993 3123 2055 est,
3151 1989 3282 2056 Quis
3331 1989 3620 2044 suscitabit
3659 2006 3782 2045 eum
3809 1993 3836 2044 .’

2187 2065 2293 2120 hoc
2334 2072 2440 2134 est,
2486 2067 2617 2138 quia
2666 2068 2863 2123 nullus
2917 2069 3239 2136 hominum,
3275 2069 3388 2124 nisi
3436 2086 3498 2124 se
3558 2070 3704 2141 ipse,
3730 2071 3832 2141 qui

2185 2147 2360 2201 etiam
2393 2147 2463 2202 de
2493 2164 2730 2218 corpore
2761 2164 2864 2202 suo
2898 2147 3063 2215 dixit,
3099 2148 3302 2204 Solvite
3333 2150 3594 2220 templum
3625 2151 3745 2218 hoc,
3775 2157 3834 2206 et

2185 2228 2244 2280 in
2274 2229 2464 2282 triduo
2486 2227 2811 2283 resuscitabo
2854 2227 2996 2282 illud
3024 2227 3126 2298 (Id.
3155 2246 3215 2298 ιι,
3255 2229 3363 2299 19).
3399 2229 3590 2300 Ipsum
3631 2235 3832 2287 autem

2186 2322 2372 2378 genus
2405 2308 2627 2374 mortis,
2685 2308 2792 2364 hoc
2833 2312 2924 2363 est
2968 2307 3299 2365 sublimitas
3347 2311 3555 2377 crucis,
3605 2311 3664 2367 in
3717 2327 3834 2367 uno

2185 2387 2356 2442 verbo
2388 2387 2755 2458 intelligitur,
2785 2389 2936 2459 quod
2985 2387 3086 2456 ait,
3121 2390 3441 2445 Ascendisti.
3485 2393 3648 2458 Quod
3693 2407 3832 2447 vero

2186 2467 2430 2531 addidit,
2475 2469 2802 2522 Recumbens
2846 2468 3123 2534 dormisti,
3166 2471 3523 2541 evangelista
3571 2471 3829 2543 exponit,

2187 2547 2283 2602 ubi
2316 2549 2474 2613 dicit,
2509 2556 2559 2603 et
2599 2547 2869 2604 inclinato
2901 2551 3080 2618 capite
3131 2551 3360 2605 tradidit
3407 2554 3664 2622 spiritum
3723 2552 3828 2623 (Id.

2184 2644 2298 2695 xix,
2339 2629 2450 2700 30).
2498 2631 2609 2684 Aut
2656 2636 2810 2684 certe
2854 2629 3152 2700 sepultura
3183 2632 3310 2700 ejus
3359 2634 3714 2702 agnoscitur,
3764 2634 3825 2688 in

2185 2723 2297 2775 qua
2329 2707 2593 2763 recubuit
2614 2709 2908 2764 dormiens
2934 2726 2946 2775 ;
2969 2712 3025 2763 et
3049 2711 3202 2764 unde
3227 2709 3387 2764 illum
3418 2710 3617 2766 nullus
3643 2711 3831 2767 homi-

2185 2805 2350 2855 num,
2399 2789 2551 2844 sicut
2595 2787 2890 2858 Prophetaz
2947 2787 3189 2858 aliquos,
3225 2789 3308 2844 vel
3339 2789 3492 2844 sicut
3524 2790 3650 2861 ipse
3679 2791 3826 2846 alios

2183 2869 2505 2938 suscitavit,
2539 2869 2637 2923 sed
2674 2869 2826 2924 sicut
2856 2886 2889 2923 a
2920 2886 3124 2924 somno
3158 2871 3277 2940 ipse
3328 2871 3594 2925 surrexit.
3662 2871 3830 2928 Stola

2184 2964 2352 3018 porro
2402 2949 2530 3019 ejus
2581 2965 2757 3018 quam
2797 2948 2954 3005 lavat
2986 2951 3044 3004 in
3094 2951 3243 3018 vino,
3278 2949 3331 3004 id
3371 2953 3476 3017 est,
3517 2951 3832 3007 mundata

2185 3029 2437 3098 peccatis
2470 3030 2525 3084 in
2559 3030 2846 3101 sanguine
2893 3047 3018 3097 suo,
3057 3031 3223 3101 cujus
3265 3030 3571 3102 sanguinis
3620 3049 3832 3088 sacra-

2182 3114 2444 3164 mentum
2475 3109 2744 3179 baptizati
2779 3111 2992 3180 sciunt,
3029 3110 3182 3166 unde
3239 3115 3297 3166 et
3344 3110 3638 3181 adjungit,
3673 3117 3735 3167 Et
3762 3115 3827 3167 in

2179 3194 2447 3258 sanguine
2475 3207 2590 3246 uvae
2620 3193 2884 3246 amictum
2903 3208 3082 3256 suum,
3100 3192 3238 3263 quid
3264 3197 3350 3247 est
3372 3192 3483 3246 nisi
3526 3192 3779 3248 Ecclesia
3799 3194 3830 3249 ?

2180 3271 2242 3325 Et
2270 3271 2412 3341 fulvi
2441 3273 2584 3328 oculi
2628 3274 2742 3342 eius
2773 3289 2806 3326 a
2838 3275 3000 3328 vino:
3030 3271 3368 3341 spirituales
3392 3274 3521 3341 ejus
3551 3273 3827 3329 inebriati

2182 3352 2395 3423 populo
2425 3353 2572 3422 ejus,
2612 3351 2681 3406 de
2714 3369 2829 3423 quo
2869 3353 3028 3407 canit
3063 3351 3348 3422 Psalmus,
3395 3354 3460 3407 Et
3505 3353 3656 3406 calix
3697 3362 3826 3408 tuus

2179 3434 2460 3488 inebrians
2491 3449 2649 3502 quam
2666 3433 2966 3502 praeclarus
2983 3438 3059 3487 est
3080 3432 3251 3504 (Psal.
3275 3450 3412 3502 xxii,
3435 3435 3489 3500 5)
3515 3433 3528 3487 ι
3555 3434 3617 3487 Et
3641 3433 3826 3489 dentes

2177 3514 2296 3581 ejus
2315 3513 2654 3568 candidiores
2677 3513 2818 3566 lacte
2838 3530 2856 3566 :
2883 3513 3033 3582 quod
3068 3518 3271 3582 potant
3303 3515 3454 3585 apud
3480 3513 3822 3582 Apostolum

2180 3594 2421 3665 parvuli,
2455 3593 2627 3648 verba
2668 3593 2889 3648 scilicet
2941 3595 3276 3660 nutrientis,
3321 3593 3584 3648 nondum
3628 3593 3823 3650 idonei

2177 3674 2358 3729 solido
2390 3674 2517 3729 cibo
2549 3673 2587 3743 (1
2622 3673 2744 3729 Cor.
2781 3690 2864 3740 ιιι,
2896 3673 3110 3744 2).Ipse
3138 3675 3312 3742 igitur
3363 3680 3452 3728 est
3485 3673 3542 3728 in
3578 3691 3694 3745 quo
3736 3689 3826 3730 re-

2179 3756 2363 3825 posita
2393 3759 2562 3810 erant
2613 3754 2897 3823 promissa
2925 3757 3107 3821 Judte,
3143 3771 3274 3826 quae
3303 3755 3485 3810 donec
3529 3755 3822 3821 venirent,

2178 3851 2476 3906 nunquam
2527 3835 2839 3906 principes,
2887 3833 2994 3889 hoc
3036 3839 3124 3889 est
3154 3851 3336 3903 reges,
3392 3835 3565 3890 Israel
3600 3838 3672 3890 ab
3721 3835 3826 3891 illa

2178 3915 2356 3986 stirpe
2387 3915 2715 3970 defuerunt.
2741 3917 2802 3969 Et
2820 3919 2936 3986 ipse
2966 3918 3302 3985 exspectatio
3338 3919 3589 3986 gentium
3612 3933 3632 3970 ,ο
3663 3917 3823 3987 quod

2178 3996 2392 4052 clarius
2424 4000 2511 4052 est
2541 3997 2804 4066 videndo,
2839 4013 3012 4067 quam
3047 3996 3126 4052 sit
3156 3998 3515 4068 exponendo.

2175 4151 2410 4208 CAPUT
2440 4154 2600 4209 XLII.
2634 4187 2700 4193 —
2729 4155 2798 4210 De
2833 4155 2968 4224 filiis
2994 4155 3210 4225 Ioseph,
3243 4172 3373 4226 quos
3401 4156 3564 4212 Jacob
3594 4156 3826 4227 prophe-

2248 4236 2354 4287 tica
2382 4251 2651 4289 manuum
2680 4251 2908 4290 suarum
2948 4235 3416 4292 transmutatione
3438 4235 3740 4292 benedixit.

2243 4371 2403 4425 Sicut
2435 4377 2629 4426 autem
2675 4373 2790 4428 duo
2824 4376 2978 4428 Isaac
3014 4373 3136 4442 ﬁlii,
3173 4378 3316 4428 Esau
3349 4378 3405 4429 et
3432 4374 3626 4441 Jacob,
3661 4374 3824 4445 ﬁgu-

2174 4466 2295 4505 ram
2333 4453 2706 4519 praebuerunt
2735 4453 2984 4507 duorum
3020 4454 3366 4524 populorum
3409 4453 3468 4508 in
3499 4453 3717 4508 Judteis
3759 4457 3824 4508 et

2172 4530 2519 4585 Christianis
2561 4531 2850 4603 (quamvis
2883 4535 3035 4603 quod
3093 4535 3160 4588 ad
3197 4533 3391 4588 carnis
3437 4533 3822 4603 prepaginern

2171 4613 2438 4682 pertinet,
2475 4630 2577 4668 nec
2606 4614 2790 4668 Judaei
2823 4615 3083 4669 venerint
3112 4631 3179 4668 ex
3211 4614 3432 4669 semine
3486 4615 3656 4678 Esau,
3715 4615 3821 4669 sed

2169 4693 2402 4747 Idumtni
2430 4710 2444 4760 ;
2484 4709 2586 4748 nec
2619 4694 2955 4749 Christianae
2988 4699 3189 4764 gentes
3235 4696 3305 4749 de
3336 4695 3537 4761 Jacob,
3567 4695 3664 4749 sed
3715 4711 3822 4763 po-

2173 4773 2285 4827 tius
2332 4773 2512 4827 Judaei
2544 4774 2639 4845 (b),
2669 4773 2742 4829 ad
2775 4773 2882 4828 hoc
2930 4775 3084 4828 enim
3119 4779 3348 4829 tantum
3386 4775 3569 4845 ﬁgura
3610 4774 3820 4839 valuit,

2172 4855 2325 4922 quod
2361 4853 2578 4908 dictum
2625 4860 2733 4920 est,
2782 4855 2968 4924 Major
2997 4857 3191 4909 serviet
3224 4857 3437 4910 minori
3477 4855 3626 4926 [Gen.
3683 4869 3819 4923 xxv,

2171 4934 2322 5004 23]);
2358 4936 2432 4988 ita
2466 4936 2677 4990 factum
2712 4939 2796 4989 est
2818 4937 2992 4991 etiam
3025 4937 3082 4990 in
3115 4935 3345 4990 duobus
3381 4935 3515 4989 ﬁliis
3541 4935 3752 5001 Joseph
3805 4951 3819 4990 :

2177 5030 2308 5067 nam
2337 5016 2522 5078 maior
2541 5015 2714 5080 gessit
2739 5025 2928 5084 typum
2957 5015 3318 5079 Judznorum,
3351 5015 3821 5069 Christianorum

2173 5098 2363 5146 autem
2393 5095 2599 5148 minor.
2627 5095 2779 5158 Quos
2802 5109 2935 5149 cum
2963 5095 3326 5149 benediceret
3346 5093 3547 5162 Jacob,
3575 5108 3818 5148 manum

2239 5340 2252 5372 ί
2287 5337 2443 5398 Editi,
2473 5347 2522 5387 et
2557 5339 2670 5401 ipse
2690 5340 2792 5389 erit
2813 5340 3142 5400 exspectatio
3171 5340 3445 5402 gentium.
3476 5339 3651 5400 Abest,
3684 5338 3818 5396 erit,

2171 5412 2204 5449 a
2233 5402 2610 5466 manuscriptis
2638 5406 2690 5453 et
2725 5418 2756 5452 a
2783 5416 2966 5465 graeco
2996 5403 3354 5466 Septuaginta.

2236 5464 2304 5524 (a)
2366 5464 2557 5531 Graece
2608 5469 2704 5523 est,
2757 5464 2803 5514 te
2851 5466 2984 5531 eliki
3013 5464 3226 5531 [quod
3273 5467 3588 5531 Cyprianus,
3633 5464 3731 5531 lib.
3776 5464 3822 5531 _i

2171 5527 2425 5635 ﬁgﬁus
2453 5529 2697 5592 Judaeos,
2741 5530 2922 5587 vertit,
2976 5530 3048 5577 ad
3087 5527 3440 5585 heticem'fid
3485 5527 3658 5578 estad
3702 5527 3825 5588 pal-

2169 5599 2349 5635 mitem
2359 5625 2368 5636 .

2229 5651 2306 5711 (b)
2335 5651 2480 5703 Conf.
2513 5653 2675 5716 Epist.
2709 5654 2817 5715 196,
2847 5657 2915 5704 ad
2943 5656 3246 5709 Aseliicum.
