4110 6196
276 280 397 341 525

274 415 430 467 terra
457 410 752 480 Chanaan,
788 428 819 467 a
849 411 1092 482 quodam
1118 409 1360 466 ﬂumine
1389 411 1612 484 Egypti
1644 425 1831 481 usque
1860 409 1933 463 ad

276 496 494 548 numen
543 509 820 565 magnum
869 491 1220 560 Euphratem
1257 492 1454 564 ‘(Gem
1506 509 1596 559 xv,
1641 493 1750 554 18)
1783 507 1796 546 :
1832 504 1939 544 nec

274 576 469 628 tamen
493 572 685 627 adhuc
709 573 1164 644 prophetabatur
1189 573 1470 642 futurum,
1505 576 1600 628 sed
1628 575 1938 642 exspecta-

277 653 851 724 baturimplendum.
896 653 1202 725 lmpletum
1235 659 1324 709 est
1366 664 1560 710 autem
1605 671 1703 723 per
1732 651 1937 720 David,

279 739 334 789 et
365 733 494 803 ejus
526 733 706 787 lilium
767 732 1134 788 Salomonem
1167 751 1183 799 ;
1217 735 1388 802 cujus
1450 750 1691 806 regnum
1752 735 1935 796 tanto,

283 819 505 886 quanto
539 814 895 886 promissum
945 815 1154 878 fuerat,
1211 815 1401 885 spatio
1453 814 1758 869 dilatatam
1807 817 1937 868 est:

285 893 587 949 universos
631 895 848 965 quippe
879 893 1009 949 illos
1038 893 1454 960 subdiderunt,
1486 894 1940 963 tributariosque

286 975 566 1030 fecerunt.
614 973 709 1029 Sic
753 975 928 1044 igitur
970 974 1028 1029 in
1075 980 1226 1028 terra
1274 974 1678 1045 promissionis
1735 991 1944 1029 secun-

286 1059 426 1110 dum
461 1071 712 1122 carnem,
740 1054 846 1110 hoc
894 1062 978 1110 est
1010 1056 1069 1110 in
1128 1060 1281 1108 terra
1342 1055 1637 1122 Chanaan,
1696 1056 1802 1112 sub
1850 1057 1944 1114 his

286 1137 524 1205 regibus
559 1151 754 1190 semen
784 1134 1230 1190 Abrahaefuerat
1260 1137 1670 1205 constitutum,
1709 1142 1772 1192 ut
1795 1139 1942 1194 nihil

288 1216 500 1271 deinde
525 1221 877 1284 superesset,
912 1232 1026 1287 quo
1081 1220 1309 1272 terrena
1367 1216 1466 1271 illa
1510 1217 1605 1272 Dei
1639 1218 1942 1288 promissio

287 1299 698 1368 compleretur,
731 1296 844 1352 nisi
877 1304 941 1352 ut
974 1298 1029 1350 in
1061 1297 1263 1352 eadem
1308 1301 1483 1365 terra,
1537 1302 1822 1369 quantum
1870 1300 1939 1354 ad

287 1378 732 1448 prosperitatem
765 1377 977 1432 attinet
1013 1377 1418 1448 temporalem,
1452 1393 1553 1450 per
1583 1381 1943 1450 posteritatis

285 1458 718 1514 successionem
753 1458 1097 1514 inconcusso
1151 1464 1305 1514 statu
1339 1476 1520 1530 usque
1567 1461 1634 1514 ad
1684 1462 1945 1518 mortalis

281 1539 480 1594 saeculi
511 1537 692 1608 hujus
735 1538 1050 1594 terminum
1082 1554 1226 1610 gens
1287 1535 1644 1608 permaneret
1679 1539 1941 1611 Hebraaa,

283 1617 336 1673 si
370 1617 599 1673 Domini
633 1616 734 1673 Dei
765 1618 856 1673 sui
887 1616 1118 1689 legibus
1174 1618 1453 1674 obediret.
1513 1619 1622 1674 Sed
1667 1622 1942 1690 quoniam

283 1697 437 1754 Deus
471 1703 733 1765 noverat,
766 1699 872 1754 hoc
893 1715 1022 1754 eam
1053 1715 1164 1753 non
1197 1715 1322 1754 esse
1356 1699 1664 1768 facturam,
1700 1717 1840 1757 usus
1859 1706 1946 1758 est

285 1780 416 1850 ejus
445 1780 618 1835 etiam
649 1778 1074 1851 temporalibus
1095 1780 1283 1849 pcenis
1305 1781 1375 1835 ad
1408 1782 1758 1837 exercendos
1790 1783 1849 1837 in
1877 1798 1946 1838 ea

286 1876 506 1932 paucos
536 1858 734 1915 fideles
767 1876 927 1927 suos,
961 1863 1018 1914 et
1048 1859 1450 1915 admonendos
1481 1860 1580 1933 qui
1620 1866 1820 1932 postea
1854 1863 1945 1917 fu-

287 1942 405 1996 turi
437 1947 604 1998 erant
635 1942 692 1996 in
728 1941 1002 1998 omnibus
1032 1941 1326 2012 gentibus,
1359 1945 1511 2014 quod
1561 1959 1661 1998 eos
1691 1945 1712 1977 ²
1745 1945 1945 2000 admo-

289 2021 413 2077 neri
443 2022 767 2094 Oportebat,
802 2021 861 2077 in
894 2021 1106 2093 quibus
1163 2021 1406 2079 alteram
1469 2023 1945 2094 promissionem,

290 2101 545 2157 revelato
560 2118 709 2157 novo
729 2102 1118 2168 Testamento,
1137 2117 1238 2172 per
1255 2102 1720 2158 incarnationem
1735 2102 1950 2159 Christi

293 2182 486 2238 fuerat
515 2180 882 2253 impleturus.

297 2289 540 2344 CAPUT
570 2287 664 2343 III.
704 2318 774 2328 —
827 2290 899 2342 De
929 2287 1233 2358 tripartitis
1279 2290 1769 2358 signiﬁcationibus
1809 2293 1952 2346 Pro-

368 2369 688 2438 phetarum,
718 2384 839 2439 qum
869 2385 1017 2422 nunc
1066 2368 1139 2422 ad
1168 2375 1468 2434 terrenam,
1502 2387 1648 2424 nunc
1678 2371 1752 2425 ad
1779 2373 1956 2426 cmles-

375 2455 485 2502 tem
505 2448 980 2516 Jerusalem,nunc
1001 2455 1184 2503 autem
1205 2450 1280 2504 ad
1299 2456 1590 2520 utramque
1610 2453 1952 2520 referuntur.

376 2560 425 2610 l.
448 2556 749 2622 Quocirca,
774 2557 929 2612 sicut
949 2557 1185 2613 oracula
1213 2557 1310 2613 illa
1327 2557 1519 2614 divina
1539 2562 1608 2614 ad
1637 2561 1953 2629 Abraham,

290 2638 481 2704 Isaac,
518 2641 576 2690 et
601 2635 804 2706 Jacob,
837 2645 891 2692 et
923 2652 1305 2710 quiscumque
1335 2639 1445 2694 alia
1468 2639 1651 2708 signa,
1685 2640 1772 2695 vel
1802 2641 1958 2696 dicta

297 2715 664 2789 prophetica,
695 2716 756 2771 in
791 2717 976 2772 sacris
1029 2717 1258 2774 Litteris
1309 2719 1771 2789 praecedentibus
1807 2720 1959 2777 facta

293 2802 438 2853 sunt
487 2813 500 2852 :
542 2797 623 2851 ita
665 2798 836 2852 etiam
880 2801 1098 2852 σείει-ω
1145 2798 1214 2852 ab
1259 2797 1372 2854 isto
1422 2802 1642 2870 Regum
1693 2805 1957 2872 tempore

293 2877 621 2951 prophetiae
691 2876 905 2949 partim
957 2876 1248 2947 pertinent
1325 2878 1394 2933 ad
1465 2883 1699 2950 gentem
1763 2879 1957 2936 carnis

298 2957 570 3024 Abrahae,
606 2957 814 3028 partim
860 2973 992 3012 vero
1038 2958 1108 3013 ad
1143 2957 1285 3012 illud
1329 2974 1526 3013 semen
1565 2959 1711 3028 ejus,
1746 2960 1803 3014 in
1842 2976 1958 3031 quo

302 3038 740 3094 benedicuntur
769 3053 975 3092 omnes
1006 3041 1206 3109 gentes
1239 3038 1566 3094 coheredes
1607 3040 1820 3096 Christi
1857 3056 1959 3112 per

301 3119 747 3174 Testamentum
781 3133 1022 3185 novum,
1054 3118 1124 3173 ad
1149 3118 1562 3190 possidendam
1593 3120 1768 3176 vitam
1800 3125 1962 3176 aeter-

308 3217 448 3257 nam
473 3215 837 3273 regnumque
859 3198 1151 3254 cmlorum.
1168 3199 1379 3255 Partim
1401 3215 1538 3272 ergo
1570 3201 1640 3255 ad
1664 3203 1956 3268 ancillam,

311 3299 444 3354 quae
472 3281 530 3336 in
565 3280 902 3337 servitutem
936 3287 1191 3352 generat,
1215 3280 1267 3335 id
1301 3285 1390 3336 est
1420 3285 1708 3337 terrenam
1729 3282 1965 3338 Jerusa-

308 3365 452 3427 lem,
493 3378 622 3434 quae
662 3360 838 3417 servit
879 3376 1013 3415 cum
1056 3360 1193 3416 filiis
1243 3362 1366 3417 suis
1413 3377 1426 3428 ;
1472 3363 1684 3433 partim
1726 3378 1859 3418 vero
1891 3362 1960 3416 ad

306 3445 557 3500 liberam
608 3443 897 3498 civitatem
956 3442 1076 3511 Dei,
1125 3443 1180 3496 id
1231 3449 1316 3496 est
1367 3458 1560 3497 veram
1638 3442 1965 3497 Jerusalem

308 3530 590 3582 mternam
622 3523 681 3578 in
723 3522 901 3590 c:elis,
951 3523 1120 3593 cujus
1172 3522 1277 3577 filii
1326 3521 1592 3578 homines
1647 3522 1965 3578 secundum

305 3608 501 3664 Deum
532 3604 792 3662 viventes
842 3602 1290 3676 peregrinantur
1337 3603 1397 3656 in
1428 3602 1602 3658 terris
1643 3617 1657 3655 :
1700 3602 1796 3656 sed
1830 3605 1970 3656 sunt

300 3689 370 3742 in
402 3686 485 3741 eis
515 3688 802 3758 quaedam,
827 3699 954 3754 quae
987 3683 1058 3739 ad
1088 3687 1397 3753 utramque
1429 3682 1714 3752 pertinere
1753 3679 1968 3737 intelli-

301 3771 550 3840 guntur,
585 3765 654 3820 ad
702 3763 975 3819 ancillam
1019 3763 1266 3833 proprie,
1299 3761 1370 3816 ad
1412 3761 1649 3817 liberam
1694 3761 1969 3832 ﬁgurate.

381 3850 440 3903 2.
484 3843 802 3916 Tripartita
857 3844 1054 3914 itaque
1112 3841 1484 3912 reperiuntur
1554 3841 1783 3912 eloquia
1833 3841 1970 3896 Pro-

307 3927 626 4001 phetarum
677 3941 692 3980 :
753 3923 1050 3995 siquidem
1102 3921 1279 3993 aliqui
1357 3925 1493 3977 sunt
1568 3922 1636 3976 ad
1689 3929 1971 3977 terrenam

308 4005 642 4064 Jerusalem
713 4002 1059 4076 spectantia,
1111 4001 1304 4072 aliqua
1344 4003 1414 4058 ad
1462 4001 1774 4068 caelestem,
1826 4017 1975 4056 non-

315 4086 484 4145 nulla
509 4087 580 4142 ad
638 4092 967 4154 utramque.
1019 4082 1311 4153 Exemplis
1368 4081 1532 4138 video
1607 4082 1974 4152 probandum

317 4184 453 4225 esse
481 4167 631 4239 quod
663 4166 815 4222 dico.
851 4165 1070 4221 Missus
1113 4168 1200 4219 est
1256 4163 1480 4219 Nathan
1522 4161 1824 4234 propheta,
1875 4161 1977 4233 qui

320 4265 517 4322 regem
569 4247 749 4303 David
810 4250 1082 4319 argueret
1148 4246 1219 4301 de
1277 4249 1512 4317 peccato
1552 4244 1738 4316 gravi,
1804 4247 1861 4299 et
1902 4243 1976 4311 ei,

317 4347 452 4402 quae
500 4331 813 4384 consecuta
870 4330 1010 4383 sunt
1055 4325 1230 4393 mala,
1291 4325 1487 4380 futura
1536 4323 1870 4396 praediceret
1907 4324 1977 4394 (ll

316 4413 454 4482 Reg.
501 4409 628 4481 xu).
686 4409 817 4464 Hac
855 4411 1028 4479 atque
1071 4406 1411 4477 hujusmodi
1462 4405 1584 4462 sive
1624 4405 1876 4476 publice,
1918 4404 1975 4459 id

319 4497 416 4548 est
465 4507 568 4562 pro
613 4490 802 4546 salute
832 4487 920 4544 vel
964 4487 1212 4543 utilitate
1255 4486 1477 4558 populi,
1525 4486 1645 4542 sive
1685 4486 1976 4558 privatim,

321 4587 461 4627 cum
492 4588 594 4642 pro
625 4570 751 4626 suis
783 4569 1036 4641 quisque
1085 4567 1259 4623 rebus
1303 4566 1502 4623 divina
1552 4571 1982 4638 promereretur

319 4651 579 4724 eloquia,
627 4650 845 4722 quibus
895 4665 995 4719 pro
1051 4665 1160 4705 usu
1222 4646 1563 4719 temporalis
1621 4647 1754 4702 vitae
1799 4644 1980 4701 futuri

319 4732 544 4804 aliquid
595 4737 952 4796 nosceretur,
1003 4729 1073 4784 ad
1122 4733 1412 4784 terrenam
1461 4726 1748 4783 civitatem
1799 4726 1981 4798 perti-

321 4811 549 4881 nuisse,
603 4809 734 4880 quis
782 4808 1102 4880 ambigat?
1136 4806 1244 4863 Ubi
1312 4811 1509 4862 autem
1559 4806 1792 4876 legitur,
1848 4807 1984 4860 Ecce

324 4897 446 4950 dies
476 4895 724 4956 veniunt,
767 4891 905 4946 dicit
934 4891 1222 4956 Dominus,
1266 4894 1318 4943 et
1365 4886 1750 4943 consummabo
1797 4885 1987 4940 domui

323 4975 506 5032 Israel
571 4979 626 5028 et
673 4973 861 5028 domui
929 4971 1077 5026 Juda
1133 4975 1516 5025 testamentum
1577 4982 1811 5035 novum,
1870 4981 1985 5021 non

324 5055 635 5113 secundum
655 5057 1036 5108 testamentum
1055 5049 1201 5121 quod
1220 5050 1468 5120 disposui
1489 5048 1748 5118 patribus
1777 5062 1983 5114 eorum,

327 5139 396 5192 in
438 5135 526 5191 die
569 5149 682 5204 qua
728 5132 1073 5203 apprehendi
1116 5147 1341 5185 manum
1371 5145 1580 5196 eorum,
1611 5136 1674 5183 ut
1705 5129 1988 5183 educerem

329 5234 422 5273 eos
450 5217 517 5271 de
558 5223 712 5270 terra
758 5215 990 5284 Egypti
1030 5228 1050 5268 :
1089 5215 1354 5283 quoniam
1392 5212 1502 5282 ipsi
1530 5225 1643 5265 non
1665 5225 1988 5282 permanse-

395 5362 412 5395 ί
463 5356 550 5406 Sic
601 5355 726 5419 Mss.
787 5354 925 5404 Editi
981 5367 1128 5415 vero,
1176 5353 1403 5419 qugd}:
1447 5352 1690 5415 ﬂumine
1750 5349 1991 5419 {Egypti

324 5434 506 5485 usque
540 5418 613 5466 ad
640 5418 854 5480 ﬂumen
896 5411 1200 5480 magnum-
1217 5411 1558 5479 Euphratem
1596 5411 1844 5478 populus
1867 5411 1991 5462 'ille

326 5483 747 5535 doininaretur.

389 5549 414 5582 ²
441 5544 601 5599 Editi,
636 5543 698 5592 in
726 5541 982 5592 omnibus
1025 5541 1300 5604 gentibus,
1346 5557 1484 5604 quas
1529 5555 1635 5602 per
1682 5554 1784 5591 eos.
1818 5539 1990 5590 Casti-

329 5612 536 5676 gantur
563 5621 632 5658 ex
661 5605 1056 5668 manuscriptls.

1430 277 1668 339 LIBER
1711 272 2059 336 DECIMUS
2103 274 2521 342 SEPTIMUS.

3567 290 3689 353 526

2044 416 2178 464 runt
2232 412 2292 464 in
2335 418 2656 468 testamento
2705 429 2841 480 meo,
2892 420 2944 468 et
2991 431 3090 482 ego
3130 415 3353 485 neglexi
3396 435 3504 488 eos,
3553 423 3692 477 dicit

2045 491 2330 553 Dominus,
2383 493 2522 556 Quia
2569 495 2666 548 hoc
2709 500 2785 548 est
2836 500 3238 561 testamentum,
3291 499 3439 567 quod
3491 506 3694 557 consli-

2046 577 2194 624 tuam
2243 571 2430 626 domui
2469 575 2641 628 Israel
2681 590 2700 628 :
2744 581 2871 644 post
2901 575 3012 628 dies
3056 577 3199 641 illos,
3248 577 3377 632 dicit
3407 583 3691 649 Dominus,

2045 651 2187 706 dabo
2219 651 2234 684 ί
2269 652 2410 721 leges
2440 671 2585 709 meas
2634 656 2693 707 in
2733 662 2965 709 mentem
2996 672 3204 723 eorum,
3238 665 3289 711 et
3316 674 3482 729 super
3525 665 3697 718 corda

2047 747 2234 785 eorum
2280 734 2513 787 scribam
2543 751 2650 800 eas,
2697 741 2749 788 et
2781 735 2972 788 videbo
3020 752 3106 790 eos
3140 739 3238 806 (a),
3289 745 3341 791 et
3384 756 3475 793 ero
3507 742 3614 795 illis
3639 745 3699 796 in

2047 814 2238 873 Deum,
2274 821 2325 866 et
2353 816 2459 883 ipsi
2487 822 2649 869 erunt
2669 816 2807 868 mihi
2832 817 2890 869 in
2915 817 3130 886 plebem
3161 818 3380 887 (Jerem.
3414 837 3566 885 xxxx,
3600 823 3702 877 31-

2046 893 2162 959 33;
2206 892 2374 948 Hebr.
2418 911 2535 962 vm,
2583 896 2737 962 8-10)
2788 914 2802 962 ;
2847 896 3172 951 Jerusalem
3223 900 3350 952 sine
3373 899 3550 956 dubio
3600 919 3702 957 su-

2051 989 2227 1042 perna
2251 975 2626 1042 praphetatur
2658 977 2871 1044 :cujus
2912 976 3067 1031 Deus
3096 977 3220 1046 ipse
3251 980 3555 1048 praemium
3588 987 3698 1048 est,

2050 1068 2300 1123 eumque
2353 1055 2561 1109 habere
2612 1061 2786 1124 atque
2843 1055 3032 1127 ipsius
3094 1073 3218 1112 esse
3271 1075 3572 1116 summum
3625 1061 3703 1116 ibi

2050 1136 2140 1187 est
2169 1131 2191 1165 ε
2222 1138 2400 1204 atque
2431 1139 2618 1188 totum
2669 1136 2908 1190 bonum.
2940 1135 3026 1190 Ad
3060 1144 3366 1207 utramque
3415 1156 3546 1194 vero
3578 1155 3704 1209 per-

2053 1212 2196 1266 tinet
2268 1212 2376 1269 hoc
2437 1212 2655 1283 ipsum,
2727 1215 2881 1284 quod
2941 1215 3270 1270 Jerusalem
3342 1218 3556 1273 dicitur
3603 1220 3705 1274 Dei

2052 1290 2278 1360 civitas,
2323 1297 2380 1347 et
2427 1291 2484 1346 in
2531 1310 2598 1348 ea
2648 1294 3031 1365 prophetatur
3079 1295 3277 1350 futura
3327 1298 3537 1352 domus
3584 1297 3704 1366 Dei,

2053 1389 2232 1442 eaque
2289 1373 2591 1442 pr0phetia
2640 1374 2869 1430 videtur
2924 1373 3176 1445 impleri,
3246 1393 3380 1432 cum
3430 1378 3706 1433 Salomon

2054 1469 2152 1508 rex
2190 1452 2432 1508 aediﬁcat
2499 1453 2637 1508 illud
2712 1455 3137 1510 nobilissimum
3188 1458 3501 1528 templum.
3579 1459 3708 1513 Hzec

2053 1532 2209 1588 enim
2243 1539 2298 1586 et
2329 1532 2387 1587 in
2418 1537 2649 1588 terrena
2675 1533 3000 1589 Jerusalem
3045 1538 3366 1591 secundum
3400 1537 3706 1592 historiam

2055 1613 2440 1681 contigerunt,
2472 1621 2525 1668 et
2572 1613 2819 1668 cmlestis
2857 1614 3174 1668 Jerusalem
3208 1615 3404 1684 ﬁgurae
3445 1617 3704 1671 fuerunt.

2053 1693 2212 1757 Quod
2249 1707 2433 1762 genus
2479 1693 2794 1763 prophetiae
2843 1709 2910 1747 ex
2952 1699 3201 1764 utroque
3260 1695 3433 1749 veluti
3477 1712 3708 1766 compa-

2054 1778 2214 1829 ctum
2248 1778 2422 1843 atque
2453 1772 2838 1828 commixtum
2883 1773 2943 1828 in
2992 1773 3181 1829 Libris
3217 1775 3508 1831 veteribus
3538 1793 3711 1832 cano-

2054 1854 2220 1918 nicis,
2271 1852 2488 1924 quibus
2538 1869 2727 1908 rerum
2794 1862 3091 1924 gestarum
3157 1856 3519 1911 narrationes
3573 1872 3712 1913 con-

2056 1935 2342 2000 tinentur,
2375 1932 2524 1988 valet
2555 1932 2900 2003 plurimum,
2955 1933 3318 2003 multumque
3349 1936 3608 1992 exercuit
3651 1941 3712 1992 et

2057 2017 2285 2070 exercet
2348 2013 2580 2081 ingenia
2641 2013 3032 2068 scrutantium
3085 2014 3332 2069 Litteras
3381 2032 3596 2081 sacras,
3651 2021 3713 2072 ut

2059 2093 2214 2164 quod
2264 2091 2540 2146 historice
2589 2093 2926 2161 praedictum
2980 2093 3449 2164 completumque
3499 2096 3711 2165 legitur

2060 2175 2120 2227 in
2172 2171 2394 2227 semine
2441 2172 2684 2226 Abrahaa
2738 2173 3058 2227 secundum
3117 2188 3368 2240 carnem,
3435 2176 3607 2229 etiam
3652 2175 3712 2229 in

2061 2252 2284 2307 semine
2313 2250 2559 2306 Abrahze
2602 2255 2924 2306 secundum
2963 2252 3137 2306 fidem
3171 2251 3306 2322 quid
3351 2253 3713 2323 implendum

2060 2330 2368 2401 allegorice
2399 2330 2692 2401 signiticet
2723 2329 3052 2400 inquiratur
3086 2346 3100 2385 :
3134 2331 3192 2386 in
3227 2336 3455 2387 tantum
3490 2337 3550 2386 ut
3579 2332 3714 2404 qui-

2061 2411 2310 2466 busdam
2333 2409 2524 2464 visum
2572 2409 2668 2472 sit,
2716 2408 2858 2463 nihil
2912 2425 3040 2465 esse
3089 2411 3147 2465 in
3178 2410 3397 2466 eisdem
3429 2411 3594 2467 libris
3625 2410 3712 2467 vel

2064 2490 2520 2563 praenuntiatum
2566 2495 2622 2545 et
2666 2490 2958 2558 ell‘ectum,
3004 2490 3088 2544 vel
3122 2490 3408 2557 effectum,
3445 2491 3716 2562 quamvis

2063 2589 2181 2628 non
2227 2571 2704 2643 praenuntiatum,
2738 2571 2890 2641 quod
2939 2587 3053 2625 non
3095 2570 3355 2626 insinuet
3383 2571 3597 2642 aliquid
3643 2571 3712 2626 ad

2063 2668 2378 2724 supernam
2412 2651 2702 2706 civitatem
2734 2650 2835 2705 Dei
2870 2651 3113 2721 ejusque
3152 2650 3304 2706 filios
3356 2651 3412 2706 in
3453 2652 3560 2706 hac
3600 2651 3718 2706 vita

2066 2731 2404 2805 peregrinos
2436 2730 2683 2800 figurata
2722 2729 3149 2800 signiﬁcatione
3180 2731 3566 2786 referendum.
3601 2729 3714 2785 Sed

2065 2811 2114 2868 si
2146 2811 2255 2866 hoc
2283 2810 2362 2864 ita
2391 2817 2495 2876 est,
2529 2811 2652 2878 jam
2700 2808 2990 2878 bipertita,
3043 2827 3158 2864 non
3190 2809 3482 2880 tripartita
3541 2814 3716 2864 erunt

2066 2891 2295 2962 eloquia
2353 2889 2799 2960 Prophetarum,
2847 2889 2935 2944 vel
3004 2889 3194 2960 potius
3242 2888 3476 2944 illarum
3527 2889 3721 2960 Scrip-

2065 2979 2327 3026 turarum
2361 2969 2649 3038 omnium,
2684 2985 2810 3039 quae
2860 2969 3068 3024 veteris
3098 2970 3478 3024 Instrumenti
3521 2967 3720 3040 appel-

2065 3051 2280 3107 latione
2320 3056 2646 3105 censentur.
2692 3047 2849 3103 Nihil
2899 3047 3053 3104 enim
3106 3049 3216 3104 erit
3264 3049 3404 3114 illic,
3450 3050 3601 3119 quod
3643 3049 3716 3104 ad

2065 3129 2391 3188 Jerusalem
2423 3134 2713 3185 terrenam
2746 3133 2969 3184 tantum
3003 3131 3306 3198 pertineat,
3341 3130 3392 3184 si
3425 3129 3715 3201 quidquid

2067 3211 2150 3267 ibi
2182 3212 2251 3266 de
2283 3209 2401 3270 illa,
2433 3210 2521 3265 vel
2554 3217 2784 3281 propter
2805 3208 2992 3277 illam,
3020 3211 3232 3266 dicitur
3264 3214 3440 3281 atque
3470 3210 3720 3281 comple-

2070 3296 2187 3357 tur,
2220 3289 2511 3359 signiﬁcat
2530 3289 2775 3358 aliquid,
2809 3291 2958 3359 quod
2984 3289 3159 3343 etiam
3185 3291 3502 3346 Jerusalem
3535 3290 3730 3346 caeles-

2071 3374 2186 3423 tem
2218 3368 2523 3439 allegorica
2547 3367 3010 3438 praetiguratione
3041 3369 3323 3423 referatur
3363 3384 3375 3421 :
3424 3370 3524 3423 sed
3558 3371 3729 3424 erunt

2075 3446 2197 3502 sola
2231 3447 2345 3501 duo
2369 3461 2601 3516 genera,
2627 3461 2812 3500 unum
2836 3445 2991 3516 quod
3016 3447 3088 3500 ad
3109 3446 3438 3501 Jerusalem
3462 3445 3726 3515 liberam,

2075 3527 2324 3582 alterum
2358 3525 2511 3595 quod
2545 3525 2615 3579 ad
2651 3529 2958 3596 utramque
3001 3525 3305 3594 pertineat.
3349 3525 3490 3578 Mihi
3533 3531 3727 3579 autem

2049 3636 2051 3638 -
2076 3607 2226 3662 sicut
2252 3605 2497 3658 multum
2521 3603 2795 3657 videntur
2824 3619 3036 3669 errare,
3074 3604 3173 3673 qui
3203 3603 3393 3658 nullas
3423 3619 3514 3657 res
3537 3612 3728 3674 gestas

2079 3688 2136 3741 in
2188 3701 2254 3740 eo
2302 3698 2513 3755 genere
2563 3681 2878 3737 litterarum
2943 3683 3166 3752 aliquid
3209 3682 3365 3738 aliud
3415 3689 3623 3754 praeter
3670 3683 3726 3738 id

2080 3766 2234 3838 quod
2259 3779 2323 3819 eo
2356 3765 2524 3818 modo
2555 3767 2727 3834 gestae
2777 3767 2917 3817 sunt
2946 3762 3279 3834 significare
3335 3762 3681 3818 arbitrantur
3712 3779 3726 3830 ;

2078 3848 2159 3902 ita
2186 3845 2424 3902 multum
2458 3847 2687 3913 audere,
2737 3843 2836 3914 qui
2871 3858 3109 3914 prorsus
3160 3843 3239 3897 ibi
3279 3842 3475 3898 omnia
3505 3842 3732 3912 signifi-

2082 3926 2414 3984 cationibus
2471 3923 2799 3995 allegoricis
2860 3924 3123 3979 involuta
3170 3938 3300 3978 esse
3369 3923 3734 3977 contendunt

2084 4011 2182 4083 (ὁ).
2236 4008 2367 4062 Ideo
2399 4005 2707 4077 tripartita,
2761 4022 2873 4060 non
2927 4004 3199 4076 hipartita
3244 4019 3374 4059 esse
3431 4001 3571 4083 dixi.
3614 4001 3734 4058 Hoc

2084 4081 2239 4146 enim
2272 4086 2560 4151 existimo,
2594 4101 2708 4141 non
2743 4089 2935 4140 tamen
2969 4083 3213 4154 culpans
3252 4100 3374 4149 eos,
3403 4081 3503 4154 qui
3537 4087 3737 4153 potue-

2086 4169 2203 4224 rint
2232 4167 2350 4222 illic
2391 4167 2462 4222 de
2501 4181 2876 4238 quacumque
2907 4181 2966 4220 re
3011 4169 3177 4234 gesta
3225 4178 3466 4218 sensum
3516 4161 3736 4217 intelli-

2085 4249 2297 4322 gentiae
2373 4245 2696 4319 spiritualis
2769 4245 3126 4316 exsculpere,
3179 4248 3404 4300 servata
3465 4242 3738 4315 primitus

2087 4331 2370 4385 duntaxat
2409 4327 2666 4381 historiae
2714 4325 2974 4382 veritate.
3027 4324 3307 4380 Caeterum
3359 4341 3488 4395 qua;
3534 4323 3614 4379 ita
3645 4322 3734 4377 di-

2087 4415 2321 4478 cuntur,
2373 4412 2438 4463 ut
2479 4407 2652 4462 rebus
2694 4405 3038 4461 humanitus
3081 4422 3184 4461 seu
3233 4405 3514 4461 divinitus
3557 4403 3738 4476 gestis

2088 4493 2208 4547 sive
2257 4488 2528 4562 gerendis
2584 4488 2891 4543 convenire
2933 4504 3049 4544 non
3096 4488 3337 4557 possint,
3371 4487 3508 4558 quis
3548 4485 3738 4542 ﬁdelis

2088 4571 2318 4628 dubitet
2358 4587 2472 4626 non
2522 4585 2651 4625 esse
2703 4569 2953 4625 inaniter
2995 4570 3149 4625 dicta
3178 4568 3206 4623 ?
3238 4571 3371 4640 quis
3401 4585 3469 4623 ea
3509 4584 3621 4622 non
3667 4568 3738 4623 ad

2091 4651 2540 4725 intelligentiam
2590 4648 2953 4722 spiritualem
2987 4654 3232 4714 revocet,
3293 4649 3341 4704 si
3399 4648 3599 4719 possit,
3633 4651 3738 4702 aut

2092 4736 2164 4791 ab
2195 4751 2260 4790 eo
2293 4734 2390 4806 qui
2425 4738 2610 4804 potest
2639 4734 2965 4788 revocanda
2995 4747 3120 4787 esse
3155 4732 3398 4786 fateatur
3422 4730 3450 4782 ‘2

2092 4844 2328 4900 CAPUT
2352 4841 2440 4899 lV.
2472 4872 2541 4884 —-
2573 4845 2649 4897 De
2671 4845 3038 4912 praeﬁgurata
3058 4839 3486 4893 commutatione
3514 4835 3740 4890 Israeli-

2166 4927 2260 4978 tici
2287 4925 2448 4993 regni
2476 4929 2529 4977 et
2555 4921 2873 4989 sacerdotii,
2903 4926 2955 4975 et
2983 4921 3051 4974 de
3081 4920 3162 4973 his
3210 4933 3330 4988 quae
3360 4918 3529 4971 Anna
3564 4921 3742 4970 mater

2167 5004 2454 5068 Samuelis,
2496 5018 2790 5073 personam
2835 5016 3030 5070 gerens
3063 4999 3332 5062 Ecclesiae,
3356 4996 3743 5067 prophetavit.

2168 5105 2216 5156 l.
2251 5103 2574 5155 Procursus
2607 5099 2787 5170 igitur
2816 5095 3064 5153 civitatis
3093 5094 3216 5161 Dei,
3248 5094 3349 5150 ubi
3388 5091 3649 5164 pervenit
3669 5090 3741 5145 ad

2160 5225 2177 5258 ί
2233 5225 2293 5272 In
2339 5223 2716 5286 manuscriptis
2744 5221 3002 5286 habetur,
3042 5219 3243 5268 dando.
3293 5216 3448 5280 Apud
3493 5214 3619 5264 LXX
3668 5215 3750 5263 est

2097 5287 2294 5336 didous
2325 5287 2467 5344 ἀὸεό,
2494 5288 2634 5334 dans
2665 5285 2816 5335 dabo.

2159 5349 2182 5384 ²
2237 5349 2325 5399 Sic
2382 5338 2550 5398 nostri
2611 5361 2793 5397 omnes
2826 5347 3046 5397 codices.
3096 5345 3156 5392 In
3197 5344 3274 5398 B.,
3324 5354 3613 5390 summum
3653 5338 3750 5388 illi

2097 5413 2462 5548 “afﬁrm,
2494 5483 2545 5522 et
2573 5472 2754 5521 videbo
2786 5487 2893 5534 eos,
2922 5471 2980 5521 in
3017 5471 3201 5519 Bibliis
3245 5469 3441 5518 desunt
3483 5466 3669 5516 latinis
3697 5467 3751 5515 et

2096 5550 2402 5664 ﬁgant.
2435 5598 2635 5663 passim
2663 5598 2827 5649 libros
2855 5599 2997 5650 cont.
3028 5597 3208 5648 Faust.
3236 5593 3465 5644 Manich.
