4110 6196
394 315 509 377 52⁸1

394 450 620 522 Regum
648 449 927 516 tempora,
946 434 1190 522 quando
1215 429 1396 522 David
1416 424 1587 522 Saule
1617 416 2035 522 reproh_ato:itg

391 495 636 605 ign};
655 495 1179 605 tib-tinuit,
1221 523 1281 569 ut
1317 513 1446 581 ejus
1481 505 1692 605 deinde
1731 495 2037 605 [ιῖείςι-Ξ-ιιι

392 582 964 669 ίέξτὲἶιίιιηίθιαεειιθω
997 582 1275 656 diuturna
1305 586 1677 648 successione
1706 582 2037 653 regnarent,

390 692 551 749 dedit
583 689 927 759 ﬁguram,re
949 684 1110 754 gesta
1140 680 1157 714 ί
1180 673 1529 759 significans
1560 672 2040 759 atquepraenun-

390 742 564 844 tiens,
591 742 746 841 (ξίωά
798 742 912 821 non
941 742 1028 819 ast
1061 742 1526 844 praetereundum
1567 744 1818 844 silentio,
1841 742 2040 844 JdeJre-

392 822 888 909 ru—mvm‘utatione
942 822 1289 905 futurarum,
1341 835 1494 907 quod
1544 829 1749 912 attinet
1798 822 2037 912 adq-duo

390 905 787 997 {es—lamenta,
840 930 1005 980 vetus
1054 929 1108 978 et
1166 905 1379 975 novum
1438 928 1454 969 :
1506 910 1614 997 ubi
1646 905 2038 997 sacerdotium

391 986 753 1085 regnumque
774 986 1075 1063 mutatum
1104 1006 1193 1059 est
1232 1015 1329 1071 per
1357 995 1714 1084 sacerdotem
1734 986 2039 1085 eamdem-

389 1066 505 1164 quae
526 1066 720 1162 regem
742 1103 956 1144 novum
983 1102 1047 1141 ac
1076 1066 1631 1164 sempiternum,qui
1663 1074 1753 1164 est
1774 1066 2041 1164 Qhristus

387 1143 828 1230 Ῐὲεὐὲεἶῖἓεῖἱιίέι
849 1143 973 1224 Heli
996 1143 1296 1222 sacerdote
1318 1143 1624 1229 reprobato
1651 1143 2039 1230 substitutus”

386 1228 581 1311 Dei
626 1248 1014 1307 ministerium
1045 1241 1303 1310 Samuel,
1356 1228 1535 1294 simul
1573 1230 1763 1289 ofﬁcio
1806 1228 2041 1311 fugatus

392 1304 809 1391 sicin—Ionia
848 1327 1093 1400 judicis,
1141 1328 1196 1380 et
1227 1304 1401 1377 saule
1449 1314 1667 1400 abjectp
1715 1325 1814 1365 rex
1858 1304 2038 1400 David

390 1390 676 1470 fundatus
713 1412 772 1467 in
821 1390 1018 1482 regno,
1071 1408 1179 1461 hoc
1228 1399 1386 1474 quod
1436 1397 1566 1451 dico
1619 1390 2038 1482 ﬁguraverunt:

390 1468 840 1565 Mater-quoque
868 1468 1544 1565 ipsa'SamuelisAnna,
1578 1489 1703 1565 quis
1737 1469 1897 1565 prius
1932 1468 2041 1565 fuit

390 1553 645 1642 sterilis;
672 1578 729 1627 et
750 1553 1078 1642 posteriore
1125 1562 1473 1620 fecunditate
1531 1556 1723 1611 laetata
1761 1553 1871 1642 est,
1906 1563 2042 1620 pro-

391 1630 631 1724 phetare
692 1630 850 1707 aliud
909 1664 1023 1705 non
1084 1646 1332 1724 videtur,
1387 1654 1519 1695 cum
1588 1630 2039 1724 gratulationem

392 1712 561 1789 suam
595 1733 838 1789 Domino
872 1728 1062 1784 fundit
1091 1722 1390 1782 exsultans
1436 1737 1450 1773 :
1485 1714 1718 1789 quando
1769 1712 2039 1766 eumdem

392 1830 642 1892 puerum
693 1818 897 1866 natum
944 1813 1002 1863 et
1048 1804 1396 1892 ablactatum
1440 1801 1573 1892 Deo“
1609 1793 1801 1892 reddit
1819 1790 2040 1892 ‘eadezn

393 1875 627 1974 pietate,
661 1910 778 1966 qua
807 1898 1053 1948 voverat.
1088 1886 1235 1942 Dicit
1281 1884 1437 1974 enim
1473 1896 1488 1935 :
1535 1876 1933 1974 conﬁrmatum
1962 1875 2043 1925 est

391 1965 489 2036 cor
514 1965 691 2033 meum
719 1977 779 2027 in
816 1973 1067 2036 Domino,
1112 1975 1165 2022 et
1193 1965 1500 2021 exaltatum
1529 1965 1609 2014 est
1642 1972 1825 2013 cornu
1863 1966 2043 2008 meum

391 2064 452 2115 in
496 2061 602 2113 Deo
637 2072 775 2111 meo.
820 2052 1129 2107 Dilatatum
1176 2053 1254 2103 est
1291 2060 1456 2116 super
1497 2041 1746 2096 inimicos
1795 2050 1938 2090 meos
1983 2047 2042 2088 os

392 2155 569 2195 meum
598 2155 618 2202 ;
651 2138 839 2191 laetata
867 2149 985 2188 sum
1017 2132 1076 2185 in
1103 2129 1342 2185 salutari
1373 2132 1487 2179 tuo.
1521 2121 1792 2187 Quoniam
1819 2119 2045 2202 nonest

393 2198 637 2285 sanctus,
675 2219 817 2272 sicut
870 2215 1134 2268 Dominus
1189 2226 1212 2276 ;
1267 2215 1321 2263 et
1374 2221 1488 2260 non
1543 2209 1621 2257 est
1650 2201 1859 2285 justus.
1904 2198 2043 2285 sicut

394 2304 539 2358 Deus
568 2278 755 2355 noster
794 2311 819 2363 ;
847 2310 958 2350 non
987 2299 1067 2349 est
1104 2297 1327 2347 sanctus
1368 2292 1578 2359 prater
1609 2289 1676 2337 te.
1710 2280 1887 2335 Nolite
1917 2278 2044 2346 glo-

393 2386 537 2441 riari
573 2379 803 2452 superbe
832 2379 874 2446 ³,
906 2384 958 2432 et
986 2376 1157 2430 nolite
1201 2373 1355 2444 loqui
1382 2370 1615 2433 excelsa,
1646 2379 1821 2434 neque
1846 2376 2044 2452 prgce-

395 2466 494 2522 dat
533 2445 978 2534 magniloquium
1042 2457 1108 2513 de
1173 2472 1266 2512 ore
1321 2459 1521 2509 vestro.
1580 2448 1863 2534 Quoniam.
1908 2445 2046 2497 Deus

401 2525 759 2604 scientiarum
796 2525 1095 2607 Dominus,
1127 2544 1178 2593 et
1225 2539 1368 2592 Deus
1389 2544 1720 2605 praeparans
1768 2525 2047 2581 adinven-

404 2631 578 2684 tiones
619 2641 765 2681 suas.
846 2625 1051 2678 Arcum
1089 2619 1405 2690 potentium
1465 2614 1598 2681 fecit
1646 2611 1944 2677 inﬁrmum,
1993 2608 2047 2690 et

398 2710 609 2778 inﬁrmi
623 2706 913 2778 praecincti
941 2707 1071 2757 sunt
1089 2685 1315 2755 uirtute.
1344 2695 1503 2750 Pleni
1526 2690 1765 2778 panibus
1781 2685 2049 2778 minorati

399 2766 548 2851 sunt,
581 2766 642 2840 et
672 2788 966 2840 esurientes
1016 2782 1358 2836 transierunt
1402 2782 1631 2830 terram.
1687 2769 1829 2833 Quia
1849 2766 2049 2851 sterilis

398 2849 620 2938 peperit
678 2870 903 2933 septem,
983 2866 1037 2915 et
1092 2860 1269 2914 multa
1329 2858 1387 2910 in
1434 2855 1564 2938 ﬁliis
1617 2852 1909 2938 inﬁrmata
1947 2849 2047 2898 est.

403 2928 666 3003 deinus
694 2928 987 3015 mortiﬁcat
1026 2948 1078 2997 et
1107 2942 1345 3008 viviﬁcat
1392 2954 1413 3001 ;
1455 2933 1677 2990 deducit
1705 2930 1778 3015 ad
1814 2928 2047 3015 inferos,

404 3033 458 3082 et
486 3026 717 3083 reducit.
770 3010 1037 3081 Dominus
1084 3035 1357 3092 pauperes
1384 3018 1525 3085 facit
1553 3016 1595 3081 ⁸,
1626 3019 1678 3068 et
1707 3011 1849 3065 ditat
1885 3028 1906 3076 ;
1940 3010 2050 3092 hu-

403 3107 609 3172 miliat,
638 3113 692 3163 et
743 3105 978 3160 exaltat.
1010 3088 1251 3156 Suscitat
1295 3114 1329 3153 a
1360 3103 1511 3151 terra
1545 3107 1869 3166 pauperem,
1902 3095 1955 3144 et
1984 3088 2050 3143 de

403 3197 641 3245 stercore
669 3189 834 3257 erigit
876 3188 1095 3255 inopem
1138 3198 1157 3237 :
1186 3187 1248 3236 ut
1274 3179 1500 3235 collocet
1534 3192 1667 3257 eum
1701 3189 1826 3257 cum
1848 3178 2053 3257 poten-

407 3271 548 3326 tibus
565 3253 770 3339 populi
795 3266 837 3334 ⁸,
866 3271 917 3320 et
951 3253 1129 3319 sedem
1153 3263 1345 3332 gloriae
1367 3256 1741 3339 haereditatem
1771 3253 1907 3339 dans
1938 3253 2051 3307 eis:

404 3351 544 3406 dans
565 3334 760 3404 totum
788 3347 1026 3411 voventi,
1066 3348 1118 3398 et
1153 3340 1433 3397 benedixit
1479 3352 1653 3393 annos
1677 3334 1825 3405 justi
1863 3349 1881 3388 :
1916 3347 2055 3403 quo-

408 3434 558 3486 niam
587 3447 700 3485 non
729 3431 787 3484 in
807 3430 1011 3483 virtute
1027 3431 1229 3497 potens
1250 3429 1325 3478 est
1356 3422 1458 3476 vir.
1484 3419 1746 3475 Dominus
1774 3417 2054 3497 inﬁrmum

406 3515 573 3581 faciet
631 3496 1043 3566 adversarium,
1065 3522 1245 3574 suum,
1310 3504 1567 3558 Dominus
1634 3504 1876 3555 sanctus.
1934 3496 2055 3550 Non

406 3578 677 3664 glorietur
700 3590 951 3663 prudens
980 3592 1039 3644 in
1064 3586 1374 3661 prudentia
1409 3600 1529 3647 sua,
1561 3588 1613 3637 et
1643 3596 1756 3635 non
1785 3578 2057 3664 glorietur

398 3658 599 3745 potens
646 3658 722 3727 in—
764 3674 1017 3744 potentia
1059 3658 1180 3738 sua,
1242 3673 1294 3723 et
1342 3682 1454 3721 non
1505 3664 1775 3734 glorietur
1822 3658 1967 3713 dives
1996 3659 2057 3711 in

406 3740 613 3810 divitiis
662 3740 817 3809 suis:
865 3752 959 3807 sed
1006 3753 1066 3805 in
1114 3751 1214 3803 hoc
1270 3748 1541 3817 glorietur
1592 3745 1690 3814 qui
1752 3740 2055 3811 gloriatur,

405 3835 715 3905 intelligere
764 3841 817 3889 et
861 3835 998 3889 scire
1045 3832 1356 3905 Dominum,
1390 3832 1441 3881 et
1468 3827 1655 3893 facere
1682 3822 1975 3905 judicium.
2005 3824 2058 3873 et

396 3891 679 3979 justitiam
706 3909 765 3961 in
795 3905 972 3961 medio
1004 3909 1184 3958 terrm.
1215 3891 1477 3955 Dominus
1508 3891 1750 3952 ascendit
1781 3894 1837 3947 in
1878 3891 2056 3979 cados,

405 3972 457 4043 et
487 3990 669 4044 tonuit
710 4005 723 4042 :
769 3989 884 4056 ipse
905 3984 1185 4056 judicabit
1232 3986 1478 4036 extrema
1510 3984 1667 4032 terra;
1707 3976 1840 4046 quia
1870 3972 2059 4056 justus

406 4075 485 4123 est
514 4070 589 4138 (a)
618 4085 639 4132 ;
687 4071 737 4120 et
763 4050 860 4119 dat
900 4050 1157 4119 uirtutem
1197 4060 1415 4131 regibus
1447 4058 1668 4120 nostris,
1705 4061 1757 4108 et
1777 4050 2061 4138 gesaltabit

407 4136 582 4204 cornu
612 4146 817 4202 Christi
844 4146 948 4199 sui.
978 4144 1000 4215 (
1034 4145 1052 4199 Ι
1084 4146 1216 4213 Reg.
1250 4158 1311 4209 ιι,
1347 4139 1499 4207 1-10,
1528 4153 1631 4193 sec.
1664 4136 1814 4203 Lxx).

477 4231 532 4283 2.
585 4228 743 4283 Itane
772 4242 904 4281 vero
952 4224 1128 4280 verba
1179 4225 1297 4279 haec
1338 4221 1514 4277 unius
1547 4216 1903 4290 putabuntur
1932 4228 2062 4270 esse

412 4306 789 4375 mulierculis,
840 4305 911 4361 de
959 4310 1095 4361 nato
1144 4305 1251 4359 sibi
1303 4303 1421 4358 (ilio
1477 4296 1830 4371 gratulantis
1870 4294 2062 4348 ?tan-

410 4394 615 4444 tumne
647 4403 812 4442 mens
844 4385 1142 4441 hominum
1176 4401 1210 4441 a
1248 4384 1376 4439 luce
1415 4378 1677 4437 veritatis
1710 4391 1912 4432 aversa
1949 4379 2060 4445 est,

415 4473 479 4523 ut
528 4482 641 4522 non
684 4466 900 4521 sentiat
929 4464 1271 4538 supergredi
1324 4463 1562 4518 modum
1615 4457 1841 4514 femine:
1880 4454 2060 4538 hujus

414 4548 572 4606 dicta
609 4564 735 4621 quae
771 4547 919 4604 fudit
955 4547 983 4603 ?
1020 4536 1192 4604 Porro
1224 4544 1325 4618 qui
1367 4544 1542 4600 rebus
1576 4541 1743 4613 ipsis,
1779 4554 1903 4610 quae
1934 4536 2061 4607 jam

478 4731 495 4767 ι
529 4726 616 4780 Sic
641 4728 761 4779 Mss.
794 4730 863 4779 At
888 4728 1036 4786 editi,
1062 4725 1148 4775 rei
1200 4729 1401 4788 gestae.
1432 4720 1495 4788 Et
1538 4717 1699 4788 intra
1720 4729 1803 4788 ex_
1824 4715 1909 4764 his
1936 4714 2063 4764 duo.

414 4791 499 4844 Er.
530 4795 581 4843 et
598 4779 761 4853 iLov.,
792 4807 902 4856 pro,
932 4792 997 4840 de
1024 4779 1224 4838 reruni
1247 4782 1574 4836 mutatione.
1613 4779 1831 4840 habent,
1868 4788 2064 4824 rerum

414 4856 805 4907 mutationem.
1667 4903 1677 4907 _
1709 4892 1717 4901 ,

477 4901 618 4967 é"1:31;:
631 4901 875 4974 etiam,
904 4914 1242 4965 substitutus
1288 4918 1390 4959 est.
1441 4903 1685 4972 Expungi
1715 4901 1917 4959 debuit,
1967 4908 2065 4964 est,

413 4982 571 5045 juxta
597 4980 752 5045 Vind.
785 4983 900 5045 ᾼιιι.
935 4981 988 5045 et
1014 4978 1139 5045 Mss.

479 5027 898 5098 Eiﬁditijnolite
925 5038 1189 5104 gloriari,
1220 5036 1436 5104 omisso,
1457 5030 1721 5104 _superbe,
1762 5027 1918 5104 quod
1943 5039 2069 5104 Ηυξ-

415 5090 685 5166 ιιιιεῖνίρὶἷ
721 5117 905 5166 omnes
925 5090 1265 5166 vadjungu'nt.
1312 5127 1375 5137 —
1410 5090 1575 5148 Abest
1614 5090 1722 5144 vox
1758 5090 1856 5142 illa
1883 5104 1917 5141 a
1943 5090 2067 5139 Mss.

420 5170 565 5226 2051,
593 5165 686 5217 258
716 5170 770 5216 et
795 5165 906 5215 253.
937 5167 1005 5214 M.

480 5215 508 5268 ί
522 5215 646 5282 "sit;
665 5215 787 5280 Mss.
835 5230 905 5277 At
946 5229 1092 5290 editi,
1146 5224 1425 5276 Dominus
1469 5233 1778 5287 pauperem
1821 5216 1979 5278 Γαοίε·
2011 5215 2073 5265 In

418 5309 605 5359 graeco
634 5296 733 5359 est,
757 5291 1052 5359 ptoohizei.

481 5341 617 5407 ῖίὶό,
641 5341 794 5405 ’Ἧιιὸ
842 5356 958 5403 Am.
1010 5341 1065 5404 et
1109 5348 1460 5413 manuscripti
1504 5348 1660 5413 juxta
1704 5341 2071 5413 Septuaginta.

417 5421 487 5496 At
529 5405 615 5470 Er;
666 5422 720 5469 et
775 5419 922 5473 Lov.,
972 5415 1175 5480 populi
1223 5413 1316 5462 sui
1350 5405 1472 5461 {et
1504 5405 1692 5474 ’ρατιΙο
1747 5405 1886 5470 post,
1935 5405 2076 5453 dans

429 5497 559 5606 ala)
610 5543 784 5595 Biblia
841 5557 995 5595 saera
1048 5542 1324 5600 omittunt,
1369 5535 1511 5606 quia
1553 5536 1785 5606 justum
1837 5538 1932 5606 est.
1975 5527 2080 5606 IIIa-

419 5595 791 5719 Ῑᾶξξιέίοξτὲιγῗξα
842 5609 1108 5672 quaedam
1179 5595 1508 5667 exeniplaria
1555 5595 1629 5650 'et
1702 5595 2079 5655 Theodoretus,

1427 291 1534 353 DE
1575 280 1948 351 CIVITATE
1987 270 2138 355 DEI,
2187 279 2249 341 s.
2294 254 2735 344 AUGUSTINI

3667 270 3792 344 ΒΞΒ

2143 420 2444 487 coeperunt
2499 416 2671 472 etiam
2732 416 2789 472 in
2867 415 2977 472 hac
3049 419 3278 472 terrena
3333 415 3795 488 peregrinatione

2143 495 2446 567 compleri,
2502 496 2911 554 convenienter
2965 501 3242 566 movetur,
3295 513 3488 553 nonne
3518 495 3791 564 intendit,

2144 582 2201 633 et
2229 578 2460 649 aspicit,
2504 583 2562 633 et
2605 578 2869 650 agnoscit
2924 594 3027 651 per
3075 578 3225 634 hanc
3258 577 3583 646 mulierem,
3614 577 3787 648 cujus

2142 657 2315 715 etiam
2338 674 2572 727 nomen,
2595 658 2650 712 id
2677 661 2967 714 estAnna.
2993 659 3191 715 Gratia
3214 657 3794 729 ejusinterpretatur,

2142 738 2332 810 ipsam
2393 737 2730 811 religionem
2789 739 3194 806 christianum,
3251 739 3438 811 ipsam
3498 736 3795 795 civitatem

2146 817 2274 885 Dei,
2307 819 2477 889 cujus
2509 836 2604 875 rex
2634 824 2724 876 est
2753 829 2804 876 et
2836 820 3104 876 conditor
3132 818 3414 888 Christus,
3446 817 3636 889 ipsam
3663 834 3792 889 pos-

2144 903 2326 954 tremo
2358 899 2456 954 Dei
2491 901 2730 969 gratiam
2778 900 3109 972 prophetico
3136 899 3345 972 spiritu
3378 898 3464 954 sic
3512 904 3791 968 locutam,

2145 995 2178 1035 a
2207 995 2326 1051 qua
2361 980 2597 1052 superbi
2637 981 2984 1048 alienantur,
3018 986 3083 1036 ut
3120 981 3350 1047 cadant,
3384 995 3499 1051 qua
3535 978 3792 1037 humiles

2143 1061 2485 1131 implentur,
2519 1066 2583 1117 ut
2611 1067 2876 1136 surgant,
2908 1060 3065 1133 quod
3108 1063 3359 1117 maxime
3406 1059 3660 1133 hymnus
3682 1061 3794 1118 iste

2146 1141 2522 1211 personuit?
2585 1141 2707 1198 Nisi
2775 1142 3084 1215 quisquam
3147 1143 3293 1197 forte
3352 1142 3622 1198 dicturus
3676 1146 3792 1213 est,

2145 1220 2293 1276 nihil
2352 1222 2522 1278 istam
2589 1223 2968 1295 prophetasse
3037 1220 3361 1284 mulierem,
3432 1222 3532 1277 sed
3604 1222 3790 1279 Deum

2145 1303 2549 1357 tantummodo
2591 1312 2821 1375 propter
2869 1304 3081 1375 ﬁlium,
3118 1319 3290 1373 quem
3322 1305 3555 1374 precata
3602 1302 3795 1374 impe-

2146 1380 2339 1449 travit,
2372 1383 2681 1437 exsultanti
2706 1382 3113 1452 praedicatione
3151 1380 3450 1437 laudasse.
3480 1380 3626 1446 Quid
3658 1397 3796 1453 ergo

2145 1463 2258 1518 sibi
2289 1462 2407 1518 vult
2428 1464 2581 1535 quod
2611 1461 2692 1520 ait
2722 1480 2735 1519 :
2769 1465 2973 1520 Arcum
2992 1464 3305 1535 potentium
3335 1464 3469 1531 fecit
3494 1464 3794 1533 inﬁmum,

2146 1550 2199 1600 et
2226 1546 2435 1612 infirmi
2452 1547 2742 1616 pracincti
2759 1552 2890 1600 sunt
2917 1547 3122 1599 virtute
3144 1561 3161 1598 :
3183 1545 3342 1614 pleni
3355 1543 3597 1614 panibus
3614 1546 3792 1598 mino-

2146 1628 2260 1680 rati
2304 1633 2453 1692 sunt,
2511 1633 2566 1681 et
2610 1629 2905 1682 esurientes
2954 1624 3301 1681 transierunt
3349 1632 3604 1680 terram:
3661 1628 3799 1696 quia

2144 1707 2346 1761 sterilis
2384 1710 2606 1777 peperit
2631 1716 2855 1778 septem,
2905 1713 2957 1762 et
3003 1706 3178 1762 multa
3234 1708 3293 1760 in
3338 1705 3465 1774 ﬁliis
3513 1706 3800 1775 inﬁrmata

2147 1793 2225 1841 est
2270 1789 2296 1839 .’
2340 1786 2636 1858 Numquid
2691 1796 2912 1858 septem
2961 1787 3091 1859 ipsa
3157 1791 3473 1859 pepererat,
3523 1787 3799 1857 quamvis

2147 1866 2359 1922 sterilis
2412 1867 2585 1923 fuerit
2638 1868 2667 1922 ?
2734 1866 2984 1924 Unicum
3041 1866 3313 1935 habebat,
3373 1868 3610 1938 quando
3677 1865 3797 1923 ista

2147 1948 2379 2003 dicebat
2412 1964 2426 2003 :
2458 1949 2558 2004 sed
2600 1965 2705 2004 nec
2751 1954 2954 2020 postea
2983 1951 3203 2020 septem
3239 1946 3473 2019 peperit,
3524 1946 3646 2002 sive
3675 1962 3795 2016 sex,

2147 2029 2363 2099 quibus
2411 2030 2698 2101 septimus
2757 2034 2912 2085 esset
2960 2030 3082 2100 ipse
3156 2025 3391 2083 Samuel
3457 2047 3472 2097 ;
3533 2027 3629 2083 sed
3677 2031 3800 2083 tres

2148 2126 2360 2178 mares,
2412 2114 2469 2165 et
2499 2110 2643 2165 duas
2694 2109 2936 2166 feminas
2981 2110 3029 2180 (Ι
3061 2112 3193 2179 Reg.
3247 2125 3310 2169 ιι,
3342 2108 3456 2181 20).
3488 2107 3706 2164 Deinde
3736 2107 3798 2163 in

2148 2191 2245 2246 illo
2296 2192 2509 2263 populo
2565 2206 2696 2246 cum
2744 2190 2938 2247 adhuc
2979 2206 3146 2245 nemo
3195 2198 3482 2261 regnaret,
3536 2190 3687 2260 quod
3736 2188 3799 2244 in

2149 2277 2405 2326 extremo
2463 2271 2703 2341 possuit,
2735 2273 2842 2326 Dat
2889 2272 3144 2327 virtutem
3200 2267 3423 2339 regibus
3468 2270 3691 2333 nostris,
3739 2273 3799 2324 et

2149 2352 2418 2408 exaltabit
2462 2367 2636 2407 cornu
2686 2352 2893 2408 Christi
2933 2354 3019 2407 sui
3054 2367 3077 2418 ;
3109 2350 3262 2407 unde
3313 2349 3565 2419 dicebat,
3604 2349 3799 2406 sinon

2152 2432 2523 2504 praphetabat
2538 2430 2566 2486 ‘I

2220 2515 2275 2569 3.
2313 2515 2469 2570 Dicat
2498 2531 2636 2586 ergo
2683 2512 2937 2569 Ecclesia
2978 2511 3185 2579 Chisti,
3227 2509 3428 2566 civitas
3457 2508 3629 2582 Regis
3674 2525 3801 2565 ma-

2151 2598 2270 2668 gni,
2301 2598 2484 2669 gratia
2517 2598 2706 2668 plena,
2727 2595 2884 2667 prole
2916 2594 3162 2650 fecunda
3193 2609 3209 2661 ;
3249 2592 3409 2648 dicat
3449 2591 3603 2663 quod
3635 2596 3799 2648 tanto

2153 2684 2287 2734 ante
2319 2678 2388 2732 de
2436 2694 2499 2733 se
2540 2676 2951 2748 prophetatum
2992 2690 3093 2745 per
3141 2689 3207 2728 os
3238 2671 3418 2742 hujus
3449 2672 3556 2743 piis
3588 2672 3800 2728 matris

2154 2759 2414 2828 agnoscit
2455 2757 2848 2827 Conﬁrmatum
2894 2761 2971 2811 est
3002 2770 3097 2810 cor
3141 2769 3319 2809 meum
3370 2754 3431 2806 in
3461 2753 3714 2819 Domino,
3744 2755 3802 2806 et

2154 2841 2462 2896 exaltatum
2490 2845 2569 2893 est
2592 2855 2767 2894 cornu
2804 2852 2981 2892 meum
3020 2838 3078 2890 in
3107 2836 3217 2890 Deo
3244 2849 3381 2889 meo.
3421 2830 3566 2887 Vere
3595 2831 3809 2887 contir-

2155 2925 2379 2976 matum
2395 2935 2511 2985 cor,
2539 2923 2596 2974 et
2615 2934 2796 2974 cornu
2819 2933 2949 2972 vere
2971 2914 3313 2981 exaltatum;
3336 2910 3472 2984 quia
3492 2927 3606 2966 non
3628 2911 3689 2966 in
3714 2926 3813 2977 se,

2156 3009 2255 3066 sed
2286 3009 2343 3062 in
2377 3008 2622 3064 Domino
2652 3007 2769 3063 Deo
2800 3021 2927 3062 suo.
2968 3004 3254 3059 Dilatatun
3287 3007 3363 3057 est
3392 3016 3557 3071 super
3611 3001 3812 3055 inimi-

2157 3106 2245 3146 cos
2272 3106 2415 3145 meos
2444 3105 2501 3145 os
2546 3105 2723 3144 meum
2754 3104 2776 3143 :
2821 3086 2959 3157 quia
2988 3092 3043 3140 et
3077 3085 3135 3139 in
3176 3082 3459 3154 angustiis
3488 3096 3814 3152 pressura-

2157 3188 2283 3227 rum
2306 3187 2497 3227 sermo
2528 3169 2625 3226 Dei
2658 3186 2771 3226 non
2801 3173 2890 3224 est
2911 3167 3202 3239 alligatus,
3231 3180 3336 3220 nec
3356 3163 3416 3218 in
3438 3163 3803 3234 praeconibus

2159 3251 2428 3324 alligatis.
2452 3254 2662 3307 Latata
2679 3266 2818 3311 sum,
2837 3248 3046 3319 inquit,
3071 3248 3130 3300 in
3149 3245 3390 3301 salutari
3405 3250 3523 3299 tuo.
3537 3242 3818 3324 Christus

2159 3338 2248 3387 est
2267 3321 2381 3388 iste
2409 3332 2607 3399 Jesus,
2649 3346 2818 3403 quem
2869 3329 3130 3397 Simeou,
3182 3326 3339 3382 sicut
3393 3324 3456 3379 in
3500 3321 3815 3394 Evangelia

2160 3414 2392 3486 legitur,
2440 3428 2615 3469 senex
2663 3410 3020 3482 amplectens
3070 3423 3316 3480 parvum
3386 3408 3427 3474 ί,
3487 3420 3816 3476 agnoscens

2162 3516 2464 3572 magnum,
2507 3500 2667 3555 Nunc
2722 3496 2976 3560 dimittis,
3028 3492 3243 3564 inquit,
3292 3494 3545 3558 Domine,
3594 3506 3818 3546 servum

2163 3587 2319 3637 tuum
2346 3587 2402 3636 in
2450 3597 2611 3652 pace,
2655 3580 2920 3649 quoniam
2965 3575 3225 3631 viderunt
3255 3574 3401 3629 oculi
3427 3576 3535 3628 mei
3561 3574 3811 3629 salutare

2164 3670 2318 3718 tuum
2362 3664 2496 3732 (Luc
2544 3678 2607 3730 ιι,
2663 3662 2734 3714 29
2790 3665 2841 3713 et
2890 3657 3004 3725 30).
3075 3656 3236 3710 Dicat
3282 3654 3477 3725 itaque
3529 3653 3815 3719 Ecclesia,

2163 3746 2373 3799 Laetata
2401 3759 2520 3798 sum
2548 3744 2608 3796 in
2628 3740 2864 3796 salutari
2894 3745 3007 3792 tuo.
3031 3737 3299 3801 Quoniam
3323 3750 3436 3789 non
3466 3740 3543 3791 est
3561 3739 3815 3797 sanctus,

2166 3828 2307 3880 sicut
2332 3826 2595 3880 Dominus
2619 3840 2639 3888 ;
2668 3828 2721 3877 et
2748 3836 2861 3875 non
2891 3825 2969 3874 est
2993 3817 3204 3886 justus,
3234 3818 3375 3871 sicut
3402 3816 3550 3870 Deus
3578 3821 3765 3870 noster
3791 3830 3823 3883 ;

2165 3915 2445 3978 tanquam
2471 3913 2711 3961 sanctus
2740 3906 2797 3957 et
2828 3900 3224 3966 sanctiﬁcans,
3263 3899 3465 3967 justus
3496 3907 3554 3952 et
3582 3894 3819 3978 j_ustigﬁ_-

2165 4006 2226 4045 ca
2239 3974 2326 4044 us.
2360 3990 2479 4043 Non
2499 3992 2579 4042 est
2606 3989 2833 4041 sanctus
2856 3986 3065 4052 praeter
3087 3986 3139 4034 te
3173 3994 3192 4033 :
3222 3980 3362 4048 quia
3393 3992 3562 4032 nemo
3594 3976 3659 4031 lit
3690 3974 3807 4030 nisi

2165 4072 2268 4127 abs
2298 4074 2372 4125 te.
2414 4068 2671 4135 Denique
2701 4065 2984 4136 sequitur,
3016 4060 3194 4116 Nolite
3222 4060 3458 4129 gloriari
3492 4056 3724 4128 superbe
3759 4057 3808 4122 ³,

2165 4158 2217 4206 et
2245 4151 2417 4206 nolite
2448 4149 2602 4219 loqui
2628 4147 2868 4212 excelsa,
2897 4157 3074 4211 neque
3101 4147 3261 4195 exeat
3281 4139 3719 4219 magniloquium
3737 4136 3814 4192 de

2166 4246 2259 4286 ore
2286 4235 2482 4285 vestro.
2511 4216 2934 4290 QuoniamDeus
2962 4222 3319 4276 scientiarum
3361 4219 3641 4273 Dominus.
3690 4216 3826 4286 Ipse

2165 4326 2267 4367 vos
2299 4311 2493 4376 seit,et
2523 4308 2620 4363 ubi
2653 4321 2825 4362 nemo
2856 4303 2967 4359 scit
3007 4301 3030 4335 ⁸
3060 4317 3075 4358 :
3118 4300 3399 4370 quoniam
3430 4300 3529 4369 qui
3569 4303 3739 4368 putat
3761 4311 3825 4352 se

2167 4391 2384 4462 aliquid
2410 4406 2539 4457 esse,
2557 4406 2679 4445 cum
2708 4385 2853 4441 nihil
2873 4386 2961 4452 sit,
2991 4399 3046 4438 se
3068 4385 3246 4452 ipsum
3265 4379 3472 4462 seducit
3738 4393 3822 4462 vi,

2165 4458 2405 4545 ,3).'Haac
2425 4473 2702 4527 dicuntur
2721 4465 3075 4524 adversariis
3096 4462 3348 4545 civitatis
3372 4460 3474 4517 Dei
3498 4461 3570 4517 ad
3588 4458 3841 4545 Babylo-

2170 4539 2323 4610 niam
2359 4551 2805 4624 pertinentibus,
2828 4551 2899 4603 de
2918 4562 3025 4603 sua
3053 4544 3265 4624 virtute
3302 4539 3825 4624 praesumentibus,

2168 4636 2228 4692 in
2288 4619 2373 4703 se,
2421 4650 2538 4690 non
2580 4632 2641 4688 in
2689 4629 2935 4686 Domino
2987 4623 3373 4698 gloriantibus
3422 4641 3437 4689 ;
3479 4638 3548 4703 ex
3594 4619 3821 4703 quibus

2170 4721 2311 4773 sunt
2348 4699 2522 4772 etiam
2565 4712 2829 4769 carnales
2876 4705 3171 4772 Israelita,
3222 4709 3465 4760 terrenae
3495 4699 3827 4757 Jerusalem

2171 4802 2325 4856 cives
2354 4796 2677 4866 terrigena,
2709 4790 2832 4862 qui,
2875 4793 2941 4843 ut
2967 4786 3111 4842 dicit
3131 4782 3466 4866 Apostolus,
3496 4785 3829 4866 ignorantes

2172 4883 2272 4938 Dei
2292 4862 2598 4951 justitiam,
2647 4873 2707 4929 id
2754 4874 3065 4951 estquam
3110 4865 3213 4922 dat
3242 4864 3463 4921 homini
3501 4863 3678 4951 Deus,
3718 4862 3831 4951 qui

2174 4943 2336 5018 solu's
2385 4964 2473 5015 est
2494 4958 2696 5028 justus
2743 4956 2801 5008 et
2844 4946 3199 5028 justilicans
3231 4962 3255 5028 7;
3299 4954 3351 5001 et
3390 4960 3551 5000 suam
3580 4943 3830 5028 volentes

2174 5022 2515 5106 contituere,
2535 5037 2593 5092 id
2642 5038 2749 5099 est,
2779 5028 2936 5087 velut
2982 5043 3017 5082 a
3041 5042 3103 5081 se
3132 5026 3247 5082 sibi
3296 5032 3547 5106 partam,
3587 5039 3704 5106 non
3745 5022 3825 5077 ab

2176 5123 2277 5178 illo
2308 5103 2664 5191 impertitam
2684 5133 2698 5184 ;
2716 5112 2957 5185 justitiw
2976 5107 3077 5163 Dei
3090 5122 3205 5163 non
3222 5112 3353 5162 sunt
3379 5104 3615 5174 subjecti
3641 5103 3829 5175 (Rom.

2246 5339 2265 5373 ί
2301 5332 2386 5382 Sic
2412 5329 2535 5379 Mss.
2566 5322 2723 5382 Editi,
2748 5318 3076 5385 parvulum.

2245 5399 2268 5433 ²
2302 5373 2772 5445 ’ᾖδεὶῖνῖόιιιιιοῖ
2812 5383 3017 5434 codices
3087 5378 3346 5430 omittunt
3415 5373 3662 5431 verbum,
3738 5384 3839 5422 ηι-

2176 5460 2385 5571 Ρϐζόέῖο
2396 5455 2636 5565 Mveteres
2679 5510 2822 5571 libri,
2860 5508 3092 5572 exceptis
3131 5503 3453 5572 ηοιιιιιξῌῇιν,
3470 5499 3567 5565 qui
3611 5498 3840 5572 ωθιιι.

2185 5565 2418 5648 Ipse~oos
2436 5579 2568 5648 _scit.
2598 5584 2647 5624 et
2676 5574 2772 5648 ubi
2810 5565 3111 5623 'nemo-sit.
3152 5567 3394 5625 At'editi,
3418 5565 3557 5626 Ipse,
3587 5571 3641 5612 et
3668 5576 3842 5612 nemo

2185 5638 2288 5699 scit
2315 5643 2453 5710 quod
2477 5641 2593 5702 ipse
2617 5638 2738 5688 scit.
