4110 6196
353 339 474 402 529

351 493 408 544 x,
442 476 520 544 3),
554 476 755 548 utique
802 474 940 547 quia
978 475 1234 548 superbi,
1277 477 1349 532 de
1396 493 1500 532 suo
1551 481 1841 549 putantes,
1890 493 2008 532 non

353 555 425 610 de
457 553 576 621 Dei,
609 571 784 626 posse
833 555 1060 626 placere
1089 571 1151 610 se
1199 554 1336 624 Deo,
1380 555 1476 627 qui
1507 563 1592 611 est
1635 555 1786 611 Deus
1819 555 2005 611 scien-

355 636 594 702 tiarum,
629 640 808 707 atque
859 635 985 690 ideo
1016 641 1073 690 et
1109 635 1322 690 arbiter
1371 635 1884 701 conscientiarum,
1925 634 2007 691 ibi

351 715 558 769 videns
637 715 1025 785 cogitationes
1103 715 1431 784 hominum,
1491 715 1772 786 quoniam
1847 731 2006 771 vanas

355 801 494 852 sunt
523 795 702 864 (Psal.
733 813 892 863 xcm,
929 796 1037 866 11),
1071 796 1120 851 si
1163 797 1461 852 hominum
1506 803 1665 865 sunt,
1694 802 1750 852 et
1797 798 1866 852 ab
1904 796 2006 851 illo

354 893 471 934 non
505 881 667 931 sunt.
700 879 764 932 Et
780 893 1138 948 praeparans,
1170 878 1381 949 inquit,
1406 879 1824 934 adinventiones
1858 895 2004 935 suas.

355 961 512 1026 Quas
562 958 1006 1014 adinventiones
1075 962 1373 1027 putamus,
1443 958 1554 1014 nisi
1637 966 1696 1014 ut
1767 958 2005 1030 superbi

355 1043 589 1111 cadant,
621 1046 678 1096 et
725 1038 977 1094 humiles
1006 1038 1304 1110 surgant?
1334 1044 1451 1094 Has
1493 1041 1707 1112 quippe
1739 1041 2009 1096 adinven-

355 1122 544 1180 tiones
600 1119 960 1192 exsequitur,
1011 1119 1232 1186 dicens,
1278 1121 1453 1174 Arcus
1492 1123 1802 1191 potentium
1854 1123 2010 1190 inﬁr-

355 1210 536 1259 matus
576 1209 676 1270 est,
721 1209 774 1256 et
826 1203 1032 1269 infirmi
1068 1201 1360 1270 praecincti
1399 1209 1529 1255 sunt
1575 1204 1800 1258 virtute.
1848 1203 2013 1257 Inﬁr-

359 1293 556 1341 matus
585 1289 674 1341 est
722 1298 916 1347 arcus,
968 1281 1022 1336 id
1065 1287 1170 1350 est,
1205 1283 1448 1338 intentio
1498 1299 1699 1338 eorum
1749 1284 1846 1355 qui
1894 1290 2009 1342 tam

355 1370 625 1437 potentes
649 1364 761 1420 sibi
793 1362 1086 1427 videntur,
1133 1368 1198 1417 ut
1228 1363 1354 1419 sine
1389 1363 1482 1418 Dei
1514 1365 1665 1419 dono
1698 1370 1874 1436 atque
1903 1367 2006 1421 ad-

351 1445 573 1517 jutorio
605 1445 866 1500 humana
897 1442 1251 1497 sufﬁcientia
1293 1443 1485 1498 divina
1517 1445 1741 1514 possint
1771 1445 2012 1517 implere

357 1527 682 1592 mandata;
752 1530 810 1580 et
861 1523 1304 1594 praecinguntur
1347 1525 1580 1590 virtute,
1630 1542 1873 1596 quorum
1922 1526 2011 1581 in-

355 1611 524 1663 terna
573 1625 679 1662 vox
712 1615 820 1672 est,
871 1604 1120 1660 Miserere
1165 1607 1288 1671 mei,
1337 1607 1590 1672 Domine,
1624 1609 1886 1676 quoniam
1922 1607 2014 1663 in-

353 1690 544 1758 ﬁrmus
573 1704 693 1743 sum
723 1686 898 1758 (Psal.
941 1702 1018 1755 vr,
1048 1686 1122 1756 3).

428 1769 478 1825 4.
515 1770 672 1823 Pleni
694 1768 956 1838 panibus,
980 1767 1190 1837 inquit,
1213 1769 1479 1822 minorati
1507 1775 1658 1834 sunt,
1683 1775 1736 1823 et
1774 1771 2015 1824 esurien-

358 1854 434 1903 tes
467 1851 810 1904 transierunt
853 1853 1078 1902 terram.
1113 1845 1217 1910 Qui
1268 1856 1402 1902 sunt
1450 1848 1808 1918 intelligendi
1858 1845 2014 1920 pleni

357 1929 627 1999 panibus,
662 1929 777 1984 nisi
825 1927 999 1984 iidem
1031 1926 1142 1998 ipsi
1179 1927 1347 1998 quasi
1399 1933 1680 1999 potentes,
1716 1929 1772 1983 id
1805 1936 1894 1984 cst
1926 1931 2008 1986 Is-

355 2009 592 2077 raelita,
626 2009 842 2080 quibus
886 2007 1266 2062 credita-’sunt
1307 2007 1539 2078 eloquia
1577 2009 1677 2065 Dei
1713 2010 1892 2077 (Rom.
1926 2027 2013 2080 ιιι,

350 2089 460 2162 2)?
489 2091 601 2146 Sed
633 2092 691 2145 in
722 2105 788 2144 eo
822 2089 1033 2160 populo
1079 2087 1302 2142 ancillae
1349 2089 1452 2143 ﬁlii
1504 2090 1776 2144 minorati
1827 2096 1965 2145 sunt
1997 2110 2010 2148 :

352 2188 466 2242 quo
492 2171 663 2226 verbo
699 2170 895 2225 minus
919 2168 1157 2238 quidem
1191 2167 1752 2234 latino,benetamen
1775 2186 2009 2240 expres-

353 2269 486 2307 sum
539 2255 647 2317 est,
678 2249 834 2321 quod
863 2264 931 2302 ex
975 2247 1299 2316 majoribus
1349 2249 1601 2303 minores
1641 2249 1773 2304 facti
1825 2255 2013 2304 sunt:

355 2333 491 2403 quia
513 2337 568 2385 et
599 2333 656 2386 in
679 2330 822 2399 ipsis
857 2328 1128 2399 panibus,
1154 2328 1210 2383 id
1235 2333 1324 2384 est
1353 2329 1565 2385 divinis
1594 2331 1862 2401 eloquiis,
1886 2349 2016 2403 quaa

348 2409 628 2466 Israelita
652 2409 759 2465 soli
793 2417 930 2463 tunc
953 2425 1023 2462 ex
1054 2408 1326 2464 omnibus
1359 2411 1626 2480 gentibus
1649 2416 2015 2482 acceperunt,

348 2496 583 2546 terrena
621 2489 878 2562 sapiunt.
915 2488 1133 2544 Gentes
1163 2494 1357 2544 autem
1389 2491 1605 2562 quibus
1650 2491 1738 2546 lex
1770 2490 1872 2546 illa
1905 2509 2016 2548 non

349 2575 474 2628 erat
504 2571 662 2638 data,
689 2578 1069 2640 posteaquam
1107 2583 1204 2638 per
1229 2585 1446 2625 novum
1473 2571 1920 2627 Testamentum
1944 2573 2014 2629 ad

354 2647 586 2720 eloquia
634 2649 735 2704 illa
780 2651 1091 2714 venerunt,
1141 2647 1393 2704 multum
1444 2650 1750 2708 esuriendo
1802 2661 2015 2708 terram

352 2729 711 2784 transierunt
742 2746 757 2795 ;
793 2728 932 2799 quia
969 2726 1027 2782 in
1073 2728 1156 2782 eis
1189 2744 1303 2783 non
1343 2733 1592 2797 terrena,
1625 2732 1726 2787 sed
1761 2732 2018 2788 caelestia

349 2816 686 2879 sapuerunt.
711 2807 778 2862 Et
809 2807 940 2871 hoc,
971 2806 1129 2862 velut
1164 2811 1522 2878 quaereretur
1550 2826 1728 2867 causa
1757 2830 1863 2868 cur
1893 2815 2017 2868 fac-

347 2893 472 2944 tum
504 2888 601 2955 sit,
627 2889 767 2952 Quia
795 2888 1019 2955 sterilis,
1054 2886 1262 2958 inquit,
1284 2892 1508 2959 peperit
1535 2899 1760 2962 septem,
1782 2900 1837 2947 et
1864 2894 2016 2948 mul-

352 2977 411 3026 ta
438 2973 498 3024 in
525 2971 654 3039 ﬁliis
684 2972 968 3039 inﬁrmata
993 2973 1091 3023 est.
1126 2967 1229 3022 Hic
1261 2972 1450 3024 totum
1496 2973 1650 3040 quod
1705 2975 2014 3042 propheta-

346 3050 515 3106 batur
541 3049 720 3105 eluxit
752 3048 1202 3121 agnoscentibus
1237 3065 1562 3105 numerum
1589 3054 2010 3123 septenarium,

350 3147 464 3204 quo
495 3135 586 3186 est
616 3131 896 3185 universae
921 3127 1183 3184 Ecclesiae
1207 3128 1538 3199 signiﬁcata
1564 3132 1850 3200 perfectio.
1878 3135 2012 3188 Pro-

352 3215 478 3283 pter
527 3211 686 3281 quod
717 3214 772 3266 et
799 3209 1053 3265 Joannes
1097 3209 1398 3279 apostolus
1429 3210 1500 3264 ad
1533 3216 1755 3281 septem
1802 3211 2013 3270 scribit

351 3289 642 3347 Ecclesiae
689 3290 887 3361 (Apoc.
929 3306 968 3358 ι,
1002 3289 1074 3359 4),
1126 3305 1192 3345 eo
1245 3289 1414 3345 modo
1459 3308 1522 3346 se
1570 3293 1882 3349 ostendens
1937 3299 2010 3352 ad

355 3371 533 3427 unius
563 3370 983 3442 plenitudinem
1026 3368 1281 3426 scribere
1313 3385 1327 3424 :
1361 3376 1418 3426 et
1448 3371 1508 3426 in
1544 3373 1868 3429 Proverbiis
1908 3377 2009 3432 Sa-

354 3451 608 3508 lomonis
646 3451 756 3506 hoc
788 3454 960 3505 antea
1002 3451 1382 3518 praeﬁgurans
1421 3451 1740 3522 Sapientia,
1774 3455 2013 3524 edi/ica-

353 3534 434 3588 vit
463 3532 567 3586 sibi
606 3531 844 3600 domum,
879 3537 931 3585 et
961 3530 1209 3600 su/fulsit
1257 3531 1536 3584 columnas
1579 3539 1781 3602 septem
1826 3537 2009 3600 (Prov.

358 3630 434 3682 ix,
467 3612 540 3684 1).
572 3611 793 3668 Sterilis
831 3610 985 3666 enim
1029 3614 1154 3666 erat
1193 3609 1252 3665 in
1285 3612 1559 3666 omnibus
1599 3615 1872 3684 gentibus
1915 3619 2010 3672 Dei

357 3693 580 3762 civitas,
603 3701 918 3763 antequam
946 3693 1054 3745 iste
1088 3691 1260 3757 fetus,
1294 3707 1465 3761 quem
1497 3694 1792 3749 cernimus
1828 3698 1867 3764 ί,
1902 3698 2011 3750 ori-

357 3778 536 3829 retur.
588 3771 895 3827 Cernimus
943 3772 1140 3838 etiam,
1175 3788 1304 3842 qua)
1356 3773 1536 3828 multa
1566 3774 1626 3829 in
1679 3775 1814 3831 ﬁliis
1865 3782 2008 3846 erat,

358 3869 514 3908 nunc
564 3852 918 3906 inﬁrmatam
973 3851 1301 3906 Jerusalem
1365 3858 1674 3908 terrenam.
1725 3857 2010 3921 Quoniam

359 3934 712 4005 quicumque
733 3931 837 3986 ﬁlii
859 3931 1056 3986 liberas
1079 3932 1136 3985 in
1159 3949 1226 3986 ea
1247 3939 1430 4002 erant,
1455 3933 1641 3990 virtus
1661 3936 1790 4006 ejus
1811 3943 2011 3994 erant:

358 4029 515 4069 nunc
561 4027 694 4067 vero
722 4011 803 4066 ibi
832 4012 1111 4081 quoniam
1157 4010 1349 4068 littera
1378 4017 1484 4080 est,
1519 4018 1576 4069 et
1605 4017 1871 4089 spiritus,
1897 4034 2012 4076 non

359 4099 468 4159 est,
503 4093 724 4148 amissa
749 4091 964 4146 virtute
996 4091 1288 4148 inﬁrmata
1318 4103 1419 4149 est.

426 4174 481 4228 5.
516 4175 784 4228 Dominus
831 4174 1150 4242 mortiﬁcat,
1202 4179 1253 4227 et
1301 4177 1589 4246 viviﬁcat:
1640 4178 2013 4236 mortiﬁcavit

359 4253 545 4320 illam,
579 4268 701 4323 qua:
748 4250 934 4306 multa
977 4257 1099 4306 erat
1128 4251 1186 4305 in
1221 4252 1358 4309 ﬁliis
1391 4271 1404 4321 ;
1437 4265 1490 4310 et
1518 4256 1828 4313 viviﬁcavit
1865 4259 2016 4315 hanc

359 4331 634 4396 sterilem,
659 4347 790 4403 quis
818 4330 1042 4401 peperit
1071 4339 1317 4401 septem.
1342 4333 1617 4397 Quamvis
1646 4340 2017 4396 commodius

361 4413 545 4486 possit
576 4411 822 4484 intelligi
854 4411 1085 4468 eosdem
1115 4412 1426 4483 viviﬁcare,
1460 4435 1605 4488 quos
1635 4420 2018 4476 mortiﬁcave-

361 4495 456 4551 rit.
505 4495 565 4550 Id
613 4493 770 4548 enim
823 4491 980 4548 velut
1029 4495 1297 4565 repetivit
1343 4499 1631 4563 addendo,
1672 4502 1905 4557 Deducit
1946 4504 2020 4560 ad

361 4579 592 4645 inferos,
625 4581 678 4629 et
707 4575 942 4630 reducit.
967 4574 1191 4638 Quibus
1230 4577 1384 4632 enim
1423 4580 1566 4634 dicit
1598 4584 1921 4653 Apostolus,
1961 4587 2022 4641 Si

364 4659 570 4736 mortui
584 4659 708 4711 estis
741 4657 818 4726 (a)
839 4673 961 4711 cum
984 4658 1215 4722 Christo,
1240 4675 1360 4730 qua
1379 4675 1594 4716 sursum
1618 4672 1748 4720 sunt
1769 4670 2017 4736 quaerite,

366 4735 462 4791 ubi
493 4737 738 4792 Christus
768 4742 846 4791 est
866 4740 926 4791 in
955 4737 1186 4792 dextera
1208 4741 1308 4792 Dei
1333 4741 1560 4796 sedens:
1581 4742 1892 4800 salubriter
1914 4735 2022 4803 uti-

366 4833 481 4889 que
531 4817 964 4872 mortiﬁcantur
1010 4836 1042 4872 a
1091 4818 1338 4874 Domino
1389 4835 1403 4875 :
1455 4822 1668 4890 quibus
1731 4826 2018 4898 adjungit,

368 4899 505 4962 Quae
538 4913 754 4952 sursum
789 4904 921 4953 sunt
949 4900 1146 4969 sapite,
1179 4915 1292 4954 non
1319 4917 1440 4971 qua
1467 4917 1633 4972 super
1671 4911 1876 4961 terram
1905 4925 1929 4974 ;
1959 4915 2024 4966 ut

367 4979 478 5049 ipsi
504 4978 627 5032 sint
647 4977 752 5040 illi.
774 4978 870 5046 qui
901 4980 1226 5033 esurientes
1246 4981 1602 5038 transierunt
1624 4987 1861 5042 terram.
1881 4991 2022 5044 Mor-

368 5062 454 5115 tui
473 5061 616 5113 enim
647 5060 792 5126 estis,
820 5058 1045 5130 inquit:
1071 5075 1199 5116 ecce
1223 5063 1514 5132 quomodo
1537 5063 1846 5123 salubriter
1876 5087 2022 5126 mor-

368 5139 552 5195 tiﬁcat
583 5145 751 5196 Deus.
784 5139 1002 5195 Deinde
1030 5141 1314 5211 sequitur,
1344 5145 1414 5198 Et
1444 5146 1557 5200 vita
1586 5153 1770 5202 vestra
1798 5149 2018 5208 abscon-

368 5220 492 5276 dita
531 5227 609 5277 est
639 5237 762 5276 cum
808 5221 1020 5277 Christo
1063 5222 1122 5276 in
1159 5223 1269 5277 Deo
1299 5223 1524 5294 (Cotoss.
1560 5241 1646 5291 ιιι,
1681 5228 1802 5302 1-3)
1835 5245 1849 5285 :
1891 5247 2024 5290 ecce

438 5481 455 5516 1
487 5477 646 5554 Editi.
677 5479 1115 5554 dissentientibus
1141 5483 1309 5542 libris.
1330 5500 1439 5547 per
1477 5503 1640 5551 quem
1666 5506 1788 5543 eam
1815 5495 2025 5554 factam

371 5541 674 5600 fecundam
704 5544 1005 5594 cernimus.

436 5607 514 5668 (a)
537 5605 599 5654 In
625 5606 790 5656 sacris
817 5605 1019 5668 Bibliis,
1050 5607 1114 5658 Si
1144 5613 1596 5664 consurrewistis.

1515 342 1751 404 LIBER
1795 340 2140 405 DECIMUS
2183 345 2602 409 SEPTIMUS.

3644 355 3768 424 530

2117 484 2409 568 quomodo
2431 486 2663 568 eosdem
2685 485 2846 568 ipsos
2867 486 3120 545 viviﬁcat
3149 489 3319 547 Deus.
3345 493 3452 549 Sed
3477 499 3763 568 numquid

2115 562 2349 618 eosdem
2382 565 2617 620 deduxit
2646 566 2716 620 ad
2749 567 2965 623 inferos
2995 574 3052 624 et
3083 571 3354 626 reduxit?
3385 574 3501 630 Hoc
3532 562 3766 633 utrum-

2114 657 2226 714 que
2256 641 2379 724 sine
2418 647 2808 701 controversia
2847 647 3110 703 ﬁdelium
3152 650 3210 704 in
3243 651 3344 706 illo
3377 656 3567 724 potius
3607 658 3765 714 vide-

2115 737 2244 782 mus
2279 722 2583 806 impletum
2615 726 2815 806 capite
2845 727 3068 782 scilicet
3109 735 3327 799 nostro,
3359 722 3489 788 cum
3528 752 3641 806 quo
3680 740 3765 792 vi-

2114 806 2237 857 tam
2281 813 2538 858 nostram
2572 805 2629 858 in
2664 805 2778 860 Deo
2823 808 3129 876 Apostolus
3159 811 3301 865 dixit
3344 805 3764 872 absconditam.

2115 880 2260 936 Nam
2280 899 2438 964 cum
2467 888 2703 954 proprio
2733 887 2874 940 Filio
2913 903 3025 941 non
3047 893 3317 959 pepercit,
3347 893 3439 946 sed
3474 911 3583 964 pro
3613 897 3770 953 nobis

2117 963 2368 1017 omnibus
2398 965 2630 1019 tradidit
2658 982 2780 1019 eum
2810 967 2984 1036 (Rom.
3015 984 3133 1036 vui,
3167 970 3279 1040 3'2),
3315 971 3425 1027 isto
3457 963 3628 1030 modo
3661 978 3772 1032 uti-

2117 1059 2232 1114 que
2273 1045 2635 1100 mortiﬁcavit
2681 1064 2836 1102 eum.
2873 1049 2940 1103 Et
2970 1051 3108 1120 quia
3157 1054 3524 1110 resuscitavit
3554 1074 3587 1112 a
3619 1074 3769 1114 mor-

2116 1125 2254 1208 tuis,
2279 1127 2550 1208 eumdem
2585 1143 2786 1184 rursus
2816 1130 3145 1186 viviﬁcavit.
3171 1131 3240 1186 Et
3270 1134 3410 1203 quia
3439 1136 3496 1190 in
3533 1138 3776 1208 prophe-

2118 1200 2236 1258 tia'
2270 1222 2374 1260 vox
2403 1207 2529 1273 ejus
2580 1209 2938 1278 agnoscitur,
2972 1213 3090 1265 Non
3136 1200 3488 1284 derelinques
3532 1200 3775 1273 animam

2118 1300 2294 1338 meam
2323 1286 2382 1338 in
2426 1287 2648 1352 inferno
2688 1287 2914 1356 (Psalm.
2953 1306 3042 1359 xv,
3080 1291 3185 1357 10),
3218 1295 3492 1348 eumdem
3534 1297 3774 1351 deduxit

2119 1363 2190 1418 ad
2237 1363 2455 1420 inferos
2486 1371 2542 1418 et
2592 1366 2842 1422 reduxit.
2877 1368 2993 1424 Hac
3041 1370 3169 1439 ejus
3218 1377 3555 1442 paupertate
3605 1374 3779 1430 ditati

2123 1459 2352 1499 sumus.
2387 1446 2646 1502 Dominus
2677 1447 2832 1502 enim
2862 1465 3134 1519 pauperes
3162 1453 3324 1519 facit,
3356 1459 3409 1508 et
3437 1453 3602 1508 ditat.
3628 1454 3775 1510 Nam

2125 1525 2261 1593 quid
2298 1525 2403 1579 hoc
2434 1525 2512 1580 sit
2544 1531 2605 1581 ut
2630 1529 2909 1592 sciamus,
2941 1531 3094 1600 quod
3125 1532 3391 1602 sequitur
3423 1535 3773 1590 audiamus:

2120 1607 2412 1674 Humiliat,
2435 1613 2489 1661 et
2517 1611 2778 1674 exattat;
2812 1610 3014 1680 utique
3058 1613 3342 1682 superbos
3394 1614 3678 1677 bumiliat,
3713 1621 3770 1671 et

2120 1685 2377 1740 humiles
2420 1687 2650 1743 exaltat.
2695 1690 2856 1754 Quod
2889 1690 3042 1745 enim
3072 1692 3210 1746 alibi
3243 1693 3473 1762 legitur,
3508 1697 3649 1750 Deus
3672 1712 3777 1750 su-

2119 1767 2303 1835 perbis
2351 1767 2557 1822 resistit
2593 1767 2889 1825 humilibus
2929 1777 3112 1825 autem
3149 1771 3249 1826 dat
3286 1776 3532 1841 gratiam
3561 1775 3777 1844 (Jacobi

2123 1864 2198 1915 iv,
2229 1848 2284 1919 6)
2319 1868 2332 1917 ;
2367 1848 2474 1904 hoc
2519 1855 2674 1905 totus
2709 1851 2877 1906 habet
2905 1868 3098 1906 sermo
3131 1851 3328 1923 hujus,
3363 1855 3526 1924 cujus
3561 1871 3774 1911 nomen

2121 1927 2534 1998 interpretatur
2592 1930 2794 1986 Gratia
2830 1932 2880 2001 ej
2894 1948 2981 1987 us.

2195 2012 2247 2063 6.
2275 2009 2402 2064 Jam
2427 2026 2561 2065 vero
2583 2011 2739 2080 quod
2762 2012 2831 2065 ad
2835 2011 3122 2082 jungitur,
3147 2014 3391 2068 Suscitat
3411 2032 3445 2068 a
3467 2021 3618 2071 terra
3634 2034 3780 2087 pau-

2119 2105 2309 2158 perem
2331 2106 2350 2143 :
2381 2090 2452 2143 de
2484 2089 2643 2144 nullo
2677 2090 2887 2144 melius
2919 2107 3094 2160 quam
3129 2093 3199 2146 de
3228 2094 3328 2147 illo
3360 2094 3643 2166 intelligo,
3675 2099 3780 2167 qui

2119 2173 2359 2237 propter
2403 2183 2500 2222 nos
2531 2171 2719 2235 factus
2763 2175 2842 2224 est
2871 2186 3112 2239 pauper,
3160 2187 3282 2225 cum
3328 2172 3476 2226 dives
3518 2179 3674 2238 esset,
3719 2183 3782 2229 ut

2127 2247 2250 2316 ejus
2273 2254 2632 2317 paupertate,
2657 2249 2807 2302 sicut
2835 2251 3008 2318 paulo
3029 2256 3161 2304 ante
3193 2251 3409 2305 dictum
3436 2256 3544 2318 est,
3567 2252 3782 2307 ditare-

2125 2343 2274 2382 mur.
2307 2328 2379 2400 (II
2411 2327 2535 2382 Cor.
2569 2344 2689 2395 νιιι,
2722 2328 2796 2397 9).
2831 2328 3026 2398 Ipsum
3059 2330 3215 2384 enim
3248 2331 3320 2386 de
3353 2335 3505 2386 terra
3534 2332 3783 2388 suscita-

2128 2405 2210 2462 vit
2229 2411 2350 2462 tam
2381 2407 2518 2472 cito,
2542 2413 2606 2461 ut
2627 2422 2758 2463 caro
2789 2407 2916 2475 eius
2941 2423 3054 2462 non
3087 2407 3306 2463 videret
3326 2409 3780 2481 corruptionem.

2127 2490 2245 2542 Nec
2276 2486 2521 2542 illud‘ab
2552 2487 2650 2541 illo
2684 2487 2969 2550 alienabo,
3000 2490 3153 2559 quod
3187 2489 3447 2544 additum
3483 2494 3589 2552 est,
3625 2494 3691 2546 Et
3719 2491 3786 2545 de

2125 2573 2361 2623 stercore
2391 2570 2554 2637 erigit
2585 2570 2823 2638 inopem.
2860 2568 3033 2638 Inops
3073 2568 3286 2640 quippe
3323 2569 3477 2624 idem
3509 2570 3609 2640 qui
3641 2585 3778 2638 pau-

2128 2664 2228 2718 per
2257 2647 2298 2703 ².
2332 2648 2567 2704 Stercus
2597 2665 2730 2704 vero
2762 2648 2916 2704 unde
2945 2657 3170 2704 erectus
3194 2654 3304 2716 est,
3329 2648 3652 2704 rectissime
3693 2649 3782 2703 in-

2128 2728 2473 2799 telliguntur
2504 2737 2901 2800 persecutores
2925 2727 3139 2796 Judasi,
3183 2729 3240 2783 in
3274 2744 3523 2799 quorum
3567 2744 3785 2784 nume-

2126 2823 2190 2864 ro
2212 2824 2346 2864 cum
2370 2825 2431 2864 se
2453 2809 2697 2863 dixisset
2717 2810 3026 2876 Apostolus
3050 2807 3365 2864 Ecclesiam
3390 2813 3781 2878 persecutum,

2128 2889 2258 2952 Quae
2287 2890 2438 2957 mihi,
2472 2888 2678 2957 inquit,
2708 2891 2941 2956 fuerunt
2980 2889 3157 2952 lucra,
3189 2889 3305 2942 haec
3327 2895 3564 2958 propter
3595 2890 3778 2944 Chris-

2125 2974 2240 3022 tum
2269 2968 2476 3023 damna
2511 2984 2620 3024 esse
2649 2969 2788 3024 duxi
2816 2987 2834 3023 :
2867 2985 2962 3023 nec
2992 2969 3165 3023 solum
3203 2969 3556 3033 detrimenta,
3588 2985 3777 3024 verum

2121 3049 2284 3103 etiam
2306 3055 2554 3104 stercora
2583 3051 2893 3104 existimavi
2929 3065 3057 3116 esse,
3083 3055 3145 3102 ut
3175 3049 3450 3104 Christum
3481 3048 3779 3116 lucriface-

2122 3146 2234 3184 rem
2284 3130 2550 3202 (Philipp.
2585 3146 2668 3197 ιιι,
2700 3131 2735 3182 7
2764 3137 2817 3185 et
2846 3132 2921 3201 8).
2955 3130 3035 3184 De
3078 3135 3232 3184 terra
3275 3146 3409 3202 ergo
3457 3131 3774 3186 suscitatus

2121 3220 2206 3266 est
2235 3210 2330 3266 ille
2360 3228 2540 3281 supra
2571 3227 2774 3266 omnes
2801 3211 3010 3265 divites
3043 3226 3281 3280 pauper,
3305 3215 3363 3265 et
3393 3211 3464 3264 de
3496 3209 3594 3265 illo
3625 3216 3773 3265 ster-

2119 3307 2252 3346 core
2284 3302 2505 3347 ereotus
2531 3297 2619 3346 est
2647 3307 2825 3360 supra
2855 3307 3059 3345 omnes
3089 3291 3394 3360 opulentos
3425 3290 3524 3346 ille
3555 3292 3722 3361 inops
3756 3305 3771 3345 :

2122 3378 2184 3426 ut
2213 3374 2398 3428 sedeat
2426 3389 2546 3426 cum
2571 3373 2890 3441 potentibus
2915 3372 3134 3440 populi,
3169 3372 3384 3440 quibus
3417 3374 3515 3431 ait,
3550 3373 3770 3427 Sedebi-

2123 3455 2192 3508 tis
2219 3470 2386 3521 super
2415 3453 2700 3507 duodecim
2738 3452 2904 3506 sedes.
2939 3453 3015 3504 Et
3045 3452 3221 3505 sedem
3249 3454 3444 3519 gloriae
3475 3453 3774 3508 haeredita-

2124 3538 2229 3585 tem
2267 3531 2407 3584 dans
2434 3532 2529 3583 eis.
2562 3530 2838 3584 Dixerant
2869 3529 3023 3582 enim
3075 3534 3334 3598 potentes
3367 3530 3471 3596 illi,
3505 3533 3640 3584 Ecce
3677 3547 3775 3586 nos

2122 3611 2421 3666 dimisimus
2467 3613 2673 3676 omnia,
2700 3616 2750 3663 et
2778 3612 2949 3664 secuti
2989 3624 3171 3663 sumus
3203 3615 3252 3662 te
3282 3609 3508 3679 (Matth.
3541 3627 3656 3677 xix,
3683 3611 3776 3679 28,

2121 3692 2236 3762 27),
2273 3695 2380 3745 hoc
2411 3695 2603 3744 votum
2640 3689 3035 3759 potentissime
3065 3689 3086 3722 ³
3115 3699 3406 3744 voverant.

2193 3772 2247 3828 7.
2275 3771 2381 3825 Sed
2417 3771 2568 3826 unde
2602 3771 2710 3825 hoc
2740 3769 2839 3836 eis,
2875 3769 2986 3824 nisi
3019 3771 3090 3824 ab
3120 3770 3238 3838 illo,
3264 3771 3333 3824 de
3365 3787 3480 3842 quo
3513 3772 3606 3826 hic
3637 3787 3773 3826 con-

2123 3853 2289 3908 tinuo
2318 3851 2536 3906 dictum
2570 3857 2675 3918 est,
2707 3853 2855 3906 Dans
2884 3855 3070 3905 votum
3106 3855 3325 3906 voventi
3352 3854 3380 3905 ?
3405 3851 3674 3921 Alioquin
3707 3867 3777 3907 ex

2124 3933 2243 3989 illis
2273 3939 2470 3988 essent
2509 3934 2866 4004 potentibus,
2901 3949 3150 4004 quorum
3201 3933 3534 3987 inﬁrmatus
3565 3937 3654 3987 est
3684 3950 3776 3987 ar-

2127 4030 2251 4069 cus.
2285 4015 2456 4080 Dans,
2488 4013 2699 4082 inquit,
2733 4019 2919 4068 votum
2948 4010 3190 4066 voventi.
3222 4011 3344 4066 Non
3378 4012 3534 4066 enim
3578 4011 3774 4066 Domi-

2126 4111 2202 4151 no
2231 4095 2548 4166 quisquam
2592 4095 2912 4165 quidquam
2963 4099 3188 4147 rectum
3237 4096 3484 4156 voveret,
3522 4092 3633 4147 nisi
3675 4092 3777 4163 qui

2127 4177 2200 4231 ab
2228 4175 2328 4230 illo
2357 4175 2641 4244 acciperet
2672 4175 2824 4246 quod
2859 4177 3110 4229 voveret.
3141 4172 3436 4244 Sequitur,
3461 4175 3531 4228 Et
3560 4173 3776 4229 benedi-

2126 4259 2213 4313 xit
2242 4273 2414 4312 annos
2432 4258 2579 4327 justi
2607 4273 2625 4310 :
2659 4261 2722 4309 ut
2753 4271 2881 4309 cum
2913 4253 3010 4310 illo
3051 4253 3270 4308 scilicet
3300 4255 3426 4309 sine
3459 4254 3570 4310 ﬁne
3601 4257 3774 4323 vivat,

2130 4337 2224 4393 cui
2273 4337 2494 4392 dictum
2525 4341 2630 4402 est,
2662 4337 2732 4390 Et
2780 4337 2915 4390 anni
2945 4337 3025 4389 tui
3072 4351 3183 4390 non
3213 4335 3466 4405 deﬁcient
3494 4335 3665 4405 (Psal.
3699 4353 3774 4403 cr,

2130 4419 2242 4483 28).
2274 4418 2357 4474 Ibi
2391 4418 2546 4473 enim
2579 4421 2734 4472 stant
2760 4416 2922 4483 anni,
2955 4417 3048 4471 hic
3075 4422 3269 4471 autem
3302 4422 3631 4482 transeunt,
3661 4417 3778 4473 imo

2132 4503 2377 4571 pereunt
2409 4516 2421 4552 :
2455 4502 2762 4568 antequam
2808 4496 2963 4552 enim
2993 4496 3247 4564 veniant,
3281 4513 3396 4552 non
3429 4502 3567 4552 sunt
3599 4515 3613 4565 ;
3646 4514 3781 4554 cum

2135 4583 2330 4634 autem
2369 4577 2653 4643 venerint,
2690 4593 2803 4633 non
2835 4581 3027 4643 erunt,
3061 4577 3198 4646 quia
3239 4593 3370 4633 cum
3403 4594 3506 4632 suo
3537 4577 3653 4632 ﬁne
3691 4594 3782 4631 ve-

2133 4660 2322 4716 niunt.
2354 4659 2570 4714 Horum
2619 4663 2811 4714 autem
2861 4659 3130 4724 duorum,
3167 4658 3221 4711 id
3265 4663 3373 4721 est,
3400 4660 3548 4712 Dans
3595 4664 3781 4712 votum

2133 4743 2371 4806 voventi,
2404 4746 2456 4794 et
2495 4739 2769 4794 benedixit
2819 4754 2994 4792 annos
3032 4739 3224 4807 justi;
3261 4754 3442 4791 unum
3494 4743 3582 4791 est
3628 4737 3779 4806 quod

2134 4826 2403 4889 facimus,
2437 4822 2684 4877 alterum
2724 4821 2878 4892 quod
2914 4822 3207 4874 suminus.
3243 4818 3352 4872 Sed
3387 4818 3496 4871 hoc
3535 4819 3782 4871 alterum

2134 4903 2250 4960 Deo
2282 4904 2554 4974 largitore
2593 4919 2708 4958 non
2748 4901 3022 4966 sumitur,
3070 4899 3180 4952 nisi
3215 4914 3341 4952 cum
3390 4898 3513 4967 ipso
3553 4897 3784 4966 adjuto-

2135 5001 2196 5040 re
2239 4986 2492 5057 primum
2534 4983 2677 5038 illud
2718 4983 2969 5038 efﬁcitur
3002 5000 3014 5036 :
3049 4982 3181 5051 quia
3209 4995 3320 5034 non
3350 4980 3408 5033 in
3447 4981 3648 5033 virtute
3678 4993 3784 5048 po-

2139 5073 2255 5122 tens
2301 5071 2382 5121 est
2432 5067 2536 5120 vir.
2569 5065 2830 5119 Dominus
2875 5064 3153 5133 inﬁrmum
3199 5061 3370 5128 faciet
3411 5059 3786 5114 adversarium

2200 5375 2218 5409 1
2249 5372 2374 5422 Sola
2400 5371 2562 5422 editio
2589 5371 2735 5425 Lov..
2769 5372 2831 5421 in
2853 5371 3142 5434 propheta.

2199 5437 2221 5471 ²
2250 5436 2336 5485 Sic
2363 5436 2485 5485 Mss.
2514 5435 2584 5483 At
2610 5434 2757 5492 editi,
2788 5431 2934 5484 idEm
2955 5431 3038 5483 est
3070 5431 3215 5496 quod
3237 5444 3472 5496 pauper.

2200 5501 2222 5536 3
2251 5499 2408 5558 Editi,
2472 5497 2899 5558 potentissimi;
2977 5494 3415 5548 dissentientibus

2171 5499 2408 5611 “3Editi,
2472 5497 2899 5558 potentissimi;
2977 5492 3415 5548 dissentientibus
3488 5492 3786 5564 manuscri-

2215 5575 2256 5611 s.

2136 5577 2256 5626 pus.
