4110 6196
311 363 434 423 533

308 496 380 550 Et
408 497 564 550 venit
594 495 756 551 homo
786 496 881 552 Dei
900 495 973 551 ad
1001 496 1144 563 Heli,
1169 500 1220 550 et
1249 496 1396 550 dixit
1419 513 1438 549 :
1458 496 1585 551 Hec
1613 493 1746 551 dicit
1776 497 1966 551 Domi-

310 592 414 632 nus
447 593 465 630 :
497 578 762 632 Revelans
795 581 810 613 ¹
843 579 1118 633 revelatus
1145 593 1263 631 sum
1293 577 1367 631 ad
1396 577 1615 631 domum
1640 582 1832 646 patres
1861 577 1962 642 tui,

312 674 433 714 cum
461 664 637 712 essent
659 661 716 711 in
746 665 900 712 terra
927 660 1152 728 .Egypti
1172 660 1318 712 servi
1345 660 1402 711 in
1434 658 1593 711 domo
1610 657 1964 722 Pharaonis;

305 745 359 793 et
389 739 530 807 elegi
559 737 777 792 domum
811 741 994 809 patris
1026 741 1108 792 tui
1139 755 1206 792 ea:
1236 739 1486 792 omnibus
1534 740 1763 808 sceptris
1791 739 1967 792 Israel

306 819 446 873 mihi
464 818 774 873 sacerdatio
794 821 978 887 fungi,
1001 825 1062 873 ut
1091 818 1449 874 ascenderent
1472 818 1545 872 ad
1565 818 1745 872 altare
1764 835 1964 888 meum,

309 903 362 952 et
394 898 752 953 incenderent
784 899 1082 961 incensum,
1115 905 1167 952 et
1189 904 1492 969 portarent
1521 897 1711 966 Ephod
1738 914 1762 963 ;
1789 905 1842 952 et
1871 899 1968 952 de-

311 979 372 1034 di
385 978 584 1034 .domui
624 981 808 1049 patris
838 981 921 1033 tui
963 981 1147 1034 omnia
1188 995 1308 1049 qua
1354 985 1486 1032 sunt
1533 979 1678 1046 ignis
1723 979 1968 1048 ﬁliorum

313 1059 490 1114 Israel
519 1061 576 1112 in
606 1075 801 1116 escam.
824 1061 895 1114 Et
925 1059 1126 1129 utquid
1154 1060 1443 1129 respexisti
1473 1060 1531 1111 in
1553 1060 1834 1113 incensum
1862 1074 1972 1112 me-

315 1159 430 1208 um,
461 1148 514 1196 et
541 1143 600 1196 in
627 1143 956 1209 sacriﬁcium
999 1157 1176 1196 meum
1207 1139 1514 1210 impudenti
1555 1139 1734 1208 oculo,
1766 1146 1819 1194 et
1845 1140 1972 1209 glo-

313 1223 547 1290 riﬁcasti
585 1223 730 1291 ﬁlios
779 1228 900 1275 tuos
946 1237 1113 1291 super
1166 1237 1269 1288 me,
1320 1219 1640 1274 benedicere
1689 1223 1972 1290 primitias

309 1304 487 1358 omnis
516 1303 774 1370 sacriﬁcii
801 1303 822 1335 ²
850 1304 908 1356 in
938 1303 1112 1357 Israel
1141 1304 1200 1355 in
1222 1307 1517 1371 conspectu
1540 1317 1656 1355 meo
1679 1303 1707 1354 ?
1738 1303 1972 1372 Propter

308 1385 408 1438 hoc
439 1384 550 1438 hac
579 1383 714 1437 dicit
746 1383 1008 1437 Dominus
1040 1385 1179 1436 Deus
1208 1382 1384 1436 Israel
1413 1398 1430 1436 :
1465 1381 1612 1449 Dixi,
1646 1383 1844 1436 Domus
1874 1388 1973 1435 tua

309 1470 362 1519 et
392 1463 584 1518 domus
625 1463 810 1532 patris
855 1465 936 1516 tui
985 1460 1308 1516 transibunt
1352 1477 1538 1515 coram
1587 1478 1670 1515 me
1697 1477 1866 1531 usque
1911 1464 1970 1514 in

310 1553 597 1602 zternum.
630 1546 701 1598 Et
749 1560 896 1598 nunc
939 1543 1074 1598 dicit
1121 1545 1382 1597 Dominus
1415 1559 1432 1596 :
1466 1543 1843 1612 Nequaquam,
1875 1541 1971 1596 sed

309 1627 682 1698 gloriﬁcantes
726 1641 810 1678 me
836 1624 1154 1694 gloriﬁcabo
1183 1642 1204 1687 ;
1234 1630 1286 1678 et
1319 1625 1416 1693 qui
1433 1625 1642 1693 spernit
1682 1640 1782 1690 me,
1814 1639 1968 1693 sper-

313 1715 494 1763 netur.
520 1708 654 1760 Ecce
683 1705 798 1759 dies
828 1708 1075 1769 veniunt,
1109 1711 1161 1759 et
1191 1702 1575 1758 exterminabo
1604 1720 1783 1758 semen
1814 1710 1970 1757 tuum

312 1795 366 1843 et
394 1803 574 1842 semen
623 1786 813 1840 domus
844 1787 1028 1854 patris
1059 1787 1162 1852 tui,
1193 1791 1246 1838 et
1276 1801 1387 1838 non
1428 1786 1535 1838 erit
1567 1785 1663 1838 tibi
1699 1786 1882 1838 senior
1910 1785 1971 1837 in

311 1869 472 1924 domo
502 1883 622 1922 mea
651 1864 905 1920 omnibus
935 1866 1141 1929 diebus,
1173 1872 1226 1918 et
1252 1867 1432 1918 virum
1460 1865 1837 1919 exterminabo
1871 1864 1972 1920 tibi

307 1949 376 2004 ab
406 1950 580 2003 altari
607 1963 744 2014 meo,
777 1953 838 2000 ut
866 1946 1144 2016 deﬁciant.
1163 1947 1310 2000 oculi
1340 1946 1484 2013 ejus,
1516 1951 1568 1998 et
1596 1944 1803 2013 defluat
1842 1945 1970 1998 ani-

307 2046 399 2084 ma
427 2030 541 2097 eius
571 2046 592 2094 ;
620 2033 673 2081 et
702 2029 877 2082 omnis
917 2029 1016 2097 qui
1051 2027 1338 2096 superavit
1371 2026 1393 2058 ³
1423 2025 1615 2079 domus
1655 2031 1781 2090 tuae,
1813 2022 1973 2078 deci-

311 2111 404 2166 det
433 2112 494 2162 in
525 2108 712 2178 gladio
759 2109 1027 2162 virorum.
1058 2108 1127 2160 Et
1157 2106 1255 2160 hoc
1289 2105 1390 2158 tibi
1417 2107 1656 2173 signum,
1689 2104 1835 2174 quod
1877 2119 1970 2156 ve-

312 2194 430 2247 niet
460 2205 626 2260 super
646 2189 784 2243 duos
804 2190 948 2256 ﬁlios
977 2193 1096 2241 tuos
1128 2186 1246 2251 hos,
1276 2186 1457 2255 Ophni
1485 2190 1536 2238 et
1570 2185 1800 2238 Phinees
1820 2202 1842 2246 ;
1861 2199 1976 2237 una

321 2273 411 2328 die
438 2271 748 2324 morientur
776 2266 953 2322 ambo.
983 2269 1053 2321 Et
1081 2266 1352 2321 suscitabo
1379 2267 1516 2319 mihi
1550 2265 1886 2320 sacerdotem
1915 2267 1976 2331 ﬁ-

321 2352 520 2416 delem,
547 2353 641 2420 qui
679 2347 868 2404 omnia
896 2363 1016 2417 qua
1045 2349 1105 2401 in
1135 2347 1297 2401 corde
1324 2363 1439 2401 meo
1469 2352 1519 2400 et
1551 2362 1672 2415 qua
1701 2349 1760 2399 in
1791 2347 1978 2399 anima

316 2449 462 2493 mea,
494 2432 669 2497 faciat
698 2436 792 2493 ;et
819 2428 1098 2497 aediﬁcabo
1127 2430 1178 2481 ei
1207 2428 1425 2482 domum
1463 2427 1696 2496 ﬁdelem,
1728 2433 1782 2481 et
1811 2433 1979 2480 tran-

306 2512 442 2566 sibit
471 2526 657 2565 coram
706 2509 916 2564 Christo
941 2524 1060 2562 mea
1089 2508 1339 2562 omnibus
1367 2507 1578 2561 diebus.
1610 2507 1683 2560 Et
1723 2508 1849 2573 erit,
1883 2505 1978 2575 qui

306 2592 659 2663 superaverit
689 2592 749 2644 in
777 2590 938 2644 domo
971 2595 1083 2654 tua,
1113 2590 1292 2644 veniet
1323 2588 1560 2642 adorare
1589 2589 1639 2642 ei
1667 2587 1823 2642 obolo
1871 2602 1976 2640 ar-

315 2671 492 2742 genti,
523 2670 713 2724 dicens
743 2687 761 2723 :
783 2671 946 2724 Jacta
990 2685 1073 2723 me
1108 2671 1166 2722 in
1214 2685 1382 2722 unam
1423 2674 1644 2738 partem
1685 2667 1981 2727 sacerdotii

322 2755 404 2808 tui
440 2751 778 2806 manducare
800 2765 1003 2819 panem
1033 2750 1077 2817 (l
1106 2751 1237 2818 Reg.
1272 2764 1334 2814 ιι,
1364 2748 1582 2820 27-36).

383 2835 437 2888 2.
474 2832 595 2891 Non
617 2836 707 2886 est
738 2835 803 2885 ut
837 2831 1063 2885 dicatur
1111 2830 1224 2885 ista
1271 2828 1607 2900 prophetia,
1642 2828 1740 2882 ubi
1787 2842 1980 2882 sacer~

322 2914 461 2971 dotii
519 2911 734 2966 veteris
808 2915 973 2964 tanta
1055 2909 1524 2964 manifestalione
1599 2906 1984 2978 praenuntiata

326 2994 569 3052 mutatio
599 2998 706 3057 est,
738 2991 796 3046 in
846 2989 1120 3046 Samuele
1179 2991 1362 3045 fuisse
1418 2989 1726 3060 completa.
1785 2989 1982 3053 Quan—

329 3091 506 3150 quam
537 3074 695 3130 enim
729 3089 843 3128 non
874 3076 1028 3127 esset
1056 3073 1124 3126 de
1156 3071 1268 3126 alia
1306 3070 1457 3126 tribu
1505 3069 1754 3136 Samuel,
1805 3083 1982 3138 quam

329 3147 451 3230 quas
485 3154 803 3210 constituta
835 3152 1023 3230 fuerat
1052 3169 1085 3230 a
1114 3151 1380 3230 Domino,
1413 3155 1477 3204 ut
1507 3149 1743 3230 serviret
1774 3147 1939 3230 altari
1966 3165 1981 3214 ;

329 3225 526 3292 tamen
560 3249 676 3288 non
711 3235 832 3286 erat
863 3231 934 3285 de
966 3228 1103 3284 ﬁliis
1129 3231 1319 3284 Aaron
1353 3228 1452 3298 (a),
1484 3229 1653 3298 cujus
1679 3225 1985 3298 progenies

331 3315 519 3370 fuerat
548 3313 849 3383 deputata,
883 3309 1033 3364 unde
1082 3308 1289 3364 ﬁerent
1339 3309 1718 3362 sacerdotes:
1770 3321 1838 3360 ac
1887 3319 1984 3373 per

328 3394 532 3451 hocin
563 3409 628 3448 ea
658 3406 891 3462 quoque
940 3405 1002 3444 re
1051 3397 1234 3460 gesta,
1283 3387 1486 3442 eadem
1537 3385 1805 3452 mutatio,
1858 3395 1986 3453 quis

328 3491 430 3550 per
458 3473 757 3530 Christum
789 3471 992 3527 Jesum
1029 3470 1224 3523 futura
1249 3468 1458 3550 fuerat,
1481 3465 1834 3550 adumbrata
1857 3471 1943 3516 est
1968 3475 1985 3515 :

329 3544 382 3612 et
416 3554 488 3610 ad
549 3557 717 3608 vetus
763 3550 1202 3605 Testamentum
1256 3546 1511 3617 proprie,
1561 3544 1804 3614 ﬁgurate
1850 3551 1985 3594 vero

333 3633 658 3708 pertinebat
687 3632 758 3687 ad
802 3647 1038 3696 novum,
1084 3625 1415 3708 prophetia
1442 3625 1576 3680 facti
1619 3625 1792 3708 etiam
1838 3622 1985 3708 ipsa,

334 3701 448 3772 bon
482 3713 676 3780 verbi;
709 3710 768 3766 id
799 3711 1019 3766 scilicet
1053 3709 1201 3764 facto
1233 3705 1594 3776 signiﬁcans,
1627 3701 1785 3774 quod
1814 3701 1987 3758 verbo

330 3797 401 3852 ad
430 3795 555 3850 Heli
628 3792 980 3847 sacerdotem
1041 3790 1261 3844 dictum
1319 3791 1403 3841 est
1461 3801 1561 3856 per
1617 3782 1986 3854 Prophetam.

332 3876 483 3933 Nam
517 3875 750 3929 fuerunt
780 3875 982 3943 postea
1020 3869 1354 3924 sacerdotes
1405 3882 1473 3921 ex
1521 3879 1731 3935 genere
1774 3865 1986 3943 Aaron,

336 3957 482 4012 sicut
515 3953 742 4009 Sadoch
775 3941 830 4006 et
859 3950 1142 4005 Abiathar
1192 3951 1474 4017 regnante
1524 3945 1700 3999 David
1732 3943 1806 4014 (ll
1861 3941 1988 4009 Reg.

338 4039 460 4106 xv),
488 4042 546 4090 et
570 4033 670 4089 alii
728 4032 1026 4102 deinceps,
1086 4034 1400 4099 antequam
1459 4032 1692 4106 tempus
1748 4022 1988 4090 veniret,

337 4105 454 4189 quo
484 4115 602 4170 ista
643 4129 771 4185 quae
828 4112 900 4165 de
949 4110 1286 4189 sacerdotio;
1325 4105 1604 4160 mutando
1657 4109 1818 4189 tanto
1859 4108 1992 4189 ante

341 4181 622 4271 praedicta
641 4181 800 4255 sunt,
833 4192 983 4247 efﬁci
1020 4207 1118 4262 per
1155 4187 1455 4271 Christum
1488 4185 1806 4256 Oportebat.
1839 4181 1990 4271 Quis

341 4266 536 4335 autem
573 4290 728 4329 nunc
760 4271 916 4327 ﬁdeli
957 4271 1125 4328 oculo
1176 4269 1296 4324 haec
1345 4269 1580 4323 intuens
1631 4282 1744 4321 non
1802 4266 1993 4321 videat

339 4375 467 4415 esse
526 4354 858 4425 completa?
909 4351 1384 4424 quandoquidem
1436 4347 1668 4404 nullum
1721 4348 1990 4402 taberna-

339 4440 562 4506 culum,
614 4435 841 4492 nullum
886 4435 1189 4505 templum,
1239 4432 1465 4486 nullum
1513 4429 1712 4496 altare,
1763 4427 1992 4482 nullum

339 4517 799 4583 sacriﬁcium,et
851 4513 982 4567 ideo
1029 4529 1134 4566 nec
1184 4510 1340 4566 ullus
1396 4510 1666 4565 sacerdos
1709 4508 1995 4562 remansit

337 4599 577 4663 Judasis,
612 4595 856 4667 quibus,
905 4599 964 4648 ut
993 4595 1063 4648 de
1106 4592 1330 4647 semine
1377 4593 1567 4645 Aaron
1603 4589 1991 4655 ordinaretur,

343 4683 400 4737 in
439 4682 536 4735 Dei
572 4681 761 4733 fuerat
793 4676 915 4747 lege
950 4675 1314 4730 mandatum.
1346 4672 1507 4736 Quod
1542 4679 1599 4725 et
1626 4671 1718 4725 hic
1748 4684 1996 4724 comme-

345 4767 638 4818 moratum
673 4764 781 4827 est,
815 4757 912 4812 illo
952 4757 1180 4811 dicente
1225 4754 1524 4824 propheta,
1557 4753 1683 4806 Hzc
1712 4751 1850 4806 dicit
1890 4751 1998 4804 Do-

345 4844 533 4897 minus
563 4841 705 4895 Deus
735 4838 908 4893 Israel
938 4854 951 4891 :
996 4838 1144 4902 Dixi,
1162 4837 1360 4890 Domus
1383 4840 1481 4888 tua
1511 4839 1563 4888 et
1591 4833 1781 4886 domus
1816 4832 1997 4901 patris

351 4924 435 4977 tui
461 4919 782 4974 transibunt
813 4934 997 4973 coram
1024 4932 1108 4969 me
1135 4931 1304 4986 usque
1332 4917 1393 4968 in
1422 4920 1706 4968 aeternum.
1742 4913 1810 4965 Et
1849 4927 1996 4966 nunc

345 5004 485 5060 dicit
543 5001 846 5056 Dominus:
904 4998 1281 5068 Nequaquam,
1339 4995 1432 5049 sed
1486 4994 1857 5063 gloriﬁcantes
1914 5007 1996 5046 me

417 5271 433 5304 1
467 5266 622 5330 Apud
652 5266 795 5330 ξιον.
825 5260 1203 5330 omissuinest
1245 5257 1516 5330 Revelans
1535 5271 1552 5314 ;
1603 5255 1746 5318 quod
1783 5255 1998 5330 quidem

343 5317 612 5394 reperitur
648 5328 704 5377 in
732 5327 952 5394 caeteris
980 5323 1134 5374 editis
1153 5335 1214 5372 ac
1240 5322 1506 5383 plerisque
1543 5317 1918 5380 manuscriptis
1944 5319 1999 5366 ct

345 5389 622 5455 in'graeco
651 5389 1002 5453 septuaginta.

412 5456 433 5490 ³
479 5457 602 5504 Mss.
655 5466 669 5502 :
736 5451 1001 5502 Benedice

345 5519 487 5582 ﬁcii,

415 5584 436 5617 ³
467 5580 552 5632 Sic
583 5580 706 5629 Mss.
741 5578 801 5627 In
832 5576 1006 5630 editis.
1037 5571 1332 5634 supererit.

417 5631 489 5707 (α)
519 5643 635 5692 Vld.
668 5641 897 5692 Retract.
922 5638 1016 5690 lib.
1045 5631 1238 5700 2,_cap.
1270 5633 1350 5692 43.
1381 5647 1433 5685 ιι.
1465 5631 1514 5682 2.

736 5441 1063 5502 Beri'edicere
1121 5445 1418 5509 primitias
1498 5443 1746 5494 nominis
1819 5441 1998 5493 sacri-

1491 361 1722 423 LIBER
1766 362 2102 426 DECIMUS
2145 363 2554 426 SEPTIMUS.

3599 369 3718 430 534

2076 497 2438 568 gloriﬁcabo;
2485 504 2538 554 et
2583 500 2679 570 qui
2735 515 2819 553 me
2876 500 3111 570 spernit,
3175 505 3483 569 spernetur.
3553 498 3718 563 Quod

2075 580 2233 635 enim
2274 581 2543 635 nominat
2590 581 2826 636 domum
2872 579 3052 650 patris
3101 581 3250 650 ejus,
3301 596 3414 635 non
3463 596 3598 635 eum
3649 579 3720 635 de

2075 659 2337 730 proximo
2371 667 2530 730 patre
2563 661 2774 727 dicere,
2810 660 2907 714 sed
2945 660 3014 713 de
3046 659 3146 714 illo
3195 668 3411 723 Aaron,
3461 659 3557 729 qui
3607 659 3721 730 pri-

2076 755 2210 793 mus
2241 741 2510 794 sacerdos
2569 744 2657 794 est
2715 739 3038 805 institutus,
3099 738 3169 793 de
3227 739 3395 808 cujus
3449 739 3721 809 progenie

2075 819 2268 875 ceteri
2317 827 2721 889 sequerentur,
2783 819 3085 890 superiora
3131 819 3560 887 demonstrant,
3623 818 3723 873 ubi

2074 899 2174 969 ait,
2211 901 2494 955 Ite-velatus
2511 917 2630 955 sum
2660 899 2734 954 ad
2762 900 2981 954 domum
3006 901 3188 970 patris
3235 901 3336 965 tui,
3385 915 3510 953 cum
3549 905 3725 954 essent

2075 983 2134 1034 in
2166 988 2319 1036 terra
2347 984 2573 1051 ngypti
2609 984 2754 1036 servi
2795 983 2855 1034 in
2907 981 3065 1034 domo
3111 980 3440 1043 Pharaonis,
3487 985 3538 1033 et
3584 981 3725 1048 elegi

2077 1061 2296 1115 domum
2322 1065 2503 1130 patris
2545 1064 2625 1117 tui
2664 1079 2732 1114 ea:
2779 1061 3027 1116 omnibus
3073 1062 3304 1129 sceptris
3354 1060 3543 1122 Israel,
3592 1059 3726 1112 mihi

2077 1143 2383 1198 sacerdotio
2410 1145 2596 1212 fungi.
2627 1143 2766 1207 Quis
2813 1147 3042 1213 patrum
3092 1143 3236 1195 fuit1
3290 1140 3468 1210 hujus
3514 1139 3575 1194 in
3625 1139 3727 1193 illa

2078 1223 2340 1295 Egyptia
2369 1226 2668 1290 servitute,
2702 1224 2876 1287 unde,
2909 1239 3040 1276 cum
3073 1221 3298 1276 liberati
3330 1225 3540 1283 essent,
3574 1218 3726 1274 elec-

2081 1311 2176 1359 tus
2207 1309 2295 1359 est
2326 1305 2399 1360 ad
2433 1303 2847 1364 sacerdotium,
2882 1303 2993 1358 nisi
3023 1303 3213 1358 Aaron
3234 1301 3357 1356 ?De
3381 1301 3554 1370 hujus
3593 1315 3725 1370 ergo

2079 1385 2260 1453 stirpe
2289 1386 2399 1441 isto
2429 1385 2553 1440 loco
2593 1384 2735 1439 dixit
2777 1386 3036 1439 futurum
3071 1383 3268 1447 fuisse,
3303 1386 3366 1436 ut
3392 1396 3509 1436 non
3530 1383 3727 1434 essent

2081 1463 2324 1524 ulterius
2355 1467 2683 1522 sacerdotes
2719 1480 2732 1517 :
2763 1465 2915 1534 quod
2944 1464 3065 1533 jam
3098 1463 3360 1518 videmus
3393 1459 3722 1531 impletum.

2077 1552 2285 1623 Vigilat
2319 1550 2483 1614 ﬁdes,
2520 1552 2722 1617 praesto
2753 1549 2890 1599 sunt
2923 1559 3033 1611 res,
3057 1547 3404 1607 cernuntur,
3427 1545 3725 1623 tenentur,

2078 1640 2133 1688 et
2154 1620 2355 1687 sidere
2393 1627 2716 1683 nolentium
2767 1625 2954 1680 oculis
3002 1625 3370 1688 ingeruntur.
3431 1623 3584 1686 Ecce,
3635 1620 3726 1673 in-

2078 1716 2223 1785 quit,
2256 1713 2370 1767 dies
2416 1712 2665 1772 veniunt,
2706 1713 2760 1760 et
2801 1705 3177 1759 exterminabo
3220 1719 3400 1757 semen
3449 1708 3626 1766 tuum,
3672 1705 3726 1754 et

2076 1780 2256 1850 semen
2282 1792 2473 1847 domus
2497 1790 2678 1858 patris
2731 1788 2835 1849 tui,
2885 1791 2936 1838 et
2977 1801 3090 1838 non
3139 1786 3243 1837 erit
3295 1780 3398 1836 tibi
3437 1782 3620 1834 senior
3666 1781 3724 1832 in

2077 1878 2236 1932 domo
2265 1891 2386 1929 mea
2415 1871 2665 1927 omnibus
2692 1869 2898 1934 diebus,
2931 1873 2983 1920 et
3014 1869 3193 1920 virum
3223 1862 3602 1919 emterminabo
3634 1861 3734 1914 tibi

2079 1957 2147 2012 ab
2179 1952 2354 2009 altari
2385 1968 2522 2017 meo,
2546 1956 2607 2004 ut
2636 1949 2894 2017 deﬁciant
2925 1947 3071 2000 oculi
3101 1947 3216 2014 ejus
3248 1950 3299 1997 et
3317 1943 3521 2010 deﬂuat
3544 1942 3732 1994 anima

2078 2037 2218 2107 ejus.
2254 2035 2397 2090 Ecce
2427 2032 2552 2086 dies
2583 2029 2680 2100 qui
2715 2027 3085 2098 praenuntiati
3105 2027 3404 2093 sunt,jam
3428 2027 3728 2076 venerunt.

2078 2104 2289 2171 Nullus
2310 2112 2576 2168 sacerdos
2606 2114 2695 2164 est
2737 2108 3062 2163 secundum
3103 2104 3363 2160 ordinem
3413 2105 3604 2156 Aaron
3631 2116 3644 2154 :
3677 2104 3734 2155 et

2083 2196 2443 2268 quicumque
2483 2206 2550 2244 ex
2580 2189 2706 2256 ejus
2753 2201 2964 2257 genere
3013 2189 3101 2240 est
3151 2185 3344 2248 homo,
3395 2196 3525 2268 cum
3577 2179 3734 2268 videt

2083 2257 2436 2335 sacriﬁcium
2469 2268 2932 2325 Christianorum
2981 2269 3103 2319 toto
3157 2263 3294 2318 orbe
3334 2259 3570 2333 pollere,
3621 2257 3732 2312 sibi

2084 2362 2279 2411 autem
2328 2353 2600 2406 honorem
2633 2347 2797 2402 illum
2841 2359 3121 2416 magnum
3170 2357 3299 2398 esse
3342 2341 3731 2404 subtractum,

2085 2436 2369 2494 deﬁciunt
2421 2430 2573 2488 oculi
2632 2430 2778 2498 ejus,
2838 2431 2896 2481 et
2947 2424 3145 2480 deﬂuit
3201 2422 3398 2477 anima
3441 2421 3570 2490 ejus
3597 2419 3732 2474 tabo

2087 2516 2367 2574 maeroris.

2158 2600 2210 2653 3.
2248 2594 2479 2666 Proprie
2508 2596 2703 2648 autem
2736 2590 2804 2644 ad
2832 2588 3010 2658 hujus
3042 2587 3278 2640 domum
3312 2581 3464 2649 Heli,
3496 2580 3586 2666 cui
3614 2579 3734 2666 haec

2086 2663 2447 2742 dicebantur,
2483 2673 2637 2745 quod
2683 2671 2947 2741 sequitur
2992 2667 3240 2738 pertinet
3275 2682 3287 2719 :
3321 2667 3388 2719 Et
3420 2665 3594 2718 omnis
3637 2663 3736 2745 qui

2085 2758 2437 2831 superaverit
2466 2743 2656 2810 domus
2687 2759 2813 2812 tuae,
2845 2749 3060 2803 decidet
3077 2750 3135 2801 in
3169 2747 3357 2831 gladio
3386 2747 3632 2831 virorum
3665 2743 3737 2797 Et

2088 2825 2187 2896 ho-c
2209 2838 2312 2894 tibi
2334 2841 2574 2906 signum,
2604 2831 2752 2904 quod
2794 2832 2971 2883 veniet
3023 2844 3186 2898 super
3231 2827 3368 2881 duos
3414 2825 3556 2894 ﬁlios
3615 2829 3736 2906 tuos

2089 2923 2201 2986 hos,
2264 2902 2449 2987 Ophni
2495 2921 2547 2969 et
2605 2902 2869 2973 Phinees;
2918 2911 3005 2962 die
3059 2925 3170 2962 uno
3199 2908 3508 2987 morientur
3554 2902 3735 2987 ambo.

2091 2980 2207 3055 Hoc
2247 2980 2383 3068 ergo
2423 2996 2659 3065 signum
2712 2993 2930 3046 factum
2978 2992 3069 3043 est
3116 2986 3383 3068 mutandi
3426 2980 3737 3039 sacerdotii

2091 3081 2161 3136 de
2191 3067 2364 3133 domo
2396 3076 2591 3144 hujus,
2625 3087 2742 3143 quo
2790 3071 2958 3138 signo
3007 3067 3408 3138 signiﬁcatum
3463 3069 3553 3117 est
3605 3075 3737 3144 mu-

2091 3159 2332 3216 tandum
2363 3140 2753 3212 sacerdotium
2799 3151 3010 3206 domus
3058 3150 3268 3202 Aaron.
3320 3144 3475 3201 Mors
3523 3140 3740 3213 quippe

2095 3241 2345 3294 filiorum
2379 3237 2553 3303 hujus
2583 3228 2936 3302 signiﬁcavit
2967 3231 3232 3294 mortem,
3267 3241 3380 3280 non
3405 3222 3741 3303 hominum,

2094 3320 2194 3376 sed
2225 3317 2412 3388 ipsius
2440 3302 2740 3368 sacerdotii
2794 3309 2864 3364 de
2909 3306 3045 3388 ﬁliis
3079 3308 3288 3360 Aaron.
3328 3302 3493 3388 Quod
3545 3304 3739 3388 autem

2094 3380 2375 3468 sequitur,
2410 3395 2479 3449 ad
2512 3393 2679 3468 illum
2708 3391 2824 3468 jam
2859 3387 3106 3468 pertinet
3147 3383 3528 3468 sacerdptem,
3571 3380 3740 3468 cujuls

2095 3456 2370 3545 ﬁguram'
2412 3473 2590 3541 gessit
2655 3467 2792 3521 huic
2863 3456 2961 3534 7(a)
2999 3461 3417 3545 ‘succedendq
3477 3456 3738 3545 Samuel:

2093 3532 2342 3610 Pioiude
2399 3532 2526 3618 qua
2585 3532 2950 3615 sequuntur,
2983 3541 3052 3594 de
3099 3541 3321 3593 Christo
3389 3537 3546 3600 Jesu,
3611 3532 3743 3618 no_vi

2095 3613 2449 3691 Testamenti
2482 3645 2614 3682 vero
2646 3613 2964 3687 sacerdote,
2998 3621 3272 3675 dicuntur
3305 3634 3318 3672 ε
3353 3619 3423 3671 Et
3471 3613 3742 3670 suscitabo

2094 3715 2231 3773 mihi
2259 3710 2592 3768 sacerdotem
2621 3706 2855 3777 ﬁdelem,
2886 3704 2983 3772 qui
3011 3703 3194 3754 omnia
3224 3713 3348 3777 quae
3365 3699 3423 3749 in
3444 3694 3606 3777 corde
3625 3708 3744 3746 meo

2095 3805 2147 3852 et
2171 3810 2290 3866 quae
2317 3796 2374 3847 in
2405 3795 2593 3846 anima
2621 3775 2761 3846 mea,
2795 3785 3004 3852 faciat;
3038 3787 3090 3834 et
3121 3776 3398 3866 aediﬁcabo
3428 3779 3478 3829 ei
3515 3775 3743 3866 domum

2096 3856 2468 3949 ﬁdelemesa
2480 3877 2569 3925 est
2580 3875 2790 3922 aeterna
2803 3870 2858 3917 et
2877 3881 2940 3915 su
2953 3877 3128 3931 perna
3148 3856 3469 3949 Jerusalem
3482 3896 3494 3908 .
3509 3857 3745 3949 Etnt‘ran-

2096 3935 2664 4024 sibit,inquit,coram
2697 3946 2906 4004 Christo
2934 3957 3052 4024 meo
3081 3938 3332 3994 omnibus
3353 3935 3744 4024 diebus‘..Tran:

2096 4015 2245 4104 sibit,
2279 4015 2916 4102 diuit,-conversabitur
2949 4039 2962 4076 :
3002 4022 3156 4076 sicut
3201 4017 3471 4104 snperius
3520 4015 3746 4104 dixerat

2099 4093 2171 4175 de
2201 4093 2370 4172 d'omo
2400 4093 2612 4177 Aaron,
2646 4109 2797 4172 Dixi,
2822 4107 3020 4159 Domus
3052 4107 3147 4156 tua
3176 4106 3227 4154 et
3252 4097 3443 4153 domus
3460 4095 3643 4166 patris
3665 4093 3746 4177 tui

2103 4199 2417 4258 transibunt
2454 4175 2641 4249 coram
2679 4204 2762 4243 me
2790 4189 2849 4240 in
2890 4191 3174 4239 aeternum.
3208 4181 3367 4245 Quod
3403 4175 3742 4258 autem-ait,

2322 4252 2536 4331 Christo
2574 4285 2690 4326 meo
2729 4264 2986 4321 transibit
3007 4267 3116 4326 ;de
3153 4259 3282 4329 ipsa
3321 4258 3492 4311 domo
3543 4252 3746 4338 utique

2101 4333 2545 4429 intelligendum
2587 4356 2696 4415 est,
2749 4363 2862 4401 non
2893 4346 2964 4398 de
3011 4341 3110 4395 illo
3155 4339 3477 4429 sacerdote,
3513 4333 3612 4429 qui
3655 4335 3746 4387 est

2101 4415 2367 4497 Christus
2423 4437 2547 4506 ipse
2607 4429 2890 4486 Mediator
2944 4431 3120 4506 atque
3174 4419 3455 4506 salvator.
3514 4415 3746 4506 lDo‘mus

2101 4537 2236 4592 ergo
2293 4519 2419 4588 ejus
2448 4501 2670 4570 'coram
2729 4508 2828 4563 illo
2882 4503 3172 4592 transibit.
3228 4501 3420 4592 Potest
3475 4502 3746 4592 etvti'an-

2099 4579 2229 4659 siblit
2257 4579 2502 4667 intelligi
2536 4594 2606 4648 de
2637 4594 2822 4646 morte
2851 4587 2921 4643 ad
2957 4588 3158 4667 vitam,
3198 4582 3474 4667 omnibus
3497 4579 3744 4667 .diebus,

2103 4657 2318 4754 quibus
2347 4657 2637 4747 peragitur
2667 4684 2852 4740 usque
2883 4663 3152 4754 in-ﬁpem
3185 4660 3378 4754 saeculi
3411 4658 3588 4750 hujus
3635 4657 3748 4710 ista

2104 4738 2455 4818 mortalitas.
2482 4738 2645 4818 Quod
2680 4738 2876 4807 autem
2911 4746 2990 4800 ait
3024 4746 3191 4802 Deus.
3243 4743 3348 4806 Qui
3396 4738 3579 4792 omnia
3625 4749 3746 4804 qua

2103 4971 2194 5060 tor
2221 4971 2444 5058 animi;
2462 4971 2604 5053 :ised
2635 4995 2714 5048 ita
2738 4991 2846 5045 hoc
2868 4989 2936 5041 de
2960 4984 3074 5040 Deo
3098 4979 3336 5050 trepice,
3357 4992 3469 5031 non
3495 4971 3743 5060 proprie,

2104 5087 2339 5149 dicitur,
2400 5080 2552 5135 sicut
2612 5088 2822 5129 manus
2870 5073 2927 5124 et
2982 5068 3154 5136 pedes
3197 5067 3275 5149 et_
3309 5059 3422 5149 alia
3464 5053 3745 5149 ‘corporis

2106 5137 2389 5222 membra.
2422 5161 2510 5227 Et,
2548 5173 2616 5213 ne
2640 5152 2960 5210 secundum
2994 5148 3104 5202 hoc
3148 5143 3418 5200 credatur
3464 5137 3640 5227 homo
3683 5137 3746 5227 ιιι

2103 5219 2297 5304 carnis
2328 5219 2508 5312 hujus
2531 5238 2723 5310 efﬁgie
2772 5235 2955 5289 factus
3004 5231 3074 5285 ad
3124 5226 3441 5312 imaginem
3483 5221 3599 5288 Dei,
3652 5219 3748 5312 ad:

2103 5331 2320 5384 duntur
2351 5304 2564 5386 etwalae,
2598 5304 2741 5390 quas
2789 5315 2990 5383 utique
3040 5328 3154 5368 non
3201 5309 3376 5364 habet
3428 5305 3641 5370 homo;
3691 5304 3748 5357 et

2171 5566 2185 5601 ¹
2221 5562 2308 5612 Sic
2333 5569 2517 5611 omnes
2543 5555 2666 5604 Mss.
2697 5553 2766 5602 At
2792 5550 2939 5616 editi,
2970 5547 3099 5616 qui:
3119 5552 3281 5612 pater
3307 5538 3442 5605 fuit.

2171 5628 2240 5688 (α)
2273 5623 2442 5680 Huic.
2472 5618 2671 5672 scilicet
2697 5615 2831 5666 Hell.
