4110 6196
352 335 471 398 535

349 472 565 528 dicitur
594 470 731 535 Deo,
757 468 867 523 Sub
893 466 1088 522 umbra
1116 466 1336 520 alarum
1385 471 1607 518 tuarum
1643 469 1878 534 protege
1918 479 2001 517 me

350 553 520 625 (Psal.
553 568 666 618 xw,
697 551 753 619 8)
785 565 798 602 :
833 552 895 602 ut
917 547 1245 615 intelligant
1275 545 1543 600 homines
1575 545 1646 625 de
1668 543 1766 598 illa
1793 543 1995 598 inclia-

351 623 448 687 bili
484 637 711 692 natura,
771 643 886 682 non
950 627 1222 699 propriis,
1272 626 1372 682 sed
1441 623 1739 680 translatis
1804 639 1996 679 rerum

346 710 644 767 vocabulis
673 710 786 764 ista
815 709 951 763 dici.

417 792 469 846 4.
504 792 666 855 Quod
689 806 822 844 vero
855 790 1218 858 adjungitur,
1251 790 1319 843 Et
1348 790 1474 854 erit,
1517 789 1613 856 qui
1655 789 1997 857 superaverit

346 876 407 927 in
436 872 596 926 domo
629 878 746 935 tua,
797 872 978 924 veniet
1035 870 1272 924 adorare
1330 872 1419 922 ei:
1469 884 1581 922 non
1645 869 1874 938 proprie
1924 869 1996 921 de

345 954 517 1008 domo
546 952 761 1006 dicitur
796 951 970 1020 hujus
1005 951 1146 1015 Heli,
1183 951 1277 1005 sed
1312 949 1475 1004 illius
1518 959 1726 1012 Aaron,
1771 950 1841 1002 de
1879 964 1997 1018 qua.

344 1047 528 1100 usque
561 1033 630 1086 ad
667 1033 976 1087 adventum
1009 1032 1145 1086 Jesu
1193 1031 1409 1086 Christi
1465 1029 1727 1084 homines
1773 1043 1998 1082 reman-

344 1122 566 1179 serunt,
627 1113 696 1168 de
754 1130 868 1184 quo
932 1128 1142 1182 genere
1196 1113 1370 1167 etiam
1432 1126 1588 1164 nunc
1639 1123 1825 1178 usque
1879 1124 1993 1163 non

344 1192 578 1246 desunt.
614 1195 759 1246 Nam
794 1193 864 1245 de
896 1192 993 1246 illa
1053 1193 1226 1246 domo
1271 1190 1442 1259 hujus
1491 1189 1615 1243 Heli
1654 1190 1773 1257 jam
1818 1204 1998 1258 supra

344 1272 564 1326 dictum
601 1278 744 1337 erat,
778 1275 844 1327 Et
893 1275 1068 1326 omnis
1118 1274 1214 1341 qui
1257 1273 1598 1341 superaverit
1645 1269 1834 1323 domus
1867 1275 1993 1332 tum,

342 1351 556 1408 decidet
588 1355 646 1406 in
677 1353 866 1422 gladio
911 1355 1176 1406 virorum.
1221 1353 1518 1416 Quomodo
1555 1366 1690 1420 ergo
1726 1349 1819 1404 hic
1862 1365 1994 1404 vere

343 1433 456 1486 dici
491 1433 699 1502 potuit,
731 1436 799 1488 Et
838 1436 963 1500 erit,
1012 1436 1109 1502 qui
1155 1433 1496 1503 superaverit
1549 1433 1606 1485 in
1662 1431 1822 1484 domo
1878 1437 1991 1499 tua,

343 1515 526 1566 veniet
556 1512 795 1568 adorare
825 1517 910 1577 ei;
941 1515 986 1567 si
1021 1514 1164 1568 illud
1199 1518 1288 1566 est
1331 1527 1552 1577 verum,
1604 1510 1762 1582 quod
1812 1511 1994 1566 ultore

341 1590 532 1661 gladio
566 1610 739 1648 nemo
771 1595 907 1648 inde
939 1595 1266 1664 supererit:
1293 1592 1404 1646 nisi
1458 1592 1591 1664 quia
1647 1591 1776 1647 illos
1827 1590 1995 1646 intel-

341 1670 442 1742 ligi
474 1670 681 1740 voluit,
710 1675 809 1744 qui
840 1675 1133 1744 pertinent
1165 1673 1232 1727 ad
1270 1677 1532 1742 stirpem,
1567 1674 1664 1726 sed
1715 1670 1868 1726 illius
1914 1677 1996 1726 to-

344 1751 460 1806 tius
491 1753 800 1808 sacerdotii
833 1755 1149 1807 secundum
1183 1753 1445 1808 ordinem
1493 1761 1679 1807 Aaron
1700 1753 1728 1806 ?
1771 1753 1916 1822 Ergo
1946 1751 1995 1806 si

341 1831 414 1885 de
436 1831 553 1885 illis
586 1838 676 1886 est
707 1833 1136 1902 praedestinatis
1168 1833 1457 1903 reliquiis,
1491 1834 1561 1888 de
1584 1833 1792 1902 quibus
1843 1832 1994 1886 alius

341 1911 621 1980 propheta
652 1912 817 1979 dixit,
867 1915 1127 1983 Reliquiae
1174 1913 1338 1968 salva
1384 1917 1517 1982 ﬁent
1559 1915 1716 1983 (Isai.
1759 1929 1814 1980 x,
1862 1913 1991 1984 22);

344 1990 500 2046 unde
530 1995 586 2045 et
611 1994 943 2062 Apostolus,
977 1995 1066 2048 Sic
1096 2009 1247 2057 ergo,
1282 1993 1496 2062 inquit,
1529 1999 1580 2047 et
1609 1996 1669 2046 in
1723 1993 1821 2047 hoc
1871 2001 1996 2046 tem-

334 2083 477 2138 pore
505 2071 756 2142 reliquie
780 2089 884 2142 per
913 2075 1225 2128 electionem
1254 2075 1450 2142 gratia:
1479 2072 1645 2128 salva:
1673 2076 1837 2141 factae
1865 2079 1996 2126 sunt

349 2148 530 2220 (Rom.
561 2167 640 2218 xi,
674 2152 763 2223 5);
800 2153 938 2224 quia
967 2155 1038 2208 de
1069 2153 1288 2208 talibus
1310 2152 1574 2223 reliquiis
1601 2154 1747 2208 bene
1778 2153 1995 2208 intelli-

343 2228 498 2300 gitur
528 2247 659 2288 esse
698 2234 770 2288 de
802 2251 916 2305 quo
967 2234 1185 2288 dictum
1235 2238 1342 2301 est,
1397 2237 1502 2300 Qui
1547 2237 1890 2306 superaverit
1935 2236 1995 2288 in

341 2310 500 2365 domo
547 2319 683 2368 tua:
744 2315 998 2384 profecto
1047 2315 1268 2370 credit‘
1328 2315 1388 2370 in
1447 2314 1783 2381 Christum;
1844 2314 1997 2370 sicut

346 2393 711 2460 temporibus
767 2395 1172 2464 Apostolorum
1234 2410 1302 2449 ex
1356 2395 1482 2465 ipsa
1542 2400 1712 2463 gente
1757 2393 1994 2464 plurimi

345 2470 757 2539 crediderunt;
792 2490 977 2545 neque
1011 2491 1165 2528 nunc
1196 2475 1424 2539 desunt,
1450 2473 1726 2545 qui.licet
1766 2473 1995 2529 rarissi-

340 2563 453 2615 me,
479 2554 672 2608 tamen
715 2553 972 2619 credant,
1014 2559 1070 2608 et
1111 2553 1387 2624 impletur
1419 2556 1476 2609 in
1527 2555 1646 2609 eis”
1695 2554 1847 2625 quod
1904 2553 1995 2608 hic

339 2627 447 2684 iste
496 2631 668 2687 homo
714 2633 809 2688 Dei
859 2633 1136 2688 continuo
1191 2642 1423 2689 secutus
1475 2634 1764 2704 adjunxit,
1802 2636 1997 2689 Veniet

338 2709 578 2767 adorare
625 2716 677 2767 ei
728 2713 888 2769 obolo
944 2718 1199 2785 argenti:
1257 2715 1347 2770 cui
1403 2717 1663 2783 adorare,
1725 2716 1834 2770 nisi
1900 2713 1989 2768 illi

337 2803 571 2845 summo
616 2795 920 2865 sacerdoti,
955 2797 1055 2866 qui
1102 2803 1155 2850 et
1185 2795 1338 2851 Deus
1369 2794 1500 2850 est?
1529 2796 1728 2866 Neque
1758 2795 1905 2850 enim
1936 2797 1992 2849 in

339 2867 462 2925 illlo
493 2875 818 2931 sacerdotio
849 2877 1176 2931 secundum
1209 2877 1474 2931 ordinem
1505 2879 1712 2943 Aaron,
1771 2878 1842 2931 ad
1885 2877 1995 2931 hoc

338 2950 645 3008 veniebant
675 2955 942 3011 homines
968 2957 1038 3011 ad
1071 2955 1352 3027 templum
1385 2955 1476 3012 vel
1524 2956 1705 3012 altare
1752 2955 1875 3020 Dei.
1935 2958 1996 3011 ut

337 3033 696 3089 sacerdotem
743 3037 1072 3091 adorarent.
1121 3036 1270 3100 Quid
1325 3039 1411 3090 est
1459 3041 1655 3090 autem
1689 3037 1842 3106 quod
1890 3037 1990 3102 ait,

332 3115 492 3172 obolo
521 3117 761 3185 argenti,
799 3115 910 3170 nisi
966 3115 1247 3170 brevitate
1303 3115 1462 3170 verbi
1516 3115 1673 3185 fidei,
1733 3117 1805 3170 de
1876 3133 1991 3188 quo

332 3201 762 3253 commemorat
802 3195 1115 3266 Apostolus
1158 3193 1401 3261 dictum,
1456 3196 1694 3250 Verbum
1739 3213 1993 3252 consum-

331 3292 491 3333 mans
520 3283 570 3330 et
599 3276 852 3330 brevians
883 3277 1056 3344 faciet
1087 3275 1354 3330 Dominus
1380 3292 1543 3346 super
1573 3282 1779 3332 terram
1809 3278 1989 3347 (Rom-

334 3375 412 3424 Ix,
442 3358 551 3425 28;
587 3359 715 3412 Isai.
747 3375 805 3426 x,
839 3358 928 3424 23)
957 3374 973 3426 ;
1007 3362 1330 3429 Argentum
1374 3369 1565 3412 autem
1611 3375 1710 3428 pro
1760 3359 1992 3430 eloquio

337 3439 495 3512 poni,
549 3437 818 3493 Psalmus
882 3437 1049 3494 testis
1105 3443 1213 3503 est,
1275 3438 1370 3492 ubi
1429 3439 1692 3493 canitur:
1756 3440 1992 3511 Eloquia

337 3519 556 3574 Domini
605 3519 823 3588 eloquia
869 3524 1041 3585 casta,
1089 3525 1381 3587 argentum
1437 3521 1564 3588 igne
1617 3522 1991 3574 examinatum

337 3597 514 3670 (Psal.
547 3613 626 3665 xi,
656 3597 734 3670 7).

405 3681 460 3732 5.
493 3677 637 3740 Quid
672 3695 810 3750 ergo
831 3678 970 3733 dicit
992 3679 1118 3747 iste,
1142 3679 1241 3750 qui
1260 3679 1414 3734 venit
1435 3680 1674 3734 adorare
1694 3680 1976 3736 sacerdoti

336 3759 436 3814 Dei
467 3763 523 3813 et
546 3760 833 3814 sacerdoti
858 3759 1186 3814 Deo?Jacta
1206 3776 1288 3815 me
1308 3763 1368 3814 in
1390 3776 1560 3814 unam
1575 3768 1794 3829 partem
1814 3776 1992 3816 sacer-

337 3839 478 3895 dotii
501 3842 603 3905 tui,
628 3843 964 3896 manducare
980 3841 1356 3912 panem.Nolo
1379 3843 1439 3896 in
1468 3847 1696 3912 patrum
1723 3857 1987 3896 meorum

337 3920 605 3978 collocari
625 3921 971 3992 honore,qui
988 3922 1010 3955 ³
1029 3922 1227 3975 nullus
1250 3932 1331 3976 est
1357 3923 1546 3991 :jacta
1572 3939 1662 3976 me
1684 3923 1742 3977 in
1768 3929 1988 3993 partem

338 4003 646 4058 sacerdotii
678 4002 782 4056 tui.
824 4003 979 4069 Elegi
1008 4001 1160 4056 enim
1192 4003 1432 4072 abjectus
1466 4020 1574 4059 esse
1603 4006 1662 4057 in
1696 4004 1855 4059 domo
1887 4005 1983 4058 Dei

335 4083 515 4155 (Psal.
541 4098 772 4147 Lxxxm,
791 4082 877 4152 11)
911 4097 924 4134 :
946 4081 1372 4154 qualecumque
1395 4089 1449 4138 et
1473 4083 1990 4155 quantulumcum-

339 4179 452 4233 que
500 4161 832 4216 membrum
872 4175 999 4215 eese
1051 4162 1222 4232 cupio
1272 4164 1578 4218 sacerdotii
1627 4164 1730 4218 tui.
1782 4164 1989 4218 Sacer-

339 4243 561 4297 dotium
604 4240 817 4310 quippe
849 4240 943 4294 hic
973 4241 1160 4312 ipsam
1196 4241 1422 4314 plebem
1470 4243 1630 4312 dicit,
1663 4244 1830 4313 cujus
1862 4243 1990 4315 ple-

339 4322 432 4378 bis
485 4320 584 4375 ille
616 4321 884 4376 sacerdos
941 4327 1026 4376 est
1082 4324 1358 4378 Mediator
1415 4323 1515 4378 Dei
1569 4331 1626 4378 et
1682 4324 1985 4380 hominum

340 4401 514 4456 homo
541 4400 802 4454 Christus
832 4401 1019 4457 Jesus.
1058 4401 1162 4457 Cui
1198 4402 1348 4475 plebi
1383 4404 1526 4459 dicit
1547 4405 1846 4473 apostolus
1881 4405 1989 4461 l‘e-

339 4485 487 4546 trus,
517 4481 674 4535 Plebs
719 4488 927 4550 sancta,
961 4485 1147 4552 regale
1194 4485 1563 4540 sacerdotium
1585 4485 1606 4518 ⁴
1637 4488 1682 4557 (l
1744 4487 1886 4542 Petr.
1921 4503 1983 4554 ιι,

337 4562 413 4632 9).
439 4561 711 4628 Quamvis
753 4564 1302 4634 nonnulli,sam'iﬁcii
1332 4569 1416 4620 tui
1446 4567 1559 4620 sint
1592 4567 1984 4637 interpretati;

339 4659 476 4708 non,
509 4643 806 4699 sacerdotii
863 4647 992 4701 tui:
1052 4647 1207 4718 quod
1270 4646 1661 4702 nihilominus
1713 4649 1984 4702 eumdem

338 4722 632 4796 significat
661 4725 940 4796 populum
974 4726 1387 4780 christianum.
1424 4724 1584 4779 Unde
1625 4727 1768 4780 dicit
1810 4742 1984 4796 apos-

336 4806 492 4862 tolus
522 4803 758 4875 Paulus,
798 4809 948 4863 Unus
963 4809 1149 4878 panis,
1178 4822 1349 4859 unum
1380 4821 1578 4874 corpus
1605 4806 1768 4859 multi
1803 4822 1985 4861 sumus

336 4887 377 4954 (ι
409 4886 537 4942 Cor.
572 4903 628 4952 x,
663 4889 778 4957 17).
799 4889 956 4952 Quod
980 4903 1116 4958 ergo
1139 4885 1383 4951 addidit,
1407 4885 1743 4940 manducare
1757 4901 1982 4956 panem,

335 4966 508 5022 etiam
542 4966 734 5039 ipsum
768 4967 1036 5023 sacrificii
1060 4983 1242 5039 genus
1265 4967 1562 5040 eleganter
1581 4969 1882 5041 eXpressit,
1914 4968 1986 5024 de

397 5178 417 5214 ί
450 5176 576 5226 Sola
603 5176 766 5226 editio
797 5176 944 5236 Lov.,
973 5177 1170 5225 credet.

398 5239 420 5271 ²
450 5239 604 5288 Vind.
636 5240 754 5289 Am.
785 5239 868 5288 Er.
900 5241 953 5288 et
979 5239 1220 5302 plerique
1251 5239 1403 5301 Mss.,
1437 5239 1500 5290 in
1529 5257 1605 5292 eo.

399 5302 420 5364 ἓ
454 5303 606 5364 Apud
635 5303 780 5356 Lov.,

398 5363 632 5432 ‘_Apud_
683 5363 834 5432 Lov.’
866 5365 1097 5432 additur,
1161 5363 1223 5411 in
1288 5364 1522 5432 Christo.
1603 5369 1672 5418 Et
1759 5369 1984 5432 iterum,

331 5424 684 5501 ﬁxum-eatis,
729 5427 1218 5501 inquit,‘ocrpo‘r:a
1244 5436 1445 5501 .oestra
1489 5429 1730 5501 hostium
1779 5424 1983 5481 vivam:

333 5486 537 5556 Castori
559 5489 688 5556 libri
717 5486 1088 5556 omittunt,_in
1119 5487 1355 5556 Chijelo.
1386 5492 1642 5556 ﬁonnulli
1672 5497 1850 5556 tamen
1878 5509 1982 5544 ma-

331 5550 743 5618 nuscripti_cum
773 5553 926 5618 Vind.
958 5554 1075 5600 Am.
1106 5554 1158 5600 et
1208 5551 1291 5618 Er.
1352 5553 1518 5618 alium
1579 5550 1869 5618 subjiCiunt
1917 5558 1988 5607 lo-

336 5625 552 5684 cumex
581 5612 743 5684 Epist.
777 5616 843 5662 ad
872 5616 1094 5684 Roman.
1126 5629 1215 5675 xu,
1259 5615 1281 5663 1
1317 5628 1328 5664 :
1372 5616 1442 5665 Et
1475 5612 1696 5676 iterum,
1737 5620 1987 5671 exhibea-

337 5673 430 5728 tis,
462 5673 671 5735 inquit,
701 5688 946 5738 corpora,
977 5679 1076 5728 etc.

812 5302 966 5364 quia.

1403 330 1504 389 DE
1549 327 1913 390 CIVITATE
1956 326 2115 402 DEI,
2159 317 2223 389 S.
2272 329 2698 393 AUGUSTINI

3633 337 3752 397 536

2111 475 2226 532 quo
2254 462 2396 517 dicit
2421 465 2692 520 sacerdos
2725 464 2866 536 ipse,
2898 467 3062 520 Panis
3083 481 3240 536 quem
3261 483 3358 537 ego
3379 466 3603 536 dedero,
3627 485 3757 524 caro

2110 549 2456 613 meaestpro
2485 545 2670 600 seculi
2696 549 2809 600 vita
2867 546 3050 618 (Joan.
3110 562 3188 612 vx,
3235 546 3348 618 52).
3413 549 3614 619 Ipsum
3674 554 3762 604 est

2103 625 2484 690 sacrificium,
2537 643 2653 682 non
2696 630 3019 683 secundum
3068 629 3333 684 ordinem
3386 632 3594 699 Aaron,
3658 631 3762 688 sed

2109 706 2429 782 secundum
2464 707 2720 762 ordinem
2746 707 3170 763 Melchisedech
3203 723 3217 762 :
3259 708 3358 780 qui
3388 708 3550 782 legit,
3593 711 3764 766 intel-

2107 781 2263 856 ligat.
2314 785 2509 839 Brevis
2569 787 2762 858 itaque
2820 787 2928 842 ista
2987 787 3276 842 confessio
3336 793 3395 844 et
3451 781 3766 848 salubriter

2108 861 2370 928 humilis,
2403 881 2521 934 qua
2550 866 2781 932 dicitur,
2814 869 2975 922 Jacta
3005 883 3087 920 me
3111 869 3166 921 in
3201 875 3423 937 partem
3459 871 3765 926 sacerdotii

2109 945 2208 1009 tui,
2235 945 2570 1000 manducare
2619 963 2843 1016 panem,
2902 950 3023 1018 ipse
3079 954 3164 1002 est
3221 948 3430 1004 obolus
3487 951 3758 1022 argenti;

2108 1025 2247 1094 quia
2271 1031 2326 1079 et
2359 1027 2528 1081 breve
2556 1029 2698 1095 est',
2731 1033 2787 1082 et
2817 1027 3117 1099 eloquium
3173 1029 3399 1084 Domini
3450 1037 3538 1086 est
3591 1031 3760 1086 habi-

2105 1106 2284 1159 tantis
2311 1105 2368 1159 in
2401 1107 2571 1162 corde
2603 1108 2907 1164 credentis.
2941 1108 3086 1171 Quia
3116 1109 3271 1164 enim
3304 1110 3532 1166 dixerat
3579 1127 3757 1183 supe-

2104 1185 2232 1240 rius
2263 1187 2490 1242 dedisse
2523 1204 2585 1243 se
2616 1189 2814 1244 domui
2849 1193 3031 1244 Aaron
3061 1190 3219 1244 cibos
3251 1189 3321 1244 de
3351 1191 3608 1247 victimis
3649 1202 3756 1248 ve-

2107 1266 2244 1320 teris
2274 1269 2645 1334 Testamenti,
2695 1270 2792 1323 ubi
2853 1270 2954 1338 ait,
3014 1269 3156 1324 Dedi
3197 1269 3387 1325 domui
3437 1275 3624 1342 patris
3673 1271 3758 1328 tui

2106 1350 2291 1401 omnia
2322 1363 2442 1416 qua
2469 1355 2599 1402 sunt
2629 1350 2775 1418 ignis
2801 1349 3048 1418 ﬁliorum
3070 1351 3241 1405 Israel
3269 1353 3326 1405 in
3368 1367 3541 1406 escam
3561 1369 3586 1416 ;
3635 1352 3757 1408 haec

2107 1428 2322 1498 quippe
2355 1431 2584 1484 fuerant
2613 1430 2897 1485 sacrificia
2919 1431 3250 1486 Judeoruni
3279 1448 3292 1486 :
3321 1431 3448 1487 ideo
3473 1433 3562 1488 hic
3588 1433 3756 1501 dixit,

2105 1511 2442 1565 manducare
2477 1527 2718 1582 panem;
2747 1513 2897 1582 quod
2933 1517 3022 1567 est
3072 1513 3131 1567 in
3183 1528 3331 1568 novo
3379 1513 3756 1571 Testamento

2106 1591 2456 1645 sacriticium
2489 1591 2972 1647 Christianorum.

2103 1743 2338 1801 CAPUT
2396 1745 2490 1799 Vl.
2549 1776 2616 1787 -—
2673 1749 2752 1800 De
2806 1747 3042 1802 Judaico
3094 1748 3399 1804 sacerdotio
3449 1756 3507 1804 et
3560 1766 3755 1820 regno,

2177 1824 2299 1896 q‘uw
2330 1841 2450 1880 cum
2480 1828 2538 1879 in
2565 1833 2833 1881 azternum
2863 1828 3126 1882 dicantur
3163 1835 3373 1884 statuta
3395 1829 3440 1898 ³,
3471 1845 3586 1884 ηοη
3619 1839 3758 1901 peri-

2174 1913 2440 1969 manent;
2470 1908 2670 1962 utalia
2717 1908 3136 1978 intelligantur,
3177 1925 3411 1981 quorum
3451 1912 3755 1982 spcndetur

2175 1990 2458 2042 xternitas
2473 1988 2514 2043 ³.

2179 2121 2227 2174 1.
2261 2119 2407 2175 Cum
2438 2120 2615 2191 igitur
2644 2121 2764 2178 haec
2794 2126 2952 2178 tanta
2983 2129 3123 2178 tunc
3151 2122 3459 2180 altitudine
3483 2140 3749 2195 praenun-

2105 2199 2246 2256 tiata
2275 2201 2412 2269 sint,
2455 2206 2622 2258 tanta
2651 2219 2805 2258 nunc
2839 2204 3310 2260 manifestatione
3339 2204 3741 2274 clarescant‘;

2107 2295 2221 2335 non
2254 2281 2471 2336 frustra
2502 2290 2692 2338 tamen
2725 2283 2942 2338 moveri
2971 2283 3264 2356 quispiam
3297 2289 3505 2356 potest,
3547 2301 3615 2340 ac
3662 2284 3752 2341 di-

2105 2376 2235 2416 cere
2263 2377 2276 2417 :
2311 2363 2609 2428 Quomodo
2641 2363 2994 2420 conﬁdimus
3021 2364 3218 2421 venire
3241 2365 3494 2433 omnia‘,
3521 2381 3643 2438 quae
3689 2367 3747 2422 in

2105 2440 2272 2496 libris
2305 2443 2420 2498 illis
2452 2450 2693 2500 ventura
2735 2445 3006 2516 praedicta
3062 2451 3226 2510 sunt,
3281 2447 3329 2500 si
3388 2445 3498 2501 hoc
3555 2447 3748 2517 ipsum

2105 2523 2258 2592 quod
2291 2523 2370 2578 ibi
2406 2523 2686 2580 divinitus
2717 2525 2936 2580 dictum
2968 2531 3076 2590 est,
3109 2528 3313 2581 Domus
3346 2533 3443 2583 tua
3475 2534 3527 2582 et
3561 2527 3751 2582 domus

2095 2605 2282 2674 patris
2312 2606 2396 2658 tui
2434 2607 2748 2660 transibunt
2778 2623 2967 2661 coram
2996 2623 3080 2661 me
3100 2608 3160 2660 in
3180 2614 3464 2674 zternum,
3486 2607 3752 2663 eﬂ‘ectum

2103 2681 2318 2738 habere
2351 2701 2464 2739 non
2501 2686 2731 2756 potuit?
2762 2686 3045 2749 Quoniam
3081 2687 3345 2743 videmus
3384 2687 3526 2742 illud
3567 2703 3751 2744 sacer-

2104 2761 2331 2818 dotium
2370 2765 2552 2820 fuisse
2602 2771 2934 2832 mutatum;
2967 2771 3022 2822 et
3067 2767 3217 2838 quod
3255 2767 3338 2822 illi
3379 2767 3575 2822 domui
3615 2783 3750 2838 pro-

2103 2841 2345 2897 missum
2382 2849 2490 2912 est,
2527 2861 2629 2900 nec
2673 2847 2893 2916 sperari
2934 2846 3245 2919 aliquando
3289 2845 3748 2917 complendum:

2103 2920 2241 2990 quia
2271 2922 2416 2978 illud
2445 2926 2598 2995 quod
2631 2926 2680 2980 ei
2731 2927 3037 2997 reprobate
3080 2930 3411 2997 mutatoque
3456 2925 3751 2992 succedit,

2103 2999 2210 3056 hoc
2242 3002 2434 3074 potius
2501 3007 2849 3076 praedicatur
2899 3012 3200 3063 aeternum.
3259 3006 3374 3062 Hoc
3425 3006 3520 3077 qui
3576 3006 3747 3074 dicit,

2103 3086 2358 3142 nondum
2393 3087 2687 3161 intelligit,
2727 3096 2828 3146 aut
2879 3107 2991 3146 non
3044 3089 3265 3158 recolit,
3314 3091 3488 3146 etiam
3546 3089 3745 3162 ipsum

2101 3167 2424 3222 secundum
2457 3169 2717 3225 ordinem
2759 3173 2948 3227 Aaron
2997 3172 3415 3238 sacerdotium,
3466 3180 3747 3242 tanquam

2101 3250 2372 3304 umbram
2407 3250 2582 3306 futuri
2615 3253 2812 3308 aeterni
2845 3252 3156 3308 sacerdotii
3201 3252 3577 3308 constitutum
3611 3267 3626 3307 :
3679 3267 3748 3307 ac

2099 3343 2201 3397 per
2238 3327 2346 3384 hoc
2378 3333 2606 3401 quando
2635 3333 2686 3387 ei
2718 3334 3011 3389 aeternitas
3045 3333 3331 3404 promissa
3360 3338 3466 3390 est.
3493 3350 3604 3388 non
3637 3333 3751 3404 ipsi

2101 3409 2314 3465 umbra:
2348 3427 2413 3467 ac
2458 3413 2680 3484 figurae,
2722 3415 2825 3470 sed
2876 3415 2927 3469 ei
2962 3416 3115 3485 quod
3151 3431 3252 3485 per
3299 3415 3481 3484 ipsam
3531 3414 3744 3469 adum-

2100 3489 2377 3547 brabatur
2425 3495 2925 3567 figurabaturquc,
2959 3495 3312 3567 promissum
3363 3500 3470 3551 est.
3507 3495 3619 3551 Sed
3671 3510 3746 3562 n9

2099 3581 2402 3646 putaretur
2432 3578 2560 3649 ipsa
2599 3579 2804 3634 umbra
2855 3595 2980 3634 esse
3031 3595 3327 3648 mansura,
3383 3577 3514 3634 ideo
3562 3578 3741 3634 etiam

2100 3656 2346 3710 mutatio
2375 3660 2504 3725 ejus
2536 3659 2738 3714 debuit
2770 3659 3120 3729 prophetari.

2166 3737 2220 3792 2.
2257 3737 2520 3808 Regnum
2554 3756 2782 3810 quoque
2805 3740 2914 3795 isto
2939 3741 3108 3795 modo
3126 3740 3301 3795 etiam
3326 3737 3521 3794 Saulis
3540 3737 3749 3808 ipsius,

2096 3818 2197 3886 qui
2227 3825 2375 3872 certe
2406 3822 2748 3890 reprobatus
2773 3826 2950 3892 atque
2973 3821 3224 3890 rejectus
3245 3824 3352 3887 est,
3379 3819 3557 3874 futuri
3581 3819 3744 3890 regni

2095 3901 2218 3952 erat
2248 3899 2451 3953 umbra
2481 3901 2538 3956 in
2571 3904 2889 3957 aeternitate
2940 3900 3220 3957 mansuri.
3270 3900 3474 3955 Oleum
3526 3899 3746 3970 quippe

2097 3975 2244 4032 illud
2275 3993 2386 4049 quo
2417 3985 2629 4035 unctus
2659 3985 2769 4048 est,
2803 3981 2852 4036 el
2885 3981 2956 4035 ab
3005 3997 3071 4036 eo
3120 3979 3434 4034 chrismate
3483 3977 3744 4034 christus

2095 4063 2185 4114 est
2205 4060 2418 4128 dictus,
2453 4062 2691 4130 mystice
2739 4061 3166 4131 accipiendum,
3211 4066 3268 4115 et
3318 4075 3595 4130 magnum
3655 4076 3749 4114 sa-

2095 4145 2454 4195 cramentum
2489 4141 2930 4212 intelligendum
2959 4147 3085 4196 est:
3120 4141 3274 4212 quod
3308 4141 3366 4195 in
3398 4156 3463 4196 eo
3510 4143 3742 4196 tantum

2093 4225 2403 4275 veneratus
2432 4230 2513 4275 est
2544 4222 2669 4293 ipse
2701 4221 2895 4290 David,
2930 4226 2995 4276 ut
3045 4236 3315 4292 percusso
3367 4220 3540 4275 corde
3589 4219 3746 4290 pavi-

2093 4299 2316 4364 taverit,
2352 4301 2586 4370 quando
2617 4303 2675 4356 in
2708 4303 3014 4357 tenebroso
3045 4299 3368 4357 occultatus
3399 4305 3592 4365 antro,
3623 4315 3742 4369 quo

2093 4379 2265 4434 etiam
2290 4381 2424 4435 Saul
2458 4388 2695 4453 urgente
2740 4385 3053 4440 intraverat
3100 4381 3445 4438 necessitate
3491 4385 3742 4447 natura,

2092 4461 2360 4530 exiguam
2395 4465 2744 4532 particulam
2776 4464 2955 4520 vestis
2988 4465 3115 4535 ejus
3145 4474 3462 4518 retrorsum
3496 4461 3744 4516 latenter

2093 4542 2360 4609 abscidit,
2397 4548 2460 4597 ut
2490 4544 2728 4600 haberet
2759 4547 2914 4601 unde
2947 4549 3323 4608 monstraret,
3354 4541 3644 4614 quomodo
3687 4541 3742 4598 ei

2092 4625 2433 4698 pepercerit,
2467 4642 2595 4682 cum
2629 4633 2825 4698 posset
2854 4627 3148 4693 occidere;
3198 4631 3374 4696 atque
3422 4625 3498 4678 ita
3541 4623 3739 4696 suspi-

2089 4709 2311 4764 cionem
2347 4709 2415 4762 de
2447 4708 2642 4763 animo
2671 4709 2819 4779 ejus,
2853 4724 2970 4778 qua
2999 4712 3274 4762 sanctum
3317 4704 3497 4761 David
3528 4711 3742 4774 putans

2091 4789 2399 4844 inimicum
2464 4805 2637 4844 suum
2695 4789 3065 4844 vehementer
3117 4787 3590 4859 persequebatur,
3639 4802 3744 4840 au-

2091 4871 2279 4926 ferret.
2307 4869 2387 4926 Ne
2417 4870 2615 4942 itaque
2662 4885 2793 4925 reus
2849 4875 3006 4925 esset
3061 4869 3208 4924 tanti
3269 4867 3615 4924 sacramenti
3677 4867 3738 4922 in

2088 4950 2258 5006 Saule
2339 4950 2557 5019 violati,
2639 4951 2775 5020 quia
2847 4951 2937 5006 vel
2992 4950 3401 5005 indumentum
3459 4949 3590 5018 ejus
3650 4947 3740 5004 sic

2089 5031 2433 5097 attrectavit,
2467 5031 2751 5086 extimuit.
2797 5031 2882 5086 Ita
2929 5031 3086 5086 enim
3137 5029 3424 5100 scriptum
3469 5033 3605 5084 est:
3665 5029 3740 5084 Et

2157 5183 2172 5216 ι
2206 5179 2330 5229 Sola
2360 5179 2521 5230 editio
2554 5180 2701 5234 Lov..
2733 5179 2870 5242 quia
2896 5188 2946 5229 et
2974 5179 3154 5228 bveeis
3181 5185 3280 5226 est.

2154 5241 2787 5318 fépudLO‘t-zsctttffd:
2857 5305 2894 5318 ..
2961 5304 2974 5317 .
3203 5292 3210 5310 .-

2153 5307 2173 5339 ³
2205 5301 2290 5354 Sic
2317 5305 2422 5354 Mss
2471 5307 2538 5354 At
2565 5305 2709 5362 editi,
2728 5312 2789 5353 ut
2809 5305 2930 5353 alia
2951 5301 3376 5367 intelligantur.
3406 5315 3549 5366 quae
3578 5304 3741 5364 spon-

2089 5368 2295 5420 dentur
2322 5377 2566 5416 aeterna.

2152 5433 2172 5466 ⁸
2207 5432 2289 5480 Sic
2331 5432 2451 5480 Mss.
2503 5433 2569 5478 At
2614 5428 2760 5484 editi,
2809 5439 3026 5493 quanta
3078 5443 3234 5479 nunc
3286 5425 3746 5490 manifestatione

2180 5510 2294 5541 resc
2301 5510 2333 5541 u
2341 5510 2374 5541 η
2382 5510 2400 5541 ε
2407 5531 2416 5539 .

2180 5511 2210 5540 r
2239 5511 2264 5540 ις
2301 5510 2374 5541 un
2407 5531 2416 5539 .

2088 5494 2174 5590 ch:
2213 5503 2400 5603 eVignd.‘
2433 5558 2484 5605 et
2529 5557 2688 5606 Am.:
2741 5555 3013 5608 Quomodo
3061 5549 3394 5616 conﬁdimus
3452 5553 3747 5616 convenire

2091 5619 2297 5682 omnia.
2332 5619 2413 5668 Er.
2445 5618 2671 5682 δηλοῖ,
2716 5606 2988 5671 Quomodo
3017 5606 3344 5682 Conﬁdinius
3374 5606 3596 5666 evenire
3628 5631 3743 5666 om-

2092 5681 2212 5733 nia.
2240 5681 2364 5732 Mss.
2394 5679 2598 5732 venire.
