4110 6196
317 346 432 407 539

318 479 498 542 Israel
528 479 586 533 in
610 476 724 531 duo
757 473 936 529 fuisse
967 469 1421 538 divisum,alque
1441 467 1522 520 ita
1543 481 1966 538 perseverasse,

320 560 670 621 habentibus
702 552 947 626 singulis
981 551 1242 621 partibus
1275 564 1440 620 reges
1471 565 1632 612 suos,
1657 547 1840 604 donec
1873 546 1974 602 illa

317 661 463 718 gens
488 647 610 696 tota
641 655 672 690 a
703 633 990 718 Chaldaeis
1021 639 1173 718 esset
1228 631 1448 718 ingenti
1469 629 1810 718 vastatique
1836 627 1974 718 sub-

314 707 483 779 versa
513 724 688 788 atque
718 713 1025 769 translata.
1060 711 1166 767 Sed
1228 709 1334 765 hoc
1385 709 1522 780 quid
1583 709 1653 763 ad
1713 707 1972 780 Saiilem,

315 819 451 861 cum
484 801 532 855 si
559 787 672 854 tale
695 794 909 864 aliquid
935 790 1412 848 comminandum
1445 794 1618 856 esset,
1644 787 1753 860 ipsi
1797 789 1975 843 David

317 883 492 939 fuerit
523 878 717 950 potius
765 872 1268 937 comminandum,
1305 871 1472 941 cujus
1529 875 1650 925 erat
1689 870 1844 924 filius
1872 869 1975 950 Sa-

319 949 566 1020 lomon?
590 965 880 1014 Postremo
901 970 1049 1009 nunc
1082 955 1231 1008 inter
1248 969 1308 1007 se
1339 968 1481 1024 gens
1512 953 1752 1006 Hebraea
1791 949 1976 1005 divisa

325 1059 439 1098 non
473 1046 581 1107 est,
615 1039 714 1094 sed
751 1037 1141 1092 indifferenter
1170 1033 1230 1087 in
1261 1033 1526 1103 ejusdem
1556 1030 1769 1086 erroris
1799 1029 1976 1086 socie-

323 1130 437 1179 tate
460 1123 718 1190 dispersa
750 1134 850 1188 per
879 1116 1460 1172 terras.Divisiovero
1489 1113 1610 1177 illa,
1633 1129 1808 1184 quam
1825 1113 1976 1167 Deus

325 1206 433 1259 sub
470 1219 715 1274 persona
749 1197 957 1260 Saﬁlis,
993 1195 1154 1250 illius
1208 1196 1364 1266 regni
1399 1203 1452 1248 et
1495 1193 1694 1264 populi
1725 1192 1973 1263 ﬁguram

319 1283 595 1356 gerentis,
624 1283 806 1336 eidem
823 1294 999 1349 regno
1028 1275 1356 1347 populoque
1370 1276 1619 1330 minatus
1637 1279 1740 1341 est,
1763 1277 1976 1328 interna

323 1354 498 1435 atque
529 1359 916 1418 immutabilis
963 1357 1291 1428 significata
1340 1361 1449 1421 est,
1510 1371 1611 1424 per
1670 1355 1777 1409 hoc
1818 1354 1972 1424 quod

325 1448 665 1515 adjunctum
701 1447 809 1507 est,
843 1443 910 1495 Et
939 1456 1047 1493 non
1079 1445 1448 1503 convertetur,
1490 1454 1664 1508 neque
1693 1436 1976 1506 paenitebit

324 1543 444 1582 eum
473 1547 493 1595 ;
523 1527 783 1595 quoniam
813 1539 926 1576 non
948 1527 1023 1575 est
1043 1522 1186 1574 sicut
1217 1520 1397 1586 homo,
1421 1526 1483 1572 ut
1519 1521 1791 1588 paeniteat
1819 1527 1975 1572 eum:

325 1611 438 1677 ipse
468 1609 734 1671 minatur,
768 1611 821 1657 et
853 1619 965 1656 non
990 1608 1278 1672 permanet
1312 1618 1329 1654 :
1365 1601 1418 1654 id
1448 1605 1551 1666 est,
1584 1600 1752 1654 homo
1787 1599 1975 1654 mina-

325 1697 436 1752 tur,
470 1693 525 1741 et
557 1702 671 1741 non
705 1690 999 1755 permanet
1029 1701 1042 1751 ;
1080 1699 1191 1736 non
1218 1686 1411 1736 autem
1445 1680 1614 1747 Deus,
1649 1696 1823 1750 quem
1858 1695 1972 1735 non

326 1766 589 1840 paenitet,
638 1765 790 1820 sicut
829 1763 1146 1818 hominem.
1208 1761 1313 1817 Ubi
1354 1762 1508 1816 enim
1553 1761 1762 1831 legitur
1818 1759 1973 1832 quod

327 1849 596 1922 pcenileat
627 1863 782 1912 eum,
813 1843 1059 1899 mutatio
1110 1860 1306 1900 rerum
1357 1843 1740 1914 significatur,
1765 1843 1977 1896 immu-

323 1929 486 1986 tabili
515 1927 877 2000 praescientia
901 1931 1168 1980 manente
1191 1922 1406 1979 divina.
1444 1923 1547 1978 Ubi
1573 1940 1704 1995 ergo
1739 1939 1982 1994 nonpce-

327 2009 509 2064 nitere
541 2007 772 2070 dicitur,
810 2021 924 2060 non
961 2009 1187 2059 mutare
1219 2003 1558 2074 intelligitur
1581 2007 1620 2057 ’.

401 2089 453 2142 4.
487 2088 731 2142 Prorsus
763 2085 1136 2141 insolubilem
1183 2085 1452 2139 videmus
1506 2100 1606 2154 per
1637 2083 1755 2138 haec
1804 2082 1982 2138 verba

329 2171 612 2243 prolatam
663 2167 945 2222 divinitus
998 2166 1176 2221 fuisse
1206 2166 1552 2222 sententiam
1586 2167 1656 2220 de
1687 2164 1796 2219 ista
1838 2163 1983 2218 divi-

331 2254 493 2308 sione
510 2250 703 2322 populi
720 2249 980 2316 Israel,et
998 2250 1238 2304 omnino
1255 2247 1982 2318 perpetuam.Quieumque

336 2333 492 2390 enim
528 2333 598 2387 ad
640 2333 931 2386 Christum
973 2329 1353 2400 transierunt,
1400 2328 1486 2383 vel
1527 2332 1854 2395 transeunt,
1895 2327 1983 2382 vel

337 2413 675 2468 transibunt
731 2411 884 2477 inde,
921 2427 1034 2464 non
1084 2414 1250 2464 erant
1307 2410 1442 2464 inde
1507 2409 1824 2462 secundum
1887 2405 1988 2462 Dei

339 2492 788 2565 praescientiam,
815 2509 926 2545 non
943 2491 1264 2545 secundum
1281 2489 1504 2559 generis
1532 2488 1772 2543 humani
1811 2502 1987 2542 unam

335 2576 714 2644 eamdemque
749 2576 1039 2626 naturam.
1075 2576 1323 2626 Prorsus
1345 2571 1699 2640 quicumque
1720 2584 1786 2622 ex
1809 2571 1989 2624 Israe.

336 2651 1060 2709 litisadhaerentesChristo
1087 2655 1455 2722 perseverant
1476 2651 1530 2703 in
1556 2649 1984 2716 illo,nunquam

337 2738 508 2788 erunt
538 2747 672 2786 cum
695 2732 778 2786 eis
826 2730 1122 2796 Israelitis,
1151 2731 1250 2801 qui
1293 2732 1421 2799 ejus
1454 2729 1674 2784 inimici
1711 2744 1898 2799 usque
1927 2727 1986 2782 in

343 2812 517 2865 tinem
552 2810 674 2864 vitae
709 2811 888 2880 hujus
919 2826 1043 2864 esse
1075 2813 1388 2879 persistunt
1422 2826 1434 2863 :
1467 2810 1566 2864 sed
1592 2809 1648 2863 in
1683 2809 1986 2872 divisione,

341 2907 467 2961 quas
503 2891 594 2944 hic
639 2891 1022 2961 praenuntiata
1067 2897 1178 2958 est,
1212 2895 1486 2962 perpetuo
1541 2888 1988 2959 permanebunt.

341 2970 489 3024 Nihil
518 2970 672 3024 enim
716 2971 949 3040 prodest
977 2973 1407 3026 Testamentum
1458 2975 1623 3024 vetus
1682 2969 1750 3021 de
1793 2972 1988 3022 monte

340 3052 478 3108 Sina
501 3051 559 3106 in
591 3052 928 3106 servitutem
989 3067 1274 3121 generans
1322 3051 1528 3120 (Galat.
1591 3065 1667 3114 IV,
1697 3049 1809 3119 24),
1874 3047 1988 3102 nisi

333 3132 469 3203 quia
497 3131 895 3187 testimonium
923 3131 1187 3203 perhibet
1224 3133 1595 3186 Testamento
1629 3145 1796 3184 novo.
1824 3127 1983 3184 Alio-

333 3215 474 3285 quin
509 3213 789 3284 quamdiu
823 3212 1033 3282 legitur
1056 3211 1300 3282 Moyses,
1334 3211 1593 3266 velamen
1619 3225 1794 3279 super
1811 3210 1985 3264 corda

333 3310 533 3351 eorum
567 3294 816 3364 positum
851 3296 965 3346 est:
999 3308 1131 3346 cum
1158 3296 1351 3344 autem
1385 3292 1628 3360 quisque
1652 3289 1788 3344 inde
1820 3295 1981 3344 tran-

335 3374 498 3429 sierit
529 3376 595 3428 ad
629 3374 945 3438 Christum,
980 3371 1271 3426 auferetur
1319 3371 1580 3426 velamen
1613 3370 1679 3440 (Il
1742 3370 1862 3426 Cor.
1895 3387 1983 3439 ιιι,

335 3457 400 3510 15
431 3459 485 3508 et
513 3454 625 3524 16).
659 3452 1107 3508 Transeuntium
1131 3453 1348 3523 quippe
1381 3451 1770 3522 intentioipsa
1794 3456 1987 3505 muta-

337 3540 433 3590 tur
463 3535 533 3589 de
564 3539 748 3588 vetere
771 3533 842 3587 ad
863 3549 1076 3587 novum
1112 3551 1125 3598 ;
1162 3537 1226 3587 ut
1252 3533 1496 3601 nonjam
1529 3531 1772 3603 quisque
1803 3533 1990 3588 inten-

337 3616 429 3669 dat
461 3613 719 3684 accipere
751 3611 1066 3679 carnalem,
1109 3613 1210 3667 sed
1233 3612 1594 3683 spiritualem
1628 3612 1986 3668 felicitatem.

337 3696 577 3764 Propter
607 3694 757 3763 quad
798 3694 919 3762 ipse
964 3709 1210 3764 magnus
1272 3693 1547 3764 propheta
1587 3692 1843 3760 Samuel,
1885 3710 1990 3747 an-

335 3782 570 3847 tequam
602 3774 866 3830 unxisset
910 3790 1103 3845 regem
1141 3773 1302 3840 Saiil,
1349 3775 1608 3842 Fquando
1650 3774 1993 3829 exclamavit

335 3856 406 3910 ad
441 3856 747 3911 Dominum
781 3871 883 3925 pro
917 3852 1115 3919 Israel,
1149 3858 1206 3908 et
1236 3854 1526 3908 exaudivit
1555 3869 1687 3909 eum
1717 3871 1730 3920 ;
1764 3863 1816 3907 et
1863 3869 1990 3908 cum

338 3939 567 3994 offerret
616 3935 1066 3990 holocaustosim
1102 3934 1143 4000 ε,
1179 3934 1586 3989 accedentibus
1645 3933 1989 4004 alienigenis

337 4019 406 4074 ad
442 4032 698 4088 pugnam
723 4022 921 4070 contra
979 4015 1251 4084 populum
1307 4013 1428 4077 Dei,
1476 4013 1665 4068 tonuit
1717 4014 1990 4069 Dominus

339 4115 519 4170 super
556 4114 677 4163 eos,
726 4100 784 4150 et
806 4097 1026 4151 confusi
1078 4100 1235 4162 sunt,
1271 4103 1325 4149 et
1367 4095 1733 4149 offenderunt
1795 4111 1988 4150 coram

341 4179 544 4247 Israel,
605 4183 777 4248 atque
832 4175 1084 4247 superati
1152 4181 1282 4230 sunt
1319 4193 1331 4229 :
1365 4175 1686 4247 assumpsit
1732 4174 1988 4245 lapidem

345 4274 551 4325 unum,
583 4263 639 4313 et
665 4257 869 4310 statuit
899 4256 1065 4310 illum
1102 4255 1248 4309 inter
1285 4254 1615 4322 Massephat
1642 4252 1665 4286 ³
1699 4269 1900 4307 novam
1934 4261 1992 4311 et

339 4343 610 4402 veterem,
657 4345 711 4391 et
749 4336 970 4390 vocavit
1005 4350 1213 4388 nomen
1266 4335 1390 4403 ejus
1450 4334 1794 4399 Abcnnezer,
1833 4333 1986 4402 quod

338 4424 424 4474 est
455 4417 630 4472 latine
652 4417 820 4486 Lapis
843 4416 1123 4485 adjutoris
1152 4413 1174 4446 ⁴
1205 4431 1217 4468 :
1254 4419 1310 4468 et
1339 4413 1501 4479 dixit,
1541 4416 1715 4482 Usque
1762 4415 1866 4469 huc
1888 4416 1990 4470 ad-

329 4503 484 4572 juvit
517 4515 614 4553 nos
659 4501 922 4553 Dominus
969 4497 1016 4566 (l
1079 4500 1209 4565 Reg.
1259 4512 1358 4560 vn,
1417 4496 1594 4566 5-12).
1657 4495 1991 4568 Massepbat

337 4584 752 4650 interpretatur
781 4578 1052 4633 intentio.
1083 4577 1250 4647 Lapis
1285 4577 1378 4631 ille
1402 4578 1686 4647 adjutoris
1711 4578 1987 4633 medietas

337 4667 426 4718 est
458 4659 798 4722 Salvatoris,
835 4674 934 4727 per
960 4675 1131 4729 quem
1159 4660 1582 4713 transeundum
1601 4667 1686 4712 est
1720 4676 1750 4711 a
1774 4663 1987 4714 Masso-

340 4741 457 4814 pha
496 4745 683 4795 vetere
727 4739 797 4792 ad
832 4755 1063 4803 novam,
1113 4739 1166 4791 id
1213 4747 1316 4805 est,
1369 4738 1442 4792 ab
1495 4739 1816 4792 intentione
1874 4755 1992 4808 qua

341 4819 779 4892 exspectabatur
851 4819 910 4874 in
971 4818 1185 4873 carnali
1245 4835 1424 4890 regno
1483 4819 1772 4872 beatitudo
1845 4819 1992 4872 falsa

339 4902 615 4969 carnalis,
653 4900 722 4954 ad
771 4899 1154 4954 intentionem
1213 4915 1328 4970 qua
1371 4915 1471 4970 per
1530 4915 1739 4953 novum
1800 4898 1993 4953 Testa-

337 4987 597 5036 mentum
631 4987 996 5048 exspectatur
1026 4979 1083 5033 in
1142 4995 1320 5051 regno
1377 4978 1650 5034 enatorum
1695 4979 1991 5034 beatitudo

407 5244 420 5276 1
458 5239 582 5288 Sola
608 5237 770 5286 editio
805 5237 950 5295 Lov.,
983 5251 1094 5286 non
1123 5237 1343 5286 mutari
1374 5236 1735 5299 intelligitur.

412 5307 434 5342 2
463 5301 548 5350 Sic
575 5301 696 5350 Mss.
727 5300 882 5361 juxta
909 5299 1273 5361 Septuaginta.
1304 5301 1372 5348 At
1399 5301 1544 5358 editi,
1577 5300 1958 5349 holocaustum
1982 5315 1995 5360 ;

346 5365 432 5416 cui
464 5365 625 5414 verbo
655 5364 736 5412 Er.
770 5362 933 5420 addit,
969 5362 1163 5410 simul.

410 5427 432 5463 3
462 5428 618 5487 Editi,
655 5427 928 5488 Masphat.
966 5426 1178 5474 Veteres
1220 5427 1400 5475 autem
1426 5425 1567 5482 libri,
1622 5427 1683 5475 ut
1727 5425 1871 5488 apud
1911 5423 1999 5476 Se-

346 5492 647 5552 ptuaginta,
681 5488 974 5550 Massepha
982 5497 1016 5538 t.

412 5552 433 5584 ι
468 5549 622 5611 Editi,
654 5549 949 5612 adjutorii.
985 5552 1052 5600 At
1085 5551 1228 5607 Mss.,
1259 5551 1575 5612 adjutoris:
1604 5551 1761 5613 juxta
1788 5549 2001 5612 Septua-

351 5613 518 5676 ginta,
553 5613 793 5664 boethou.

1354 333 1460 391 DE
1503 330 1870 392 CIVITATE
1915 328 2071 408 DEI,
2124 332 2186 392 S.
2235 330 2665 393 AUGUSTINI

3606 327 3726 387 540

2079 463 2382 520 verissima
2425 461 2751 535 spiritualis
2785 479 2800 519 :
2833 479 2942 533 qua
2971 462 3248 534 quoniam
3298 459 3445 518 nihil
3494 464 3584 518 est
3615 477 3729 518 rne-

2079 545 2214 615 lius,
2246 545 2362 601 huc
2396 561 2584 618 usque
2615 546 2851 615 adjuvat
2879 544 3056 602 Deus.

2079 735 2311 792 CAPUT
2343 734 2492 792 VIII.
2525 764 2592 775 —-
2623 735 2694 788 De
2706 733 3158 806 promissionibus
3200 735 3274 789 ad
3312 735 3486 790 David
3525 737 3586 790 in
3614 737 3729 805 ﬁlio

2149 818 2287 886 ejus,
2319 831 2440 887 quae
2470 816 2788 870 nullatenus
2834 816 2894 867 in
2924 814 3236 884 Salomone,
3274 816 3368 871 sed
3398 817 3727 886 plenissime

2150 901 2510 953 inveniuntur
2534 901 2595 952 in
2626 897 2861 953 Christo.

2150 1061 2202 1116 l.
2233 1061 2365 1117 Jam
2398 1077 2554 1116 nunc
2594 1061 2756 1117 video
2787 1077 2916 1116 esse
2955 1062 3404 1116 monstrandum
3437 1060 3584 1132 quid
3613 1060 3728 1134 ipsi

2079 1143 2285 1209 David,
2317 1143 2417 1216 qui
2451 1142 2604 1198 Sauli
2637 1143 2920 1198 successit
2952 1143 3009 1198 in
3037 1159 3301 1213 regnum,
3333 1144 3504 1212 cujus
3538 1147 3730 1198 muta-

2079 1225 2236 1280 tione
2262 1224 2451 1279 finalis
2474 1223 2572 1279 illa
2604 1224 2848 1279 mutatio
2881 1224 3127 1295 ﬁgurata
3157 1231 3265 1290 est,
3293 1232 3523 1296 propter
3551 1239 3728 1295 quam

2079 1305 2361 1361 divinitus
2384 1314 2590 1360 cuncta
2611 1305 3010 1371 dicta,cuncta
3039 1305 3370 1376 conscripta
3387 1311 3545 1375 sunt,
3580 1309 3732 1360 Deus

2082 1387 2434 1457 promiserit,
2468 1387 2615 1455 quod
2651 1385 2720 1440 ad
2763 1401 2883 1440 rem
2927 1402 3041 1456 qua
3069 1386 3140 1440 de
3173 1384 3400 1456 agimus
3459 1386 3725 1454 pertinet.

2079 1467 2219 1522 Cum
2256 1467 2369 1535 regi
2402 1467 2578 1520 David
2611 1467 2797 1520 multa
2821 1481 3096 1536 prospera
3121 1465 3546 1535 provenissent,
3578 1467 3732 1537 cogi-

2079 1549 2219 1602 tavit
2258 1547 2442 1602 facere
2495 1549 2602 1603 Deo
2655 1547 2918 1614 domum,
2965 1546 3247 1617 templum
3302 1547 3444 1602 illud
3502 1545 3729 1602 scilicet

2081 1627 2567 1683 excellentissime
2607 1627 2991 1689 diffamatum,
3019 1627 3170 1697 quod
3203 1643 3236 1681 a
3267 1642 3400 1698 rege
3422 1627 3729 1682 Salomone

2082 1708 2200 1764 ﬁlio
2232 1709 2359 1778 ejus
2393 1713 2590 1777 postea
2625 1709 2969 1762 fabricatum
3015 1712 3119 1762 est.
3156 1712 3270 1762 Hoc
3319 1724 3385 1762 eo
3414 1709 3726 1778 cogitante,

2082 1791 2294 1846 factum
2328 1795 2416 1844 est
2456 1790 2688 1843 verbum
2737 1789 2968 1843 Domini
3000 1789 3070 1843 ad
3105 1789 3329 1842 Nathan
3364 1788 3734 1858 pr0phetam,

2082 1873 2228 1942 quod
2252 1871 2526 1942 perferret
2547 1870 2615 1922 ad
2633 1867 2961 1938 regem.Ubi
2986 1884 3116 1922 cum
3139 1868 3381 1923 dixisset
3399 1869 3555 1923 Deus
3579 1869 3735 1939 quod

2084 1969 2197 2008 non
2228 1952 2299 2006 ab
2330 1952 2455 2021 ipso
2496 1951 2668 2005 David
2709 1950 2820 2005 sibi
2845 1949 3227 2005 aedificaretur
3263 1950 3498 2018 domus,
3547 1963 3734 2019 neque

2085 2049 2185 2104 per
2217 2038 2444 2086 tantum
2466 2037 2700 2102 tempus
2730 2046 2789 2085 se
2815 2030 3412 2100 mandassecuiquam
3435 2030 3494 2083 in
3520 2028 3731 2100 populo

2084 2129 2212 2181 suo,
2247 2118 2308 2167 ut
2338 2112 2448 2167 sibi
2474 2111 2635 2166 ﬁeret
2656 2111 2868 2166 domus
2900 2109 3132 2165 cedrina
3169 2126 3182 2164 :
3215 2111 3282 2164 Et
3312 2125 3484 2178 nunc,
3519 2110 3729 2180 inquit,

2086 2197 2201 2249 hac
2231 2194 2374 2248 dices
2401 2209 2554 2247 servo
2576 2209 2693 2247 meo
2725 2192 2928 2247 Dauid:
2963 2191 3087 2246 Haec
3108 2191 3242 2245 dicit
3271 2193 3533 2244 Dominus
3562 2191 3740 2243 omni-

2085 2281 2272 2346 potens
2303 2291 2324 2326 :
2352 2275 2556 2342 Accepi
2585 2279 2636 2327 te
2663 2272 2728 2326 de
2776 2272 2906 2326 ovili
2955 2273 3158 2336 ovium,
3190 2276 3252 2324 ut
3299 2285 3435 2324 esses
3461 2272 3519 2322 in
3549 2269 3742 2324 ducem

2087 2373 2254 2428 super
2280 2356 2545 2426 populum
2588 2370 2762 2408 meum
2800 2355 2859 2406 in
2891 2353 2904 2385 ¹
2937 2351 3130 2416 Israel,
3163 2359 3217 2406 et
3272 2367 3421 2406 cram
3479 2358 3651 2405 tecum
3682 2351 3745 2404 in

2090 2436 2335 2491 omnibus
2365 2435 2556 2505 quibus
2598 2432 3021 2502 ingrediebaris,
3053 2438 3106 2485 et
3149 2433 3516 2486 exterminavi
3560 2445 3746 2485 omnes

2091 2519 2340 2572 inimicos
2362 2523 2482 2570 tuos
2512 2533 2546 2571 a
2573 2518 2715 2584 facie
2746 2521 2865 2582 tua,
2887 2519 2939 2567 et
2959 2516 3068 2582 feci
3097 2518 3149 2566 te
3180 2514 3529 2567 nominatum
3557 2527 3749 2566 secun-

2092 2600 2219 2653 dum
2251 2614 2450 2652 nomen
2492 2612 2823 2666 magnorum
2867 2595 2964 2665 qui
3009 2600 3139 2648 sunt
3195 2608 3358 2662 super
3406 2599 3611 2646 terram
3643 2611 3662 2657 ;
3691 2597 3746 2645 et

2086 2696 2296 2752 ponam
2318 2681 2492 2734 locum
2510 2678 2718 2748 populo
2748 2691 2865 2730 meo
2891 2675 3084 2739 Israel,
3104 2679 3157 2727 et
3185 2673 3455 2742 plantabo
3485 2672 3661 2730 illum,
3692 2676 3747 2724 et

2091 2760 2428 2817 inhabitabit
2468 2775 2729 2823 seorsum,
2763 2764 2816 2811 et
2853 2772 2965 2811 non
3012 2753 3280 2810 sollicitus
3312 2753 3420 2808 erit
3471 2754 3659 2818 ultra;
3691 2758 3747 2806 et

2092 2861 2205 2898 non
2235 2848 2476 2914 apponet
2495 2842 2639 2909 ﬁlius
2656 2840 2969 2908 iniquitatis
2999 2836 3292 2890 hnmiliare
3321 2850 3463 2900 eum,
3494 2836 3643 2887 sicut
3674 2833 3746 2887 ab

2092 2926 2253 2978 initio
2275 2940 2308 2977 a
2328 2922 2516 2976 diebus
2537 2916 2737 2989 quibus
2775 2919 3039 2972 constitui
3054 2915 3266 2986 judices
3279 2929 3442 2983 super
3468 2914 3754 2982 populum

2091 3020 2265 3058 meum
2285 3000 2477 3056 Israel.
2505 3001 2566 3053 Et
2594 3000 2834 3068 requiem
2866 2998 2968 3050 tibi
2987 2996 3127 3050 dabo
3147 2994 3210 3049 ab
3232 2992 3478 3048 omnibus
3501 2993 3758 3045 inimicis

2093 3085 2227 3138 tuis:
2242 3089 2292 3136 et
2314 3079 2621 3135 nuntiabit'2
2639 3078 2742 3132 tibi
2758 3079 3042 3143 Dominus,
3059 3076 3317 3146 quoniam
3333 3072 3550 3127 domum
3568 3071 3749 3139 aediﬁ-

2089 3165 2234 3220 cabis
2256 3166 2384 3233 ipsi.
2421 3163 2486 3215 Et
2508 3163 2612 3215 erit
2634 3175 2755 3214 cum
2775 3159 2975 3227 repleti
2994 3158 3208 3223 fuerint
3233 3155 3344 3210 dies
3367 3155 3468 3216 tui,
3493 3159 3545 3207 et
3569 3155 3589 3186 ³
3613 3152 3756 3205 dor-

2089 3247 2218 3300 mies
2239 3260 2358 3299 cum
2384 3242 2638 3309 patribus
2670 3241 2796 3307 tuis,
2828 3245 2878 3292 et
2906 3238 3179 3293 suscitabo
3207 3251 3387 3291 semen
3420 3240 3576 3287 tuum
3621 3239 3753 3302 post

2092 3333 2164 3392 te,
2188 3327 2284 3396 qui
2301 3323 2488 3377 eritde
2516 3327 2706 3375 ventre
2751 3326 2866 3384 tuo,
2895 3325 2946 3372 et
2971 3317 3306 3388 praeparabo
3337 3330 3570 3396 regnum
3604 3315 3746 3396 ejus.

2090 3393 2512 3473 Hicédiﬁcabit
2540 3401 2673 3455 mihi
2702 3399 2924 3453 domum
2980 3399 3192 3452 nomini
3237 3411 3376 3461 meo,
3409 3401 3461 3449 et
3511 3393 3755 3461 dirigam

2091 3488 2354 3542 thronum
2383 3485 2532 3538 illius
2562 3498 2732 3552 usque
2760 3482 2819 3533 in
2849 3487 3136 3534 aeternum.
3159 3479 3274 3547 Ego
3305 3492 3398 3529 ero
3427 3475 3514 3528 illi
3560 3476 3618 3527 in
3645 3490 3758 3542 pa-

2093 3575 2251 3633 trem,
2283 3574 2335 3622 et
2364 3566 2456 3620 ille
2485 3566 2591 3619 erit
2654 3561 2787 3615 mihi
2833 3563 2891 3613 in
2935 3561 3131 3628 ﬁlium.
3163 3560 3231 3613 Et
3259 3560 3309 3612 si
3339 3556 3549 3612 venerit
3576 3555 3598 3589 ‘
3638 3556 3750 3607 ini-

2091 3653 2272 3720 quitas
2305 3651 2440 3719 ejus.
2474 3647 2803 3712 redarguam
2849 3642 3004 3695 illum
3034 3643 3094 3694 in
3124 3643 3286 3709 virga
3310 3639 3575 3701 virorum,
3610 3641 3660 3688 et
3689 3635 3756 3688 in

2093 3719 2325 3786 tactibus
2380 3732 2618 3797 ﬁliorum
2700 3728 2980 3780 hominum
3028 3719 3510 3776 :miscricordiam
3558 3723 3749 3771 autem

2091 3827 2266 3866 meam
2294 3796 2404 3865 non
2435 3823 2713 3864 amoveam
2731 3805 2801 3860 ab
2827 3821 2908 3871 eo,
2929 3805 3068 3857 sicut
3087 3804 3267 3856 amovi
3298 3816 3331 3854 a
3351 3796 3546 3871 quibus
3562 3797 3750 3851 amovi

2091 3912 2126 3950 a
2153 3896 2303 3963 facie
2327 3909 2446 3946 mea
2476 3892 2526 3945 ⁶;
2558 3896 2609 3943 et
2625 3887 2799 3956 ﬁdelis
2817 3887 2921 3940 erit
2950 3884 3141 3938 domus
3154 3884 3293 3952 ejus,
3313 3887 3364 3936 et
3379 3894 3610 3963 regnum
3626 3879 3751 3948 ejus

2092 3993 2260 4047 usque
2289 3978 2347 4028 in
2375 3979 2638 4027 mternum
2668 3984 2854 4024 coram
2885 3983 2988 4033 me,
3019 3971 3071 4019 et
3094 3965 3323 4018 thronus
3353 3963 3469 4032 ejus
3482 3962 3590 4014 erit
3620 3974 3750 4013 ere-

2091 4043 2230 4118 ctus,
2261 4071 2431 4126 usque
2460 4056 2517 4107 in
2547 4058 2813 4106 aeternum
2846 4047 2914 4118 (Il
2946 4048 3076 4115 Reg.
3111 4062 3207 4099 vn.
3240 4043 3415 4107 8.16).

2162 4144 2216 4195 2.
2248 4118 2400 4194 Hanc
2431 4142 2549 4190 tam
2582 4133 2858 4202 grandem
2887 4125 3334 4200 promissionem
3355 4123 3450 4194 qui
3487 4125 3654 4192 putat
3677 4118 3748 4202 in

2091 4219 2397 4275 Salomone
2429 4199 2606 4270 fuisse
2628 4199 2996 4280 completam,
3022 4205 3264 4260 multum
3291 4206 3462 4259 errat.
3479 4199 3754 4256 Attendit

2091 4300 2245 4356 enim
2279 4299 2430 4369 quod
2467 4296 2686 4350 dictum
2717 4296 2822 4356 est,
2852 4289 2954 4343 Hic
2990 4285 3290 4369 aediﬁcabit
3318 4282 3455 4369 mihi
3497 4280 3748 4369 domum;

2094 4360 2367 4452 quoniam
2401 4375 2674 4432 Salomon
2709 4369 2983 4452 templum
3017 4365 3160 4452 illud
3195 4363 3388 4452 nobile
3415 4360 3747 4416 exstruxit:

2093 4445 2148 4518 et
2178 4476 2292 4514 non
2325 4455 2594 4522 attendit,
2625 4453 2822 4508 Fidelis
2861 4451 2967 4503 erit
2997 4446 3187 4501 domus
3234 4445 3374 4514 ejus,
3413 4449 3465 4497 et
3510 4455 3750 4510 regnum

2093 4543 2209 4613 ejus
2238 4556 2408 4609 usque
2437 4541 2497 4591 in
2525 4543 2790 4591 aeternum
2820 4546 3018 4613 coram
3054 4545 3157 4583 me.
3207 4524 3484 4613 Attendat
3525 4523 3754 4613 ergoet

2091 4601 2335 4696 avspiciat
2351 4617 2680 4675 Salomonis
2705 4615 2940 4670 domum
2967 4609 3194 4683 plenam
3225 4604 3570 4662 mulieribus
3606 4601 3756 4657 alie-

2163 4934 2176 4966 ί
2211 4924 2632 4995 Hic_restituitur
2659 4935 2725 4971 ex
2750 4921 2874 4995 Mss.
2914 4916 3196 4995 pprtip‘ula,
3230 4913 3314 4976 in,
3345 4911 3489 4973 ante,
3527 4907 3714 4957 Israel

2097 4980 3136 5103 ²⁸ἓ⁹⁰ἒὲ⁶¹¹ιῗεξῖ⁸⁶ἑὲέιῖ²⁹ἷίοξὲ⁰(ἐίὲχέξ·
3172 5052 3289 5102 cap.
3358 5037 3438 5098 12,
3491 5043 3546 5084 et
3601 5047 3758 5081 πυηρ

2104 5125 2352 5250 ηξυέἓὶιὶ
2377 5176 2652 5250 omittunt,
2697 5180 2778 5250 et...
2812 5169 3031 5250 ‘Habept
3047 5164 3399 5250 JMsELju-oxta
3441 5160 3605 5218 LXX;
3634 5169 3758 5222 pro-

2097 5256 2220 5306 que,
2251 5239 2505 5297 dormies,
2538 5234 2784 5286 nonnulli
2812 5233 3007 5287 ferunt,
3039 5231 3354 5278 dormieris.
3504 5286 3515 5298 .

2164 5308 2184 5341 ⁴
2213 5305 2336 5354 Sola
2363 5303 2524 5351 edit-io
2555 5301 2678 5349 Lov.
2709 5298 2783 5346 Et
2818 5311 2945 5345 cum
2986 5291 3215 5342 venerit.
3251 5317 3305 5326 ——
3335 5287 3421 5338 Sic
3446 5287 3610 5338 etiam
3638 5295 3756 5334 om-

2100 5382 2196 5418 nes
2224 5368 2426 5418 codices
2455 5363 2640 5413 nostri.
2672 5361 2890 5421 excepto
2918 5355 3058 5406 2050.
3090 5357 3158 5406 M.

2165 5409 2195 5467 ἶ
2221 5409 2710 5488 limina—quibus
2737 5409 2921 5488 amovi
2948 5421 3152 5488 faciem
3197 5429 3427 5488 meum.”
3445 5413 3513 5461 At
3553 5409 3757 5488 probae

2102 5475 2670 5552 notae—m'anuscripti
2743 5475 3152 5552 Gervasianus._
3202 5477 3556 5552 Colbertinus,
3635 5475 3744 5552 etc.

2102 5539 2424 5606 Edﬁéérdaat
2451 5539 2574 5603 eum
2592 5539 2796 5614 ‘graeco
2847 5546 3213 5611 Septuaginta,
3259 5539 3458 5603 aph’dn
3504 5541 3760 5601 apcstesa

2103 5617 2168 5667 eis
2189 5622 2462 5681 praepete
2489 5629 2638 5668 mou.
