4110 6196
297 364 415 428 541

1460 362 1693 424 LIBER
1737 361 2082 427 DECIMUS
2125 363 2540 430 SEPTIMUS.

3581 374 3699 438 542

287 500 517 574 nigenis
546 498 871 556 colentibus
887 499 1027 556 deos
1048 498 1306 569 falsos,et
1326 499 1522 570 ipsum
1539 499 1612 554 ab
1634 497 1721 554 eis
1742 512 1938 569 regem
2049 501 2399 571 promissus,
2439 516 2571 558 eum
2616 501 2812 558 venire
2854 504 3182 574 oportebat,
3232 507 3331 578 qui
3381 508 3694 566 aediﬁcaret

282 581 596 654 aliquando
619 580 936 652 sapientem
959 580 1020 636 in
1038 578 1711 637 eamdemidololatriam
1733 579 1939 635 seduc-
2044 581 2283 636 domum
2315 581 2454 649 Deo,
2487 598 2603 637 non
2627 583 2697 638 de
2726 582 2903 655 lignis
2935 588 2993 639 et
3018 583 3335 654 lapidibus,
3367 589 3467 644 sed
3498 590 3569 645 de
3601 590 3701 644 bo-

279 666 402 718 tum
435 665 610 732 atque
627 660 913 731 dejectum
938 664 1027 716 :et
1047 660 1389 716 nonaudeat
1409 658 1935 739 existimareADeum
2043 663 2325 731 minibus,
2365 663 2599 735 qualem
2640 664 2806 720 illum
2853 665 3139 721 aediﬁcare
3186 670 3519 739 gaudemus.
3553 670 3695 726 Huic

282 744 370 798 vel
415 740 526 797 hoc
570 738 902 812 promissise
931 740 1308 796 mendaciter.
1343 738 1431 794 vel
1463 738 1633 794 talem
1670 736 1932 795 Salomo-

280 837 415 878 nam
448 821 1204 892 domumqueejusfuturam
1233 837 1347 876 non
1362 819 1621 893 potuisse
1643 820 1929 890 prmscire.

276 902 402 960 Non
435 902 570 958 hinc
589 906 777 957 autem
801 902 1142 958 deberemus
1160 901 1480 973 ambigere,
1513 917 1615 956 nec
1639 901 1685 957 si
1722 916 1838 957 non
1868 900 1929 957 in

272 984 506 1042 Christo
549 982 791 1038 Domino
832 988 1050 1050 nostro,
1081 983 1173 1054 qui
1205 984 1391 1040 iactus
1441 988 1529 1039 est
1583 998 1652 1037 ex
1707 981 1930 1038 semine

288 1064 462 1120 David
497 1061 819 1119 secundum
833 1078 1064 1119 carnem
1080 1065 1251 1134 (Rom.
1282 1082 1320 1131 ι,
1354 1064 1427 1133 3),
1453 1064 1574 1134 jam
1596 1063 1929 1120 videremus

272 1145 387 1201 ista
416 1142 697 1215 compleri
729 1160 743 1199 :
780 1159 850 1199 ne
870 1159 1015 1199 vane
1055 1149 1228 1215 atque
1282 1144 1539 1199 inaniter
1591 1143 1687 1199 hic
1744 1143 1926 1200 alium

273 1224 531 1296 aliquem
565 1223 1130 1296 requiramus,sicut
1157 1225 1420 1281 carnales
1450 1224 1658 1280 Judaai.
1683 1223 1829 1279 Nam
1871 1232 1927 1280 et

270 1303 385 1376 ipsi
411 1320 598 1374 usque
628 1304 768 1360 adeo
797 1302 1003 1371 ﬁlium,
1033 1320 1205 1375 quem
1238 1304 1363 1361 loco
1422 1305 1534 1364 isto
1577 1305 1695 1375 regi
1740 1304 1921 1361 David

267 1385 620 1456 promissum
653 1383 873 1452 legunt,
919 1383 1256 1457 intelligunt
1288 1401 1401 1441 non
1452 1385 1629 1441 fuisse
1661 1383 1923 1440 Salomo-

266 1480 424 1532 nem,
460 1467 525 1519 ut
549 1478 617 1519 eo
647 1463 750 1535 qui
801 1464 1125 1535 promissus
1153 1468 1244 1519 est
1272 1469 1437 1521 tanta
1469 1466 1597 1535 jam
1641 1464 1922 1520 manifes-

263 1544 487 1600 tationc
533 1544 822 1600 declarato
878 1544 1070 1601 adhuc
1121 1544 1372 1601 mirabili
1431 1546 1688 1602 caecitate
1736 1545 1916 1601 alium

263 1638 499 1696 sperare
528 1640 590 1680 se
622 1623 838 1679 dicant.
860 1624 1032 1681 Facta
1053 1632 1137 1681 est
1161 1625 1396 1697 quidem
1422 1625 1697 1681 nonnulla
1727 1626 1916 1697 imago

262 1704 344 1760 rei
379 1704 587 1760 futura!
617 1703 792 1759 etiam
825 1705 883 1760 in
909 1702 1231 1773 Salomone,
1264 1705 1324 1761 in
1346 1723 1412 1762 eo
1443 1707 1595 1779 quod
1629 1706 1915 1777 templum

264 1783 595 1851 aediﬁcavit,
615 1788 672 1839 et
703 1800 902 1854 pacem
925 1783 1132 1840 habuit
1151 1787 1468 1841 secundum
1495 1802 1705 1842 nomen
1738 1801 1913 1842 suum

263 1862 568 1934 (Salomon
599 1863 812 1935 quippe
843 1863 1231 1921 Paciﬁcusest
1253 1865 1471 1938 latine),
1504 1872 1562 1922 et
1591 1867 1647 1921 in
1681 1865 1915 1922 exordio

266 1943 434 2015 regni
465 1942 557 1999 sui
590 1943 931 2000 mirabiliter
955 1944 1270 2001 laudabilis
1293 1945 1429 2001 fuit:
1450 1948 1550 2002 sed
1574 1947 1775 2002 eadem
1806 1961 1916 2001 sua

266 2038 522 2093 persona
554 2038 656 2095 per
672 2024 938 2080 umbram
962 2025 1137 2080 futuri
1165 2026 1560 2096 pasnuntiabat
1587 2028 1757 2083 etiam
1790 2026 1916 2096 ipse

260 2102 559 2159 Christum
593 2104 903 2161 Dominum
935 2110 1221 2173 nostrum,
1252 2123 1367 2161 non
1392 2107 1719 2163 exhibebat.
1750 2106 1916 2162 Unde

264 2184 537 2255 quaedam
569 2185 639 2240 de
666 2184 766 2240 illo
797 2184 877 2240 ila
907 2187 1127 2257 scripta
1160 2190 1316 2254 sunt,
1355 2186 1519 2257 quasi
1553 2186 1624 2242 de
1653 2188 1779 2257 ipso
1810 2188 1917 2242 ista

264 2264 549 2336 praedicta
578 2265 715 2333 sint,
751 2263 888 2320 dum
934 2265 1233 2338 Scriptura
1284 2272 1490 2323 sancta
1531 2268 1706 2323 etiam
1747 2266 1918 2323 rebus

259 2345 453 2416 gestis
488 2342 864 2415 prophetans,
896 2345 1323 2415 quodammodo
1355 2347 1413 2401 in
1444 2363 1510 2403 eo
1543 2347 1790 2420 ﬁguram
1823 2348 1918 2404 de-

252 2423 456 2478 lineat
484 2423 833 2479 futurorum.
863 2425 1006 2479 Nam
1040 2430 1247 2496 praeter
1273 2425 1452 2482 libros
1480 2428 1689 2483 divinae
1737 2428 1916 2485 histo-

264 2500 392 2569 ria,
428 2502 528 2557 ubi
559 2518 835 2575 regnasse
873 2511 1161 2576 narratur,
1193 2505 1457 2563 Psalmus
1484 2507 1653 2563 etiam
1688 2513 1920 2579 septua-

264 2580 532 2652 gesimus
550 2583 773 2651 primus
795 2582 968 2638 titulo
1001 2584 1253 2640 nominis
1272 2586 1399 2655 ejus
1429 2587 1747 2660 inscriptus
1777 2593 1867 2643 est
1896 2605 1911 2644 :

258 2660 321 2715 in
360 2676 477 2731 quo
511 2665 631 2716 tam
663 2663 849 2718 multa
877 2663 1168 2732 dicuntur,
1201 2682 1327 2737 quis
1359 2668 1596 2723 omnino
1638 2669 1686 2724 ei
1720 2684 1917 2724 conve-

261 2739 396 2794 nire
419 2756 533 2794 non
553 2746 821 2809 possunt,
847 2744 1090 2801 Domino
1112 2751 1304 2802 autem
1327 2747 1551 2803 Christo
1572 2748 1873 2819 aptissima
1894 2751 1911 2786 ι

252 2820 689 2901 perspicuitate
733 2825 1106 2893 conveniunt,
1140 2830 1205 2880 ut
1267 2827 1566 2884 evidenter
1620 2834 1913 2901 appareat,

249 2903 408 2970 quod
441 2899 501 2955 in
533 2900 634 2957 illo
665 2900 851 2973 ﬁgura
879 2904 1325 2978 qualiscumque
1352 2899 1711 2964 adumbrata
1728 2909 1821 2974 sit,
1852 2910 1912 2965 in

253 2980 373 3037 isto
404 2986 599 3038 autem
622 2983 752 3051 ipsa
770 2985 983 3041 veritas
1006 2992 1372 3057 prtesentatu.
1397 2988 1610 3045 Notum
1642 2994 1728 3044 est
1756 2991 1911 3045 enim

249 3062 473 3142 quibus
504 3064 774 3121 terminis
804 3081 1047 3138 regnum
1081 3067 1421 3125 conclusum
1445 3071 1620 3125 fuerit
1649 3070 1912 3127 Salomo—

253 3142 343 3197 nis
382 3159 397 3198 :
434 3147 492 3199 et
520 3149 716 3200 tamen
747 3145 805 3200 in
836 3162 904 3202 eo
928 3147 1153 3218 psalmo
1183 3148 1416 3219 legitur,
1439 3156 1503 3207 ut
1524 3151 1637 3207 alia
1666 3157 1911 3223 taceam,

257 3224 649 3280 Dominabitur
702 3242 738 3281 a
764 3229 909 3282 mari
961 3244 1129 3298 usque
1184 3230 1259 3285 ad
1303 3247 1474 3298 mare,
1506 3238 1558 3287 et
1613 3249 1648 3288 a
1686 3235 1914 3303 flumine

255 3319 430 3385 usque
574 3309 834 3363 terminos
861 3306 1013 3364 orbis
1041 3315 1201 3365 terrm
1229 3309 1402 3381 (Psal.
1436 3328 1582 3380 Lxxr,
1604 3313 1639 3366 8
1669 3314 1691 3385 )
1715 3331 1729 3381 ;
1757 3314 1911 3384 quod

258 3382 315 3439 in
346 3384 583 3441 Christo
606 3387 1136 3461 videmusimpleri.
1166 3382 1693 3463 Aﬂuminequippe
1723 3382 1910 3449 domi-

250 3464 439 3519 nandi
469 3467 728 3537 sumpsit
756 3468 1085 3538 exordium,
1120 3470 1215 3524 ubi
1242 3469 1573 3540 baptizatus
1604 3487 1638 3526 a
1665 3471 1912 3539 Joanne,

251 3544 464 3600 eodem
497 3552 857 3603 monstrante
887 3548 1061 3618 coepit
1108 3551 1344 3619 agnosci
1376 3565 1410 3604 a
1457 3550 1778 3620 discipulis,
1811 3550 1913 3622 qui

252 3640 388 3682 eum
417 3642 537 3682 non
558 3627 748 3683 solum
775 3630 1147 3701 magistrum,
1170 3645 1370 3686 verum
1394 3630 1566 3686 etiam
1601 3632 1910 3687 Dominum

250 3714 693 3786 appellaverunt
729 3717 831 3788 (α).

316 3798 371 3852 3.
411 3796 533 3853 Nec
570 3797 641 3853 ob
671 3797 854 3867 aliud,
894 3799 1121 3855 vivente
1151 3799 1343 3856 adhuc
1376 3804 1538 3872 patre
1568 3817 1673 3857 suo
1704 3800 1908 3872 David,

254 3893 507 3948 regnare
532 3877 804 3934 Salomon
836 3879 1031 3952 ccepit,
1066 3881 1220 3952 quod
1245 3880 1393 3936 nulli
1433 3879 1664 3937 illorum
1709 3898 1910 3954 regum

256 3958 529 4029 contigit,
560 3958 670 4015 nisi
707 3963 770 4014 ut
797 3959 934 4016 hinc
961 3976 1192 4032 quoque
1222 3962 1363 4017 satis
1394 3962 1620 4018 eluceat
1646 3979 1759 4017 non
1783 3978 1912 4018 esse

256 4035 480 4109 ipsum,
512 4054 687 4110 quem
724 4040 1027 4111 prophetia
1057 4042 1170 4097 ista
1206 4042 1517 4113 praesignat
1546 4040 1650 4113 (b),
1684 4058 1806 4112 quas
1837 4044 1909 4098 ad

255 4120 380 4188 ejus
403 4125 626 4189 patrem
642 4120 924 4192 loquitur,
940 4121 1174 4177 dicens:
1194 4124 1265 4178 Et
1285 4124 1412 4191 erit,
1430 4138 1555 4178 cum
1574 4124 1775 4195 repleti
1789 4125 1912 4191 fue-

256 4201 371 4256 rint
402 4199 524 4255 dies
561 4203 662 4271 tui,
694 4208 748 4255 et
774 4200 1012 4258 dormies
1050 4219 1173 4258 cum
1204 4204 1462 4275 patribus
1492 4206 1619 4271 tuis,
1651 4210 1704 4259 et
1739 4206 1910 4260 susci-

258 4281 377 4336 tabo
411 4296 596 4337 semen
644 4288 803 4337 tuum
822 4290 953 4354 post
997 4290 1069 4351 te,
1105 4287 1203 4355 qui
1230 4288 1337 4340 erit
1373 4285 1439 4340 de
1476 4292 1666 4341 ventre
1692 4293 1809 4354 tuo,
1857 4290 1912 4340 et

250 4359 591 4432 praeparabo
621 4378 857 4433 regnum
885 4365 1055 4420 illius.
1088 4367 1389 4430 Quomodo
1425 4382 1563 4438 ergo
1594 4375 1824 4438 prapler
1855 4368 1908 4421 id

256 4446 411 4513 quod
447 4446 734 4515 sequitur,
766 4445 866 4500 Hie
908 4446 1207 4515 zdificabit
1234 4447 1368 4501 mihi
1405 4447 1646 4513 domum,
1677 4448 1782 4502 iste
1812 4448 1910 4503 Sa-

257 4521 456 4579 lomon
492 4524 797 4594 potabitur
826 4527 1209 4598 prophetatus
1243 4542 1256 4582 :
1290 4531 1481 4583 etnon
1517 4529 1712 4598 potius
1742 4544 1911 4599 prop-

254 4604 427 4679 ter_id
461 4604 614 4679 quod
652 4607 951 4679 praecedit,
992 4608 1126 4662 Cum
1154 4606 1357 4679 repleti
1400 4610 1613 4676 fuerint
1644 4608 1758 4663 dies
1806 4612 1909 4675 tui,

251 4679 302 4729 et
328 4675 570 4732 dormies
598 4675 722 4732 cum
759 4678 1015 4748 patribus
1053 4681 1183 4746 tuis,
1210 4675 1490 4735 suscitabo
1527 4695 1709 4735 semen
1754 4686 1909 4735 tuum

251 4763 373 4824 post
407 4762 483 4826 te,
514 4756 667 4813 alius
697 4757 976 4830 paciﬁcus
1024 4758 1372 4831 intelligitur
1396 4776 1526 4815 esse
1557 4760 1907 4831 promissus,

258 4837 357 4907 qui
390 4852 510 4893 non
550 4842 706 4903 ante,
741 4838 896 4895 sicut
937 4838 1073 4907 iste,
1104 4841 1203 4895 sed
1252 4843 1386 4911 post
1437 4846 1682 4896 mortem
1728 4839 1908 4897 David

254 4918 685 4985 praenuntiatus
733 4927 820 4976 cst
886 4920 1313 4976 suscitandas?
1360 4919 1690 4984 Quamlibet
1753 4921 1906 4978 enim

256 4993 433 5068 longo
473 4998 817 5070 interposito
861 5004 1121 5070 tempore
1146 4999 1326 5057 Jesus
1362 4998 1626 5056 Christus
1663 5002 1907 5074 veniret,

257 5077 461 5146 procul
492 5078 671 5135 dubio
704 5082 840 5151 post
867 5084 1113 5136 mortem
1154 5079 1309 5153 regis
1338 5079 1545 5148 David,
1576 5080 1670 5138 cui
1702 5080 1787 5137 sic
1817 5088 1907 5139 est

257 5339 542 5453 εἰέςίχιίἓᾶ.
603 5341 722 5391 Am.
780 5340 865 5392 Er.
927 5343 982 5392 et
1039 5341 1245 5406 aliquot
1315 5342 1682 5407 manuscripti,
1752 5355 1911 5404 aper-

311 5464 405 5575 (ι)έέ⁹
440 5464 595 5519 Cant.
654 5464 820 5531 Epist.
875 5469 1017 5519 cont.
1067 5468 1349 5528 Donattst.,
1382 5469 1449 5519 de
1497 5467 1642 5521 Unit.
1690 5466 1906 5531 Eccles.,

254 5560 585 5713 liram.
643 5591 882 5643 Lactant.
940 5592 1114 5645 Instit.
1167 5593 1266 5643 lib.
1315 5594 1364 5655 4,
1395 5607 1508 5657 cap.
1555 5591 1634 5650 13,
1679 5592 1709 5657 §
1747 5593 1809 5642 24
1854 5595 1908 5645 et

2040 744 2196 800 enim
2217 745 2411 800 domui
2438 747 2581 801 dicit
2604 747 2933 816 Apostolus,
2974 749 3078 802 hoc
3093 752 3204 816 est,
3233 749 3505 805 ﬁdelibus
3536 752 3697 806 Chri-

2039 823 2165 977 (sItic:
2208 826 2489 976 Templiup;
2528 828 2673 882 enim
2706 827 2802 883 Dei
2827 833 3078 883 sanctum
3119 834 3214 893 est,
3249 830 3400 901 quod
3437 838 3563 888 estis
3605 849 3697 889 vos

2157 921 2242 960 or.
2264 922 2353 973 ιιι,
2488 948 2501 961 .

2157 921 2242 960 or.
2264 922 2353 973 ιιι,
2390 921 2501 973 1'1).

2032 1103 2260 1165 CAPUT
2291 1109 2387 1161 IX.
2420 1137 2488 1147 —
2532 1109 2707 1173 Quam
2744 1109 2939 1164 similis
2989 1110 3049 1163 in
3097 1108 3315 1164 Psalmo
3357 1111 3686 1179 octogesimo

2103 1196 2297 1244 octavo
2325 1192 2397 1245 sit
2421 1189 2719 1260 prophetia
2747 1190 2814 1245 de
2845 1192 3081 1259 Christo,
3114 1190 3197 1246 his
3225 1207 3348 1262 quae
3377 1190 3441 1245 in
3471 1193 3685 1262 Regno-

2099 1286 2224 1325 rum
2254 1272 2404 1327 libris
2436 1272 2656 1327 Nathan
2679 1273 3054 1343 prophetaute
3067 1275 3501 1343 promittuntur.

2098 1422 2339 1505 Pr0pter
2368 1434 2521 1504 quod
2554 1438 2607 1489 et
2638 1433 2697 1489 in
2732 1433 2958 1490 Psalmo
2990 1435 3341 1506 octogesimo
3371 1438 3428 1491 et
3456 1438 3680 1504 octavo,

2026 1514 2191 1583 cujus
2223 1518 2313 1570 est
2362 1514 2585 1582 titulus,
2616 1516 2934 1570 Intellectus
2981 1517 3091 1586 ipsi
3139 1517 3345 1571 zEthan
3385 1516 3678 1584 Israelitze,

2024 1598 2554 1649 commemorantur
2572 1595 2993 1664 promissiones
3014 1595 3114 1650 Dei
3139 1595 3303 1649 factae
3329 1596 3448 1667 regi
3478 1594 3677 1665 David,

2022 1677 2080 1729 et
2110 1672 2261 1739 istis,
2294 1690 2421 1742 quae
2452 1673 2509 1728 in
2542 1673 2691 1729 libro
2732 1673 3067 1745 Regnorum
3101 1680 3241 1730 sunt
3272 1674 3482 1743 posita,
3515 1690 3677 1744 qua:-

2021 1754 2155 1809 dam
2187 1753 2268 1808 ibi
2301 1754 2518 1809 similia
2557 1753 2873 1819 dicuntur;
2906 1754 3061 1808 sicut
3091 1759 3180 1809 est
3214 1771 3226 1807 :
3257 1755 3457 1810 Juravi
3498 1753 3678 1810 David

2016 1851 2172 1891 servo
2191 1851 2341 1891 meo:
2364 1835 2545 1905 Usque
2564 1837 2623 1889 in
2642 1841 2909 1890 aeternum
2924 1833 3263 1906 praeparabo
3283 1851 3464 1890 semen
3494 1840 3671 1890 tuum.

2020 1915 2089 1971 Et
2115 1916 2325 1971 iterum
2355 1932 2369 1969 :
2404 1918 2553 1971 Tunc
2584 1917 2799 1971 locutus
2855 1933 2909 1972 es
2948 1918 3009 1969 in
3040 1922 3266 1987 aspectu
3293 1916 3427 1987 ﬁliis
3467 1918 3594 1982 tuis,
3626 1920 3680 1970 et

2018 1994 2213 2051 dixisti
2242 2012 2260 2050 :
2294 1997 2459 2050 Posui
2486 1994 2834 2066 adjutorium
2883 2011 3050 2065 super
3093 2001 3398 2065 potentem,
3445 2000 3497 2050 et
3524 1997 3683 2050 exal-

2022 2078 2135 2131 tavi
2159 2077 2393 2132 electum
2440 2076 2506 2130 de
2547 2077 2761 2146 populo
2802 2092 2943 2130 meo.
2997 2077 3195 2129 Inveni
3241 2076 3426 2130 David
3471 2091 3685 2130 servum

2018 2172 2218 2223 meum,
2248 2157 2308 2209 in
2337 2157 2454 2210 oleo
2483 2163 2675 2210 sancto
2703 2172 2822 2210 meo
2844 2157 2985 2209 unxi
3005 2171 3146 2209 eum.
3170 2157 3365 2210 Manus
3384 2156 3527 2209 enim
3555 2170 3679 2209 mea

2020 2235 2390 2290 auxiliabitur
2433 2238 2502 2302 ei,
2537 2240 2589 2289 et
2617 2235 2899 2290 brachium
2927 2251 3105 2289 meum
3148 2234 3492 2303 confortabit
3529 2250 3673 2290 cum.

2019 2317 2141 2371 Non
2168 2318 2424 2386 proficiet
2453 2318 2706 2370 inimicus
2737 2317 2795 2368 in
2826 2331 2909 2381 eo,
2942 2320 2995 2369 et
3024 2315 3172 2385 ﬁlius
3214 2316 3529 2385 iniquitatis
3559 2330 3669 2368 non

2017 2402 2262 2468 apponet
2289 2413 2484 2451 nocere
2510 2397 2580 2449 ci.
2614 2397 2683 2450 Et
2710 2395 2993 2450 concidam
3023 2396 3272 2449 inimicos
3300 2394 3418 2463 ejus
3462 2410 3497 2448 a
3522 2396 3670 2463 facie

2016 2479 2159 2548 ejus,
2190 2483 2245 2532 et
2274 2492 2363 2532 eos
2392 2479 2489 2547 qui
2516 2476 2754 2530 oderunt
2775 2491 2915 2542 eum,
2941 2472 3174 2544 fugabo.
3207 2474 3285 2528 Et
3312 2476 3515 2529 veritas
3545 2489 3665 2528 mea

2017 2564 2070 2613 et
2098 2557 2476 2613 misericordia
2495 2572 2616 2611 mea
2647 2572 2769 2610 cum
2792 2558 2934 2625 ipso,
2966 2556 3098 2608 etin
3126 2556 3347 2609 nomine
3370 2570 3488 2608 meo
3508 2554 3663 2608 exal-

2020 2638 2229 2693 tabitur
2257 2653 2430 2693 cornu
2459 2638 2599 2706 ejus.
2626 2638 2697 2691 Et
2711 2651 2921 2706 ponam
2948 2637 3009 2688 in
3038 2635 3185 2689 mari
3199 2649 3426 2688 manum
3451 2634 3590 2703 ejus,
3615 2637 3668 2686 et

2016 2722 2078 2774 in
2093 2720 2408 2790 fluminibus
2428 2719 2716 2773 dexteram
2738 2718 2876 2786 ejus.
2902 2717 3026 2786 Ipse
3046 2715 3327 2770 invocabit
3347 2731 3431 2769 me
3448 2731 3467 2770 :
3500 2717 3669 2769 Pater

2017 2816 2167 2855 meus
2197 2817 2249 2855 es
2281 2806 2363 2864 tu,
2396 2801 2536 2853 Deus
2581 2813 2729 2852 meus
2759 2804 2812 2851 et
2857 2802 3139 2867 susceptor
3167 2796 3364 2850 salutis
3399 2811 3550 2849 meae.
3599 2796 3671 2848 Et

2017 2898 2117 2950 ego
2140 2882 2572 2951 primogenitum
2598 2894 2806 2949 ponam
2832 2878 3010 2944 illum,
3033 2877 3305 2930 excelsum
3335 2875 3486 2946 apud
3513 2890 3667 2942 reges
3758 2920 3763 2925 .

2018 2969 2201 3016 terrae.
2233 2963 2297 3015 In
2327 2967 2591 3016 aeternum
2627 2958 2853 3014 servabo
2883 2958 2969 3012 illi
3003 2956 3439 3012 mesericordiam
3467 2970 3664 3023 meam,

2016 3049 2070 3098 et
2098 3048 2481 3098 testamentum
2509 3044 2686 3097 meum
2714 3040 2873 3110 fidele
2898 3040 3025 3109 ipsi.
3057 3039 3135 3092 Et
3168 3053 3378 3109 ponam
3407 3040 3466 3091 in
3486 3053 3665 3093 saecu-

2017 3125 2129 3179 lum
2156 3123 2342 3179 saeculi
2382 3139 2560 3178 semen
2590 3123 2710 3192 ejus
2739 3122 2780 3188 ¹,
2830 3127 2884 3175 et
2925 3119 3188 3174 thronum
3218 3120 3335 3190 ejus
3363 3120 3506 3173 sicut
3551 3117 3665 3173 dies

2016 3205 2140 3260 cali
2164 3204 2339 3275 (Psal.
2373 3219 2639 3269 Lxxxvm,
2673 3201 2725 3265 4,
2745 3202 2801 3270 5,
2834 3199 3046 3271 20-30).
3074 3201 3208 3265 Quae
3240 3200 3439 3254 omnia
3456 3199 3525 3253 de
3554 3197 3668 3252 Do-

2018 3285 2178 3339 mino
2196 3284 2336 3339 Jesu
2355 3280 3036 3353 intelliguntur,quando
3061 3283 3211 3336 recte
3235 3276 3664 3348 intelliguntur,

2017 3363 2127 3419 sub
2161 3362 2396 3418 nomine
2426 3362 2627 3428 David,
2652 3367 2890 3431 propter
2923 3362 3166 3414 formam
3191 3360 3361 3416 servi.
3386 3375 3559 3429 quam
3593 3357 3665 3413 de

2017 3443 2236 3499 semine
2273 3442 2454 3497 David
2485 3442 2637 3495 idem
2668 3440 2949 3493 Mediator
2980 3438 3291 3508 assumpsit
3313 3453 3382 3491 ex
3413 3438 3659 3508 virgine.

2016 3522 2300 3577 Continuo
2341 3522 2515 3575 etiam
2570 3518 2786 3573 dicitur
2824 3518 2895 3571 de
2928 3516 3180 3587 peccatis
3231 3515 3487 3570 ﬁliorum
3530 3517 3657 3585 ejus

2013 3600 2127 3656 tale
2155 3598 2397 3669 aliquid,
2434 3596 2603 3668 quale
2634 3597 2693 3651 in
2726 3597 3061 3665 Regnorum
3094 3594 3242 3648 libro
3265 3593 3521 3663 positum
3546 3598 3657 3660 est,

2014 3686 2072 3738 et
2100 3680 2266 3751 quasi
2289 3679 2360 3733 de
2384 3676 2694 3733 Salomone
2721 3674 3030 3746 proclivius
3054 3671 3357 3743 accipitur.
3390 3671 3474 3726 Ibi
3499 3686 3662 3725 nam-

2016 3750 2147 3833 que,
2170 3759 2276 3814 hoc
2297 3757 2460 3813 estin
2487 3756 2815 3827 Regnorum
2843 3754 3011 3820 libro,
3031 3756 3101 3808 Et
3119 3755 3166 3807 si
3184 3754 3422 3817 venerit,
3449 3750 3661 3822 inquit,

2012 3840 2283 3911 iniquitas
2306 3839 2443 3908 ejus,
2476 3835 2811 3905 redarguam
2835 3835 2993 3889 illum
3020 3836 3079 3887 in
3120 3835 3284 3901 virga
3316 3833 3580 3898 virorum,
3613 3838 3666 3887 et

2013 3924 2075 3976 in
2108 3920 2345 3975 tactibus
2372 3918 2615 3989 ﬁliorum
2660 3917 2979 3971 hominum:
3010 3912 3440 3968 misericordiam
3479 3917 3663 3966 autem

2008 4017 2187 4057 meam
2216 4015 2331 4054 non
2374 4013 2654 4053 amoveam
2701 3997 2770 4052 ab
2799 4011 2859 4050 eo
2907 3994 2979 4066 (II
3013 3996 3141 4063 Reg.
3194 4010 3294 4059 vn,
3330 3993 3397 4046 14
3426 3998 3480 4046 et
3531 3991 3660 4058 15):

2012 4082 2265 4139 tactibus
2295 4078 2634 4150 signiﬁcans
2665 4076 2860 4148 plagas
2882 4073 3284 4143 correptionis.
3317 4071 3483 4128 Unde
3518 4070 3661 4126 illud

2015 4168 2123 4231 est,
2154 4163 2230 4217 Ne
2261 4160 2550 4231 tetigeritis
2569 4159 2801 4214 christos
2826 4171 2967 4211 meos
2996 4154 3174 4226 (Psal.
3207 4170 3317 4220 ειν,
3352 4152 3463 4225 15).
3497 4152 3659 4218 Quod

2013 4245 2149 4315 quid
2177 4249 2266 4299 est
2293 4243 2472 4307 aliud,
2505 4255 2702 4310 quam,
2726 4239 2805 4294 Ne
2835 4236 3151 4291 laeseritis?
3179 4238 3240 4290 In
3268 4234 3496 4291 Psalmo
3522 4249 3657 4290 vero

2014 4340 2145 4381 cum
2177 4328 2371 4395 ageret
2412 4326 2692 4391 tanquam
2743 4319 2814 4374 de
2844 4317 3045 4380 David,
3082 4321 3145 4370 ut
3174 4316 3456 4387 quiddam
3501 4316 3658 4395 ejus-

2015 4404 2171 4460 modi
2203 4394 2379 4458 etiam
2410 4402 2489 4456 idi
2521 4401 2758 4468 diceret,
2793 4400 2852 4454 Si
2879 4396 3297 4468 dereliquerint,
3321 4396 3532 4468 inquit,
3555 4394 3661 4466 filii

2012 4486 2131 4555 ejus
2151 4485 2323 4554 legem
2341 4499 2537 4550 meam,
2559 4488 2611 4536 et
2629 4484 2689 4535 in
2701 4480 2935 4550 judiciis
2949 4479 3082 4533 meis
3101 4493 3212 4532 non
3229 4476 3666 4542 ambulaverint;

2011 4568 2061 4623 si
2078 4567 2505 4637 justiﬁeationes
2525 4579 2671 4619 meas
2696 4561 3148 4633 profanaverint,
3173 4565 3225 4614 et
3246 4559 3513 4614 mandata
3546 4574 3666 4613 mea

2012 4662 2127 4701 non
2148 4644 2512 4700 custodierint
2534 4662 2555 4708 ;
2583 4643 2813 4699 visitabo
2844 4644 2902 4695 in
2924 4643 3084 4708 virga
3104 4641 3426 4709 iniquitates
3456 4654 3661 4705 eorum,

2013 4733 2066 4783 et
2095 4728 2155 4781 in
2191 4724 2428 4796 flagellis
2470 4723 2674 4779 delicta
2710 4737 2897 4776 eorum
2936 4738 2953 4773 :
3003 4719 3439 4773 misericordiam
3479 4723 3661 4796 autem

2011 4794 2198 4863 meam
2225 4794 2338 4862 non
2386 4804 2702 4876 dispergam
2746 4803 2813 4857 ab
2844 4816 2905 4855 eo
2945 4800 3115 4868 (Psal.
3152 4813 3421 4876 Lxxxvm,
3445 4794 3662 4864 31-34).

2012 4888 2138 4944 Non
2159 4887 2324 4953 dixit,
2348 4886 2435 4941 Ab
2466 4875 2574 4948 eis,
2595 4898 2729 4940 cum
2758 4882 3096 4951 loqueretur
3116 4878 3186 4931 de
3211 4876 3346 4929 ﬁliis
3369 4875 3518 4943 ejus,
3543 4889 3659 4929 non

2012 4968 2084 5024 de
2115 4969 2243 5040 ipso
2277 4985 2290 5024 :
2324 4968 2424 5022 sed
2475 4963 2641 5028 dixit,
2673 4963 2740 5018 ab
2770 4978 2832 5016 eo
2860 4979 2882 5025 ;
2911 4958 3062 5040 quod
3106 4957 3273 5040 bene
3299 4953 3659 5040 intellectum

2013 5034 2376 5104 tantumdem
2425 5046 2591 5101 valet.
2638 5045 2759 5099 Non
2794 5040 2948 5097 enim
2999 5036 3209 5093 Christi
3260 5034 3468 5105 ipsius,
3501 5034 3656 5104 quod

2012 5136 2101 5186 est
2128 5134 2304 5203 caput
2346 5127 2630 5196 Ecclesia,
2671 5129 2905 5197 possent
2951 5116 3197 5203 inveniri
3240 5115 3360 5203 ulla
3403 5119 3662 5203 peccata,

2014 5228 2146 5286 qua
2198 5197 2346 5283 opus
2385 5212 2541 5265 esset
2588 5203 2867 5262 humanis
2915 5197 3383 5286 correptionibus
3428 5198 3658 5251 servata

2013 5278 2411 5350 misericordia
2432 5287 2707 5345 divinitus
2727 5282 2980 5343 coerceri
3004 5298 3020 5350 ;
3052 5280 3155 5338 sed
3181 5278 3242 5334 in
3264 5278 3393 5349 ejus
3415 5291 3656 5350 corpore

2074 5594 2091 5628 1
2121 5591 2243 5642 Mss.
2272 5589 2397 5640 2050
2428 5591 2484 5640 et
2508 5587 2652 5647 2051,
2681 5588 2861 5637 sedem
2891 5586 3032 5649 ejus.
3063 5584 3129 5633 Μ.
