4110 6196
283 314 400 376 545

284 453 481 506 autem
513 451 795 519 potestate
820 444 944 514 illa,
973 445 1044 500 de
1065 459 1177 514 qua
1205 443 1265 498 tn
1296 443 1606 515 Evangelio
1637 442 1799 510 dicit,
1822 445 1926 497 Po-

284 536 537 586 testatem
567 528 741 585 habeo
767 527 1012 600 ponendi
1039 528 1280 582 animam
1299 541 1495 591 meam,
1524 532 1577 580 et
1600 531 1931 595 potestatem

284 609 460 667 habeo
494 613 700 666 iterum
727 608 976 664 sumendi
1004 624 1122 663 eam
1154 608 1340 678 (Joan.
1373 624 1431 676 x,
1466 607 1573 677 18).

284 744 519 802 CAPUT
551 743 670 800 XII.
703 776 772 784 -
801 744 890 798 Ad
935 759 1169 814 quorum
1196 758 1491 814 personam
1521 743 1806 813 pertinere
1837 740 1915 796 in-

356 825 660 896 telligenda
713 827 783 880 sit
824 827 1100 894 ﬂagitatio
1151 826 1573 896 promissorum,
1623 822 1690 878 de
1733 819 1934 892 quibus

358 909 418 962 in
452 907 668 962 Psalmo
719 905 947 974 dicitur,
989 905 1097 961 Ubi
1145 910 1285 962 sunt
1335 903 1746 961 misericordias
1799 907 1933 972 tuae,

360 988 626 1057 Domine,
666 986 946 1059 antiquae,
975 992 1082 1042 etc.

357 1097 464 1152 Sed
515 1099 724 1151 caetera
772 1094 984 1164 psalmi
1027 1093 1230 1163 huius,
1261 1111 1390 1166 quia
1453 1094 1536 1149 ita
1579 1109 1642 1148 se
1691 1092 1935 1158 habent,

291 1169 395 1225 Ubi
425 1174 557 1223 sunt
601 1169 979 1223 miserationes
1031 1173 1141 1222 tux
1187 1170 1454 1236 antiquae,
1499 1167 1750 1231 Domine,
1801 1179 1938 1233 quas

276 1250 496 1319 jurasti
542 1247 718 1302 David
762 1250 822 1302 in
866 1249 1099 1303 veritate
1137 1255 1236 1302 tua
1282 1250 1310 1301 ?
1357 1249 1648 1312 Memento,
1692 1246 1940 1312 Domine,

285 1331 580 1403 opprobrii
605 1346 886 1386 servorum
933 1337 1176 1394 tuorum,
1227 1330 1378 1399 quod
1414 1331 1672 1384 continui
1713 1329 1773 1382 in
1812 1328 1942 1382 sinu

285 1429 405 1467 meo
433 1413 734 1466 multarum
773 1412 1021 1479 gentium
1061 1428 1078 1465 :
1119 1410 1266 1481 quod
1311 1410 1787 1480 exprobrauerunt
1823 1407 1944 1460 ini-

287 1496 416 1548 mici
443 1497 546 1562 tui,
579 1495 805 1547 Domine
834 1511 854 1557 ;
898 1492 1045 1562 quod
1091 1491 1585 1561 exprobrauerunt,
1636 1494 1944 1544 commuta-

288 1577 492 1630 tionem
536 1575 738 1630 Christi
776 1575 861 1628 tui
907 1590 926 1629 :
978 1577 1172 1628 utrum
1222 1591 1290 1629 ex
1338 1589 1586 1643 persona
1628 1572 1784 1626 dicta
1823 1569 1943 1625 sint

285 1655 520 1712 illorum
555 1654 970 1720 lsraelitarum,
1011 1653 1111 1724 qui
1154 1653 1571 1709 desiderabant
1618 1650 1780 1707 reddi
1827 1647 1944 1705 sibi

289 1734 771 1808 promissionem,
797 1751 923 1805 quas
956 1734 1108 1789 facta
1136 1741 1222 1789 est
1253 1735 1322 1788 ad
1355 1732 1534 1788 David
1584 1749 1598 1800 ;
1643 1748 1716 1787 an
1749 1729 1944 1800 potius

289 1815 779 1883 Christianorum,
831 1814 932 1886 qui
975 1831 1089 1870 non
1152 1815 1475 1870 secundum
1534 1827 1789 1881 carnem,
1838 1809 1940 1865 sed

290 1898 620 1956 secundum
659 1895 935 1970 spiritum
980 1900 1120 1951 sunt
1149 1895 1440 1959 israelite,
1481 1893 1706 1958 merito,
1763 1888 1946 1962 quaeri

288 1981 506 2050 potest.
537 1976 702 2032 Dicta
732 1981 872 2032 sunt
901 1976 1122 2048 quippe
1167 1975 1280 2031 ista
1307 1975 1394 2030 vel
1438 1975 1652 2044 scripta
1679 1976 1943 2042 tempore

288 2075 410 2131 quo
452 2058 563 2114 fuit
608 2057 841 2124 IEtban,
894 2059 964 2112 de
1029 2057 1201 2124 cujus
1251 2055 1486 2111 nomine
1548 2051 1781 2108 titulum
1835 2051 1946 2131 iste

286 2128 557 2212 psalmus
604 2140 826 2208 accepit
871 2153 886 2204 ;
956 2141 1014 2192 et
1063 2136 1219 2191 idem
1269 2141 1502 2205 tempus
1554 2135 1717 2203 regni
1767 2128 1945 2184 David

286 2220 407 2274 fuit
440 2235 454 2273 :
487 2235 553 2273 ac
586 2234 688 2289 per
717 2217 826 2270 hoc
872 2232 985 2271 non
1041 2217 1357 2282 diceretur,
1412 2215 1512 2269 Ubi
1558 2219 1686 2268 sunt
1710 2213 1950 2265 misera—

291 2302 476 2353 tiones
506 2304 614 2351 tuaz
655 2301 920 2365 antiqua,
964 2297 1214 2361 Domine,
1258 2309 1394 2364 quas
1432 2294 1646 2363 jurasti
1677 2291 1852 2345 David
1889 2289 1948 2343 in

287 2381 539 2432 veritate
571 2380 712 2431 tua?
742 2377 856 2430 nisi
887 2391 1086 2430 eorum
1112 2390 1419 2446 personam
1455 2373 1512 2428 in
1543 2389 1602 2428 se
1626 2369 1944 2440 Propheta'

287 2458 767 2528 transfiguraret,
809 2457 907 2527 qui
935 2455 1104 2526 longe
1154 2465 1349 2527 postea
1381 2454 1562 2509 futuri
1595 2457 1780 2518 erant,
1822 2449 1950 2523 qui-

287 2538 411 2592 bus
470 2535 578 2590 hoc
629 2541 862 2605 tempus
922 2541 1079 2590 esset
1145 2535 1473 2604 antiquum,
1544 2532 1776 2605 quando
1827 2530 1948 2598 regi

287 2615 476 2673 David
527 2616 643 2669 ista
691 2615 979 2686 promissa
1026 2623 1180 2670 sunt.
1239 2619 1427 2685 potest
1473 2619 1662 2668 autem
1703 2609 1951 2682 intelligi

291 2698 522 2752 multas
562 2698 786 2766 gentes,
819 2694 1051 2765 quando
1109 2695 1610 2765 persequebantur
1673 2690 1951 2745 Christia-

289 2793 427 2843 nos,
488 2775 839 2845 exprobasse
897 2773 1015 2829 illis
1073 2775 1407 2845 passionem
1473 2772 1709 2836 Christi,
1771 2786 1945 2843 quam

283 2857 596 2925 Scriptura
637 2853 1148 2908 commutationem
1205 2857 1370 2908 vocat
1426 2867 1441 2920 ;
1498 2853 1777 2924 quoniam
1832 2865 1950 2905 mo-

285 2934 502 2990 riendo
531 2932 876 2989 immortalis
900 2937 990 2988 est
1021 2933 1230 2988 tactus.
1258 2933 1454 2988 Potest
1483 2937 1540 2988 et
1569 2929 1948 2987 commutatio

287 3013 508 3070 Christi
540 3014 861 3069 secundum
895 3013 1001 3068 hoc
1048 3014 1230 3085 accipi
1263 3013 1606 3083 exprobrata
1645 3009 1948 3076 Israelitis,

287 3096 435 3168 quia
495 3110 630 3149 cum
677 3109 877 3150 eorum
936 3099 1270 3164 speraretur
1322 3094 1577 3160 futurus,
1632 3092 1817 3147 factus
1866 3096 1950 3145 est

284 3179 563 3248 gentium
593 3190 607 3229 :
643 3178 699 3229 et
727 3173 837 3230 hoc
867 3174 950 3230 eis
981 3191 1136 3229 nunc
1183 3174 1534 3244 exprobrant
1578 3171 1774 3227 multae
1805 3187 1950 3244 gen-

288 3261 405 3325 tes,
439 3270 568 3326 quaa
599 3253 969 3309 crediderunt
998 3253 1058 3309 in
1089 3270 1224 3309 eum
1251 3269 1353 3325 per
1376 3269 1588 3309 novum
1607 3253 1952 3307 Testamen-

291 3340 456 3406 tum,
487 3334 608 3390 illis
648 3333 706 3388 in
737 3338 1022 3390 vetustate
1071 3334 1511 3389 remanentibus
1562 3349 1576 3386 :
1613 3338 1676 3386 ut
1711 3332 1838 3386 ideo
1870 3329 1957 3385 di-

294 3423 496 3484 catur,
546 3417 834 3484 Memento,
877 3416 1125 3479 Domine,
1177 3413 1467 3483 opprobrii
1508 3428 1788 3467 servorum
1833 3418 1956 3484 tuo-

291 3506 431 3544 rum
462 3482 490 3554 ;
517 3488 655 3558 quia
686 3503 799 3541 non
823 3482 941 3541 eos
988 3482 1388 3550 obliviscente,
1420 3487 1518 3539 sed
1559 3486 1750 3554 potius
1782 3482 1957 3535 mise-

293 3577 475 3624 rante
507 3565 769 3634 Domino,
819 3570 875 3621 et
906 3565 1018 3634 ipsi
1053 3573 1176 3634 post
1209 3563 1317 3617 hoc
1347 3562 1729 3633 opprobrium
1773 3560 1958 3615 credi-

294 3651 421 3704 turi
457 3651 618 3702 sunt.
651 3646 758 3700 Sed
791 3645 888 3699 ille
918 3661 1092 3715 quem
1126 3645 1284 3714 prius
1308 3642 1499 3714 posui,
1527 3640 1963 3697 convenientior

295 3745 521 3787 sensus
556 3726 696 3781 mihi
746 3725 998 3781 videtur.
1052 3722 1312 3780 Inimicis
1364 3726 1521 3777 enim
1570 3722 1800 3790 Christi,
1833 3719 1964 3792 qui-

296 3814 420 3868 bus
474 3807 875 3878 exprobratur,
945 3807 1098 3876 quod
1163 3821 1259 3860 eos
1303 3804 1373 3858 ad
1425 3809 1622 3874 gentes
1676 3804 1966 3857 transiens

298 3889 621 3962 reliquerit
660 3887 952 3955 Christus,
993 3888 1310 3952 incongrue
1339 3901 1442 3940 vox
1496 3886 1608 3938 ista
1647 3890 1968 3957 coaptalur,

297 3976 604 4037 Memento,
640 3972 887 4037 Domine,
919 3967 1210 4039 opprobrii
1236 3981 1520 4022 servorum
1550 3972 1771 4019 tuorum
1805 3982 1822 4022 :
1854 3978 1970 4017 non

295 4056 462 4110 enim
500 4053 647 4107 servi
693 4051 794 4106 Dei
836 4049 1214 4120 nuncupandi
1260 4053 1400 4103 sunt
1427 4047 1566 4102 tales
1607 4045 1787 4100 Judaei
1824 4061 1838 4099 :
1871 4044 1972 4099 sed

295 4138 385 4192 eis
417 4133 603 4190 verba
650 4133 761 4187 ista
800 4134 1162 4201 competunt,
1208 4129 1310 4200 qui
1361 4145 1493 4184 cum
1539 4142 1747 4199 graves
1779 4124 1974 4181 humi-

298 4216 518 4272 litates
568 4212 1039 4285 persecutionum
1099 4226 1199 4281 pro
1250 4209 1464 4266 Christi
1526 4207 1758 4263 nomine
1819 4210 1977 4276 pate-

301 4302 544 4361 rentur,
626 4291 917 4348 recordari
986 4295 1301 4361 potuerunt
1361 4287 1650 4344 excelsum
1733 4301 1978 4354 regnum

304 4374 536 4433 semini
574 4374 748 4429 David
787 4373 970 4427 fuisse
1003 4372 1361 4442 promissum
1411 4387 1424 4435 ;
1459 4378 1512 4423 et
1534 4370 1661 4438 ejus
1693 4366 1979 4422 desiderio

305 4457 536 4524 dicere,
595 4470 708 4508 non
758 4450 1145 4522 desperando,
1196 4451 1295 4504 sed
1339 4449 1604 4519 petendo,
1646 4447 1980 4518 quaerendo,

308 4533 640 4609 pulsando,
681 4533 780 4588 Ubi
805 4537 933 4588 sunt
979 4533 1353 4585 miserationes
1403 4535 1510 4584 tua:
1557 4530 1821 4598 antiquae,
1872 4529 1984 4581 Do-

304 4621 489 4683 mine,
522 4630 660 4685 quas
698 4614 912 4668 Iurasti
943 4611 1124 4666 David
1157 4613 1216 4665 in
1248 4611 1480 4665 veritate
1512 4615 1610 4665 tua
1636 4615 1662 4661 Ρ
1690 4611 1984 4674 Memento,

300 4700 576 4763 Domine,
607 4695 902 4768 opprobrii
929 4709 1210 4749 servorum
1254 4700 1497 4761 tuorum,
1546 4690 1695 4763 quod
1735 4692 1988 4746 continui

301 4785 367 4836 in
422 4782 559 4836 sinu
615 4794 733 4834 meo
770 4779 1076 4833 multarum
1102 4776 1352 4845 gentium
1380 4793 1401 4840 ;
1433 4773 1541 4828 hoc
1572 4777 1681 4837 est,
1739 4772 1800 4826 lu
1841 4771 1991 4828 inte-

308 4862 588 4919 rioribus
631 4859 779 4916 meis
829 4859 1116 4928 patienter
1171 4856 1404 4928 pertuli.
1438 4855 1595 4921 Quod
1622 4854 1992 4925 exprobrave-

306 4949 460 4999 runt
511 4941 722 4995 inimici
763 4941 867 5006 tui,
919 4939 1145 4993 Domine
1187 4954 1208 5003 ;
1259 4935 1408 5008 quod
1463 4935 1989 5006 exprobrauerunt,

309 5023 814 5080 commutationem
845 5021 1046 5076 Christi
1077 5019 1158 5073 tui
1182 5031 1202 5072 .'
1231 5033 1345 5073 non
1377 5031 1505 5071 eam
1538 5018 1814 5086 putantes
1839 5033 1995 5073 com-

315 5101 862 5170 mutationem,sed
891 5097 1399 5169 consumptionem
1422 5097 1463 5150 ².
1492 5094 1638 5158 Quid
1671 5100 1756 5150 est
1775 5101 1992 5168 autem,

1436 306 1670 369 LIBER
1714 305 2067 369 DECIMUS
2109 306 2521 372 SEPTIMUS.

3561 320 3680 379 546

2034 442 2226 499 dicere
2242 448 2579 527 potuerunt,
2603 445 2703 517 qui
2731 451 3063 520 expugnata
3088 451 3318 505 terrena
3336 449 3688 527 Jerusalem,

2035 528 2353 596 antequam
2401 526 2575 581 Jesus
2634 527 2898 583 Christus
2959 529 3295 585 humanitus
3327 526 3688 601 nasceretur,

2035 603 2095 659 in
2127 605 2522 675 captivitatem
2555 607 2715 662 ducti
2747 615 2908 674 sunt,
2953 609 3338 680 intelligentes
3369 619 3692 669 commuta-

2035 685 2252 740 tionem
2284 685 2518 754 Christi,
2552 687 2691 758 quia
2721 689 2946 744 scilicet
2981 706 3097 745 non
3153 707 3251 762 per
3294 708 3428 748 eum
3459 699 3691 749 terrena

2037 766 2400 837 carnalisque
2423 767 2689 832 felicitas,
2713 769 2901 840 qualis
2926 770 3125 842 paucis
3149 787 3218 827 an
3231 773 3320 827 nis
3351 775 3500 844 regis
3523 774 3693 829 Salo-

2039 844 2228 901 monis
2267 848 2558 918 apparuit,
2599 850 2699 905 sed
2749 850 3002 905 caelestis
3052 867 3116 906 ac
3166 854 3491 922 spiritualis
3539 861 3692 910 esset

2042 925 2290 981 ﬁdeliter
2337 931 2719 998 exspectanda
2765 947 2778 984 :
2827 947 3002 1002 quam
3051 936 3188 986 tunc
3231 935 3508 1002 ignorans
3561 934 3695 990 inﬁ-

2042 1005 2249 1062 delitas
2279 1011 2564 1078 gentium,
2608 1026 2741 1066 cum
2785 1011 2885 1067 Dei
2919 1011 3200 1083 populum
3251 1013 3578 1068 exsultabat
3606 1019 3695 1069 at-

2042 1103 2158 1157 que
2205 1089 2525 1145 insultabat
2567 1107 2694 1146 esse
2747 1091 3057 1160 captivum,
3121 1093 3258 1164 quid
3320 1093 3474 1148 aliud
3517 1110 3693 1164 quam

2043 1167 2255 1224 Christi
2300 1173 2834 1238 commutationem,
2885 1173 2985 1227 sed
3037 1173 3358 1230 scientibus
3406 1177 3694 1242 nesciens,

2045 1249 2431 1318 exprobrabat
2461 1250 2488 1304 ‘I
2520 1253 2588 1306 Et
2627 1252 2757 1307 ideo
2789 1254 2940 1323 quod
2985 1253 3266 1324 sequitur,
3301 1255 3399 1309 ubi
3435 1254 3694 1325 psalmus

2047 1329 2155 1383 iste
2186 1331 2572 1400 concluditur,
2618 1334 2930 1388 Benedictio
2974 1337 3196 1389 Domini
3243 1338 3302 1388 in
3355 1343 3621 1390 eeternum
3680 1351 3700 1390 :

2044 1413 2166 1479 ﬁat,
2193 1415 2295 1481 ﬁat
2335 1413 2505 1482 (Psal.
2559 1431 2824 1482 Lxxxml,
2862 1417 3060 1487 50—53)
3095 1437 3108 1485 ς
3169 1417 3436 1472 universo
3486 1416 3699 1487 p0pulo

2048 1491 2144 1546 Dei
2177 1493 2246 1546 ad
2281 1493 2572 1549 caelestem
2603 1495 2924 1550 Jerusalem
2969 1497 3300 1568 pertinenti,
3344 1497 3463 1552 sive
3493 1497 3554 1551 in
3586 1496 3703 1550 illis

2047 1572 2148 1641 qui
2179 1572 2438 1629 latebant
2463 1576 2520 1629 in
2554 1576 2924 1631 Testamento
2956 1582 3166 1646 vetere,
3209 1581 3519 1646 antequam
3551 1591 3704 1630 reve-

2046 1654 2269 1710 laretur
2316 1671 2547 1721 novum,
2600 1655 2716 1711 sive
2766 1655 2822 1709 in
2873 1657 2962 1710 his
3009 1657 3107 1727 qui
3151 1658 3272 1726 jam
3327 1657 3701 1711 Testamento

2048 1751 2194 1790 novo
2245 1735 2491 1790 revelato
2545 1737 2852 1792 manifeste
2916 1738 3209 1807 pertinere
3257 1741 3580 1791 cernuntur
3626 1735 3699 1790 ad

2048 1815 2369 1884 Christum,
2411 1817 2554 1871 satis
2595 1818 2884 1887 congruit.
2937 1817 3267 1872 Benedictio
3322 1817 3540 1888 quippe
3591 1821 3703 1872 Do-

2051 1896 2195 1952 mini
2230 1897 2290 1951 in
2339 1898 2560 1952 semine
2611 1898 2820 1964 David,
2870 1913 2985 1952 non
3033 1897 3107 1951 ad
3154 1897 3390 1968 aliquod
3454 1907 3701 1966 tempus,

2049 1976 2242 2047 qualis
2273 1975 2479 2030 diebus
2509 1975 2836 2031 Salomonis
2870 1976 3166 2046 apparuit,
3199 1977 3300 2030 sed
3324 1976 3382 2030 in
3424 1983 3705 2030 aeternum

2051 2055 2341 2126 speranda
2373 2060 2480 2118 est,
2535 2056 2592 2108 in
2634 2071 2749 2124 qua
2779 2055 3101 2110 certissima
3130 2070 3230 2124 spe
3284 2055 3516 2123 dicitur,
3558 2056 3703 2120 Fiat,

2050 2139 2171 2204 fiat.
2207 2133 2365 2188 Illius
2414 2133 2569 2190 enim
2621 2134 2745 2205 spei
2793 2145 2877 2188 est
2918 2134 3285 2188 conﬁrmatio
3337 2134 3496 2187 verbi
3529 2133 3709 2201 hujus

2053 2213 2304 2269 iteratio.
2339 2213 2456 2268 Hoc
2485 2228 2620 2284 ergo
2661 2213 2988 2282 intelligens
3023 2213 3196 2268 David
3239 2215 3318 2268 ait
3359 2215 3418 2266 in
3449 2213 3706 2267 secundo

2056 2294 2388 2365 Regnorum
2423 2293 2591 2362 libro,
2627 2293 2777 2348 unde
2801 2296 2869 2348 ad
2904 2295 3079 2348 istum
3111 2293 3405 2364 psalmum
3458 2291 3708 2362 digressi

2055 2390 2263 2430 sumus
2297 2391 2310 2428 :
2343 2375 2413 2428 Et
2456 2375 2670 2428 locutus
2725 2390 2778 2428 es
2836 2391 2945 2444 pro
2989 2374 3149 2428 domo
3189 2376 3331 2428 servi
3377 2375 3459 2429 tui
3496 2376 3555 2427 in
3587 2374 3708 2427 lon-

2053 2455 2346 2528 ginquum.
2389 2457 2520 2512 Ideo
2552 2463 2744 2511 autem
2780 2462 2911 2527 post
2936 2455 3240 2526 paululum
3274 2456 3355 2510 ait
3387 2471 3400 2510 :
3434 2457 3588 2510 Nunc
3627 2453 3711 2508 in-

2056 2539 2195 2607 cipe,
2229 2543 2280 2591 et
2311 2536 2530 2591 benedic
2563 2536 2784 2590 domum
2827 2538 2969 2590 servi
3011 2539 3092 2590 tui
3138 2552 3307 2606 usque
3345 2535 3406 2588 in
3443 2540 3710 2589 aeternum

2054 2617 2127 2688 (ll
2158 2618 2293 2686 Reg.
2331 2633 2428 2686 vn,
2457 2617 2542 2683 19,
2574 2617 2688 2688 29),
2712 2623 2769 2672 et
2795 2623 3004 2672 caetera
3037 2636 3051 2685 ;
3083 2617 3224 2688 quia
3243 2623 3383 2671 tunc
3403 2615 3708 2687 geniturus

2056 2707 2177 2752 erat
2219 2699 2426 2761 tilium,
2478 2713 2547 2752 ex
2594 2714 2706 2767 quo
2756 2697 3062 2768 progenies
3108 2697 3238 2766 ejus
3295 2696 3599 2750 duceretur
3637 2693 3710 2748 ad

2056 2776 2376 2842 Christum,
2403 2793 2502 2846 per
2521 2793 2696 2847 quem
2730 2777 2925 2831 futura
2947 2781 3070 2832 erat
3091 2777 3302 2831 domus
3326 2775 3452 2845 ejus
3475 2782 3710 2840 aeterna,

2055 2857 2371 2926 eademque
2401 2856 2613 2911 domus
2648 2855 2764 2911 Dei.
2798 2856 3019 2911 Domus
3047 2856 3202 2910 enim
3229 2855 3432 2920 David,
3475 2856 3714 2924 propter

2056 2952 2237 3009 genus
2270 2937 2447 2993 David
2484 2955 2497 3005 ;
2531 2939 2742 2993 domus
2782 2942 2977 2992 autem
3010 2936 3112 2992 Dei
3150 2937 3350 2991 eadem
3399 2935 3548 3006 ipsa,
3582 2949 3714 3005 pro-

2061 3025 2187 3090 pter
2217 3019 2498 3089 templum
2532 3020 2651 3086 Dei,
2694 3018 2765 3074 de
2814 3018 3156 3073 hominibus
3209 3018 3449 3084 factum,
3493 3031 3608 3070 non
3640 3014 3713 3068 de

2057 3097 2374 3169 lapidibus,
2421 3099 2520 3154 ubi
2563 3098 2786 3154 habitet
2834 3098 2893 3152 in
2936 3103 3239 3165 aeternum,
3291 3097 3539 3169 populus
3579 3108 3713 3149 cum

2059 3179 2176 3234 Deo
2225 3188 2277 3234 et
2307 3180 2364 3233 in
2403 3180 2512 3236 Deo
2553 3196 2680 3246 suo,
2714 3183 2771 3234 et
2832 3179 2980 3233 Deus
3022 3194 3151 3234 cum
3197 3177 3407 3248 pOpulo
3450 3184 3624 3246 atque
3655 3173 3716 3228 in

2063 3257 2276 3328 populo
2327 3275 2434 3314 suo
2490 3275 2504 3312 :
2568 3259 2646 3313 ita
2690 3264 2751 3313 ut
2798 3258 2948 3312 Deus
3005 3259 3081 3312 sit
3131 3257 3382 3327 impleas
3434 3253 3718 3327 p0pulum

2065 3353 2262 3404 suum,
2295 3343 2352 3392 et
2400 3337 2652 3408 populus
2701 3338 2909 3406 plenus
2956 3336 3070 3390 Deo
3103 3353 3232 3401 suo,
3267 3351 3400 3390 cum
3437 3334 3590 3388 Deus
3617 3332 3727 3387 erit

2067 3417 2266 3471 omnia
2298 3419 2356 3471 in
2384 3418 2657 3472 omnibus
2679 3417 2725 3486 (I
2759 3417 2886 3470 Cor.
2917 3431 3010 3480 xv,
3031 3416 3146 3485 28),
3171 3415 3295 3483 ipse
3325 3415 3384 3466 in
3410 3429 3546 3481 pace
3577 3427 3726 3480 prte-

2069 3497 2278 3563 mium,
2314 3497 2413 3567 qui
2448 3498 2630 3551 virtus
2660 3497 2719 3549 in
2747 3495 2917 3550 bello.
2956 3494 3090 3548 Ideo
3133 3509 3267 3547 cum
3298 3493 3358 3545 in
3389 3491 3578 3545 verbis
3609 3489 3728 3542 Na-

2071 3577 2214 3631 than
2248 3575 2467 3630 dictum
2501 3576 2596 3642 sit,
2627 3578 2692 3630 Et
2723 3574 3006 3628 nuntiabit
3039 3574 3140 3627 tibi
3171 3575 3433 3626 Dominus
3464 3569 3729 3640 quoniam

2072 3657 2295 3711 domum
2324 3656 2618 3724 aediﬁcabis
2647 3657 2754 3725 ipsi
2786 3672 2803 3709 :
2832 3661 3032 3724 postea
3063 3654 3284 3707 dictum
3317 3656 3408 3705 est
3440 3651 3499 3704 in
3531 3646 3732 3701 verbis

2077 3738 2276 3803 David,
2312 3735 2581 3798 Quoniam
2614 3743 2674 3790 tu
2705 3736 2968 3789 Dominus
2998 3734 3344 3802 omnipotens
3375 3732 3514 3784 Deus
3536 3725 3734 3792 Israel,

2079 3819 2334 3874 revelasti
2366 3834 2557 3871 aurem
2599 3819 2741 3873 servi
2799 3819 2900 3884 tui,
2951 3815 3158 3882 dicens,
3191 3815 3419 3867 Domum
3449 3808 3734 3877 zedi/icabo

2083 3901 2182 3954 tibi
2231 3898 2303 3969 (ll
2336 3900 2466 3967 Reg.
2498 3915 2594 3961 vn,
2629 3899 2715 3964 11,
2745 3897 2859 3967 27).
2897 3895 3054 3949 Hanc
3082 3893 3238 3948 enim
3272 3894 3513 3945 domum
3546 3894 3604 3942 et
3627 3903 3733 3942 nos

2084 3980 2440 4034 azdiﬁcamus
2473 3979 2617 4033 bene
2648 3979 2910 4045 vivendo,
2945 3980 3000 4030 et
3035 3976 3182 4029 Deus
3215 3979 3273 4026 ut
3305 3974 3449 4025 bene
3470 3970 3739 4024 vivamus

2086 4060 2422 4133 opitulando
2456 4077 2469 4115 :
2501 4062 2634 4130 quia
2671 4060 2782 4113 nisi
2812 4059 3074 4113 Dominus
3103 4051 3459 4133 xdiﬁcaverit
3492 4051 3738 4116 domum,

2088 4132 2147 4195 in
2186 4157 2387 4195 vanum
2427 4139 2757 4194 laborabunt
2813 4138 3143 4206 aedificantes
3184 4151 3303 4188 eam
3347 4132 3515 4202 (Psat.
3551 4145 3742 4199 cxxvr,

2093 4223 2164 4293 1).
2216 4224 2394 4292 Cujus
2453 4220 2664 4275 domus
2715 4235 2844 4274 cum
2903 4217 3120 4272 venerit
3169 4215 3380 4270 ultima
3430 4210 3741 4277 dedicatio,

2091 4310 2230 4359 tunc
2269 4303 2366 4357 tiet
2405 4301 2571 4368 illud,
2623 4301 2778 4372 quod
2827 4300 2920 4355 hic
2966 4315 3065 4369 per
3113 4295 3341 4352 Nathan
3392 4293 3624 4349 locutus
3654 4296 3747 4347 est

2092 4383 2269 4450 Deus,
2312 4382 2513 4436 dicens
2556 4397 2569 4435 :
2611 4383 2674 4434 Et
2700 4397 2910 4451 ponam
2951 4379 3126 4433 locum
3157 4377 3368 4449 populo
3401 4391 3517 4429 meo
3547 4374 3747 4442 Israel,

2094 4472 2146 4521 et
2185 4464 2460 4534 plantabo
2509 4463 2685 4529 illum,
2736 4469 2788 4516 et
2836 4460 3173 4516 inhabitabit
3220 4475 3484 4526 seorsum,
3534 4464 3586 4512 et
3634 4472 3747 4510 non

2094 4546 2362 4601 sollicitus
2393 4545 2495 4597 erit
2524 4544 2678 4596 ultra
2707 4560 2725 4596 :
2756 4549 2808 4596 et
2846 4559 2957 4597 non
2997 4548 3234 4612 apponet
3260 4541 3406 4610 ﬁlius
3438 4540 3748 4608 iniquitatis

2098 4626 2389 4681 humiliare
2413 4640 2555 4690 eum,
2585 4625 2725 4678 sicut
2759 4624 2824 4677 ab
2852 4626 3010 4677 initio
3041 4639 3076 4676 a
3104 4622 3293 4676 diebus
3319 4621 3514 4691 quibus
3550 4619 3756 4672 consti-

2100 4707 2184 4762 tui
2203 4704 2421 4775 judices
2448 4718 2613 4774 super
2635 4702 2905 4773 populum
2953 4717 3130 4756 meum
3174 4700 3343 4755 Israel
3372 4699 3448 4767 (ΙΙ
3476 4701 3606 4765 Reg.
3641 4711 3746 4766 vn,

2109 4789 2170 4845 10
2201 4793 2252 4842 et
2286 4787 2396 4854 11).

2103 4951 2335 5010 CAPUT
2383 4949 2532 5005 XIII.
2581 4975 2654 4989 —
2700 4947 2783 5002 An
2853 4943 3135 5015 promissae
3180 4939 3336 5012 pacis
3396 4937 3598 4994 veritas
3640 4936 3751 4994 illis

2177 5030 2507 5101 temporibus
2529 5028 2714 5100 possit
2743 5021 3005 5092 adscribi,
3039 5038 3159 5095 quae
3187 5020 3286 5077 sub
3318 5019 3608 5076 Salomone
3645 5018 3756 5090 ﬂu-

2177 5118 2400 5168 xerunt.

315 5187 629 5250 Memento,
662 5184 910 5245 Domine,
944 5180 1077 5248 nisi,
1114 5183 1177 5235 ut
1218 5177 1574 5245 miserearis,
1617 5181 1675 5232 et
1707 5194 1809 5248 pro
1840 5179 1990 5235 tole-

319 5271 467 5321 rata
511 5263 801 5334 patienter
838 5260 1172 5315 humilitate
1222 5276 1372 5326 mea,
1425 5258 1632 5313 reddas
1688 5257 1996 5314 celsitudi-

325 5360 506 5411 nem,
539 5361 716 5414 quam
746 5340 958 5413 jurasti
989 5341 1161 5396 David
1185 5340 1244 5394 in
1274 5341 1513 5396 veritate
1545 5343 1646 5394 tua
1666 5337 1693 5392 ?
1723 5338 1780 5394 Si
1803 5346 1996 5398 autem

319 5424 566 5482 Judeis
607 5425 981 5497 assignemus
1020 5423 1141 5479 hac
1189 5422 1383 5486 verba,
1416 5420 1500 5476 illi
1543 5418 1694 5477 servi
1722 5419 1824 5476 Dei
1859 5422 2001 5480 talia

2182 5255 2296 5309 Hoc
2343 5255 2463 5307 tam
2515 5262 2797 5319 magnum
2849 5243 3068 5300 bonum
3101 5239 3370 5313 quisquis
3416 5240 3474 5295 in
3520 5238 3624 5295 hoc
3656 5253 3760 5294 ete-

2111 5336 2243 5393 culo
2291 5337 2346 5388 et
2393 5333 2450 5387 in
2488 5331 2596 5385 hac
2628 5336 2783 5384 terra
2830 5329 3045 5396 sperat,
3087 5323 3434 5394 insipienter
3475 5321 3647 5393 sapit.
3673 5323 3760 5375 An

2113 5416 2404 5492 quispiam
2437 5410 2666 5492 putabit
2697 5408 2755 5462 in
2791 5402 3514 5492 pace_regnimSalom_on_is
3545 5401 3601 5456 id
3633 5415 3762 5492 esse

2112 5480 2467 5568 completum
2510 5492 2540 5546 ?
2587 5489 2794 5544 Pacem
2855 5485 3091 5568 quippe
3137 5482 3298 5568 illam
3354 5480 3766 5568 Scriptura-in

2112 5561 2320 5639 umbra
2349 5570 2534 5631 futuri
2583 5567 2885 5626 excellenti
2917 5564 3327 5637 praedicatione
3366 5561 3762 5620 commendat.

2113 5663 2224 5721 Sed
2253 5658 2390 5719 huic
2437 5647 2761 5726 suspicioni
2789 5647 3101 5721 vigilanter
3145 5648 3582 5716 occursum-est,
3604 5659 3765 5719 cum,

400 5555 422 5616 ξ
465 5551 612 5616 Mss,
635 5548 946 5616 prophetia.

322 5615 579 5730 tim
598 5608 610 5615 ’
629 5608 996 5679 fneﬁuscripti.
1052 5609 1192 5664 Editl
1243 5610 1444 5673 autem,
1493 5608 1592 5661 sed
1645 5622 2002 5665 consumma-
