4110 6196
388 297 504 354 54⁸7

380 434 761 502 posteaquam
793 426 1014 481 dictum
1074 429 1186 492 est,
1223 426 1283 479 Et
1334 440 1445 479 non
1475 431 1718 494 apponet
1750 425 1895 495 ﬁlius
1925 424 2035 477 ini-

381 512 608 581 quitatis
657 509 948 561 humiliare
983 522 1105 560 eum
1134 524 1153 570 ;
1185 505 1463 559 continuo
1498 507 1877 570 subjunctum
1921 506 2033 566 est,

1491 292 1590 352 DE
1632 289 1998 353 CIVITA'I‘E
2043 288 2195 362 DEI,
2244 292 2309 350 S.
2356 292 2784 356 AUGUSTINI

3677 307 3800 368 548

2143 422 2422 480 Dominus
2455 426 2780 498 inspiravit.
2821 427 2936 484 Nec
2967 443 3200 485 movere
3233 429 3402 487 debet
3431 433 3504 489 ad
3539 433 3647 491 hoc
3679 454 3792 494 non

2140 505 2517 573 credendum,
2570 509 2724 578 quod
2778 509 3196 564 nonnullorum
3245 512 3485 569 nomina
3535 515 3795 588 Prophe-

380 593 536 646 Sicut
564 589 632 643 ab
662 590 818 641 initio
849 603 884 640 a
920 585 1117 640 diebus
1165 583 1366 656 quibus
1395 587 1660 640 constitui
1687 585 1905 654 judices
1935 599 2036 637 su-
2142 589 2348 652 tarum,
2380 590 2478 658 qui
2505 589 2675 660 longe
2701 596 2827 658 post
2862 591 3031 644 David
3067 591 3220 662 regis
3257 597 3522 664 tempora
3559 583 3791 654 fuerunt

370 687 477 740 per
500 671 771 740 populum
801 685 977 722 meum
1007 668 1202 722 Israel.
1234 667 1475 722 Judices
1509 681 1785 736 namque,
1839 667 2033 735 prius-

381 768 558 822 quam
593 751 777 821 Reges
811 750 885 804 ibi
918 765 1046 804 esse
1077 748 1409 820 ccepissent,
1444 763 1620 818 super
1651 748 1817 800 illum
1853 760 2031 815 popu-

378 829 498 886 lum
535 831 765 885 fuerant
793 829 1118 893 constituti,
1144 844 1212 883 ex
1245 844 1357 900 quo
1384 835 1594 882 terram
1619 823 2029 897 promissionis

376 910 619 980 accepit.
649 909 716 963 Et
739 910 939 980 utique
965 908 1315 963 humiliabat
1337 923 1471 962 eum
1497 907 1650 962 ﬁlius
1674 903 2028 976 iniquitatis,

373 988 483 1043 hoc
513 994 602 1044 est
632 988 767 1043 host
793 1006 820 1044 s
854 988 1198 1060 alienigena,
1225 1004 1323 1057 per
1346 987 1647 1043 intervalla
1667 993 2024 1054 temporum,

371 1071 584 1140 quibus
616 1069 894 1140 leguntur
941 1087 1112 1141 paces
1147 1069 1472 1124 alternasse
1517 1084 1649 1123 cum
1703 1066 1871 1121 bellis
1929 1075 2033 1122 :et

371 1151 753 1206 inveniuntur
801 1150 920 1206 illic
973 1151 1132 1222 pacis
1179 1156 1442 1220 tempora
1492 1148 1804 1218 prolixiora
1852 1164 2028 1219 quam

375 1231 653 1287 Salomon
698 1231 922 1295 habuit,
967 1231 1066 1302 qui
1113 1231 1502 1300 quadraginta
1535 1229 1794 1297 regnavit
1819 1245 2027 1285 annos.

376 1311 518 1369 Nam
553 1312 662 1367 sub
702 1327 768 1366 eo
812 1311 1011 1366 Judice
1060 1311 1158 1381 qui
1206 1310 1534 1381 appellatus
1569 1315 1654 1364 est
1689 1311 1828 1376 Aod,
1862 1313 2028 1363 octo-

374 1393 534 1464 ginta
578 1394 715 1448 anni
764 1394 922 1462 pacis
981 1393 1218 1447 fuerunt
1269 1391 1542 1462 (Judicum
1584 1407 1667 1456 ιιι,
1710 1391 1821 1458 30).
1862 1389 2030 1444 Absit

367 1489 526 1544 ergo,
562 1479 626 1529 ut
675 1474 1008 1530 Salomonis
1064 1479 1328 1543 tempora
1377 1474 1432 1527 in
1486 1473 1593 1527 hac
1644 1471 2028 1543 promissione

366 1555 642 1624 prmdicta
671 1571 800 1609 esse
844 1556 1152 1609 credantur
1193 1571 1207 1608 :
1243 1554 1424 1608 multo
1465 1555 1657 1607 minus
1703 1553 1904 1622 utique
1930 1567 2029 1608 cu-

360 1635 607 1705 juslibet
637 1636 789 1706 regis
822 1635 1084 1690 alterius.
1119 1635 1244 1689 Non
1289 1635 1442 1689 enim
1479 1634 1790 1705 quisquam
1821 1650 2024 1689 eorum

366 1714 430 1768 in
458 1718 638 1781 tanta,
683 1721 905 1784 quanta
956 1714 1074 1778 ille,
1109 1730 1249 1785 pace
1281 1715 1542 1784 regnavit
1575 1729 1587 1769 :
1625 1730 1729 1768 nec
1763 1731 2022 1786 unquam

372 1792 613 1848 omnino
645 1809 787 1863 gens
844 1791 945 1847 illa
996 1793 1076 1847 ita
1129 1809 1375 1863 regnum
1409 1793 1612 1859 tenuit,
1661 1798 1726 1846 ut
1773 1792 2026 1848 sollicita

376 1889 491 1929 non
528 1874 699 1928 luerit
731 1889 800 1928 ne
846 1873 1112 1927 hostibus
1152 1873 1498 1928 subderetur
1545 1887 1557 1937 ;
1591 1874 1728 1943 quia
1777 1874 1833 1928 in
1867 1878 2024 1928 tanta

377 1952 765 2008 mutabilitate
789 1968 983 2007 rerum
1009 1953 1397 2008 humanarum
1424 1952 1572 2006 nulli
1591 1952 1899 2024 aliquando
1929 1969 2022 2022 po-

375 2033 514 2103 pulo
563 2049 839 2088 concessa
887 2039 977 2088 est
1025 2038 1188 2088 tanta
1239 2034 1542 2099 securitas,
1593 2039 1657 2088 ut
1706 2034 1844 2090 huic
1892 2035 2018 2089 vita

372 2113 616 2168 hostiles
659 2129 772 2168 non
818 2113 1153 2169 formidaret
1191 2115 1484 2170 incursus.
1539 2115 1719 2170 Locus
1749 2131 1882 2187 ergo
1911 2115 2019 2171 iste

362 2195 461 2264 qui
493 2195 855 2266 promittitur
877 2200 994 2251 tam
1017 2201 1230 2267 pacatae
1273 2213 1338 2251 ac
1370 2213 1585 2251 securae
1609 2197 2013 2265 habitationis,

366 2280 614 2332 internus
653 2281 762 2342 est,
793 2279 1140 2347 aeternisque
1178 2277 1423 2332 debetur
1472 2278 1528 2331 in
1565 2283 1749 2333 matre
1780 2279 2012 2334 Jerusa-

365 2356 478 2412 lem
516 2357 716 2423 libera,
750 2358 848 2412 ubi
880 2358 989 2412 erit
1029 2358 1308 2412 veraciter
1345 2358 1593 2428 populus
1632 2359 1804 2414 lsrael
1840 2375 1852 2413 :
1903 2359 2010 2414 hoc

365 2437 522 2492 enim
557 2454 762 2493 nomen
797 2439 872 2506 (α)
920 2437 1332 2508 interpretatur
1373 2437 1591 2493 Videns
1635 2438 1818 2494 Deum
1855 2455 1868 2493 :
1915 2456 2016 2494 cu-

359 2519 462 2589 jus
499 2519 719 2590 praamii
774 2518 1061 2573 desiderio
1113 2519 1206 2590 pia
1263 2535 1365 2589 per
1423 2518 1595 2574 [idem
1645 2519 1764 2574 vita
1809 2520 1869 2575 in
1903 2520 2010 2576 hac

363 2613 690 2654 aerumnosa
720 2598 1181 2670 peregrinatione
1219 2599 1487 2653 ducenda
1517 2603 1624 2654 est.

367 2761 599 2818 CAPUT
655 2761 798 2818 XIV.
847 2793 918 2802 —-
967 2763 1042 2816 De
1088 2762 1272 2817 studio
1316 2763 1498 2817 David
1545 2764 1602 2817 in
1651 2763 2007 2834 dispositione

775 2846 1141 2912 mysterioque
1179 2843 1543 2899 Psalmorum.

435 2979 810 3032 Procurrente
867 2975 1043 3046 igitur
1099 2991 1202 3048 per
1267 2980 1533 3048 tempora
1597 2975 1829 3032 civitate
1880 2976 2004 3051 Dei,

359 3055 546 3127 primo
578 3055 634 3109 in
679 3055 882 3110 umbra
913 3054 1111 3121 l'uturi,
1157 3054 1216 3109 in
1250 3062 1472 3110 terrena
1519 3054 1742 3110 scilicet
1769 3054 2008 3112 Jerusa-

358 3136 472 3191 lem
507 3136 768 3205 regnavit
799 3135 994 3190 David.
1047 3137 1178 3190 Erat
1208 3140 1399 3191 autem
1444 3136 1617 3191 David
1663 3136 1746 3191 vir
1777 3136 1834 3192 in
1868 3154 2004 3193 cau-

356 3217 491 3272 ticis
528 3217 813 3282 eruditus,
865 3215 962 3287 qui
1007 3216 1368 3272 harmoniam
1405 3217 1678 3272 musicam
1731 3235 1843 3274 non
1876 3219 2005 3274 vul-

353 3297 476 3364 gari
507 3297 827 3368 voluptate,
851 3298 947 3352 sed
973 3295 1128 3352 ﬁdeli
1159 3297 1456 3353 voluntate
1485 3297 1748 3353 dilexerit
1776 3313 1789 3364 ;
1823 3315 2006 3371 eaque

354 3378 466 3432 Deo
499 3393 623 3443 suo,
658 3376 757 3448 qui
807 3392 983 3431 verus
1029 3381 1118 3431 est
1167 3375 1343 3442 Deus,
1396 3376 1634 3448 mystica
1665 3377 1745 3432 rei
1783 3395 2005 3448 magna

356 3457 701 3528 ﬁguratione
751 3455 1033 3512 servierit.
1087 3456 1458 3512 Diversorum
1509 3456 1663 3512 enim
1725 3473 2004 3513 sonorum

359 3538 724 3594 rationabilis
758 3539 1205 3610 moderatusque
1253 3543 1566 3593 concentus
1617 3539 1885 3595 concordi
1917 3557 2009 3595 va-

360 3621 564 3678 rietate
593 3627 954 3686 compactam
987 3620 1132 3674 bene
1155 3619 1432 3675 ordinata:
1460 3619 1712 3674 civitatis
1743 3620 2007 3677 insinuat

360 3700 666 3754 unitatem.
717 3700 979 3772 Denique
1027 3699 1215 3755 omnis
1267 3700 1381 3755 fere
1434 3699 1736 3770 prophetia
1777 3701 1904 3770 ejus
1943 3701 2003 3756 in

362 3780 601 3836 Psalmis
631 3786 736 3850 est,
769 3797 912 3850 quos
957 3785 1191 3836 centum
1233 3780 1659 3851 quinquaginta
1688 3780 1835 3836 liber
1863 3797 2004 3838 con-

350 3861 511 3929 tinet,
545 3877 718 3932 quem
761 3860 1127 3916 Psalmorum
1177 3877 1470 3916 vocamus.
1513 3861 1571 3915 In
1603 3863 1822 3931 quibus
1853 3879 1998 3918 non-

344 3941 489 3997 nulli
528 3941 754 4006 volunt,
805 3957 903 3996 eos
955 3941 1108 3996 solos
1153 3941 1336 3996 factos
1385 3957 1510 3996 esse
1560 3959 1594 3997 a
1635 3940 1839 4008 David,
1898 3944 2000 4014 qui

342 4023 470 4092 ejus
505 4022 739 4078 nomine
772 4021 1040 4092 inscripti
1092 4025 1252 4077 sunt.
1284 4022 1437 4077 Sunt
1468 4022 1599 4076 item
1651 4022 1746 4092 qui
1794 4027 2003 4092 putant

343 4119 456 4158 non
490 4103 560 4157 ab
593 4119 658 4157 eo
700 4102 906 4171 factos,
941 4100 1053 4156 nisi
1080 4102 1180 4172 qui
1231 4106 1643 4171 praenotantur,
1681 4101 1859 4171 Ipsius
1899 4105 2002 4159 Da-

342 4184 434 4238 vid
464 4201 481 4238 :
515 4184 613 4254 qui
648 4199 775 4238 vero
807 4183 1024 4239 habent
1060 4183 1116 4238 in
1152 4183 1357 4252 titulis,
1389 4184 1503 4252 Ipsi
1533 4182 1732 4246 David,
1767 4185 1839 4236 ab
1871 4184 1998 4242 aliis

341 4266 541 4330 factos,
577 4280 836 4335 personas
861 4263 1045 4334 ipsius
1079 4262 1257 4317 fuisse
1287 4266 1602 4333 coaptatos.
1635 4262 1770 4324 Quae
1799 4264 1995 4332 opinio

336 4361 472 4401 voce
503 4345 832 4414 evangelica
852 4343 1166 4398 Salvatoris
1192 4343 1379 4413 ipsius
1416 4344 1722 4408 refutatur,
1758 4343 1856 4398 ubi
1890 4346 1992 4414 ait,

339 4426 489 4496 quod
525 4426 649 4494 ipse
681 4425 859 4480 David
909 4425 965 4478 in
1017 4422 1234 4491 Spiritu
1285 4421 1578 4476 Christum
1626 4423 1834 4478 dixerit
1863 4441 1994 4483 esse

339 4505 653 4560 Dominum
687 4521 859 4559 suum
900 4503 1119 4576 (Matth.
1159 4519 1299 4570 xxu,
1331 4502 1421 4574 43)
1477 4518 1490 4557 :
1527 4504 1802 4574 quoniam
1838 4505 1995 4560 Psal-

339 4602 468 4640 mus
495 4585 846 4641 centesimus
897 4599 1085 4639 nonus
1137 4584 1218 4638 sic
1258 4583 1465 4655 incipit
1497 4599 1510 4637 :
1544 4585 1698 4638 Dixit
1731 4587 1992 4642 Dominus

338 4668 571 4722 Domino
600 4683 739 4733 meo,
774 4666 909 4720 Sede
938 4682 971 4720 a
1001 4663 1215 4719 dextris
1255 4666 1407 4730 meis,
1448 4664 1617 4719 donec
1640 4682 1846 4734 ponam
1874 4669 1991 4720 ini—

333 4752 497 4803 micos
528 4755 650 4802 tuos
678 4747 970 4801 scabeltum
999 4745 1203 4817 pedum
1225 4752 1446 4799 tuorum
1465 4745 1633 4815 (Psal.
1668 4760 1781 4812 crx,
1820 4746 1890 4815 l).
1927 4747 1990 4806 Et

338 4833 490 4882 certe
520 4829 668 4882 idem
706 4828 966 4894 psalmus
992 4843 1104 4880 non
1138 4826 1314 4881 habet
1342 4826 1400 4879 in
1434 4825 1621 4879 titulo.
1665 4825 1845 4894 Ipsius
1874 4827 1988 4880 Da-

331 4901 470 4964 vid;
527 4900 648 4963 sed,
693 4897 812 4968 Ipsi
853 4899 1051 4964 David,
1087 4899 1240 4953 sicut
1282 4895 1544 4968 plurimi.
1593 4895 1736 4950 Mihi
1786 4902 1984 4952 autem

334 4979 670 5037 credibilius
691 4981 962 5036 videntur
983 4981 1320 5035 existimare
1338 4977 1436 5050 qui
1461 4993 1665 5033 omnes
1686 4976 1820 5033 illos
1842 4994 1984 5034 cen-

332 5065 458 5116 tum
492 5065 548 5116 et
590 5059 1019 5130 quinquaginta
1067 5059 1328 5114 Psalmos
1371 5061 1494 5127 ejus
1541 5057 1697 5128 Operi
1738 5059 1983 5126 tribunt,

329 5159 584 5214 eumque
616 5140 844 5213 aliquos
877 5147 1230 5211 prienotasse
1259 5140 1435 5195 etiam
1479 5139 1819 5196 nominibus
1849 5139 1988 5196 alio-

321 5239 486 5289 rum,
522 5220 742 5293 aliquid
775 5219 930 5291 quod
964 5219 1032 5274 ad
1077 5235 1198 5274 rem
1252 5219 1539 5290 pertineat
1570 5218 1982 5290 figurantibus,

331 5308 567 5359 ceteros
615 5308 809 5357 autem
872 5297 1094 5354 nullius
1149 5298 1402 5353 hominis
1451 5314 1664 5353 nomen
1706 5299 1764 5353 in
1799 5299 1982 5356 titulis

328 5383 542 5439 habere
571 5382 825 5438 voluisse
860 5396 873 5434 :
923 5379 1081 5435 sicut
1116 5378 1165 5433 ei
1193 5378 1489 5434 varietatis
1521 5379 1698 5447 hujus
1730 5379 1982 5450 disposi-

326 5463 566 5533 tionem,
602 5463 866 5535 quamvis
925 5459 1300 5528 latebrosam,
1335 5475 1448 5515 non
1492 5463 1689 5514 tamen
1746 5459 1980 5518 inanem

397 5641 470 5705 (α)
500 5641 727 5700 Scilicet,
750 5643 951 5693 Israel.

2139 665 2489 748 quibusdam
2527 667 2764 738 psalmis
2799 669 2854 723 in
2889 685 2953 748 eo
2985 668 3132 724 libro
3166 670 3437 742 leguntur
3465 674 3788 748 inscripta;

2137 753 2189 798 et
2239 762 2366 815 quae
2411 747 2489 801 ibi
2530 749 2824 815 dicuntur,
2867 747 3025 804 velut
3068 750 3140 804 ab
3198 751 3281 805 eis
3330 752 3445 806 dici
3495 747 3788 814 videntur.

2140 825 2338 908 Neque
2377 829 2533 884 enim
2569 847 2681 886 non
2733 831 2918 902 potuit
2970 833 3340 902 propheticus
3369 835 3623 906 Spiritus
3659 856 3786 908 pro-

2139 907 2401 978 phetanti
2434 910 2553 981 regi
2576 909 2754 965 David
2786 911 2907 966 haac
2929 912 3102 967 etiam
3125 913 3450 970 futurorum
3476 907 3790 988 Propheta-

2139 1003 2268 1042 rum
2320 989 2560 1044 nomina
2608 990 2880 1059 revelare,
2958 999 3022 1048 ut
3069 993 3314 1064 aliquid,
3366 997 3520 1068 quod
3579 1015 3780 1056 eorum

2137 1083 2399 1138 personae
2431 1072 2786 1139 conveniret,
2836 1074 3164 1144 prophetico
3213 1080 3552 1133 cantaretur
3586 1095 3599 1134 :
3633 1080 3783 1137 sicut

2137 1163 2233 1201 rex
2265 1147 2426 1204 Josia
2455 1158 2761 1206 exorturus
2793 1157 2848 1208 et
2879 1158 3224 1222 regnaturus
3267 1161 3400 1226 post
3438 1174 3628 1214 annos
3659 1177 3785 1216 am-

2137 1227 2292 1298 plius
2317 1246 2491 1300 quam
2526 1235 2833 1302 trecentos,
2865 1233 3098 1290 cuidam
3134 1236 3445 1307 prophetae,
3471 1239 3576 1308 qui
3607 1244 3784 1297 etiam

2137 1309 2286 1365 facta
2316 1311 2443 1380 eius
2476 1311 2668 1368 futura
2710 1314 2992 1385 prredixil,
3024 1331 3161 1373 cum
3201 1333 3310 1373 suo
3357 1319 3592 1375 nomine
3624 1336 3788 1376 reve-

2135 1389 2288 1446 latus
2315 1402 2405 1447 est
2433 1393 2534 1464 (IIl
2583 1395 2715 1464 Reg.
2750 1395 2899 1467 xui).

2135 1550 2364 1608 CAPUT
2397 1552 2514 1612 XV.
2546 1584 2615 1596 —
2644 1556 2735 1608 An
2758 1559 2943 1612 omnia
2976 1574 3096 1628 quae
3132 1559 3188 1613 in
3220 1560 3451 1616 Psalmis
3481 1561 3548 1617 de
3571 1563 3789 1622 Christo

2202 1640 2254 1688 et
2284 1635 2530 1689 Ecclesia
2553 1636 2988 1716 prophetantur,
3011 1639 3085 1694 ad
3114 1646 3433 1697 contextum
3454 1643 3628 1714 hujus
3655 1663 3791 1716 ope-

2201 1716 2280 1770 ris
2308 1715 2625 1786 coaptanda
2652 1719 2783 1772 sint.

2199 1849 2364 1905 Nunc
2386 1851 2513 1921 jam
2563 1853 2879 1924 exspectari
2930 1871 2965 1909 a
3012 1871 3104 1911 me
3153 1857 3338 1920 video,
3399 1863 3464 1914 ut
3511 1859 3625 1916 hoc
3658 1860 3786 1916 loco

2128 1926 2258 1982 libri
2305 1930 2478 1999 hujus
2509 1935 2768 2002 aperiam
2807 1933 2950 2005 quid
2983 1934 3042 1990 in
3075 1935 3322 1993 Psalmis
3353 1938 3530 1994 David
3565 1941 3638 1994 de
3669 1941 3785 1996 Do-

2129 2007 2285 2088 mino
2315 2009 2452 2065 Jesu
2485 2011 2712 2066 Christo
2759 2013 2845 2068 vel
2877 2015 3002 2083 ejus
3033 2013 3288 2070 Ecclesia
3323 2017 3782 2088 prophetaverit.

2126 2085 2242 2156 Ego
2282 2093 2475 2144 autem
2529 2099 2588 2144 ut
2631 2091 2738 2146 hoc
2788 2109 2902 2147 non
2956 2095 3033 2148 ita
3062 2093 3295 2162 faciam,
3324 2085 3502 2152 sicut
3553 2097 3794 2153 videtur

2123 2166 2252 2238 ipsa
2299 2171 2621 2241 expectatio
2702 2172 2989 2242 postulare
3050 2175 3348 2246 (quamvis
3388 2178 3510 2247 jam
3563 2178 3622 2234 in
3658 2195 3786 2236 uno

2121 2249 2401 2319 fecerim),
2434 2252 2602 2322 copia
2631 2269 2807 2323 quam
2842 2253 3037 2324 inopia
3070 2255 3255 2327 magis
3294 2257 3599 2328 impedior.
3632 2257 3787 2314 0m-

2121 2327 2218 2384 nia
2247 2331 2402 2385 enim
2437 2347 2650 2401 ponere
2699 2333 2944 2388 vitandaa
2995 2333 3338 2405 prolixitatis
3379 2353 3548 2392 causa
3579 2339 3779 2409 prohi-

2120 2409 2257 2466 beor
2284 2427 2296 2465 :
2322 2427 2518 2466 vereor
2548 2417 2743 2468 autem
2785 2429 2876 2481 ne,
2927 2430 3060 2469 cum
3109 2414 3307 2486 aliqua
3340 2417 3590 2488 elegero,
3627 2419 3784 2474 mul-

2116 2491 2189 2545 tis
2219 2491 2313 2562 qui
2338 2508 2404 2547 ea
2455 2498 2758 2572 noverunt,
2791 2494 2988 2549 videar
3033 2495 3218 2565 magis
3277 2499 3610 2554 necessaria
3640 2517 3790 2572 prm-

2117 2572 2318 2626 terisse
2351 2589 2364 2638 ;
2398 2571 2622 2640 deinde,
2656 2573 2796 2644 quia
2841 2575 3245 2631 testimonium
3279 2578 3426 2643 quod
3464 2579 3777 2648 profertur,

2115 2651 2186 2707 de
2212 2652 2575 2708 contextione
2623 2655 2802 2709 totius
2852 2652 3068 2709 Psalmi
3103 2656 3274 2711 debet
3317 2657 3530 2713 habere
3561 2659 3775 2715 suffra-

2113 2731 2271 2800 gium
2306 2741 2540 2788 utcerle
2582 2733 2724 2788 nihil
2761 2733 2839 2789 sit
2873 2735 2889 2768 ί
2922 2735 3074 2804 quod
3105 2735 3157 2790 ei
3185 2737 3528 2809 refragetur,
3568 2739 3619 2793 si
3655 2756 3768 2796 non

2114 2814 2306 2866 omnia
2349 2813 2778 2883 suffragantur),
2825 2829 2894 2868 ne
2945 2831 3102 2870 more
3151 2821 3462 2871 centonum
3518 2819 3591 2872 ad
3643 2834 3770 2875 rem

2113 2908 2286 2960 quam
2331 2891 2624 2960 volumus,
2672 2898 2952 2965 tanquam
2993 2895 3305 2950 versiculos
3341 2896 3652 2966 decerpere
3687 2899 3770 2953 vi-

2113 2973 2373 3042 deamur,
2407 2972 2559 3027 velut
2596 2973 2667 3028 de
2697 2974 2904 3044 grandi
2967 2974 3222 3030 carmine
3258 2974 3301 3044 ²,
3345 2977 3493 3046 quod
3529 2993 3648 3032 non
3695 2977 3783 3033 de

2113 3066 2170 3106 re
2223 3050 2337 3117 illa,
2389 3053 2486 3106 sed
2562 3053 2631 3107 de
2661 3051 2773 3107 alia
2827 3053 3116 3126 longeque
3171 3054 3398 3110 diversa
3445 3055 3782 3127 reperiatur

2111 3149 2236 3187 csse
2280 3132 2694 3201 conscriptum.
2745 3133 2861 3190 Hoc
2914 3140 3105 3190 autem
3167 3139 3228 3190 ut
3281 3138 3340 3190 in
3389 3152 3770 3208 quocumque

2112 3213 2338 3284 psalmo
2371 3213 2554 3284 possit
2574 3213 2822 3280 ostendi,
2848 3215 3227 3284 exponendus
3259 3221 3348 3270 est
3375 3221 3532 3272 totus
3568 3218 3765 3287 :quod

2113 3293 2316 3364 quanti
2365 3293 2556 3365 Operis
2587 3292 2684 3361 sit,
2719 3298 2775 3348 et
2810 3293 3076 3363 aliorum,
3127 3303 3182 3350 et
3212 3300 3408 3350 nostra
3439 3296 3764 3365 volumina,

2113 3373 2169 3428 in
2198 3373 2414 3444 quibus
2444 3373 2553 3428 hoc
2586 3373 2846 3440 fecimus,
2901 3375 3044 3429 satis
3089 3374 3373 3430 indicant.
3417 3375 3595 3447 Legat
3622 3392 3765 3448 ergo

2114 3453 2235 3520 illa,
2285 3454 2384 3525 qui
2435 3453 2702 3521 voluerit,
2747 3460 2804 3510 et
2853 3455 3157 3526 potuerit:
3210 3455 3468 3512 inveniet
3517 3460 3660 3527 quot
3706 3463 3771 3514 et

2113 3539 2332 3604 quanta
2363 3550 2459 3590 rex
2489 3535 2664 3588 David
2705 3535 2977 3606 idemque
3019 3536 3302 3608 propheta
3350 3538 3421 3592 de
3449 3536 3678 3593 Christo
3711 3545 3773 3594 et

2113 3613 2238 3681 ejus
2294 3612 2548 3667 Ecclesia
2603 3612 3052 3684 prophetaverit,
3111 3615 3180 3670 de
3231 3615 3384 3686 Rege
3431 3614 3650 3670 scilicet
3705 3621 3773 3672 et

2111 3693 2342 3749 civitate
2374 3709 2552 3764 quam
2585 3694 2869 3750 condidit.

2112 3853 2342 3911 CAPUT
2375 3852 2518 3908 XVI.
2551 3885 2619 3892 —
2645 3855 2722 3908 De
2763 3851 2849 3907 his
2879 3869 3000 3924 quae
3028 3853 3089 3906 in
3116 3851 3534 3924 quadragesimo
3557 3858 3761 3923 quarto

2179 3935 2394 3989 Psalmo
2425 3933 2498 3988 ad
2529 3933 2800 3990 Christum
2833 3939 2886 3988 ct
2931 3933 3222 3988 Ecclesiam
3256 3935 3624 4003 pertinentia,
3657 3938 3766 3987 aut

2180 4022 2369 4086 aperte
2399 4016 2678 4082 dicuntur,
2713 4020 2810 4069 aut
2851 4016 3077 4085 tropice.

2175 4152 2504 4217 Quamlibet
2539 4153 2696 4208 enim
2747 4152 2817 4208 de
2849 4168 3222 4223 quacumque
3263 4168 3324 4208 re
3356 4151 3596 4222 proprie
3629 4151 3756 4206 sint

2104 4238 2279 4303 atque
2310 4233 2624 4288 manifestae
2652 4233 2998 4303 prOpheticae
3023 4233 3367 4301 locutiones,
3391 4247 3629 4288 necesse
3660 4236 3760 4287 est

2103 4320 2164 4367 ut
2194 4314 2277 4368 eis
2308 4315 2479 4368 etiam
2512 4315 2746 4384 tropica
2770 4314 3125 4368 misceantur
3157 4329 3318 4384 :qum
3345 4313 3600 4368 maxime
3623 4328 3762 4382 pro-

2103 4401 2231 4465 pter
2262 4395 2548 4450 tardiores
2581 4395 2856 4460 ingerunt
2881 4393 3219 4449 doctoribus
3240 4394 3595 4449 laboriosum
3634 4393 3757 4448 dis-

2102 4473 2341 4544 putandi
2375 4474 2819 4546 exponendique
2869 4475 3186 4542 negotium.
3237 4475 3513 4540 Quaedam
3555 4479 3759 4530 tamen

2099 4555 2394 4610 Christum
2441 4559 2498 4610 et
2543 4556 2855 4611 Ecclesiam
2900 4555 3027 4625 ipsa
3081 4556 3269 4627 prima
3326 4556 3489 4624 facie,
3528 4572 3656 4611 mox
3690 4563 3762 4612 ut

2099 4636 2393 4702 dicuntur,
2448 4636 2767 4690 ostendunt
2818 4652 2834 4704 ;
2879 4634 2983 4690 etsi
3031 4652 3099 4690 ex
3149 4635 3265 4691 otio
3317 4640 3540 4690 restant
3571 4649 3755 4705 expo-

2098 4717 2307 4778 nenda,
2334 4731 2458 4786 quas
2492 4714 2549 4768 in
2571 4714 2651 4768 eis
2693 4715 2889 4769 minus
2921 4713 3369 4786 intelliguntur:
3404 4712 3576 4786 quale
3600 4712 3751 4768 illud

2098 4801 2187 4851 est
2220 4799 2276 4851 in
2303 4797 2502 4852 eodem
2529 4794 2890 4850 Psalmorum
2919 4795 3063 4851 libro
3097 4812 3110 4851 :
3135 4797 3425 4850 Eructavit
3455 4811 3551 4850 cor
3573 4811 3754 4850 meum

2093 4879 2316 4931 verbum
2339 4878 2559 4942 bonum,
2585 4876 2706 4931 dico
2737 4893 2838 4945 ego
2859 4892 3029 4946 opera
3062 4893 3180 4930 mea
3212 4879 3350 4945 regi.
3375 4877 3596 4944 Lingua
3628 4891 3755 4930 mea

2092 4960 2334 5012 calamus
2366 4958 2552 5012 scribae
2599 4958 2856 5011 velociter
2898 4955 3207 5012 scribentis.
3241 4959 3528 5027 Speciosus
3558 4959 3753 5024 forma

2084 5054 2206 5108 prae
2226 5039 2351 5107 ﬁliis
2371 5039 2684 5092 hominum:
2705 5029 2911 5107 diffusa
2931 5045 3009 5093 est
3022 5041 3208 5107 gratia
3220 5040 3278 5092 in
3295 5038 3451 5092 labiis
3465 5041 3592 5104 tuis,
3613 5053 3721 5108 pro
3735 5069 3754 5080 -

2083 5126 2280 5189 pterea
2338 5119 2615 5173 benedixit
2663 5126 2714 5172 te
2764 5122 2906 5174 Deus
2974 5121 3030 5172 in
3097 5124 3380 5173 aeternum.
3443 5120 3753 5186 Accingere

2090 5198 2340 5269 gladium
2373 5207 2524 5254 tuum
2542 5202 2688 5254 circa
2717 5200 2901 5267 femur
2921 5199 2962 5267 ³,
2988 5201 3386 5270 potentissime.
3429 5199 3620 5268 Specie
3649 5205 3755 5253 tua

2156 5394 2171 5427 ι
2204 5391 2346 5446 Μεε..
2379 5397 2480 5438 aut
2509 5392 2649 5437 certe
2687 5389 2834 5438 nihil
2863 5394 2954 5440 sit.

2151 5454 2172 5525 ξ
2223 5454 2307 5502 Sic
2354 5453 2475 5502 Mss.
2538 5454 2606 5501 At
2659 5452 2805 5508 editi,
2884 5453 3034 5502 velut
3103 5453 3168 5501 de
3243 5449 3566 5514 retrogrado
3617 5463 3756 5500 car-

2089 5529 2341 5644 Ἦηὲᾆίιᾷ
2367 5577 2588 5644 addunt,
2621 5586 2786 5628 tuum
2816 5589 2829 5628 :
2860 5579 3003 5644 quod
3032 5592 3066 5630 a
3091 5577 3471 5642 manuscriptis
3502 5579 3556 5628 et
3583 5589 3615 5626 a
3661 5576 3759 5628 So-

2089 5639 2370 5705 ptuaginta
2396 5641 2565 5690 abest.
