4110 6196
273 357 398 416 549

275 495 329 544 et
343 488 766 558 pulchritudine
787 495 904 551 tua,
927 486 1173 552 intende,
1199 501 1466 556 prospere
1481 483 1737 555 procede,
1759 489 1812 538 et
1836 499 1928 536 re-

276 571 660 638 gna.Propter
688 571 966 623 veritatem
987 572 1041 620 et
1054 565 1531 620 mansuetudinem
1553 571 1603 618 et
1615 565 1895 633 justitiam
1907 585 1930 635 ;

274 648 560 702 etdeducet
574 655 626 701 te
639 645 969 702 mirabiliter
987 647 1217 700 dextera
1237 652 1354 700 tua.
1377 647 1608 714 Sagittae
1631 650 1738 697 tux
1755 647 1929 696 acutx

271 729 663 798 potentissime
703 727 742 781 ί.
801 727 998 796 Populi
1043 724 1144 780 sub
1183 732 1233 780 te
1253 725 1468 790 cadent,
1508 727 1568 778 in
1616 723 1779 777 corde
1817 724 1930 776 ini-

272 809 537 862 micorum
569 810 735 879 regis.
758 806 920 862 Sedes
939 813 1059 871 tua,
1085 808 1246 871 Deus,
1279 808 1339 858 in
1358 805 1556 860 saecula
1583 805 1926 864 saeculorum,

271 889 436 956 virga
465 886 793 941 directionis
821 887 980 955 virga
1015 888 1177 954 regni
1204 887 1306 938 tui.
1349 885 1604 938 Dilexisti
1625 883 1926 952 justitiam,

279 974 333 1022 et
379 967 506 1022 odio
555 968 797 1022 habuisti
841 967 1193 1036 iniquitatem
1253 981 1274 1021 :
1311 971 1616 1036 propterea
1646 963 1809 1016 unxit
1857 968 1930 1027 te,

278 1051 441 1112 Deus,
476 1050 617 1102 Deus
665 1054 789 1103 tuus
835 1047 956 1102 oleo
1002 1047 1363 1101 exultationis
1403 1061 1526 1116 prae
1562 1039 1934 1114 participibus

282 1132 414 1185 tuis.
448 1129 683 1197 Myrrha
727 1134 780 1181 et
826 1133 988 1198 gutta
1029 1133 1081 1181 et
1127 1129 1278 1182 casia
1305 1143 1341 1182 a
1376 1125 1712 1180 vestimentis
1741 1124 1870 1187 tuis,
1899 1136 1936 1176 a

273 1209 525 1264 domibus
553 1209 806 1263 eburneis
849 1225 868 1263 :
907 1225 976 1262 ex
1023 1209 1223 1278 quibus
1269 1207 1682 1262 delectaverunt
1729 1211 1778 1258 te
1805 1205 1933 1272 ﬁlix

272 1307 469 1360 regum
507 1292 567 1343 in
604 1291 810 1344 honore
859 1295 954 1345 tuo
1005 1289 1177 1361 (Psal.
1228 1304 1378 1357 κων,
1431 1287 1612 1356 2-40).
1645 1287 1785 1351 Quis
1817 1300 1932 1338 non

273 1371 371 1426 hic
409 1370 734 1436 Christum,
767 1387 942 1442 quem
977 1372 1388 1442 pradicamus,
1421 1375 1478 1426 et
1508 1372 1564 1425 in
1595 1383 1768 1441 quem
1803 1381 1934 1422 cre—

270 1451 494 1519 dimus,
539 1451 865 1522 quamlibet
917 1454 996 1506 sit
1033 1453 1253 1515 tardus,
1299 1455 1574 1522 agnoscat
1613 1467 1627 1504 :
1659 1466 1792 1504 cum
1826 1464 1931 1502 au-

269 1532 416 1600 diat,
447 1531 657 1597 Deum,
689 1536 860 1600 cujus
886 1534 1054 1588 sedes
1081 1538 1170 1587 est
1197 1533 1256 1587 in
1290 1532 1503 1588 saecula
1535 1529 1882 1587 saeculorum
1914 1547 1929 1595 ;

268 1621 325 1669 et
357 1618 601 1670 unctum
661 1629 694 1670 a
738 1613 874 1681 Deo,
925 1613 1126 1684 utique
1175 1613 1327 1668 sicut
1374 1611 1544 1683 ungit
1607 1612 1772 1677 Deus,
1818 1622 1932 1662 non

267 1693 510 1765 visibili,
543 1695 643 1750 sed
668 1691 954 1766 spirituali
978 1691 1528 1764 atqueintelligibili
1571 1689 1887 1746 chrismate
1906 1686 1934 1741 ‘l

267 1773 414 1838 Quis
443 1775 601 1832 enim
635 1783 752 1830 tam
795 1775 956 1830 rudis
987 1778 1076 1829 est
1105 1774 1162 1827 in
1206 1772 1314 1828 hac
1353 1771 1652 1845 religione,
1693 1769 1782 1824 vel
1812 1776 1930 1823 tam

269 1855 488 1910 surdus
518 1855 794 1911 adversus
840 1855 968 1926 ejus
1013 1853 1232 1910 famam
1263 1853 1435 1925 longe
1491 1853 1725 1923 lateque
1756 1849 1931 1904 diffu-

267 1951 419 2003 sam,
445 1939 509 1990 ut
527 1935 822 1991 Christum
849 1953 884 1991 a
905 1935 1241 2001 chrismate,
1284 1933 1392 1989 hoc
1413 1937 1504 1988 est
1535 1933 1607 1988 ab
1629 1929 1931 1995 unctione,

267 2013 626 2085 appellatum
657 2031 786 2071 esse
830 2030 948 2071 non
977 2015 1199 2071 venerit
1245 2013 1273 2068 ‘l
1310 2011 1520 2084 Agnito
1575 2017 1768 2068 autem
1801 2023 1932 2080 rege

265 2093 516 2163 Christo,
549 2097 673 2166 jam
723 2100 933 2150 caetera
980 2112 1108 2167 quas
1155 2094 1250 2149 hic
1307 2093 1528 2163 tropice
1575 2092 1732 2146 dicta
1770 2093 1930 2159 sunt,

269 2177 568 2246 quomodo
599 2177 677 2231 sit
723 2176 1027 2246 speciosus
1060 2176 1246 2230 forma
1280 2191 1394 2246 pra:
1426 2173 1561 2228 ﬁliis
1601 2171 1929 2238 hominum,

272 2256 532 2327 quadam
613 2261 774 2311 tanto
853 2256 1034 2328 magis
1091 2257 1342 2312 amanda
1405 2263 1579 2326 alque
1645 2251 1932 2321 miranda,

272 2343 496 2405 quanto
520 2339 713 2390 minus
733 2351 1008 2406 corporea
1031 2335 1465 2407 pulchritudine
1499 2353 1513 2403 ;
1547 2333 1680 2405 quis
1706 2330 1932 2402 gladius

267 2415 424 2482 ejus,
459 2430 587 2483 qum
635 2413 888 2485 sagittae,
933 2419 990 2469 et
1019 2419 1230 2470 caetera
1262 2415 1376 2469 isto
1432 2414 1602 2469 modo
1653 2428 1766 2466 non
1800 2424 1934 2481 pro-

267 2492 422 2563 prie,
454 2494 554 2548 sed
590 2493 808 2565 tropice
857 2495 1067 2565 posita,
1105 2496 1228 2565 jam
1261 2495 1538 2549 subditus
1587 2492 1639 2548 ei
1680 2492 1819 2563 quia
1851 2503 1937 2546 re.

266 2577 412 2644 gnat
443 2579 682 2644 propter
714 2575 1018 2631 veritatem
1052 2581 1110 2632 et
1140 2575 1654 2630 mansuetudinem
1687 2578 1744 2628 et
1759 2570 1933 2643 justi-

265 2651 436 2719 tiam,
471 2651 732 2723 iuquirat
760 2671 828 2710 ex
868 2655 1007 2710 otio.

333 2734 392 2786 2.
433 2731 646 2788 Deinde
675 2733 918 2803 aspiciat
941 2733 1066 2804 ejus
1106 2732 1450 2802 Ecclesiam,
1485 2736 1639 2787 tanto
1677 2731 1799 2786 viro
1831 2746 1932 2786 suo

268 2810 563 2882 spirituali
593 2812 886 2868 connubio
915 2819 971 2868 et
1018 2814 1214 2869 divino
1258 2829 1454 2869 amore
1515 2812 1928 2881 conjunctam:

271 2893 343 2947 de
376 2907 496 2962 qua
515 2892 733 2949 dicitur
753 2893 812 2948 in
838 2893 926 2948 hia
951 2910 1078 2964 quae
1102 2898 1430 2965 sequuntur
1461 2910 1479 2948 :
1510 2893 1690 2948 Astitit
1735 2892 1934 2960 regina

272 2989 306 3028 a
335 2971 553 3027 dextris
576 2975 684 3028 tuis
713 2975 774 3028 in
802 2977 1000 3028 vestitu
1027 2974 1317 3042 deaurato,
1369 2974 1781 3028 circumamicla
1825 2985 1932 3025 va-

270 3055 500 3111 rietate.
528 3055 696 3123 Audi,
730 3055 868 3126 ﬁlia,
910 3062 962 3110 et
991 3055 1133 3124 vide,
1166 3062 1219 3109 et
1269 3055 1481 3109 inclina
1523 3069 1711 3108 aurem
1756 3059 1929 3118 tuam,

273 3144 326 3192 et
371 3133 696 3195 obliviscere
732 3137 1006 3207 populum
1045 3144 1224 3203 tuum,
1264 3142 1317 3190 et
1351 3136 1571 3190 domum
1602 3135 1784 3205 patris
1825 3134 1928 3190 tui.

270 3223 551 3287 Quoniam
579 3221 888 3288 concupivit
917 3234 1017 3273 rex
1071 3217 1303 3288 speciem
1333 3224 1505 3283 tuam,
1536 3218 1670 3287 quia
1697 3217 1812 3285 ipse
1852 3214 1933 3267 est

275 3304 545 3358 Dominus
567 3301 706 3354 Deus
750 3305 892 3354 tuus.
926 3300 995 3352 Et
1032 3298 1346 3353 adorabunt
1381 3313 1503 3351 eum
1529 3297 1656 3364 ﬁliae
1691 3296 1822 3364 Tyri
1861 3291 1930 3346 in

269 3381 628 3438 muneribus:
650 3381 864 3434 vultum
883 3386 1038 3433 tuum
1052 3378 1504 3448 deprecabuntur
1522 3376 1719 3430 divites
1731 3374 1927 3444 plebis.

268 3465 463 3520 Omnis
501 3463 685 3533 gloria
713 3464 832 3532 ejus
874 3462 1002 3530 ﬁlix
1050 3462 1196 3529 regis
1230 3461 1580 3523 intrinsecus,
1631 3459 1688 3509 in
1717 3454 1932 3525 ﬁmbris

268 3548 481 3609 aureis,
513 3545 721 3598 circum
752 3545 954 3597 amicta
982 3543 1271 3596 varietate.
1298 3539 1622 3607 Afferentur
1662 3539 1780 3604 regi
1817 3539 1930 3590 vir-

267 3630 436 3696 gines
447 3631 576 3695 post
588 3625 999 3694 eam,proximx
1020 3623 1140 3692 ejus
1154 3622 1462 3691 afferentur
1479 3619 1598 3672 tibi.
1609 3622 1649 3673 Α
1661 3618 1932 3686 ﬂ'erentur

267 3710 328 3762 in
364 3708 574 3762 laetitia
617 3710 669 3760 et
714 3705 1093 3759 exsultatione
1118 3719 1137 3758 :
1177 3700 1529 3756 adducentur
1571 3701 1630 3752 in
1671 3699 1932 3767 templum

263 3789 448 3856 regis.
485 3787 590 3840 Pro
615 3784 868 3855 patribus
899 3785 1006 3838 tuis
1036 3785 1159 3837 nati
1185 3787 1314 3837 sunt
1339 3781 1438 3834 tibi
1475 3779 1578 3846 ﬁlii
1599 3795 1618 3832 :
1636 3780 1934 3833 constitues

272 3883 358 3923 eos
401 3867 699 3939 principes
745 3881 914 3936 super
942 3880 1156 3918 omnem
1187 3869 1412 3917 terram.
1452 3862 1714 3916 Memores
1768 3864 1934 3912 erunt

267 3949 520 4002 nominis
572 3949 672 4009 tui,
739 3949 798 3999 in
847 3947 998 4000 omni
1042 3944 1400 4014 generatione
1457 3945 1509 3996 et
1550 3941 1927 4010 generatione.

271 4031 586 4099 Propterea
639 4027 840 4097 populi
879 4024 1286 4093 conﬁtebuntur
1316 4023 1412 4077 tibi
1445 4023 1504 4075 in
1561 4028 1845 4086 xternum,
1878 4026 1931 4074 et

276 4111 333 4164 in
375 4107 645 4164 saeculum
697 4107 884 4161 saeculi
913 4106 1086 4175 (Psal.
1119 4120 1269 4171 κων,
1304 4102 1506 4172 10-18).
1556 4100 1682 4156 Non
1727 4101 1934 4171 opinor

277 4203 653 4261 quemquam
700 4187 782 4242 ita
823 4185 1107 4257 desipere,
1152 4188 1218 4239 ut
1249 4182 1342 4239 hic
1385 4183 1643 4254 aliquam
1688 4180 1931 4236 mulier-

277 4267 471 4324 culam
532 4266 836 4338 praedicari
860 4267 1056 4322 credat
1085 4270 1258 4336 atque
1289 4263 1540 4318 describi
1574 4279 1588 4317 :
1618 4262 1931 4332 conjugem

276 4348 548 4404 videlicet
580 4347 758 4411 illius,
790 4347 881 4402 cui
915 4347 1137 4402 dictum
1187 4351 1299 4413 est,
1325 4343 1486 4400 Sedes
1516 4350 1633 4410 tua,
1677 4345 1838 4404 Deus,
1870 4342 1930 4395 in

275 4430 480 4485 saecula
521 4427 881 4490 saeculorum;
907 4429 1066 4496 virga
1093 4425 1414 4480 directionis
1446 4426 1606 4494 virga
1635 4425 1794 4493 regni
1823 4423 1926 4476 tui.

276 4510 541 4566 Dilexisti
580 4509 886 4578 justitiam,
935 4515 987 4562 et
1042 4508 1168 4562 odio
1231 4507 1491 4561 habuistit
1540 4508 1927 4576 iniquitatem:

271 4598 579 4663 propterea
614 4591 778 4643 unxit
801 4595 871 4652 te,
903 4591 1215 4658 Deus,Deus
1247 4595 1376 4642 tuus
1405 4587 1520 4642 oleo
1548 4585 1931 4642 exsultationis

272 4689 389 4741 prae
431 4670 808 4742 participibus
839 4671 977 4724 tuis:
1007 4668 1302 4725 Christum
1336 4667 1538 4739 utique
1570 4683 1683 4738 prie
1732 4664 1928 4720 Chris-

281 4754 479 4808 tinnis.
515 4750 579 4807 Hi
613 4751 929 4806 suntenim
967 4749 1278 4821 participes
1308 4750 1456 4818 ejus,
1491 4763 1559 4802 ex
1585 4762 1834 4819 quorum
1871 4747 1926 4798 in

283 4833 568 4888 Omnibus
608 4832 878 4903 gentibus
919 4831 1138 4886 unitate
1168 4834 1342 4898 atque
1383 4829 1693 4883 concordia
1719 4827 1783 4880 ﬁt
1823 4824 1932 4880 ista

285 4913 492 4983 regina
528 4912 714 4968 :sicut
741 4911 799 4966 in
834 4910 946 4966 alio
979 4907 1198 4980 psalmo
1228 4909 1300 4963 de
1329 4907 1429 4962 illa
1458 4907 1694 4973 dicitur,
1727 4907 1930 4962 Civitas

282 4993 444 5061 Regis
475 4993 670 5061 magni
699 4991 868 5062 (Psal.
904 4989 1300 5060 vau,3).ipsa
1330 4994 1419 5043 est
1447 4987 1583 5042 Sion
1607 4986 1932 5058 spirituali-

282 5073 558 5143 terzquod
584 5087 793 5128 nomen
816 5071 995 5127 latine
1014 5072 1453 5139 interpretatum
1476 5066 1801 5136 Speculatio
1820 5072 1930 5122 est.

286 5151 636 5222 Speculatur
679 5151 835 5206 enim
883 5152 1061 5206 futuri
1109 5147 1304 5204 seaculi
1353 5163 1629 5218 magnum
1671 5148 1926 5202 bonum:

285 5233 562 5302 quoniam
584 5231 718 5288 illuc
748 5232 1023 5305 dirigitur
1043 5233 1171 5302 ejus
1194 5229 1461 5285 intentio.
1497 5230 1627 5301 Ipsa
1657 5231 1746 5284 est
1767 5227 1928 5283 etJe-

347 5431 364 5466 1
397 5428 558 5484 Edjti,
588 5429 960 5492 potentissime
990 5442 1004 5489 ;
1040 5428 1317 5492 pauloque
1348 5425 1487 5492 post,
1535 5423 1595 5473 in
1643 5421 1826 5492 corda.
1867 5421 1934 5471 At

281 5486 635 5555 manuscripti
660 5493 749 5542 hic
773 5495 828 5543 et
870 5486 1000 5542 aliis
1034 5486 1259 5555 interius
1300 5486 1430 5555 locis
1457 5486 1934 5555 cgnveniuntpum

283 5546 636 5665 ageremus,
669 5569 833 5619 quam
859 5554 1187 5617 Augustinus
1213 5552 1456 5615 sequitur
1479 5551 1662 5602 Enarr.
1704 5549 1763 5598 in
1790 5546 1929 5598 Psal.

1437 347 1676 410 LIBER
1717 347 2057 409 DECIMUS
2103 347 2524 413 SEPTIMUS.

3561 355 3680 418 550

2040 482 2292 539 rusalem
2315 485 2518 541 eodem
2554 487 2720 542 modo
2752 485 3147 557 spiritualiter,
3181 487 3336 544 unde
3357 487 3679 558 multajam

2039 563 2310 618 diximus.
2353 569 2490 636 Ejus
2524 567 2760 622 inimica
2791 573 2880 622 est
2921 566 3118 621 civitas
3141 567 3351 624 diaboli
3399 569 3675 642 Babylon,

2041 660 2166 714 quae
2188 645 2907 720 Confusiointerpretatur.
2934 648 3012 701 Ex
3036 664 3150 718 qua
3170 654 3363 703 tamen
3391 651 3681 719 Babylone

2039 725 2240 794 regina
2268 727 2379 781 ista
2400 727 2456 782 in
2487 729 2758 784 omnibus
2780 726 3050 799 gentibus
3075 730 3507 799 regeneratione
3537 729 3681 785 lihe-

2040 812 2224 870 ratur,
2244 813 2301 861 et
2331 825 2358 860 a
2384 810 2638 878 pessimo
2663 825 2793 879 rege
2812 810 2882 864 ad
2915 809 3200 878 optimum
3228 809 3462 877 Regem,
3488 810 3545 865 id
3575 819 3678 878 est,

2040 903 2072 940 a
2104 887 2335 942 diabolo
2366 890 2574 944 transit
2595 891 2662 944 ad
2698 890 3016 945 Christum.
3051 891 3288 956 Propter
3318 893 3470 962 quod
3506 892 3557 946 ei
3589 892 3680 947 di-

2040 967 2209 1034 citur,
2235 969 2560 1024 Obliviscere
2570 971 2845 1040 populum
2869 977 3023 1024 tuum
3050 975 3103 1024 et
3123 971 3338 1024 domum
3378 975 3560 1041 patris
3576 974 3678 1026 tui.

2040 1047 2215 1118 Cujus
2246 1050 2494 1106 civitatis
2529 1052 2720 1122 impias
2748 1051 2932 1121 portio
2965 1057 3099 1105 sunt
3139 1057 3196 1105 et
3246 1051 3509 1106 Israelita:
3557 1053 3684 1107 sola

2041 1144 2235 1196 carne,
2269 1146 2384 1184 non
2426 1131 2574 1185 fide:
2609 1130 2832 1186 inimici
2872 1131 3044 1186 etiam
3088 1131 3196 1200 ipsi
3252 1130 3451 1201 magni
3511 1132 3684 1201 hujus

2043 1207 2234 1278 Regis,
2276 1210 2518 1280 ejusque
2558 1210 2787 1281 reginae.
2825 1210 2907 1265 Ad
2949 1212 3105 1280 ipsos
3137 1209 3291 1265 enim
3335 1210 3595 1274 veniens,
3629 1213 3686 1266 et

2043 1291 2115 1344 ab
2145 1290 2230 1345 eis
2260 1290 2524 1344 Christus
2568 1291 2814 1358 occisus,
2852 1291 3038 1360 magis
3070 1289 3314 1344 aliorum
3351 1291 3536 1346 factus
3567 1295 3682 1357 est,

2043 1387 2189 1444 quos
2223 1387 2337 1426 non
2369 1371 2589 1425 viditin
2614 1388 2804 1426 carne.
2828 1371 2988 1426 Unde
3022 1386 3116 1441 per
3148 1372 3500 1441 cujusquam
3538 1372 3688 1442 psal-

2045 1451 2122 1505 mi
2157 1450 2520 1522 prophetiam
2553 1453 2692 1506 dicit
2725 1452 2840 1506 Rex
2873 1452 2992 1521 ipse
3043 1457 3258 1518 noster,
3289 1454 3462 1506 Erues
3499 1468 3582 1506 me
3618 1452 3685 1507 de

2041 1532 2568 1587 contradictionibus
2609 1535 2825 1602 populi,
2875 1534 3172 1586 constitues
3220 1548 3302 1584 me
3349 1534 3406 1584 in
3465 1539 3632 1602 caput
3663 1535 3682 1568 ί

2039 1614 2307 1681 gentium.
2345 1614 2583 1682 Populus
2611 1630 2771 1683 quem
2811 1629 2925 1666 non
2966 1613 3216 1680 cognovi,
3253 1615 3476 1666 servivit
3509 1614 3685 1675 mihi;

2041 1692 2102 1746 in
2135 1690 2406 1747 obauditu
2425 1695 2578 1746 auris
2607 1692 2888 1746 obaudivit
2919 1692 3054 1745 mihi
3074 1691 3243 1758 (Psal.
3263 1692 3474 1758 "11,44
3495 1698 3548 1746 et
3571 1693 3686 1762 45).

2043 1772 2299 1844 Populus
2347 1789 2482 1845 ergo
2529 1773 2636 1828 iste
2671 1773 2959 1844 gentium,
3014 1787 3191 1842 quem
3252 1787 3368 1827 non
3421 1772 3692 1842 cognovit

2041 1853 2311 1909 Christus
2385 1853 2689 1924 praesentia
2750 1851 3058 1924 corporali,
3117 1851 3178 1906 in
3237 1868 3413 1923 quem
3486 1856 3683 1907 tamen

2039 1933 2335 1988 Christum
2367 1935 2480 1989 sibi
2511 1934 2925 1989 annuutiatum
2968 1932 3236 1998 credidit,
3271 1939 3334 1987 ut
3366 1932 3570 1988 merito
3617 1932 3690 1987 de

2039 2014 2140 2069 illo
2172 2014 2481 2081 diceretur,
2504 2016 2571 2068 In
2587 2014 2855 2068 obauditu
2872 2016 3024 2068 auris
3044 2011 3331 2067 obaudivit
3359 2013 3529 2074 mihi;
3553 2011 3690 2084 quia

2043 2096 2188 2150 fides
2210 2112 2278 2150 ex
2307 2096 2510 2150 auditu
2541 2101 2626 2151 est
2649 2099 2822 2167 (Rom.
2847 2113 2901 2163 x,
2936 2096 3059 2166 17);
3093 2094 3220 2160 iste,
3279 2095 3544 2165 inquam,
3588 2110 3688 2164 po-

2043 2175 2220 2245 pulus
2262 2176 2498 2231 additus
2540 2175 2688 2230 veris
2719 2181 2774 2230 et
2804 2191 2977 2230 carne
3007 2180 3064 2230 et
3096 2175 3209 2229 ﬁde
3242 2173 3522 2228 Israelitis
3554 2173 3688 2227 civi-

2043 2255 2132 2309 las
2163 2260 2251 2311 est
2283 2256 2400 2322 Dei,
2435 2272 2562 2327 quas
2592 2255 2788 2327 ipsum
2822 2270 3052 2326 quoque
3084 2254 3404 2308 secundum
3457 2268 3684 2307 carnem

2043 2334 2267 2406 peperit
2305 2335 2623 2401 Christum,
2656 2335 2890 2405 quando
2934 2335 2992 2387 in
3048 2331 3188 2387 solis
3240 2331 3358 2386 illis
3414 2330 3687 2394 lsraelitig

2043 2413 2171 2469 fuit.
2204 2415 2344 2469 Inde
2385 2415 2600 2486 quippe
2629 2423 2750 2470 erat
2772 2415 2933 2485 virgo
2967 2411 3168 2479 Maria,
3204 2411 3262 2466 in
3296 2428 3413 2482 qua
3449 2427 3685 2466 carnem

2043 2495 2332 2563 Christus,
2357 2504 2412 2551 ut
2445 2498 2618 2553 homo
2651 2500 2822 2562 esset,
2845 2493 3183 2564 assumpsit.
3217 2499 3292 2548 De
3317 2509 3433 2564 qua
3456 2493 3688 2548 civitate

2043 2575 2305 2644 psalmus
2318 2577 2464 2632 alius
2480 2575 2582 2640 ait,
2602 2579 2780 2631 Mater
2794 2577 2947 2637 Sion,
2966 2575 3106 2628 dicet
3123 2573 3302 2637 homo,
3317 2576 3367 2627 et
3389 2573 3548 2627 homo
3562 2574 3688 2640 fac-

2042 2661 2128 2711 tus
2175 2663 2252 2712 est
2281 2659 2342 2711 in
2371 2673 2455 2725 ea,
2486 2664 2540 2711 et
2577 2660 2700 2727 ipsa
2744 2654 3002 2724 fundavit
3041 2670 3158 2708 eam
3190 2654 3493 2708 Altissimus
3514 2653 3685 2723 (Psal.

2042 2754 2259 2804 LXXXVI,
2291 2737 2370 2808 5.)
2402 2737 2538 2800 Quis
2567 2742 2656 2792 est
2702 2735 2811 2791 iste
2850 2734 3209 2801 Altissimus,
3230 2733 3342 2788 nisi
3378 2733 3532 2788 Deus
3560 2733 3588 2787 ?
3617 2733 3688 2788 Et

2044 2834 2145 2889 per
2161 2817 2270 2872 hoc
2298 2818 2564 2872 Christus
2591 2818 2766 2883 Deus,
2790 2821 3104 2886 antequam
3125 2815 3182 2868 in
3208 2813 3309 2868 illa
3333 2813 3563 2868 civitate
3585 2827 3688 2882 per

2043 2897 2286 2952 Mariam
2308 2898 2467 2953 ﬁeret
2498 2897 2690 2962 homo,
2711 2897 2834 2965 ipse
2853 2897 2910 2951 iu
2929 2892 3286 2950 Patriarchis
3304 2899 3361 2946 et
3375 2891 3683 2962 Prophetis

2042 2975 2303 3031 fundavit
2331 2993 2478 3031 eam.
2503 2977 2646 3032 Cum
2693 2975 2871 3044 igitur
2901 2974 3035 3028 huic
3070 2972 3282 3044 reginas
3325 2970 3542 3026 civitati
3590 2971 3686 3026 Dei

2043 3062 2202 3112 tanto
2251 3062 2386 3112 ante
2436 3057 2656 3112 dictum
2689 3056 2763 3110 sit
2796 3071 2897 3127 per
2943 3053 3332 3126 prophetiam,
3365 3052 3519 3124 quod
3560 3052 3685 3122 jam

2038 3136 2307 3192 videmus
2345 3135 2797 3208 impletum,Pro
2819 3135 3078 3206 patribus
3109 3135 3216 3189 tuis
3246 3133 3370 3186 nati
3415 3137 3547 3186 sunt
3588 3129 3689 3185 tibi

2038 3218 2162 3290 ﬁlii,
2178 3221 2471 3274 constitues
2486 3235 2574 3275 eos
2589 3221 2872 3289 principes
2901 3234 3068 3288 super
3087 3231 3294 3272 omnem
3336 3220 3538 3268 terram
3567 3227 3590 3273 ,ο
3619 3226 3689 3267 ex

2043 3299 2176 3354 filiis
2209 3301 2421 3371 quippe
2451 3302 2579 3370 ejus
2632 3316 2730 3370 per
2772 3315 3004 3354 omnem
3041 3305 3257 3353 terram
3307 3304 3440 3352 sunt
3472 3311 3689 3366 praepo-

2043 3379 2136 3434 siti
2169 3386 2225 3434 et
2258 3385 2453 3450 patres
2483 3382 2767 3450 ejus,cum
2798 3377 3208 3434 conﬁteantur‘2
3239 3377 3289 3430 ei
3324 3375 3520 3445 populi
3543 3390 3685 3430 con-

2040 3463 2338 3514 currentes
2366 3460 2434 3512 ad
2487 3474 2613 3514 eam
2649 3475 2781 3511 cum
2823 3457 3189 3513 confessione
3220 3454 3412 3508 laudis
3461 3458 3686 3508 aeternas

2040 3539 2098 3595 in
2131 3542 2410 3594 saeculum
2455 3537 2650 3593 saeculi
2682 3539 2796 3609 (a):
2824 3537 3020 3607 procul
3053 3535 3229 3590 dubio
3270 3532 3546 3602 quidquid
3592 3532 3687 3587 hic

2039 3617 2278 3689 tropicis
2307 3616 2700 3671 locutionibus
2732 3615 3092 3671 subobscure
3133 3611 3350 3667 dictum
3385 3615 3495 3674 est,
3546 3624 3685 3678 quo-

2042 3719 2154 3773 quo
2189 3701 2355 3755 modo
2408 3699 2789 3769 intelligatur,
2823 3697 2996 3752 debet
3029 3697 3118 3751 his
3176 3695 3347 3749 rebus
3398 3692 3687 3746 manifes-

2040 3781 2285 3839 tissimis
2317 3780 2642 3834 convenire.

2041 3944 2269 4002 CAPUT
2298 3943 2480 3999 XVII.
2514 3974 2582 3983 -
2607 3944 2677 3998 De
2708 3941 2793 3996 his
2824 3957 2945 4012 qux
2982 3938 3055 3994 ad
3081 3937 3447 3993 sacerdotium
3480 3932 3686 3987 Christi

2111 4031 2170 4083 in
2200 4029 2418 4083 Psalmo
2449 4028 2736 4081 centesimo
2763 4041 2930 4090 nono,
2951 4029 3002 4077 et
3029 4022 3096 4076 de
3128 4022 3208 4075 his
3238 4035 3359 4090 qux
3388 4021 3444 4072 in
3471 4016 3684 4071 Psalmo

2109 4108 2371 4179 vigesimo
2395 4109 2579 4178 primo
2611 4107 2683 4162 ad
2707 4108 3017 4177 passionem
3069 4104 3239 4173 ipsius
3268 4101 3530 4171 spectant.

2111 4246 2274 4302 Sicut
2296 4245 2471 4301 etiam
2495 4244 2554 4299 in
2578 4243 2676 4298 illo
2701 4243 2950 4314 psalmo,
2977 4239 3074 4295 ubi
3101 4237 3371 4294 sacerdos
3391 4233 3682 4296 Christus,

2040 4326 2528 4396 quemadmodum
2570 4324 2665 4378 hic
2721 4340 2839 4388 rex,
2872 4320 3237 4393 apertissime
3290 4316 3680 4386 praedicatur:

2041 4408 2200 4462 Dixit
2253 4407 2513 4460 Dominus
2561 4406 2784 4459 Domino
2824 4419 2963 4468 meo,
3011 4400 3148 4458 Sede
3176 4416 3210 4453 a
3268 4397 3482 4452 dextris
3527 4396 3683 4464 meis,

2037 4489 2207 4545 donec
2220 4505 2429 4560 ponam
2459 4489 2702 4542 inimicos
2735 4490 2854 4540 tuos
2882 4484 3175 4540 scabellum
3191 4481 3395 4552 pedum
3442 4486 3682 4534 tuorum.

2039 4570 2246 4626 Sedere
2260 4570 2528 4624 Christus
2549 4569 2616 4620 ad
2642 4568 2932 4621 dexteram
2952 4564 3052 4619 Dei
3077 4564 3167 4618 Pat
3180 4564 3258 4617 ris
3273 4560 3544 4625 creditur,
3571 4574 3683 4613 non

2040 4651 2302 4705 videtur:
2338 4650 2465 4718 ejus
2497 4644 2964 4702 etiaminimicos
2982 4643 3114 4714 poni
3138 4643 3247 4697 sub
3281 4639 3684 4718 pedibusiejus

2040 4730 2296 4786 nondum
2372 4717 2646 4799 apparet;
2675 4725 2730 4779 id
2792 4725 2972 4795 igitur
2999 4724 3040 4788 ³,
3075 4719 3376 4792 apparebit
3415 4717 3635 4799 indine
3666 4733 3683 4783 ;

2040 4811 2215 4866 etiam
2257 4810 2364 4864 hoc
2413 4795 2570 4862 nunc
2613 4805 2884 4866 creditur,
2937 4807 3064 4872 post
3109 4799 3422 4853 videbitur.
3464 4795 3683 4848 Verum

2041 4893 2187 4962 quod
2223 4891 2507 4961 sequitur,
2546 4889 2770 4955 Virgam
2795 4885 3018 4939 virtutis
3063 4884 3167 4935 lux
3197 4880 3396 4932 emittet
3421 4875 3686 4930 Dominus

2106 5109 2121 5143 ι
2155 5105 2298 5164 Mss.,
2333 5102 2394 5152 in
2424 5101 2602 5164 capite
2632 5101 2909 5164 gentium.
3054 5157 3092 5164 _
3327 5161 3335 5164 A
3574 5163 3577 5164 ν

2105 5169 2126 5202 ²
2155 5167 2239 5217 Sic
2263 5155 2384 5216 Mss.
2432 5155 2503 5214 At
2528 5155 2657 5216 editi
2687 5163 2840 5214 Vind.
2886 5161 3011 5224 Am.
3054 5157 3165 5220 En,
3204 5161 3340 5203 sunt
3377 5155 3690 5224 praepositi:

2032 5230 2320 5294 principes
2375 5243 2500 5294 cum
2559 5229 2950 5294 conﬁteantur.
2998 5219 3156 5276 Lov.,
3197 5225 3334 5294 1sunt
3362 5219 3690 5294 ‘praepqsi‘ti

2039 5274 2089 5344 Si
2113 5274 2329 5354 "sies
2378 5274 2506 5354 eius
2547 5274 2850 5354 etiam,
2903 5302 3030 5336 cum
3075 5274 3475 5354 σςξτιβεεαηιίινς
3522 5274 3688 5354 ἓδέιὲο

2075 5338 2335 5414 ostmloco,
2367 5338 2492 5402 cum
2523 5338 2879 5413 cbnfession'e,
2919 5338 3189 5414 nonnulli'
3201 5338 3564 5414 lnanuscgipti
3588 5338 3687 5386 ha-

2106 5403 2183 5476 ut,
2201 5403 2597 5479 confessionem
2616 5403 2633 5466 ξ
2644 5415 2738 5465 alii
2756 5403 2879 5465 cum
2898 5413 3052 5462 Vind.
3073 5409 3308 5464 Am.Er.,
3327 5403 3687 5464 confessione.

2038 5483 2253 5538 omisso,
2284 5495 2428 5529 cum.

2101 5544 2124 5578 3
2153 5530 2309 5605 Editi,
2340 5545 2394 5591 id
2425 5542 2622 5604 igitur.
2653 5541 2841 5591 Verius
2868 5535 3234 5605 manuscripti,
3265 5532 3321 5581 id
3349 5530 3565 5596 agitur.

2104 5607 2174 5671 (a)
2204 5600 2350 5656 Coni.
2380 5600 2588 5663 Exim"
2614 5606 2751 5669 psal.
2782 5618 2913 5666 mv,
2943 5617 2998 5654 n.
3033 5600 3110 5650 32.
