4110 6196
349 278 462 338 551

348 429 419 468 ea:
445 413 596 479 Sion,
621 414 671 467 et
705 411 721 446 ι
753 406 1040 464 dominare
1069 405 1129 458 in
1155 403 1335 458 medio
1373 402 1721 456 inimicorum
1750 408 1992 456 tuorum.

347 493 432 549 ita
461 494 682 548 clarum
716 493 825 555 est,
861 492 923 542 ut
952 502 1065 541 non
1091 483 1274 540 solum
1296 481 1612 537 inﬁdeliter
1646 485 1704 535 et
1754 479 1996 537 infelici-

348 579 457 640 ter,
491 573 592 627 sed
623 569 798 626 etiam
832 567 1204 638 impudenter
1236 570 1494 632 negetur.
1529 561 1596 616 Et
1625 559 1738 631 ipsi
1777 561 1995 632 quippe

347 652 603 706 fatentur
659 647 900 713 inimici,
960 663 1026 700 ex
1085 645 1221 700 Sion
1277 643 1518 697 missam
1579 639 1761 696 fuisse
1809 640 1994 710 legem

345 733 582 798 Christi,
644 731 798 801 quod
857 726 1232 799 Evangelium
1276 741 1383 780 nos
1431 738 1731 786 vocamus,
1762 726 1819 776 et
1864 737 1992 777 eam

343 815 566 886 virgam
611 811 839 867 virtutis
861 811 991 880 ejus
1052 806 1448 880 agnoscimus.
1496 803 1805 886 Dominari
1845 819 1993 886 vero

343 883 474 952 eum
509 895 566 949 in
600 892 788 948 medio
822 889 1193 945 inimicorum
1225 885 1665 953 suorum,iidem
1699 883 1811 954 ipsi
1842 883 1995 938 inter

345 991 492 1046 quos
523 973 878 1036 dominatur,
904 970 1177 1026 dentibus
1201 968 1514 1023 frendendo
1543 970 1600 1020 et
1623 963 1990 1046 tabespendo,

341 1042 398 1109 et
428 1053 573 1108 nihil
605 1055 885 1108 adversus
932 1067 1064 1106 eum
1107 1049 1376 1114 valendo,
1419 1049 1728 1101 testantur.
1773 1042 1992 1098 Deinde

342 1135 496 1203 quod
518 1133 690 1204 paulo
715 1137 844 1203 post
864 1131 1022 1198 dicit,
1045 1132 1264 1185 Juravit
1286 1129 1564 1193 Dominus,
1597 1132 1647 1180 et
1677 1141 1790 1179 non
1803 1124 1994 1194 poeni-

344 1215 477 1267 tebit
508 1230 669 1279 eum;
697 1212 909 1282 quibus
942 1211 1133 1264 verbis
1167 1205 1536 1262 immutabile
1569 1207 1830 1258 futurum
1869 1219 1994 1260 esse

341 1295 660 1366 signiﬁcat,
696 1293 847 1364 quod
880 1292 1170 1361 adjungit,
1197 1293 1275 1344 Tu
1294 1307 1346 1344 es
1362 1287 1615 1343 sacerdos
1644 1289 1700 1340 in
1726 1292 1991 1340 aeternum

340 1377 638 1431 secundum
665 1376 914 1430 ordinem
943 1372 1330 1429 Melchisedech
1361 1371 1531 1440 (Psal.
1566 1384 1677 1434 cxx,
1720 1369 1768 1433 1,
1799 1368 1855 1434 2,
1887 1367 1920 1420 4
1952 1374 1988 1434 ),

342 1471 410 1509 ex
433 1474 498 1513 eo
531 1457 684 1527 quod
711 1456 831 1524 jam
869 1469 1155 1523 nusquam
1187 1457 1276 1506 est
1307 1450 1690 1505 sacerdotium
1725 1453 1782 1502 et
1811 1447 1987 1501 sacri-

341 1541 542 1595 ficium
574 1537 896 1592 secundum
919 1536 1178 1590 ordinem
1212 1537 1496 1600 Aaron,et
1517 1529 1734 1600 ubique
1757 1527 1991 1582 oﬁ‘ertur

335 1621 447 1674 sub
478 1618 777 1673 sacerdote
807 1616 1057 1681 Christo,
1083 1615 1237 1684 quod
1273 1611 1516 1682 protulit
1543 1607 1985 1674 Melchisedech,

339 1700 577 1772 quando
602 1697 896 1752 benedixit
924 1695 1213 1751 Abraham
1239 1694 1394 1764 (Gen.
1427 1709 1542 1760 xw,
1579 1692 1643 1744 18
1663 1691 1829 1760 sqq.),
1854 1688 1988 1772 quis

341 1771 641 1849 ambigere
681 1777 1060 1849 permittitur,
1119 1777 1188 1830 de
1235 1792 1347 1846 quo
1398 1775 1507 1829 ista
1564 1771 1880 1826 dicantur?
1912 1771 1986 1825 Ad

339 1860 462 1914 haec
485 1860 678 1931 itaque
703 1859 1011 1912 manifesta
1031 1859 1378 1919 referuntur,
1404 1871 1534 1925 quae
1568 1852 1740 1924 paulo
1783 1850 1988 1905 obscu-

338 1941 464 1996 rius
492 1940 549 1996 in
581 1940 779 1996 eodem
807 1938 1026 2009 psalmo
1060 1937 1245 2006 posita
1267 1945 1422 1997 sunt.
1451 1935 1684 2006 quando
1717 1937 1866 1986 recte
1897 1932 1989 1986 in-

337 2020 687 2090 telliguntur
719 2034 732 2072 :
767 2019 920 2088 quod
954 2018 1012 2071 in
1048 2017 1262 2072 nostris
1285 2017 1410 2087 jam
1447 2012 1824 2086 popularibus
1848 2011 1988 2066 Ser-

339 2101 614 2156 monibus
645 2098 888 2154 fecimus
919 2099 958 2152 ².
993 2098 1086 2153 Sic
1114 2101 1170 2154 et
1227 2098 1285 2152 in
1317 2097 1415 2151 illo
1466 2095 1565 2149 ubi
1609 2092 1982 2147 humilitatem

341 2179 632 2252 passionis
666 2195 786 2234 suae
835 2195 936 2249 per
976 2178 1338 2250 prophetiam
1368 2177 1631 2232 Christus
1671 2172 1981 2242 eloquitur,

337 2261 540 2317 dicens
570 2277 583 2315 :
615 2260 894 2316 Foderunt
922 2276 1119 2315 manus
1165 2276 1309 2314 meas
1326 2266 1378 2314 et
1393 2259 1560 2329 pedes
1581 2257 1623 2321 ³,
1665 2255 1985 2308 dinumera-

334 2348 534 2398 verunt
566 2344 752 2396 omnia
793 2357 916 2396 ossa
945 2358 1082 2396 mea.
1115 2342 1232 2411 Ipsi
1268 2356 1396 2395 vero
1417 2338 1900 2394 consideraverunt
1929 2340 1982 2388 et

335 2429 735 2493 conspexerunt
777 2439 879 2477 me.
927 2421 1149 2488 Quibus
1199 2421 1398 2491 utique
1447 2418 1640 2474 verbis
1698 2417 1755 2470 in
1814 2431 1982 2472 cruce

333 2521 548 2575 corpus
580 2502 929 2573 signiﬁcavit
957 2506 1275 2565 extentum,
1312 2500 1586 2556 manibus
1618 2499 1980 2570 pedibusque

333 2584 577 2640 conﬁxis
611 2589 678 2651 ,et
707 2583 999 2638 clavorum
1048 2581 1610 2637 transverberatione
1668 2579 1978 2644 confossis,

335 2679 521 2735 eoque
581 2663 751 2719 modo
813 2679 876 2718 se
919 2663 1318 2734 spectaculum
1360 2661 1871 2716 considerantibus
1925 2664 1979 2712 et

333 2746 834 2816 conspicientibus
853 2744 1184 2815 praebuisse.
1201 2744 1436 2798 Addens
1453 2741 1651 2808 etiam,
1671 2743 1979 2796 Diviserunt

332 2826 436 2879 sibi
462 2827 784 2880 vestimenta
823 2841 964 2890 mea,
997 2831 1048 2878 et
1078 2841 1242 2894 super
1273 2829 1471 2878 vestem
1501 2838 1674 2876 meam
1713 2824 1978 2875 miserunt

332 2912 535 2960 sortem
561 2906 730 2975 (I’sal.
769 2922 882 2973 xxr,
939 2904 1151 2974 17.19).
1184 2909 1318 2970 Quae
1365 2902 1667 2974 prophetia
1706 2900 1980 2970 quemad-

335 2985 578 3040 modum
608 2983 847 3055 impleta
893 2984 988 3046 sit,
1041 2981 1375 3054 evangelica
1420 2987 1686 3037 narratur
1734 2979 1978 3036 historia

333 3064 556 3134 (Matth.
590 3081 760 3128 xxvu,
794 3065 906 3134 35).
937 3064 1100 3118 Tunc
1141 3063 1401 3133 profecto
1450 3069 1504 3115 et
1535 3060 1649 3116 alia
1692 3065 1844 3115 recte
1883 3059 1976 3115 in-

331 3143 697 3216 telliguntur,
728 3161 852 3214 quae
885 3142 964 3198 ibi
1006 3145 1202 3198 minus
1235 3149 1428 3211 aperte
1459 3141 1613 3196 dicta
1659 3147 1814 3209 sunt,
1847 3155 1973 3194 cum

334 3227 666 3291 congruunt
688 3223 780 3278 his
796 3240 923 3294 quae
949 3227 1108 3277 tanta
1123 3220 1591 3277 manifestatione
1605 3220 1970 3276 claruerunt:

335 3304 652 3374 praesertim
675 3304 813 3375 quia
843 3309 900 3356 et
932 3302 1027 3356 illa
1049 3318 1172 3373 quae
1205 3318 1318 3357 non
1341 3305 1636 3356 transacta
1657 3301 1972 3368 credimus,

327 3385 428 3439 sed
478 3384 785 3456 praesentia
834 3388 1200 3448 contuemur,
1246 3383 1472 3438 sicutin
1497 3383 1698 3438 eodem
1750 3381 1974 3452 psalmo

333 3466 606 3535 leguntur
658 3469 814 3520 tanto
854 3468 988 3520 ante
1039 3464 1329 3534 praedicta,
1376 3463 1457 3517 ita
1515 3479 1670 3517 nunc
1719 3462 1976 3518 exhibita

318 3545 446 3614 jam
483 3550 601 3600 toto
632 3547 769 3600 orbe
799 3550 1146 3600 cernuntur.
1183 3544 1264 3599 lbi
1297 3543 1448 3598 enim
1499 3545 1670 3613 paulo
1705 3549 1837 3613 post
1886 3543 1976 3597 di-

322 3627 508 3683 citur:
534 3625 1140 3695 Commemorabuntur,
1164 3631 1214 3680 et
1261 3631 1651 3679 convertentur
1680 3625 1752 3678 ad
1790 3625 1971 3678 Domi-

323 3724 455 3761 num
484 3709 730 3762 universi
755 3711 889 3776 ﬁnes
920 3714 1100 3774 terra},
1153 3714 1202 3761 et
1239 3707 1554 3762 adorabunt
1589 3710 1648 3760 in
1679 3713 1974 3776 conspectu

319 3788 439 3857 ejus
488 3790 753 3842 universae
781 3790 981 3857 patria:
1010 3790 1296 3857 gentium;
1327 3791 1588 3857 quoniam
1638 3787 1856 3841 Domini
1898 3792 1974 3840 est

319 3885 573 3938 regnum,
605 3875 657 3924 et
687 3871 802 3937 ipse
832 3868 1210 3924 dominabitur
1240 3870 1487 3937 gentium
1520 3869 1688 3940 (Psal.
1732 3884 1847 3931 xxx,
1880 3866 1970 3934 28,

315 4109 552 4168 CAPUT
583 4108 778 4165 XVIII.
813 4141 881 4150 ——
915 4110 984 4164 De
1017 4109 1233 4165 Psalmo
1256 4111 1442 4168 tertio,
1475 4114 1526 4162 et
1559 4107 1624 4161 de
1653 4106 1972 4176 quadrage-

386 4194 538 4258 simo,
561 4197 613 4246 et
641 4191 708 4245 de
731 4193 928 4261 quinto
946 4190 1177 4256 decimo,
1198 4197 1250 4244 et
1267 4190 1334 4243 de
1354 4190 1689 4256 sexagesimo
1717 4189 1967 4256 septimo,

385 4275 442 4326 in
473 4270 672 4342 quibus
700 4289 845 4327 mors
861 4278 914 4325 et
936 4272 1264 4327 resurrectio
1289 4270 1506 4324 Domini
1528 4268 1967 4337 prophetantur.

389 4410 438 4464 1.
481 4410 558 4464 De
584 4409 1007 4464 resurrectione
1030 4423 1256 4478 quoque
1277 4407 1401 4478 ejus
1419 4422 1781 4478 nequaquam
1805 4405 1968 4461 Psal-

317 4509 545 4548 morum
571 4493 806 4547 oracula
832 4495 1154 4546 tacuerunt.
1183 4489 1324 4547 Nam
1358 4489 1497 4560 quid
1529 4500 1612 4544 est
1636 4489 1786 4543 aliud
1814 4488 1967 4558 quod

315 4575 377 4628 in
412 4573 645 4630 Psalmo
679 4573 846 4628 tertio
868 4589 936 4626 ex
968 4587 1214 4641 persona
1257 4572 1382 4642 ejus
1423 4571 1667 4635 canitur,
1698 4573 1813 4641 Ego
1843 4571 1970 4625 dor-

311 4656 460 4722 mivi,
477 4660 794 4710 etsumnum
817 4653 970 4723 cepi;
988 4654 1276 4708 exsurrexi
1291 4654 1555 4722 quoniam
1576 4653 1834 4708 Dominus
1856 4667 1969 4707 sus-

312 4735 482 4807 cipiet
500 4752 584 4791 me
605 4734 815 4805 ‘(PsaL
845 4733 1139 4805 111,6)?An
1173 4734 1316 4790 forte
1348 4733 1659 4805 quisquam
1695 4733 1774 4787 ita
1812 4733 1966 4788 desi-

311 4817 416 4887 pit,
445 4825 508 4872 ut
529 4817 730 4873 credat
755 4817 912 4872 velut
948 4815 1170 4887 aliquid
1209 4831 1487 4886 magnum
1515 4813 1684 4869 nobis
1707 4812 1968 4872 iudicare

311 4897 561 4956 voluisse
586 4897 1127 4970 Prophetam,quod
1151 4897 1544 4964 dormierit,et
1560 4895 1962 4966 exsurrexerit,

310 5191 326 5240 ἰ
377 5125 564 5242 ιΡΡέἓῖιί
592 5126 869 5187 omittunt,
900 5134 967 5177 et.
991 5125 1199 5175 Habent
1224 5122 1577 5188 manuscriptl
1594 5123 1682 5174 hic
1703 5125 1757 5173 et
1775 5123 1960 5173 Enarr.

331 5206 365 5242 Il
523 5229 533 5240 .
567 5206 668 5240 CIX.

331 5206 365 5242 Il
397 5206 533 5242 1³581.
567 5206 668 5240 CIX.

371 5256 392 5288 ²
425 5255 510 5305 Sic
541 5255 662 5304 Mss.
696 5251 834 5302 Editi
863 5254 1060 5317 autem,
1090 5269 1234 5317 quae
1261 5251 1529 5317 quomodo
1575 5248 1965 5317 recteuintelli-

307 5327 541 5379 gantur,
568 5318 638 5382 in
673 5317 883 5366 nostris
902 5316 1034 5378 jam
1043 5311 1423 5382 pbpularibus
1470 5311 1832 5362 Sermonibus
1871 5325 1965 5360 no-

316 5387 435 5430 tum
468 5381 724 5440 fecimus.

376 5445 395 5479 3
426 5444 582 5506 Editi,
607 5445 770 5506 pedes
801 5458 961 5492 meos.
992 5443 1173 5498 Abest,
1194 5457 1369 5506 jmeos,
1403 5440 1575 5506 aMss.

374 5506 396 5540 ⁴
451 5505 537 5555 Sic
565 5499 914 5568 nfanuscripti
964 5505 1124 5568 juxta.
1187 5505 1549 5568 Septuaginta.
1606 5501 1675 5551 At
1728 5499 1876 5565 editi,
1913 5508 1963 5550 et

311 5568 632 5627 exsurrexi,
661 5566 934 5632 quoniam
959 5566 1239 5618 Dominus
1253 5566 1509 5629 ’suscepit
1535 5577 1643 5616 me.

1407 267 1509 327 DE
1554 264 1919 326 CIVITATE
1963 264 2117 338 DEI,
2165 265 2228 326 S.
2276 267 2711 332 AUGUSTINI

3650 294 3771 356 552

2106 399 2222 492 nisi
2251 417 2498 492 somnus
2522 403 2631 492 iste
2662 415 3026 492 meracas“,
3055 422 3111 473 et
3133 418 3424 492 evigilatio
3456 441 3767 487 resurrec-

2107 485 2207 575 tio,
2241 499 2416 575 quam
2442 485 2513 540 de
2542 487 2772 575 Christo
2801 490 2882 575 sic
2912 497 3170 564 oportuit
3201 485 3535 575 praphetari
3565 509 3593 564 ?
3613 485 3759 570 Nam

2105 568 2160 654 et
2180 565 2236 654 in
2259 564 2712 654 quadragesimo
2729 571 2912 654 multo
2939 564 3388 640 manifestiusid
3413 564 3749 648 ostendit—ur

2104 644 2200 734 ubi
2250 660 2320 701 ex
2369 662 2626 734 persona.
2663 650 2927 720 ejusdem
2969 658 3321 734 Mediatoris,
3358 639 3767 734 morai—solii;

2103 727 2378 822 tanquam
2397 728 2691 822 praeterita
2715 739 3045 822 narrantur,
3083 756 3210 810 qua
3236 721 3764 822 futura—propheta:

2103 802 2313 900 bantur
2344 824 2358 872 ;
2385 806 2664 900 quoniam
2689 802 3398 900 quae-veptura-erantjam
3424 802 3765 900 ihipbagdes-

2103 888 2381 983 tinatione
2421 891 2478 983 et
2515 890 3200 983 prmscientiaADeivelut
3237 888 3384 960 facta
3404 888 3595 979 erant,
3629 888 3762 983 quia

2101 970 2258 1058 certa
2299 973 2552 1058 erant“.
2601 972 2821 1030 Inimici
2876 976 3085 1050 inquit,
3135 987 3242 1038 mei
3295 970 3766 1051 dixerunt'mala

2100 1048 2239 1139 milii
2265 1064 2284 1102 :
2313 1048 2546 1141 Quando
2602 1057 2890 1141 morietur,
2913 1048 2972 1113 et
3001 1048 3216 1128 peribit
3247 1083 3443 1124 nomen
3480 1073 3602 1141 ejus
3623 1077 3652 1128 7

2099 1130 2152 1225 si
2176 1129 2592 1225 ingrediebatur
2613 1141 2688 1225 ιιι.
2701 1136 2930 1225 videret,
2948 1156 3103 1225 pana
3134 1145 3374 1204 locutum
3395 1158 3475 1206 est
3501 1129 3603 1209 bar
3620 1129 3739 1225 ejus

2103 1213 2857 1302 ίῗθηθνῗθᾳυίίίηίίῑαξτέιιθτη
2908 1201 3013 1275 sibi
3055 1201 3468 1292 Εανεάίέίἆτὶιῖ
3505 1201 3770 1302 Hii-.32}:

2107 1288 2438 1359 loquebatur
2467 1295 2488 1326 ²
2516 1297 2678 1350 simul
2697 1299 2754 1352 in
2771 1315 2961 1356 unum.
2989 1288 3266 1364 Adversus
3283 1327 3366 1365 me

2101 1386 2282 1457 omnes
2312 1374 2524 1428 inimici
2544 1379 2667 1445 mei,
2691 1378 2954 1436 adversus
2975 1400 3058 1438 me
3088 1391 3415 1457 cogitabant
3429 1395 3580 1450 mala
3599 1398 3762 1452 mihi-

2106 1452 2359 1543 Verbum.
2387 1457 2637 1543 iniquum
2679 1459 3070 1530 disposuerunt
3110 1452 3370 1528 adversus
3407 1491 3492 1529 me
3524 1492 3542 1530 :
3590 1481 3760 1535 Num-

2097 1532 2233 1623 quid
2261 1536 2359 1623 qui
2387 1536 2610 1623 dormit,
2643 1555 2756 1623 non
2777 1541 3007 1623 adjiciet
3028 1553 3091 1601 ut
3119 1560 3378 1621 resurgat
3407 1559 3436 1609 ?
3465 1555 3572 1612 Hic

2099 1617 2178 1702 ita
2209 1617 2395 1702 posita
2423 1621 2562 1670 sunt
2605 1621 2780 1702 verba
2829 1622 2972 1690 haec,
3024 1633 3086 1682 ut
3135 1617 3299 1685 nihil.
3327 1634 3490 1690 aliud
3535 1636 3753 1696 dixisse

2099 1691 2681 1785 intelligatur,_quam
2715 1701 2763 1785 si
2811 1702 3048 1785 diceret,
3097 1711 3396 1782 Numquid
3449 1691 3554 1785 qui
3590 1691 3755 1774 (ﬁeri.

2403 1776 2735 1872 adjiciet-ut
2765 1783 3069 1872 reviviscat
3172 1776 3484 1863 Superiora
3532 1799 3751 1872 quippe

2098 1853 2503 1950 demonstrant
2524 1865 2765 1950 mortem
2791 1863 2977 1930 ipsius
2997 1853 3282 1940 cogitasse
3302 1880 3359 1928 et
3379 1853 3753 1950 disposuisse

2097 1941 2626 2030 inimicos‘ejus,_et
2652 1941 2764 2030 hoc
2783 1951 2992 2030 pactum
3028 1965 3157 2007 esse
3189 1969 3288 2023 per
3333 1941 3495 2014 eum-
3517 1961 3620 2030 qui
3662 1963 3752 2018 in.

2094 2018 2470 2110 gradiebat-ur
2495 2021 2814 2110 utvideret,
2849 2018 3336 2101 etegrediebatur
3366 2043 3432 2092 ut
3468 2018 3750 2110 prbderet.

2094 2099 2414 2190 Cui‘a‘utem
2448 2100 2543 2190 hic
2562 2117 2676 2190 nep
2700 2099 3060 2190 occurratvex
3080 2114 3369 2188 discipulo
3402 2099 3534 2190 ejus
3565 2123 3754 2180 factus

2097 2179 2342 2270 traditur
2371 2179 2596 2270 Judaei
2617 2184 2759 2270 Quia
2788 2199 2919 2270 ergo
2950 2190 3158 2248 facturi
3202 2179 3366 2253 erant
3413 2179 3565 2270 quod
3615 2179 3746 2259 mor-7

2093 2259 2412 2344 liebantur,
2437 2263 2492 2344 id
2518 2269 2605 2344 est
2621 2267 2866 2323 occisuri
2891 2276 3054 2327 erant
3088 2291 3239 2344 cum,
3273 2259 3746 2342 osteddensillos

2090 2339 2500 2429 vanamalitia
2550 2342 2766 2401 frustra
2795 2349 3088 2409 occisuros
3127 2339 3618 2429 resurrecturum,
3651 2339 3734 2421 sic

2089 2421 2297 2514 adjecit
2323 2421 2481 2514 hunc
2514 2440 2765 2514 versum,
2799 2429 2964 2514 velut
2997 2433 3046 2487 si
3081 2435 3318 2507 diceret,
3351 2441 3501 2508 Quid
3553 2421 3731 2514 agitis

2089 2502 2221 2590 vani
2329 2505 2804 2590 quod_vestr_um
2855 2511 3046 2568 scelus
3090 2515 3223 2584 erit,
3272 2501 3440 2576 meus
3487 2501 3732 2582 somnus

2088 2584 2217 2672 erit.
2244 2584 2522 2654 Numquid
2547 2589 2650 2672 qui
2676 2588 2900 2656 dormit,
2934 2609 3045 2648 non
3075 2595 3307 2666 adjiciet
3337 2607 3399 2655 ut
3429 2610 3733 2672 resurgat?

2088 2659 2157 2751 Iit
2186 2666 2377 2717 tamen
2409 2679 2508 2720 eos
2539 2671 2657 2721 tam
2685 2684 2962 2751 magnum
2996 2659 3160 2732 nefas
3182 2694 3295 2733 non
3327 2659 3726 2751 impunevfac-

2087 2745 2268 2825 turos,
2333 2747 2826 2825 consequentibus
2885 2751 3104 2810 indicat
3141 2745 3433 2825 versibus,
3485 2763 3729 2820 dicens:

2083 2823 2304 2876 Etenim
2333 2824 2490 2880 homo
2514 2829 2674 2896 pacis
2701 2845 2831 2884 meae
2853 2832 2910 2885 in
2944 2850 3103 2902 quem
3130 2842 3365 2907 speravi,
3385 2823 3486 2910 qui
3533 2841 3732 2898 edebat

2079 2920 2256 2973 panes
2277 2921 2450 2994 meos,
2477 2910 2765 2994 ampliavit
2797 2927 2966 2983 super
2987 2931 3071 2971 me
3098 2918 3446 2983 calcaneum;
3473 2922 3585 2978 hoc
3616 2930 3732 2994 est,

2086 2986 2444 3077 conculcavit
2475 3004 2582 3077 me.
2627 2990 2708 3045 Tu
2746 2999 2954 3077 autem,
2971 2995 3177 3068 inquit,
3209 3001 3450 3069 Domine,
3472 2986 3736 3060 miserere

2083 3070 2206 3156 mei,
2238 3072 2290 3156 et
2317 3070 2581 3156 resuscita
2609 3086 2712 3138 me,
2735 3078 2789 3126 et
2816 3073 3044 3156 reddam
3067 3078 3178 3133 illis
3209 3081 3377 3148 (Psal.
3410 3099 3501 3148 xL,
3530 3084 3726 3156 6-11).

2085 3147 2228 3212 Quis
2270 3147 2536 3239 hocham
2589 3158 2780 3239 neget,
2813 3155 3179 3239 quiJudaeos
3222 3147 3361 3232 post
3398 3147 3728 3232 passionem

2085 3234 2687 3302 resurrectionemque
2716 3234 2932 3290 Christi
2963 3238 3032 3293 de
3080 3241 3322 3298 sedibus
3369 3245 3494 3299 suis
3526 3245 3733 3302 bellica

2083 3313 2274 3380 strage
2294 3315 2354 3397 et
2373 3313 2595 3397 excidio
2619 3315 2882 3373 funditus
2903 3321 3229 3378 eradicatos
3247 3324 3405 3381 videt
3420 3325 3498 3397 (a)
3522 3327 3550 3381 ?
3570 3328 3730 3384 Occi-

2083 3407 2185 3446 sus
2213 3391 2371 3446 enim
2397 3394 2468 3447 ab
2499 3393 2582 3449 eis
2615 3399 2949 3467 resurrexit,
2973 3407 3030 3457 et
3068 3405 3319 3461 reddidit
3360 3391 3446 3463 eis
3482 3391 3729 3467 interim

2084 3471 2493 3540 temporariam
2537 3474 2934 3546 disciplinam,
2967 3489 3203 3554 excepto
3253 3487 3406 3556 quod
3453 3505 3570 3544 non
3597 3506 3722 3545 cor-

2084 3556 2495 3639 rectis_servat,
2528 3558 2756 3639 quando
2797 3559 2954 3617 vivos
3006 3568 3063 3618 et
3111 3571 3377 3622 mortuos
3415 3569 3723 3639 iudicabit.

2084 3635 2225 3688 Nam
2269 3634 2548 3691 Dominus
2567 3636 2690 3707 ipse
2717 3642 2887 3695 Jesus
2911 3640 3090 3700 istum
3130 3645 3322 3715 ipsum
3377 3634 3719 3706 traditorem

2082 3730 2256 3801 suum
2299 3732 2399 3786 per
2440 3734 2646 3801 panem
2698 3727 3023 3788 porrectum
3073 3731 3381 3785 ostendens
3428 3731 3723 3801 Apostolis

2082 3795 2264 3865 (Joan.
2297 3798 2552 3882 xm,26),
2587 3799 2742 3882 hunc
2774 3802 2951 3858 etiam
2996 3821 3222 3862 versum
3275 3795 3494 3878 psalmi
3543 3812 3721 3882 hujus

2082 3879 2578 3958 commemoravit,
2609 3884 2666 3935 et
2708 3881 2767 3936 in
2798 3899 2860 3938 se
2891 3885 3035 3940 dixit
3071 3886 3376 3958 impletum
3405 3907 3418 3945 :
3445 3893 3552 3956 Qui
3591 3879 3725 3948 ede-

2083 3955 2177 4010 bat
2198 3973 2374 4026 panes
2395 3974 2558 4023 meos,
2577 3961 2864 4030 ampliavit
2888 3981 3055 4034 super
3076 3955 3522 4026 mecalcaneum.
3559 3975 3720 4036 Quod

2081 4041 2273 4091 autem
2291 4038 2405 4128 ait,
2430 4041 2494 4094 In
2516 4057 2673 4128 quem
2703 4047 2938 4112 speravi,
2964 4063 3078 4102 non
3103 4051 3374 4121 congruit
3395 4051 3595 4122 capiti,
3618 4054 3722 4110 sed

2079 4119 2326 4201 corpori.
2358 4119 2556 4191 Neque
2585 4124 2740 4177 enim
2773 4126 3070 4183 nesciebat
3097 4119 3388 4201 eum—ipse
3435 4119 3724 4199 Salvator,

2080 4199 2150 4254 de
2178 4216 2292 4271 quo
2310 4205 2443 4257 ante
2466 4204 2587 4271 jam
2614 4204 2856 4276 dixerat,
2886 4209 3033 4264 Unus
3061 4226 3132 4264 ex
3145 4199 3300 4267 vobis
3313 4213 3570 4269 diabolus
3592 4222 3672 4271 est
3704 4215 3727 4252 ³

2079 4281 2184 4350 (Id.
2219 4298 2290 4348 vr,
2323 4283 2434 4350 71).
2470 4283 2581 4340 Sed
2631 4285 2778 4342 solet
2807 4288 2863 4342 in
2915 4305 2977 4346 se
3036 4294 3432 4350 membrorum
3476 4312 3718 4353 suorum

2080 4363 2390 4450 transferre
2437 4380 2769 4450 personam,
2801 4371 2857 4423 et
2905 4369 3018 4424 sibi
3066 4373 3322 4429 tribuere
3351 4377 3506 4446 quod
3565 4381 3724 4432 esset

2079 4440 2334 4507 illorum,
2369 4443 2508 4514 quia
2537 4452 2713 4516 caput
2741 4452 2798 4502 et
2845 4465 3058 4521 corpus
3090 4467 3241 4508 unus
3289 4440 3386 4510 est
3409 4456 3719 4512 Christus:

2079 4522 2230 4576 unde
2261 4521 2401 4578 illud
2434 4530 2522 4580 est
2553 4526 2610 4582 in
2636 4528 2961 4599 Evangelia,
2990 4533 3235 4598 Esurivi,
3265 4541 3318 4589 et
3345 4535 3572 4591 dedistis
3589 4537 3728 4600 mihi

2075 4601 2430 4660 manducare.
2455 4603 2613 4669 Quod
2645 4623 2940 4679 exponens
2962 4611 3042 4666 ait
3068 4628 3083 4667 :
3117 4614 3351 4678 Quando
3380 4618 3481 4672 uni
3506 4632 3580 4672 ea:
3607 4617 3723 4671 mi-

2141 4868 2158 4902 ¹
2205 4866 2382 4938 Monet
2419 4866 2717 4919 Ludovicus
2763 4869 2922 4938 Vives
2944 4874 3128 4938 _vetus
3169 4874 3442 4938 exemplar
3476 4873 3719 4938 noniha-

2073 4928 2197 5012 ’99:"
2223 4931 2590 5012 genere,
2627 4941 2831 5012 eiecta
2862 4935 3144 5012 videsne
3167 4928 3412 5012 ράάίιῖιω
3441 4936 3510 4986 ab
3539 4937 3722 5012 aliqua

2073 5005 2168 5042 ceu
2207 4992 2501 5065 'scholium.
2535 4995 2595 5043 Id
2634 5009 2762 5046 vero
2817 4997 3018 5048 habent
3055 4992 3185 5049 libri
3227 5013 3413 5051 omnes
3448 5013 3587 5064 quos
3627 4992 3722 5050 'in-

2073 5067 2360 5118 spemmus.

2135 5118 2158 5194 ξ
2187 5117 2512 5194 yetusuliber
2537 5119 2889 5194 Corbeiensis,_
2912 5131 2967 5194 et
2995 5123 3380 5194 loquebqntur.

2137 5180 2159 5214 3
2187 5178 2248 5227 In
2277 5179 2597 5249 quibusdam
2624 5185 3001 5249 manuscriptis
3049 5178 3150 5237 loci
3194 5187 3302 5237 duo
3343 5187 3583 5238 citantur
3611 5186 3720 5236 sic:

2081 5241 2238 5308 Unus
2265 5241 2336 5308 ea:
2369 5244 2515 5293 vobis
2539 5260 2626 5294 me
2656 5247 2834 5297 tradet
2866 5241 2978 5308 fet,
3005 5249 3161 5298 Unus
3188 5264 3261 5300 ex
3290 5251 3436 5300 vobis
3466 5249 3724 5298 diabolus

2071 5314 2165 5356 est.
2198 5305 2347 5370 Prior
2375 5310 2456 5355 est
2494 5321 2561 5356 ex
2588 5309 2739 5358 Joan.
2771 5305 2881 5370 xm,
2911 5305 2990 5360 21⁷.

2140 5369 2211 5438 (ai
2241 5369 2458 5438 Poenam
2487 5371 2584 5420 hoc
2611 5385 2724 5421 esse
2759 5374 3382 5438 qscelerisiiuWChl-ismm
3428 5374 3720 5434 commissi,

2069 5435 2278 5544 ﬁaeter
2332 5433 2528 5487 Patres.
2591 5436 2824 5510 ostendit
2875 5437 3042 5500 Rabbi
3067 5433 3719 5494 Samuel‘Marochianus;

2147 5509 2206 5544 ro
2234 5496 2298 5544 de
2325 5496 2571 5544 Adventu
2602 5498 2841 5544 Messina.
2870 5498 3132 5544 Coenum.

2093 5496 2206 5546 ibro
2234 5496 2298 5544 de
2325 5496 2571 5546 Adventu
2602 5498 2841 5552 Messias.
2870 5498 3132 5557 Cusenos.
