4110 6196
312 319 428 378 553

305 455 469 508 nimis
489 455 619 508 meis
647 453 878 523 fecistis,
908 454 1044 508 mihi
1069 455 1274 521 fecistis
1299 454 1520 526 (Matth.
1553 471 1685 521 xxv,
1710 453 1812 522 '35,
1835 453 1947 517 40).

307 538 380 588 Se
411 533 609 605 itaque
630 533 775 588 dixit
804 550 1093 605 sperasse,
1126 536 1282 605 quod
1316 543 1448 590 tunc
1474 538 1850 604 speraverant
1880 535 1952 588 de

300 612 454 668 Juda
503 613 776 683 discipuli
847 616 994 684 ejus,
1048 615 1282 685 quando
1351 621 1440 671 est
1491 619 1955 670 connumeratus

308 692 627 763 Apostolis.

381 775 435 826 2.
467 772 653 827 Judaei
685 777 880 829 autem
913 775 1224 840 Christum,
1277 792 1450 846 quem
1493 780 1749 846 sperant,
1783 774 1962 829 mori-

310 860 510 908 turum
562 870 691 909 esse
739 871 851 909 non
902 862 1177 926 sperants
1206 857 1339 912 Ideo
1373 873 1546 927 quem
1601 856 1712 910 Lex
1740 862 1798 910 et
1828 855 1966 910 Pro-

312 934 498 1006 pheta
550 935 1071 1001 annuntiaverunt,
1107 947 1368 992 nostrum
1402 953 1525 993 esse
1571 953 1682 991 non
1717 940 1963 1007 putant;

309 1015 412 1070 sed
446 1016 643 1070 nescio
676 1031 846 1085 quem
881 1032 1078 1084 suum,
1113 1033 1286 1088 quem
1320 1017 1434 1072 sibi
1465 1016 1721 1071 alienum
1750 1033 1783 1070 a
1815 1031 1964 1070 mor-

307 1095 385 1150 tis
419 1095 691 1166 passione
723 1096 1084 1167 contingunt.
1119 1098 1252 1152 Ideo
1285 1097 1540 1152 mirabili
1590 1098 1847 1151 vanitate
1877 1105 1965 1151 at-

310 1191 422 1246 que
455 1175 708 1230 caacitate
739 1177 912 1231 verba
943 1193 1068 1247 quae
1109 1177 1433 1247 posuimus,
1469 1194 1579 1232 non
1629 1183 1876 1231 mortem
1910 1180 1966 1230 et

303 1257 812 1323 resurrectionem,
846 1257 947 1312 sed
1000 1273 1270 1313 somnum
1321 1263 1378 1312 et
1419 1256 1844 1328 evigilationem
1885 1255 1966 1310 si-

303 1336 620 1408 gniﬁcasse
649 1339 1033 1393 contendunt.
1087 1337 1196 1392 Sed
1239 1337 1454 1393 clamat
1483 1340 1567 1391 eis
1600 1337 1773 1392 etiam
1810 1335 1966 1391 Psal-

305 1433 442 1472 mus
472 1416 720 1488 quintus
752 1417 1016 1472 decimus
1043 1435 1055 1472 :
1105 1423 1335 1489 PrOpter
1364 1418 1859 1488 hocjucundatum
1887 1418 1964 1471 est

301 1513 400 1551 cor
428 1514 634 1565 meum,
667 1502 720 1554 et
748 1498 1052 1553 exsultavit
1092 1497 1286 1569 lingua
1313 1515 1455 1566 mea,
1488 1500 1719 1568 insuper
1757 1504 1808 1552 et
1834 1513 1966 1552 caro

300 1594 430 1633 mea
460 1579 759 1648 requiescet
785 1581 843 1633 in
873 1595 964 1650 spe
987 1597 1005 1632 :
1038 1578 1302 1650 quoniam
1324 1595 1433 1634 non
1463 1579 1810 1650 derelinques
1839 1580 1966 1634 ani-

302 1677 456 1715 mam
503 1677 685 1714 meam
714 1663 772 1714 in
806 1662 1044 1732 inferno,
1077 1677 1175 1716 nec
1203 1660 1357 1714 dabis
1404 1661 1666 1715 Sanctum
1699 1670 1856 1715 tuum
1879 1659 1962 1713 vi-

299 1741 432 1796 dere
461 1742 862 1810 corruptionem
892 1742 1062 1812 (Psal.
1089 1757 1182 1808 xv,
1215 1741 1249 1794 9
1277 1745 1325 1796 et
1359 1741 1466 1810 10).
1502 1741 1642 1806 Quis
1674 1741 1732 1795 in
1763 1756 1830 1795 ea
1859 1753 1962 1809 spe

303 1822 528 1878 diceret
556 1822 907 1892 requievisse
953 1838 1185 1876 carnem
1219 1837 1412 1886 suam,
1445 1825 1506 1874 ut
1538 1838 1652 1875 non
1684 1819 1963 1875 derelicta

305 1902 503 1957 anima
547 1919 653 1958 sua
701 1904 758 1958 in
810 1902 1057 1970 inferno,
1109 1903 1210 1958 sed
1255 1902 1367 1957 cito
1409 1901 1478 1956 ad
1511 1918 1638 1956 eam
1683 1902 1962 1956 redeunte

303 1982 695 2052 revivisceret,
727 1999 797 2037 ne
823 1988 1315 2054 corrumperetur,
1350 1982 1501 2037 sicut
1531 1983 1813 2037 cadavera
1841 1997 1962 2036 cor-

304 2064 504 2134 rumpi
535 2063 746 2128 solent,
788 2064 901 2118 nisi
934 2065 1033 2134 qui
1068 2064 1162 2118 die
1193 2063 1360 2118 tertio
1409 2062 1769 2117 resurrexit?
1798 2061 1960 2126 Quod

304 2145 512 2215 utique
542 2144 732 2198 dicere
765 2160 878 2198 non
911 2147 1159 2213 possunt
1189 2144 1260 2197 de
1293 2143 1574 2213 propheta
1604 2147 1661 2196 et
1693 2157 1825 2211 rege
1857 2140 1964 2194 Da-

301 2224 422 2278 vid.
477 2223 700 2278 Clamat
748 2227 805 2276 et
866 2223 1264 2292 sexagesimus
1321 2222 1609 2291 septimus
1659 2220 1960 2275 Psalmus:

304 2303 450 2356 Deus
496 2305 704 2366 noster,
755 2303 899 2354 Deus
943 2302 1117 2355 salvos
1157 2299 1426 2369 faciendi,
1475 2303 1530 2354 et
1567 2299 1818 2354 Domini‘
1849 2300 1967 2354 exi-

303 2393 398 2442 tus
430 2382 504 2450 (a)
535 2383 725 2435 mortis
751 2381 924 2449 (Psal.
979 2397 1150 2449 vau,
1179 2381 1294 2450 21).
1343 2380 1488 2444 Quid
1521 2381 1774 2448 apertius
1807 2379 1966 2434 dice-

300 2461 513 2515 retur?
543 2460 696 2515 Deus
729 2460 881 2515 enim
915 2459 1106 2515 salvos
1155 2459 1404 2514 faciendi
1440 2458 1709 2514 Dominus
1754 2466 1840 2514 est
1869 2459 1966 2514 Je-

296 2557 432 2607 sus,
483 2542 632 2611 quod
686 2541 1099 2612 interpretatur
1146 2540 1427 2602 Salvator,
1486 2541 1609 2595 sive
1656 2540 1962 2596 Salutaris.

293 2622 452 2677 Nam
487 2622 631 2676 ratio
664 2623 917 2677 nominis
968 2621 1149 2692 hujus
1181 2623 1303 2677 haec
1327 2623 1556 2676 reddita
1584 2629 1693 2690 est,
1728 2623 1965 2693 quando

301 2702 655 2775 priusquam
701 2716 771 2756 ex
819 2701 1040 2772 virgine
1081 2707 1420 2758 nasceretur
1449 2703 1668 2758 dictum
1706 2709 1823 2758 est:
1856 2703 1965 2757 Pa-

300 2784 419 2837 riet
448 2781 651 2851 ﬁlium,
681 2788 737 2836 et
784 2783 998 2836 vocabis
1046 2799 1247 2838 nomen
1279 2782 1397 2849 eius
1425 2783 1625 2837 Jesum.
1658 2784 1775 2852 Ipse
1815 2784 1964 2837 enim

297 2863 526 2918 salvum
552 2863 719 2928 faciet
747 2864 1008 2933 populum
1031 2879 1191 2917 suum
1211 2879 1246 2917 a
1273 2863 1507 2933 peccatis
1536 2879 1724 2917 eorum
1753 2863 1963 2932 (Matth.

300 2961 344 3012 ι,
391 2943 503 3012 21).
536 2941 600 2996 In
650 2958 894 3012 quorum
938 2950 1308 3012 peccatorum
1360 2943 1761 2998 remissionem
1814 2961 1965 3015 quo-

301 3023 476 3079 niam
509 3023 752 3094 sanguis
782 3024 910 3094 ejus
941 3024 1160 3079 etl'usus
1194 3028 1304 3090 est,
1336 3040 1448 3078 non
1482 3024 1684 3094 utique
1712 3022 1966 3095 oportuit

305 3119 450 3158 cum
485 3103 556 3157 de
587 3101 695 3158 bac
730 3102 841 3158 vita
870 3105 1060 3158 exitus
1092 3103 1237 3158 alios
1280 3102 1493 3159 habere
1523 3120 1698 3174 quam
1734 3103 1962 3158 mortis.

304 3185 457 3240 Ideo
505 3200 636 3238 cum
679 3183 900 3239 dictum
950 3189 1124 3251 esset,
1173 3186 1314 3239 Deus
1360 3197 1569 3252 noster,
1625 3186 1759 3240 Deus
1786 3184 1966 3248 salvos

299 3264 598 3336 faciendi;
630 3264 905 3320 continuo
938 3265 1320 3335 subjunctum
1366 3273 1474 3334 est,
1508 3266 1569 3318 Et
1601 3267 1818 3321 Domini
1845 3265 1968 3321 exi-

303 3350 398 3400 tus
430 3347 669 3407 mortis;
724 3354 786 3400 ut
816 3347 1219 3401 ostenderetur
1263 3345 1562 3401 moriendo
1606 3347 1796 3401 salvos
1844 3363 1968 3402 esse

310 3426 607 3482 facturus.
659 3426 764 3481 Sed
818 3427 1084 3480 mirando
1134 3427 1356 3480 dictum
1408 3432 1517 3491 est,
1585 3426 1648 3479 Et
1710 3426 1969 3488 Domini;

307 3512 604 3578 tanquam
637 3507 946 3571 diceretur,
995 3506 1148 3560 Talis
1195 3514 1281 3560 est
1310 3507 1418 3560 ista
1465 3506 1579 3559 vita
1614 3506 1966 3570 mortalium,

305 3593 375 3642 ut
412 3603 521 3642 nec
550 3587 677 3659 ipse
710 3586 990 3642 Dominus
1043 3587 1207 3641 aliter
1239 3584 1309 3640 ab
1359 3585 1459 3640 illa
1491 3587 1690 3652 exiret,
1725 3584 1837 3638 nisi
1869 3599 1971 3654 per

303 3675 585 3726 mortem.

306 3830 552 3888 CAPUT
582 3833 731 3887 XIX.
781 3863 851 3872 —
901 3835 981 3887 De
1025 3832 1244 3887 Psalmo
1291 3831 1633 3900 sexagesimo
1674 3841 1878 3898 octavo,
1910 3835 1971 3888 in

419 3927 528 3983 quo
556 3913 875 3969 Iudaeorum
901 3915 1162 3983 pertinax
1196 3912 1500 3983 inﬁdelitas
1531 3912 1861 3968 declaratur.

383 4061 507 4118 Sed
558 4067 620 4117 ut
666 4061 848 4117 Judaei
898 4066 1017 4116 tam
1069 4061 1395 4116 manifestis
1445 4061 1622 4132 hujus
1655 4063 1970 4133 prophetia

307 4143 704 4211 testimoniis,
737 4143 908 4198 etiam
961 4143 1133 4198 rebus
1163 4144 1232 4197 ad
1283 4144 1550 4198 effectum
1598 4149 1710 4200 tam
1745 4144 1970 4200 clarum

307 4230 664 4293 certumque
715 4223 1031 4294 perductis,
1077 4223 1316 4279 omnino
1365 4242 1478 4280 non
1527 4225 1796 4291 cedant“,
1840 4243 1971 4296 pro-

307 4305 469 4360 fecto
492 4304 550 4358 in
583 4303 665 4359 eis
698 4303 838 4358 illud
877 4304 1172 4374 impletur,
1208 4306 1357 4374 quod
1407 4304 1464 4358 in
1499 4321 1564 4360 eo
1612 4307 1836 4374 psalmo
1868 4305 1971 4376 qui

307 4383 480 4438 hunc
510 4382 796 4453 sequitur,
829 4383 1104 4452 scriptum
1140 4390 1248 4437 est.
1285 4383 1425 4438 Cum
1468 4384 1620 4438 enim
1659 4389 1716 4439 et
1746 4385 1874 4439 ellic
1903 4401 1973 4440 ex

306 4479 572 4534 persona
602 4462 838 4528 Christi,
874 4479 1004 4533 quae
1032 4463 1100 4516 ad
1136 4465 1264 4532 ejus
1298 4464 1623 4533 passionem
1657 4467 1973 4536 pertinent,

305 4542 656 4614 prophetiae
687 4542 998 4608 diceretur,
1031 4549 1547 4598 commemoratum
1598 4551 1686 4599 est
1726 4545 1883 4614 quod
1915 4545 1972 4600 in

303 4622 631 4694 Evangelio
666 4623 893 4694 patuit:
946 4624 1217 4678 Dederunt
1271 4623 1330 4678 in
1361 4641 1546 4679 escam
1582 4642 1761 4680 meam
1791 4628 1886 4696 fel,
1925 4631 1975 4683 et

306 4705 369 4758 in
436 4703 537 4757 siti
590 4719 709 4758 mea
763 4713 951 4774 potum
1008 4703 1150 4758 mihi
1204 4703 1474 4759 det/erunt
1531 4715 1746 4760 acetum
1803 4706 1974 4776 (Psal.

308 4802 524 4853 vam,
557 4787 666 4853 22;
697 4787 884 4840 Matth.
931 4803 1103 4853 xxvn,
1137 4786 1226 4853 34,
1263 4787 1372 4859 l48).
1419 4789 1487 4842 Et
1516 4787 1674 4844 velut
1705 4798 1832 4858 post
1865 4789 1978 4844 tale

308 4865 655 4922 convivium
710 4865 1030 4937 epulasque
1077 4866 1188 4922 sibi
1239 4866 1641 4936 hujuscemodi
1693 4867 1979 4922 exhibitas

308 4963 461 5002 mox
500 4944 719 5015 intulit,
750 4947 873 5002 Fiat
903 4962 1089 5002 mensa
1118 4962 1303 5002 eorum
1349 4962 1530 5001 coram
1559 4949 1689 5017 ipsis
1736 4951 1795 5002 in
1839 4965 1980 5004 mus-

308 5025 600 5098 cipulam,
632 5031 682 5082 et
711 5029 772 5082 in
801 5027 1239 5095 retributionem,
1271 5033 1325 5082 et
1366 5029 1426 5082 in
1469 5027 1830 5086 scandalum:
1861 5030 1981 5086 obs-

376 5303 394 5335 1
435 5299 498 5347 In
544 5300 719 5358 editis,
772 5310 824 5350 et
862 5303 1111 5358 Domini.
1134 5303 1364 5352 Domini
1390 5303 1579 5351 exitus
1626 5301 1840 5351 mortis.
1867 5302 1979 5354 Non

302 5363 602 5472 ritapetitntr,
661 5364 910 5427 Domini,
971 5367 1028 5414 in
1103 5367 1479 5429 manuscriptis
1540 5379 1635 5415 nec
1695 5367 1835 5429 apud
1893 5366 1979 5416 Se-

305 5441 339 5473 n
368 5438 544 5473 unum
571 5438 618 5472 a.

303 5438 618 5487 ptuagmta.

377 5486 401 5520 2
437 5487 524 5535 Sic
553 5489 674 5536 Mss.
709 5489 845 5538 Editi
875 5506 1020 5546 vero,
1050 5507 1160 5540 non
1193 5493 1432 5540 credant,

373 5550 566 5614 (a_l_Ne
596 5552 714 5614 quis
743 5554 978 5608 fallatur,
1010 5557 1195 5603 exitus
1232 5558 1311 5603 est
1339 5554 1705 5602 nominativus
1737 5554 1976 5614 pluralis,

307 5611 374 5723 ἶί
419 5611 680 5718 di‘erxodoi
727 5627 820 5662 tou
869 5617 1154 5673 thanatou,
1209 5631 1315 5666 non
1364 5617 1632 5677 genitivus
1674 5611 1975 5677 singularis.

356 5688 446 5723 συ.
526 5690 640 5723 ΙΥΒΞ.

356 5688 446 5723 συ.
491 5688 640 5723 VIVBS.

655 5767 920 5830 ΡΑΤιιοΙ..
969 5769 1094 5830 XLI

1467 321 1705 380 LIBER
1747 319 2096 381 DECIMUS
2144 321 2565 384 SEPTIMUS.

3597 333 3714 394 554

2057 459 2322 509 curentur
2350 455 2498 510 oculi
2522 469 2712 510 eorum
2758 471 2828 511 ne
2872 455 3116 520 videant,
3165 465 3214 512 et
3260 458 3484 514 dorsum
3523 476 3713 518 eorum

2062 549 2273 604 semper
2319 534 2552 588 incurva
2599 534 2772 602 (Psal.
2824 552 3017 602 vam,
3068 537 3158 604 23,
3216 537 3331 607 24),
3381 544 3437 593 et
3481 546 3718 609 caetera,

2067 631 2192 685 quae
2225 632 2337 670 non
2386 616 2641 686 optando
2690 622 2829 671 sunt
2875 619 3052 684 dicta,
3103 620 3200 672 sed
3252 622 3485 689 optandi
3532 625 3723 692 specie

2070 696 2473 767 prOpbetando
2523 698 2814 766 praedicta.
2866 697 3014 760 Quid
3062 715 3197 769 ergo
3249 700 3486 765 mirum,
3520 702 3567 754 si
3601 703 3723 760 haec

2074 775 2382 830 manifesta
2413 793 2526 830 non
2558 778 2778 846 vident,
2833 795 3077 847 quorum
3121 778 3299 833 oculit
3348 786 3484 835 sunt
3513 782 3725 838 obscu-

2077 854 2204 923 rati,
2241 872 2311 909 ne
2339 855 2622 910 videant?
2653 858 2792 925 quid
2820 858 3058 922 mirum,
3091 857 3139 911 si
3173 859 3428 913 caelestia
3461 876 3573 915 non
3600 878 3728 916 sus-

2079 934 2360 1006 piciunt‘,
2396 938 2492 1006 qui
2530 942 2592 990 ut
2621 936 2676 990 in
2727 942 2954 992 terrena
2984 937 3101 992 sint
3131 941 3320 1009 proni,
3354 940 3593 995 dorsum
3627 958 3725 998 eo—

2075 1033 2201 1072 rum
2237 1033 2469 1088 semper
2499 1019 2807 1073 incurvum
2841 1019 2971 1074 est?
3000 1019 3095 1074 His
3125 1021 3282 1074 enim
3315 1021 3503 1075 verbis
3535 1031 3717 1077 trans—

2073 1095 2209 1150 latis
2244 1114 2274 1151 a
2306 1113 2566 1167 corpore,
2599 1098 2736 1152 vitia
2785 1098 3187 1170 signiﬁcantur
3216 1101 3572 1158 animorum.
3606 1103 3724 1158 Ista

2073 1177 2144 1231 de
2175 1176 2446 1241 Psalmis,
2481 1178 2590 1233 hoc
2621 1187 2705 1234 est
2747 1180 2816 1234 de
2862 1180 3168 1249 prophetia
3210 1183 3364 1253 regis
3395 1182 3597 1249 David,
3629 1200 3721 1238 sa-

2070 1257 2147 1311 tis
2177 1258 2330 1312 dicta
2361 1258 2501 1325 sint,
2537 1263 2600 1313 ut
2630 1258 2838 1330 aliquis
2889 1262 3095 1315 modus
3140 1261 3234 1315 sit.
3271 1263 3580 1332 ignoscant
3620 1280 3723 1318 au-

2073 1344 2184 1393 tem
2215 1337 2315 1408 qui
2345 1338 2466 1393 haec
2498 1338 2716 1408 legunt,
2747 1345 2804 1394 et
2833 1349 3040 1395 cuncta
3069 1339 3172 1395 illa
3200 1347 3523 1410 noverunt;
3571 1352 3621 1398 et
3653 1343 3724 1398 de

2070 1417 2164 1473 bis
2209 1435 2333 1487 quae
2385 1419 2625 1473 fortasse
2670 1420 2929 1475 firmiora
2979 1437 3068 1475 me
3143 1423 3582 1492 praetermisisse
3631 1422 3720 1478 vel

2072 1499 2428 1570 intelligunt,
2463 1501 2547 1556 vel
2580 1501 2933 1572 existimant,
2967 1519 3080 1557 non
3114 1509 3454 1572 querantur.

2067 1660 2300 1717 CAPUT
2345 1661 2458 1715 XX.
2510 1692 2574 1702 —
2625 1668 2702 1717 De
2743 1677 2915 1730 regno
2963 1679 3027 1717 ac
3074 1662 3272 1718 merito
3319 1664 3520 1730 David,
3561 1670 3615 1718 et
3655 1664 3721 1718 de

2138 1741 2260 1812 ﬁlio
2317 1741 2490 1812 ipsius
2536 1743 2846 1808 Salomone,
2913 1758 3080 1814 eaque
3144 1745 3431 1814 prophetia
3483 1759 3604 1814 quae
3651 1744 3721 1798 ad

2140 1822 2414 1877 Christum
2443 1826 2727 1892 pertinens
2769 1825 3077 1889 invenitur,
3109 1824 3193 1879 vel
3241 1824 3299 1879 in
3329 1827 3406 1880 eis
3437 1825 3597 1880 libris
3624 1826 3727 1896 qui

2135 1905 2357 1973 scriptis
2408 1905 2581 1971 ipsius
2628 1906 2983 1975 copulantur,
3026 1905 3110 1960 vel
3154 1906 3216 1959 in
3260 1905 3338 1961 eis
3389 1921 3520 1977 quos
3551 1907 3727 1977 ips-ius

2140 2000 2252 2039 esse
2274 2000 2386 2040 non
2415 1985 2644 2039 dubium
2674 1990 2775 2039 est.

2146 2138 2196 2192 1.
2232 2138 2515 2207 Regnavit
2561 2153 2696 2209 ergo
2747 2138 2930 2194 David
2987 2139 3045 2192 in
3093 2143 3326 2194 terrena
3372 2141 3723 2204 Jerusalem,

2072 2216 2231 2271 filius
2259 2217 2512 2272 caelestis
2555 2217 2906 2284 Jerusalem,
2940 2219 3138 2272 divino
3173 2218 3427 2274 multum
3471 2219 3727 2274 testimo-

2073 2298 2170 2352 nio
2201 2296 2584 2366 praedicatus:
2638 2299 2776 2367 quia
2804 2304 2861 2352 et
2913 2297 3125 2353 delicta
3154 2300 3279 2367 ejus
3323 2304 3486 2354 tanta
3519 2301 3728 2370 pietate

2076 2383 2352 2448 superata
2383 2382 2540 2444 sunt,
2567 2395 2668 2448 per
2698 2377 3147 2432 saluberrimam
3183 2380 3500 2448 ptenitendi
3530 2379 3729 2434 humi-

2074 2455 2317 2521 litatem,
2353 2467 2412 2512 ut
2438 2474 2675 2528 prorsus
2698 2458 2848 2512 inter
2869 2474 2967 2512 eos
2998 2459 3094 2524 sit,
3127 2459 3196 2512 de
3229 2459 3442 2526 quibus
3473 2459 3596 2526 ipse
3627 2461 3728 2527 ait,

2076 2537 2230 2591 Beati
2276 2553 2507 2609 quorum
2558 2541 2796 2592 remissae
2843 2543 2975 2591 sunt
3021 2540 3366 2608 iniquitates,
3417 2547 3469 2593 et
3497 2555 3728 2610 quorum

2078 2626 2215 2673 tecta
2243 2627 2372 2672 sunt
2397 2621 2615 2687 peccata
2666 2618 2834 2688 (Psal.
2868 2634 3018 2683 xxxt,
3056 2618 3123 2682 l).
3163 2622 3298 2672 Post
3330 2617 3487 2672 hunc
3519 2634 3728 2688 regna-

2073 2698 2156 2752 vit
2203 2697 2390 2752 eidem
2453 2697 2668 2768 populo
2719 2698 2988 2752 universo
3031 2695 3302 2752 Salomon
3365 2697 3490 2768 ejus
3545 2698 3729 2765 ﬁlius,

2078 2778 2200 2848 qui,
2237 2782 2303 2832 ut
2334 2794 2513 2844 supra
2545 2779 2765 2831 dictum
2813 2787 2919 2842 est,
2950 2783 3111 2847 patre
3142 2794 3246 2833 suo
3278 2778 3508 2832 vivente
3556 2780 3726 2849 cmpit

2077 2873 2339 2928 regnare.
2393 2857 2495 2912 Hic
2545 2857 2715 2912 bonis
2765 2857 2970 2923 initiis,
3024 2855 3201 2910 malos
3249 2857 3440 2912 exitus
3500 2857 3726 2912 habuit.

2079 2937 2299 3007 Quippe
2329 2938 2598 2992 secundae
2642 2954 2754 2999 res.
2787 2953 2914 3007 quaa
2946 2936 3275 3005 sapientum
3327 2937 3552 2991 animos
3594 2937 3728 2991 fati-

2077 3023 2216 3088 gant
2241 3015 2340 3088 (a),
2377 3017 2564 3087 magis
2597 3017 2733 3071 huic
2763 3017 3093 3081 obfuerunt,
3126 3032 3301 3086 quam
3357 3015 3572 3087 profuit
3603 3017 3730 3086 ipsa

2078 3095 2364 3165 sapiente,
2398 3095 2567 3148 etiam
2623 3108 2777 3149 nunc
2806 3097 2862 3147 et
2903 3093 3176 3163 deinceps
3227 3093 3641 3162 memorabilis,
3673 3097 3729 3148 et

2078 3176 2212 3229 lunc
2243 3173 2410 3241 longe
2438 3173 2664 3243 lateque
2697 3173 2945 3228 laudata.
2995 3172 3375 3244 Prophetasse
3405 3174 3573 3228 etiam
3604 3173 3728 3242 ipse

2077 3254 2360 3324 reperitur
2389 3252 2449 3307 in
2483 3254 2604 3307 suis
2633 3253 2818 3318 libris,
2851 3252 2950 3323 qui
2975 3257 3090 3307 tres
3122 3254 3333 3323 recepti
3358 3258 3494 3307 sunt
3524 3257 3726 3308 aucto-

2079 3335 2303 3387 ritatem
2337 3332 2701 3399 canonicam,
2729 3333 3054 3400 Proverbia,
3079 3331 3472 3397 Ecclesiastes,
3505 3335 3562 3385 et
3589 3332 3730 3386 Can-

2081 3413 2250 3466 ticum
2287 3411 2667 3465 canticorum.
2703 3410 2812 3464 Alii
2844 3427 2978 3464 vero
3003 3412 3137 3477 duo,
3173 3426 3420 3478 quorum
3446 3425 3597 3463 unus
3631 3411 3728 3465 Sa-

2081 3490 2320 3560 pientia,
2354 3491 2500 3543 alter
2529 3488 2972 3543 Ecclesiasticus
2997 3488 3226 3552 dicitur,
3249 3493 3482 3557 propter
3512 3487 3727 3557 eloquii

2081 3568 2420 3625 nonnullam
2473 3568 2947 3634 similitudinem,
2982 3577 3036 3622 ut
3067 3568 3395 3622 Salomonis
3437 3567 3726 3639 dicantur,

2082 3651 2338 3706 obtinuit
2366 3650 2769 3704 consuetudo:
2804 3664 2920 3703 non
2965 3653 3160 3702 autem
3193 3663 3322 3702 esse
3369 3647 3579 3717 ipsius,
3615 3664 3729 3704 non

2081 3731 2356 3787 dubitant
2403 3730 2728 3794 doctiores;
2779 3744 2878 3783 eos
2930 3734 3129 3782 tamen
3193 3726 3253 3782 in
3303 3727 3726 3791 auctoritatem,

2081 3812 2331 3868 maxime
2352 3810 2746 3875 occidentalis,
2774 3807 3096 3879 antiquitus
3123 3807 3335 3876 recepit
3355 3806 3609 3862 Ecclesia
3631 3808 3726 3876 (b):

2080 3909 2328 3964 quorum
2360 3892 2418 3946 in
2453 3908 2586 3959 uno,
2622 3891 2721 3961 qui
2768 3888 3094 3960 appellatur
3125 3887 3420 3959 Sapientia
3467 3886 3729 3942 Salomo-

2081 3975 2194 4042 nis,
2231 3974 2424 4045 passio
2455 3972 2670 4027 Christi
2715 3971 3078 4042 apertissime
3129 3969 3528 4041 propbetatur.
3566 3969 3733 4040 Impii

2083 4057 2297 4127 quippe
2321 4054 2717 4108 interfectores
2738 4053 2787 4122 ej
2799 4069 2862 4106 us
2886 4055 3422 4106 commemorantur
3441 4049 3727 4105 dicentes:

2083 4135 2593 4190 Circumveniamus
2607 4133 2846 4201 justum,
2881 4132 3140 4201 quoniam
3173 4129 3420 4183 insuavis
3448 4134 3525 4184 est
3555 4130 3730 4197 nobis,

2081 4226 2131 4272 et
2158 4218 2469 4272 contrarius
2498 4223 2574 4268 est
2604 4213 2856 4283 cperibus
2901 4211 3126 4274 nostris,
3159 4217 3211 4265 et
3261 4211 3602 4279 improperat
3631 4225 3734 4265 no-

2084 4301 2167 4354 bis
2196 4303 2418 4366 peccata
2449 4295 2604 4364 legis,
2635 4304 2685 4350 et
2712 4297 2946 4365 infamat
2975 4294 3032 4346 in
3051 4308 3145 4347 nos
3174 4296 3391 4362 peccata
3420 4291 3735 4359 disciplina!

2082 4387 2302 4434 nostrae.
2353 4375 2633 4431 Promittit
2681 4375 2971 4429 scientiam
3004 4373 3097 4428 Dei
3138 4389 3195 4428 se
3223 4372 3442 4438 habere,
3475 4375 3524 4428 et
3552 4372 3736 4444 ﬁlium

2087 4457 2181 4513 Dei
2226 4475 2283 4513 se
2328 4460 2599 4512 nominat.
2647 4457 2839 4510 Factus
2887 4463 2966 4509 est
2999 4455 3155 4508 nobis
3203 4455 3260 4507 in
3306 4453 3737 4509 tracductionem

2083 4538 2477 4608 cogitatimium
2518 4539 2850 4591 nostrarum.
2903 4533 3096 4589 Gravis
3143 4538 3225 4589 est
3272 4533 3426 4588 nobis
3469 4533 3639 4589 etiam
3667 4531 3739 4587 ad

2085 4618 2400 4683 videndum,
2425 4618 2686 4687 quoniam
2729 4615 3025 4669 dissimilis
3064 4619 3139 4668 est
3184 4614 3314 4667 aliis
3343 4615 3457 4666 vita
3485 4614 3662 4676 illius,
3685 4615 3740 4665 et

2088 4699 2400 4755 immutata:
2431 4697 2537 4753 vise
2563 4697 2703 4762 eius.
2742 4696 3036 4765 Tamquam
3067 4709 3306 4761 nugaces
3347 4694 3614 4748 aestimati
3642 4707 3739 4744 su-

2089 4798 2210 4836 mus
2241 4781 2308 4835 ab
2341 4779 2460 4850 illo,
2487 4787 2540 4834 et
2569 4775 2804 4832 abstinet
2829 4791 2888 4830 se
2917 4792 2950 4829 a
2980 4775 3084 4828 viis
3111 4774 3320 4828 nostris
3339 4772 3500 4844 quasi
3529 4773 3596 4826 ab
3627 4769 3741 4823 im-

2089 4863 2386 4918 munditiis
2411 4876 2429 4914 :
2455 4861 2684 4930 prmfert
2706 4857 2728 4890 ε
2755 4855 3049 4911 novissima
3060 4855 3361 4924 justorum,
3386 4861 3436 4907 et
3466 4852 3742 4919 gloriatur

2090 4953 2301 5016 patrem
2334 4947 2508 4998 Deum
2536 4956 2592 4995 se
2623 4938 2842 4994 habere.
2898 4935 3182 4994 Videamus
3220 4948 3352 5002 ergo
3382 4933 3431 4987 si
3471 4945 3742 4987 sermones

2156 5237 2172 5270 1
2202 5231 2360 5282 Vind.
2392 5231 2506 5279 Am.
2540 5230 2594 5278 et
2621 5229 2826 5289 aliquot
2853 5224 3219 5289 manuscripti,
3247 5221 3585 5289 suscipiunt.

2156 5245 2172 5270 ι
2211 5245 2360 5282 Vina.
2392 5245 2506 5279 am.
2540 5245 2594 5278 θι
2621 5245 2693 5278 au
2729 5245 2826 5280 11012
2853 5245 3219 5289 manuscripu,
3247 5245 3490 5284 δαδσιΡιυ

2153 5296 2175 5330 ²
2205 5295 2444 5360 Valente.
2482 5245 2823 5360 εερνῖριεῗςνε-
2855 5294 2939 5360 Sic
2967 5293 3128 5360 etiam
3158 5284 3391 5360 “£822.53-
3423 5285 3490 5358 t1-

2155 5358 2224 5418 (a)
2258 5342 2504 5420 lanam
2536 5342 2851 5420 Sallustium
2899 5357 2959 5420 in
2985 5354 3123 5402 bello
3170 5348 3499 5420 Ca‘tili'nario.
3537 5342 3740 5420 cap._tt

2092 5407 2243 5483 cuju's
2272 5419 2601 5483 etiam_haec
2628 5419 2820 5466 ibidem
2852 5419 3015 5483 verba
3063 5417 3190 5464 sunt
3226 5412 3435 5473 Quippe
3474 5407 3744 5456 secundae

2093 5480 2180 5532 res
2209 5480 2554 5539 sapientium
2585 5484 2803 5528 animos
2834 5480 3100 5540 fatigant.

2156 5545 2222 5606 (ὁ.
2254 5532 2382 5593 Vide
2428 5544 2624 5592 librum
2667 5543 2696 5590 2
2726 5544 2790 5592 de
2818 5532 3068 5592 Doctrina
3114 5537 3432 5594 Christiana,
3481 5547 3535 5584 n.
3567 5532 3644 5594 13,
3690 5532 3743 5581 et

2095 5608 2396 5671 Speculum.

3051 5755 3417 5835 (Dix-huit.)
