4110 6196
426 320 546 380 555

426 454 581 509 illius
611 451 730 506 veri
755 453 902 513 sunt,
934 451 985 501 et
1023 445 1289 499 tentemus
1336 455 1462 512 quae
1509 447 1742 498 ventura
1783 442 1916 496 sunt
1953 437 2066 508 illi,

425 540 476 594 et
504 539 734 594 sciemus
765 545 881 602 qum
919 537 1078 584 erunt
1108 527 1408 582 novissima
1439 526 1577 596 ejus.
1623 525 1685 580 Si
1711 523 1863 579 enim
1879 526 2070 590 justus

427 623 506 674 est
555 618 705 686 ﬁlius
752 614 866 680 Dei,
915 609 1167 679 suscipiet
1211 608 1393 674 illum,
1445 611 1495 661 et
1537 608 1794 662 liberabit
1845 621 1967 660 eum
2008 603 2072 658 de

423 713 597 754 manu
617 695 1050 751 contrariorum.
1082 689 1424 743 Contumelia
1453 698 1503 742 et
1533 694 1797 743 tormento
1828 691 2071 741 interro-

423 794 611 850 gemus
641 776 826 842 illum,
853 780 913 828 ut
939 773 1176 826 sciamus
1208 769 1567 824 reverentiam
1599 769 1776 850 illius,
1809 766 2073 850 etprobe-

425 847 548 914 mus
568 857 904 928 patientiam
951 853 1146 923 ipsius.
1182 852 1344 905 Morte
1382 849 1703 920 turpissima
1748 847 2074 928 condemne—

425 955 543 993 mus
569 924 772 991 illum:
799 935 904 989 erit
941 933 1089 987 enim
1118 933 1170 986 ei
1197 933 1468 1001 respectus
1508 945 1580 983 ea:
1625 927 1966 984 sermonibus
1995 924 2070 978 il-

429 1018 554 1071 lius.
616 1017 735 1069 Haec
780 1014 1182 1082 cogitaverunt,
1239 1018 1292 1063 et
1342 1012 1722 1064 erraverunt:
1779 1007 2074 1061 excaecavit

426 1101 574 1155 enim
604 1096 727 1150 illos
756 1093 981 1147 malitia
1008 1090 1252 1161 ipsorum
1277 1090 1428 1160 (sap.
1460 1105 1524 1156 ii,
1549 1088 1758 1157 12-21).
1788 1090 1852 1141 In
1885 1083 2075 1139 Eccle-

427 1178 662 1234 siastico
695 1178 893 1229 autem
926 1171 1070 1226 ﬁdes
1091 1170 1354 1238 gentium
1386 1170 1578 1222 futura
1603 1166 1934 1238 praadicitur
1964 1165 2073 1219 isto

427 1259 639 1314 modo:
683 1255 934 1309 Miserere
962 1251 1159 1318 nostri,
1204 1249 1516 1304 dominator
1552 1251 1696 1302 Deus
1726 1247 1992 1313 omnium,
2026 1250 2076 1298 et

427 1339 667 1395 immitte
697 1334 950 1388 timorem
982 1341 1136 1387 tuum
1179 1347 1345 1401 super
1387 1343 1571 1384 omnes
1618 1331 1841 1397 gentes:
1873 1324 2075 1382 extolle

425 1435 654 1476 manum
685 1425 835 1471 tuam
863 1429 1030 1484 super
1059 1415 1239 1483 gentes
1266 1412 1500 1478 alienas,
1534 1413 1586 1463 et
1614 1408 1844 1464 videant
1881 1412 2073 1477 poten-

428 1502 566 1554 tiam
598 1506 771 1558 tuam.
805 1494 958 1549 Sicut
985 1509 1172 1548 coram
1203 1491 1318 1545 illis
1364 1489 1739 1557 sanctiﬁcatus
1775 1491 1851 1543 est
1881 1490 1941 1542 in
1971 1501 2073 1542 no-

428 1582 514 1635 bis
561 1575 932 1646 magniﬁceris
976 1574 1035 1627 in
1083 1573 1218 1627 illis.
1270 1576 1331 1626 ut
1363 1575 1654 1641 agnoscant
1699 1574 1750 1624 te
1779 1567 2076 1624 secundum

425 1657 570 1728 quod
599 1669 646 1711 et
669 1671 765 1709 nos
795 1652 1120 1723 agnovimus
1165 1655 1236 1718 te,
1283 1652 1414 1720 quia
1443 1665 1554 1704 non
1600 1657 1676 1704 est
1716 1650 1854 1728 Deus
1881 1652 2077 1717 praeter

424 1727 493 1804 te,
527 1733 754 1790 Domine
783 1731 969 1802 (Eccti.
1003 1746 1190 1795 xxxvr,
1225 1730 1366 1796 1-5).
1404 1728 1565 1783 Hanc
1594 1727 1832 1798 optandi
1866 1732 1922 1780 et
1953 1742 2078 1798 pre-

425 1816 596 1872 candi
627 1812 814 1882 specie
864 1809 1224 1882 prophetiam
1279 1824 1379 1879 per
1422 1807 1626 1862 Jesum
1659 1807 1955 1861 Christum
1987 1809 2075 1861 vi-

428 1899 635 1953 demus
669 1893 989 1964 impletam.
1023 1890 1132 1944 Sed
1165 1890 1444 1944 adversus
1473 1890 1933 1945 contradictores
1959 1905 2074 1944 non

428 1982 590 2032 tanta
623 1975 893 2028 ﬁrmitate
944 1971 1337 2041 proferuntur,
1389 1986 1513 2039 quis
1546 1971 1762 2039 scripta
1795 1987 1909 2025 non
1941 1975 2077 2025 sunt

430 2058 489 2111 in
523 2069 741 2109 canone
771 2052 1128 2106 Judaaorum.

498 2138 554 2190 2.
589 2136 651 2189 ln
686 2135 871 2186 tribus
897 2148 1027 2186 vero
1060 2131 1196 2196 illis,
1230 2147 1377 2201 quos
1402 2130 1728 2186 Salomonis
1759 2147 1885 2187 esse
1915 2147 2080 2186 cons-

429 2223 534 2282 tat,
568 2222 625 2271 et
668 2214 850 2269 Juuiaei
887 2214 1199 2266 canonicos
1247 2213 1486 2280 habent,
1521 2217 1584 2266 ut
1631 2212 1974 2267 ostendatur
2006 2214 2072 2268 ad

427 2298 722 2353 Christum
755 2300 812 2346 et
843 2292 1156 2346 Ecclesium
1197 2291 1482 2360 pertinere
1525 2293 1677 2361 quod
1711 2293 1767 2345 in
1803 2293 1884 2346 eis
1916 2292 2073 2362 ejus-

430 2379 583 2434 modi
620 2377 922 2446 repcritur,
976 2389 1217 2442 operosa
1264 2373 1581 2440 disputalio
1606 2376 1932 2428 necessaria
1962 2379 2072 2442 est,

428 2475 554 2529 quia
590 2473 693 2510 nos
743 2457 897 2508 ultra
951 2470 1124 2524 quam
1172 2459 1414 2523 oportet,
1449 2453 1496 2506 si
1549 2471 1702 2509 nunc
1743 2456 2073 2524 adhibetur,

427 2537 703 2594 estendit.
737 2537 950 2589 Tamen
981 2534 1133 2604 quod
1176 2535 1232 2586 in
1283 2532 1608 2588 Proverbiis
1659 2535 1886 2606 legitur,
1923 2538 2074 2591 viros

428 2620 639 2691 impios
669 2619 880 2681 dicere,
928 2617 1336 2669 Abscondamus
1363 2615 1423 2668 in
1454 2626 1604 2669 terra
1649 2617 1830 2670 virum
1847 2621 2076 2687 justum

428 2704 657 2769 injuste,
688 2698 1068 2751 absorbeamus
1102 2711 1226 2749 vero
1255 2711 1379 2748 eum
1410 2706 1668 2768 tanquam
1711 2700 1963 2766 infernus
1996 2703 2073 2752 vi-

428 2785 664 2842 ventem,
695 2787 745 2831 et
777 2783 1103 2846 auferamus
1146 2777 1262 2845 ejus
1311 2785 1629 2830 memoriam
1671 2779 1736 2832 de
1765 2790 1934 2846 terra,
1963 2798 2078 2849 pos-

428 2864 718 2914 sessionem
750 2860 862 2924 ejus
893 2859 1185 2920 pretiosam
1209 2857 1679 2926 apprelienzlamus
1706 2862 1885 2929 (Prov.
1922 2877 1959 2922 ι,
1989 2863 2076 2915 11-

431 2940 518 3010 13)
552 2963 565 3003 ;
600 2954 709 2992 non
747 2938 820 2991 ita
851 2937 1164 2991 obscurum
1191 2945 1295 2996 est,
1325 2943 1384 2990 ut
1406 2938 1476 2991 de
1507 2938 1735 2992 Christo
1766 2948 1821 2993 et
1849 2958 2074 3008 posses-

429 3021 590 3076 sione
628 3019 754 3087 ejus
784 3017 1036 3071 Ecclesia
1089 3017 1215 3069 sine
1249 3016 1537 3070 laboriosa
1571 3019 1927 3088 expOsitione
1960 3037 2073 3075 non

430 3101 616 3175 possit
645 3100 912 3168 intelligi.
945 3099 1074 3151 Tale
1104 3098 1317 3166 quippe
1342 3099 1559 3168 aliquid
1594 3102 1761 3154 etiam
1795 3101 2075 3158 Dominus

427 3186 554 3253 ipse
598 3181 770 3236 Jesus
817 3195 916 3248 per
963 3179 1358 3246 evangelicum
1426 3179 1760 3242 parabolam
1821 3185 2077 3238 ostendit

431 3263 645 3317 dixisse
678 3259 863 3314 malos
893 3257 1164 3312 colonos:
1201 3257 1300 3311 Hic
1317 3262 1395 3310 est
1415 3258 1603 3323 haeres,
1636 3262 1835 3328 venite,
1868 3263 2075 3317 occida-

428 3361 549 3399 mus
580 3359 726 3404 eum.
759 3349 808 3395 et
839 3347 1031 3393 nostra
1061 3339 1167 3392 erit
1210 3337 1502 3393 hacred-itas
1549 3339 1764 3407 (Matth.
1809 3359 1926 3404 XXI,
1959 3343 2072 3414 38).

431 3427 694 3495 Itemque
722 3421 868 3474 illud
902 3421 959 3473 in
993 3421 1186 3472 eodem
1221 3417 1385 3484 libro,
1419 3421 1570 3490 quod
1597 3423 1719 3490 jam
1755 3429 1886 3479 ante
1918 3441 2075 3495 pers-

433 3506 769 3568 trinximus,
828 3516 960 3556 cum
1012 3515 1314 3570 ageremus
1346 3499 1417 3553 de
1447 3501 1628 3556 sterili
1680 3520 1803 3574 qua:
1856 3507 2077 3577 peperit

428 3595 646 3656 septem
677 3584 894 3652 (Supra,
925 3597 1043 3649 cap.
1077 3581 1132 3645 4,
1182 3597 1239 3633 n.
1275 3581 1346 3651 4).
1399 3582 1629 3636 nonnisi
1660 3585 1730 3639 de
1762 3585 1989 3640 Christo
2022 3591 2078 3642 et

428 3666 678 3722 Ecclesia
712 3679 844 3718 mox
870 3668 933 3715 ut
967 3662 1134 3715 fuerit
1168 3662 1601 3729 pronuntiatum
1635 3667 1938 3721 consuevit
1983 3667 2073 3721 in-

428 3747 603 3814 telligi
641 3744 710 3798 ab
741 3744 842 3807 eis,
875 3741 973 3812 qui
1005 3742 1296 3795 Christum
1322 3741 1659 3812 Sapientem
1692 3745 1788 3801 Dei
1815 3764 1943 3802 esse
1977 3765 2075 3803 no-

427 3829 648 3880 verunt.
679 3826 966 3892 Sapientia
995 3821 1288 3889 aediﬁcavit
1316 3822 1426 3876 sibi
1463 3823 1701 3891 domum,
1735 3831 1784 3881 et
1831 3829 2075 3898 sulfulsit

426 3907 709 3962 columnas
759 3908 1003 3973 septem:
1032 3901 1338 3956 immolavit
1374 3919 1501 3958 suas
1551 3908 1822 3973 victimas,
1856 3909 2077 3965 miscuit

427 3989 488 4042 in
518 3998 734 4041 cratere
757 3984 950 4038 vinum
998 3998 1180 4046 suum,
1229 3988 1283 4036 et
1327 3988 1552 4052 paravit
1607 4004 1846 4042 mensam
1901 4005 2071 4043 suam.

426 4067 574 4122 Misit
603 4080 781 4120 servos
828 4079 955 4118 suos
1003 4078 1298 4117 coavocans
1326 4079 1450 4118 cum
1482 4066 1771 4122 excellenti
1799 4072 2078 4138 praedica-

427 4150 574 4202 tione
602 4147 671 4200 ad
692 4155 958 4199 craterem
987 4142 1170 4197 dicens
1190 4159 1208 4196 :
1233 4143 1364 4210 Quis
1395 4149 1473 4198 est
1493 4148 1755 4214 insipiens
1777 4150 1805 4200 Ρ
1844 4149 2078 4204 divertat

428 4229 498 4284 ad
529 4243 630 4282 me.
668 4228 728 4281 Et
768 4225 1026 4296 inopibus
1058 4239 1221 4278 sensu
1268 4224 1462 4280 dixit:
1502 4227 1704 4293 Venite,
1757 4230 2080 4286 manducata

431 4309 495 4364 de
528 4307 664 4362 meis
707 4309 966 4376 panibus,
1018 4315 1066 4358 et
1099 4307 1272 4358 bibite
1309 4310 1499 4358 vinum
1529 4312 1672 4376 quod
1702 4308 1901 4362 miscui
1933 4309 2079 4363 vobis

429 4391 610 4458 (Prov.
644 4404 720 4454 ix,
751 4387 869 4456 1-5)
927 4385 1028 4438 Hic
1078 4390 1230 4439 certe
1267 4399 1639 4454 agnoscimus
1686 4387 1784 4442 Dei
1833 4390 2078 4459 Sapien-

427 4471 592 4536 tiam,
627 4468 734 4522 hoc
764 4475 869 4529 est,
907 4465 1158 4520 Verbum
1220 4465 1374 4519 Patri
1406 4475 1776 4539 coaeternum,
1823 4486 1880 4524 in
1917 4478 2079 4525 utero

427 4548 696 4619 virginali
729 4547 967 4601 domum
1001 4544 1111 4599 sibi
1144 4544 1462 4601 aediﬁcasse
1491 4565 1699 4619 corpus
1733 4552 2078 4621 humanum,

428 4635 485 4686 et
523 4629 680 4697 huic,
735 4634 1011 4697 tanquam
1063 4624 1236 4695 capiti
1272 4628 1556 4693 membra,
1584 4629 1901 4687 Ecclesiam
1934 4634 2082 4686 sub-

423 4710 715 4782 junxisse,
743 4716 1061 4780 martyrum
1111 4705 1374 4761 victimas
1419 4708 1779 4779 immolasse,
1832 4729 2082 4769 mensam

429 4793 488 4847 in
519 4793 652 4846 vino
693 4794 751 4844 et
783 4790 1031 4861 panibus
1065 4802 1445 4858 praeparasse,
1481 4791 1579 4844 ubi
1631 4796 1868 4861 apparet
1909 4795 2080 4849 etiam

431 4868 818 4927 sacerdotium
853 4869 1176 4923 secundum
1209 4865 1472 4924 ordinem
1508 4869 1954 4940 Melchisedech,
1989 4872 2083 4927 in-

431 4950 707 5019 sipientes
739 4956 791 5002 et
823 4951 1023 5018 inopes
1058 4963 1232 5002 sensu
1266 4963 1542 5018 vocasse;
1577 4951 1730 5020 quia,
1760 4952 1914 5006 sicut
1944 4951 2084 5006 dicit

429 5028 758 5099 Apostolus,
795 5027 1027 5082 inﬁrma
1057 5027 1228 5096 hujus
1261 5032 1488 5085 mundit
1518 5030 1708 5102 elegit,
1746 5037 1807 5087 ut
1837 5034 2080 5088 confun-

431 5111 591 5164 deret
633 5109 806 5162 fortia
854 5108 899 5177 (Ι
947 5106 1070 5160 Cor.
1110 5122 1148 5170 ι,
1199 5108 1308 5178 27).
1343 5111 1562 5174 Quibus
1603 5119 1799 5167 tamen
1831 5113 2083 5168 infirmis

433 5189 586 5261 quod
639 5186 904 5258 sequitur
949 5186 1122 5241 dicit:
1170 5187 1547 5261 Derelinquite
1568 5190 1977 5262 insipientiam.
2024 5197 2082 5247 ut

431 5271 714 5329 vivitatis:
745 5272 796 5322 et
844 5267 1079 5336 quaerite
1115 5269 1486 5336 prudentiam,
1533 5281 1593 5326 ut
1634 5273 1878 5327 habeatis
1913 5272 2084 5327 vitam

433 5349 620 5418 (Prov.
653 5365 730 5414 IV,
763 5348 834 5417 6).
869 5346 1215 5416 Participem
1263 5355 1452 5402 autem
1485 5349 1608 5404 ﬁeri
1653 5368 1868 5407 mensae
1899 5351 2078 5420 illius,

434 5428 626 5502 ipsum
657 5434 752 5485 est
778 5428 1030 5500 incipere
1063 5427 1272 5482 habere
1302 5427 1497 5483 vitam.
1531 5429 1671 5486 Nam
1701 5433 1843 5488 etin
1877 5433 1987 5490 alio
2019 5433 2083 5488 li-

1484 307 1584 368 DE
1626 303 1984 368 CIVITATE
2025 301 2178 374 DEI,
2230 301 2294 360 S.
2340 301 2759 366 AUGUSTINI

3699 311 3808 370 556

2178 436 2304 502 bro,
2328 441 2428 510 qui
2452 448 2686 498 vocatur
2706 439 3098 507 Ecclesiastes,
3125 440 3222 497 ubi
3253 441 3351 509 ait,
3378 443 3500 498 Non
3519 453 3596 500 est
3626 445 3807 505 bonum

2179 519 2412 587 homini,
2460 521 2577 576 nisi
2625 521 2764 594 quod
2802 521 3157 577 manducabit
3197 531 3248 578 et
3279 522 3424 578 bibet
3461 525 3663 594 (Eccle.
3693 544 3806 596 vni,

2182 597 2307 669 15);
2335 600 2478 670 quid
2498 601 2830 657 credibilius
2850 604 3040 657 dicere
3069 601 3437 675 intelligitur,
3461 621 3636 676 quam
3665 610 3807 678 quod

2179 679 2248 732 ad
2297 682 2797 752 participationem
2848 699 3061 737 mensae
3117 683 3294 753 hujus
3343 687 3611 756 pertinet,
3645 705 3805 758 quam

2181 762 2455 816 sacerdos
2487 763 2608 832 ipse
2639 763 2916 818 Mediator
2945 764 3300 819 Testamenti
3324 765 3453 820 novi
3472 767 3700 824 exhibet
3727 787 3810 827 se-

2183 843 2442 897 cundum
2477 844 2738 899 ordinem
2764 843 3189 900 Melchisedech
3231 846 3301 900 de
3342 862 3580 918 corpore
3609 854 3664 903 et
3693 867 3814 906 san-

2183 923 2361 991 guine
2391 924 2542 978 suo?
2570 924 2630 980 ld
2653 926 2806 981 enim
2849 926 3199 981 sacrificium
3235 929 3516 983 successit
3555 931 3816 988 omnibus

2181 1003 2299 1059 illis
2347 1005 2648 1061 sacrificiis
2693 1008 2903 1062 veteris
2949 1005 3324 1077 Testamenti,
3371 1024 3500 1079 quae
3558 1010 3813 1067 immola-

2183 1083 2398 1138 bantur
2425 1085 2485 1139 in
2530 1087 2738 1141 umbra
2785 1087 3007 1142 futuri:
3044 1093 3276 1158 prOpter
3323 1090 3475 1160 quod
3508 1091 3681 1146 etiam
3721 1108 3813 1148 vo-

2183 1179 2309 1219 cem
2359 1163 2518 1220 illam
2569 1166 2630 1221 in
2680 1167 2910 1222 Psalmo
2959 1169 3253 1224 tricesimo
3285 1173 3342 1224 et
3373 1185 3526 1224 nono
3563 1172 3812 1242 ejusdem

2183 1245 2511 1300 Mediatoris
2533 1262 2633 1315 per
2667 1247 3028 1317 prophetiam
3079 1248 3368 1319 loquentis
3415 1252 3817 1322 agnoscimus:

2184 1325 2529 1396 Sacriﬁcium
2557 1335 2608 1382 et
2637 1328 2973 1384 oblationem
2994 1327 3252 1397 noluisti,
3281 1346 3478 1402 corpus
3502 1341 3686 1387 autem
3713 1348 3822 1400 per-

2180 1406 2365 1477 fecisti
2394 1408 2540 1463 mihi
2565 1409 2739 1479 (Psal.
2772 1426 2963 1476 xxxxx,
2992 1409 3071 1480 7).
3116 1410 3262 1476 Quia
3293 1427 3395 1482 pro
3421 1411 3538 1467 illis
3561 1415 3817 1470 omnibus

2183 1488 2484 1543 sacriﬁciis
2529 1494 2585 1544 et
2631 1489 3025 1546 oblationibus
3073 1507 3284 1561 corpus
3329 1492 3457 1561 ejus
3490 1493 3740 1561 otl‘ertur,
3770 1504 3820 1550 et

2185 1569 2669 1640 participantibus
2702 1570 3088 1626 ministratur.
3126 1570 3272 1626 Nam
3304 1571 3485 1627 istum
3519 1573 3815 1630 Ecclesias-

2182 1653 2299 1702 tem
2360 1650 2419 1703 in
2477 1649 2585 1705 hac
2643 1651 2928 1706 sententia
2985 1651 3382 1707 manducandi
3441 1659 3501 1708 et
3578 1654 3818 1723 bibendi,

2185 1744 2359 1800 quam
2393 1745 2541 1799 saepe
2572 1731 2797 1801 repetit,
2828 1730 3266 1804 plurimumque
3289 1735 3681 1803 commendat,
3713 1751 3816 1791 non

2185 1825 2386 1881 sapere
2441 1811 2691 1866 carnalis
2739 1813 2945 1882 epulas
2997 1810 3332 1884 voluptatis,
3383 1815 3534 1869 satis
3567 1815 3701 1870 illud
3736 1832 3822 1871 os-

2183 1890 2391 1959 tendit,
2445 1890 2544 1945 ubi
2603 1892 2703 1950 ait.
2766 1893 2966 1948 Melius
3020 1896 3097 1947 est
3145 1893 3229 1949 ire
3266 1894 3326 1948 in
3375 1893 3600 1949 domum
3644 1896 3805 1951 luctus

2185 1987 2348 2042 quam
2381 1973 2466 2026 ire
2514 1974 2572 2026 in
2602 1973 2822 2027 domum
2867 1981 3032 2041 potus
3053 1991 3072 2028 :
3104 1979 3160 2029 et
3204 1976 3376 2046 paulo
3410 1981 3562 2046 post,
3595 1976 3712 2043 Cor,
3749 1977 3824 2031 in-

2184 2053 2328 2123 quit,
2362 2054 2700 2123 sapientium
2731 2055 2792 2109 in
2822 2054 2982 2109 domo
3011 2055 3212 2122 luctus,
3244 2066 3294 2111 et
3323 2072 3417 2111 cor
3457 2058 3823 2128 insipientium

2183 2137 2247 2188 in
2276 2133 2433 2189 domo
2457 2139 2748 2203 epularum
2777 2137 2975 2204 (Eccle.
3008 2154 3108 2203 vn,
3141 2139 3194 2202 3,
3227 2140 3303 2205 5).
3337 2137 3446 2192 Sed
3477 2138 3614 2193 illud
3649 2139 3819 2210 magis

2183 2218 2758 2271 commemorandum
2790 2219 3054 2272 existimo
3087 2219 3156 2272 de
3188 2219 3293 2273 hoc
3325 2219 3496 2286 libro,
3529 2222 3667 2290 quod
3701 2236 3815 2290 per-

2182 2296 2329 2349 tinet
2387 2298 2454 2349 ad
2518 2298 2775 2351 civitates
2830 2300 2996 2364 duas,
3058 2315 3233 2352 unam
3294 2299 3532 2367 diaboli,
3583 2299 3808 2354 alteram

2185 2375 2415 2444 ChriSIi,
2448 2383 2503 2431 et
2531 2393 2730 2432 earum
2766 2394 2928 2447 reges
2961 2378 3256 2432 diabolum
3293 2385 3350 2434 et
3379 2379 3704 2435 Christum:
3741 2380 3815 2434 Vae

2185 2455 2311 2521 tibi,
2336 2463 2510 2523 terra,
2553 2458 2764 2527 inquit,
2796 2460 2955 2528 cujus
2987 2475 3090 2513 rex
3110 2457 3453 2522 adolescens,
3481 2470 3534 2513 et
3559 2459 3816 2530 principes

2182 2537 2269 2590 tui
2298 2553 2460 2592 mane
2479 2544 2788 2592 comedunt.
2841 2539 3010 2593 Beata
3057 2545 3138 2605 tu,
3183 2549 3356 2605 terra,
3388 2543 3545 2609 cuius
3580 2557 3676 2596 rea:
3705 2546 3816 2594 tuus

2181 2617 2336 2686 ﬁlius
2366 2617 2752 2685 ingenuorum.
2783 2624 2836 2672 et
2875 2619 3156 2690 principes
3188 2623 3272 2674 tui
3303 2623 3361 2674 in
3392 2631 3628 2689 tempore
3656 2635 3816 2676 come-

2185 2700 2340 2761 riunt,
2384 2698 2438 2751 in
2487 2698 2838 2766 fortitudine,
2888 2710 2939 2754 et
2989 2700 3048 2754 in
3096 2703 3418 2767 confusione
3456 2701 3562 2772 (Id.
3595 2719 3649 2764 χ,
3682 2701 3744 2756 16
3769 2703 3815 2754 et

2185 2779 2294 2846 17).
2328 2779 2765 2833 Adolescentem
2817 2780 2961 2834 dixit
3009 2781 3326 2848 diabolum,
3375 2791 3600 2852 propter
3639 2780 3814 2835 stulti-

2183 2860 2348 2924 tiam,
2389 2866 2446 2913 et
2492 2862 2846 2926 superbiam,
2896 2867 2952 2914 et
3001 2863 3402 2926 temeritstem,
3454 2866 3508 2915 et
3552 2863 3816 2931 petulan-

2183 2937 2344 3004 tiam,
2395 2946 2712 3008 caeteraque
2761 2941 2922 3004 vitia,
2974 2958 3100 3010 quas
3155 2942 3283 2994 huic
3337 2941 3520 2996 aestati
3570 2939 3819 2995 assolent

2184 3019 2524 3072 abundare:
2575 3020 2871 3074 Christum
2936 3031 3130 3076 autem
3191 3022 3360 3076 tilium
3418 3022 3818 3089 ingenuorum,

2183 3105 2513 3153 sanctorum
2548 3099 2766 3154 scilicet
2791 3100 3277 3168 Patriarcharum,
3313 3102 3719 3172 pertinentium
3750 3100 3814 3155 ad

2185 3178 2424 3232 liberam
2449 3178 2757 3245 civitatem,
2785 3196 2852 3234 ex
2893 3181 3108 3250 quibus
3140 3187 3230 3236 est
3263 3182 3322 3235 in
3356 3197 3530 3236 carne
3562 3178 3814 3253 progeni-

2183 3262 2300 3312 tus.
2335 3259 2625 3326 Principes
2657 3259 2815 3314 illius
2857 3261 3111 3316 civitatis
3159 3278 3330 3317 mane
3385 3263 3812 3324 manducantes,

2185 3340 2240 3394 id
2275 3345 2364 3394 est
2392 3345 2524 3394 ante
2555 3339 2760 3394 horam
2784 3357 3101 3412 congruam
3130 3358 3144 3408 ;
3179 3345 3315 3413 quia
3347 3359 3462 3398 non
3496 3345 3817 3414 exspectant

2185 3425 2594 3491 opportunam,
2630 3436 2756 3490 quae
2785 3437 2921 3475 vera
2950 3428 3057 3488 est,
3091 3423 3148 3476 in
3183 3424 3378 3477 futuro
3410 3423 3622 3478 saeculo
3654 3421 3816 3476 felici-

2184 3503 2383 3566 tatem,
2417 3499 2759 3555 festinanter
2807 3501 2963 3555 beari
3020 3501 3193 3571 hujus
3251 3502 3446 3557 saeculi
3509 3501 3820 3558 celebritate

2186 3579 2538 3650 cupientes‘.
2577 3579 2870 3651 Principes
2915 3589 3114 3638 autem
3155 3582 3407 3638 civitatis
3453 3583 3667 3640 Christi
3700 3588 3825 3635 tem-

2186 3677 2295 3730 pus
2330 3677 2442 3714 non
2479 3659 2698 3714 fallacis
2733 3663 3108 3718 beatitudinis
3156 3664 3438 3734 patienter
3483 3668 3820 3733 exspectant.

2187 3741 2301 3794 Hoc
2334 3741 2432 3804 ait,
2479 3740 2539 3792 in
2583 3741 2930 3807 fortitudine,
2964 3753 3015 3798 et
3059 3759 3169 3798 non
3217 3745 3275 3798 in
3325 3747 3674 3813 confusiOne:
3704 3739 3826 3812 quia

2185 3836 2300 3872 non
2332 3835 2430 3873 eos
2463 3819 2609 3873 tallit
2661 3837 2832 3890 spes;
2867 3823 2936 3876 de
2986 3839 3103 3892 qua
3147 3825 3286 3878 dicit
3330 3826 3668 3894 Apostolus,
3698 3822 3820 3891 Spes

2183 3909 2367 3952 autem
2397 3914 2504 3953 non
2535 3901 2831 3970 confundit
2867 3904 3044 3972 (Rom.
3077 3920 3131 3970 v,
3171 3905 3250 3975 5).
3283 3905 3432 3958 Dicit
3464 3911 3526 3960 et
3557 3903 3823 3959 Psalmus.

2184 3981 2398 4034 Etenim
2431 3985 2522 4052 qui
2544 3981 2565 4014 ²
2595 3987 2645 4035 te
2686 3987 3024 4052 exspectant,
3057 3999 3166 4038 non
3211 3984 3624 4055 confundentur
3665 3981 3820 4054 (Psal.

2185 4075 2336 4123 xxw,
2372 4061 2445 4130 3).
2477 4061 2603 4115 Jam
2639 4078 2772 4116 vero
2803 4063 3103 4118 Canticum
3132 4066 3492 4119 canticorum
3521 4062 3824 4135 spiritualis

2187 4143 2446 4210 quaedam
2480 4147 2814 4196 sanctarum
2849 4148 2932 4198 est
2963 4144 3230 4214 voluptas
3273 4147 3584 4211 mentium,
3619 4144 3675 4198 in
3705 4157 3824 4196 con-

2183 4221 2342 4290 jugio
2400 4220 2554 4274 illius
2613 4221 2784 4293 Regis
2841 4228 2898 4277 et
2956 4223 3163 4293 reginae
3216 4224 3486 4294 civitatis,
3541 4224 3688 4297 quod
3745 4222 3825 4274 est

2188 4301 2450 4356 Christus
2490 4309 2545 4356 et
2591 4303 2863 4358 Ecclesia.
2911 4305 3020 4359 Sed
3054 4305 3175 4360 hanc
3212 4305 3484 4376 voluptas
3517 4301 3828 4376 allegoricis

2190 4383 2546 4452 tegminibus
2579 4384 2836 4439 involuta
2878 4391 2987 4450 est,
3022 4391 3086 4439 ut
3116 4386 3476 4441 desideretur
3522 4385 3823 4446 ardentius,

2191 4461 2559 4532 nudaturque
2601 4465 2944 4532 jucundius,
2996 4474 3049 4519 et
3097 4471 3374 4537 appareat
3417 4482 3687 4537 sponsus,
3741 4459 3826 4516 cui

2191 4542 2398 4597 dicitur
2429 4542 2486 4596 in
2516 4545 2715 4598 eodem
2769 4545 3024 4601 Cantico.
3074 4547 3323 4619 ﬂquitas
3363 4546 3569 4602 dilexit
3601 4553 3651 4601 te
3679 4543 3824 4613 (Can-

2191 4624 2284 4678 tic.
2317 4639 2357 4690 ι,
2385 4624 2465 4689 3);
2500 4632 2553 4678 et
2583 4641 2800 4695 sponsa
2830 4643 2955 4696 quae
2990 4628 3066 4682 ibi
3101 4629 3282 4692 audit,
3319 4627 3581 4683 Charitas
3615 4627 3670 4680 in
3697 4622 3827 4678 deli-

2188 4703 2290 4758 ciis
2321 4708 2428 4759 tuis
2453 4705 2554 4772 (Id.
2589 4722 2682 4770 va,
2715 4706 2792 4778 6).
2825 4707 3024 4762 Tacita
3045 4706 3067 4741 ³
3099 4709 3285 4764 multa
3318 4709 3664 4771 transimus,
3696 4718 3825 4760 cura

2190 4785 2370 4856 hujus
2390 4789 2582 4857 operis
2613 4789 2982 4843 terminandi.

2257 5195 2275 5264 ξ
2306 5193 2654 5264 Plures_Mss.,
2686 5193 2966 5264 celeritate
2991 5194 3291 5264 cupientes.
3322 5258 3331 5264 ι
3463 5261 3470 5264 _
3611 5253 3622 5264 .

2255 5255 2284 5321 3_
2309 5255 2455 5321 Lov.,
2485 5259 2712 5306 Etenim
2744 5259 2998 5306 universi
3031 5257 3147 5321 qui.
3182 5257 3341 5307 Abest
3367 5255 3622 5306 universi
3656 5266 3690 5302 ο.
3713 5261 3820 5300 cae-

2192 5318 2317 5366 teris
2346 5320 2517 5371 libris.

2255 5383 2274 5415 ³
2307 5383 2384 5431 Ita
2417 5385 2536 5432 Mss.
2569 5385 2636 5434 At
2665 5383 2812 5439 editi.
2854 5382 3054 5434 Tacite.
