4110 6196
233 363 346 424 557

227 497 460 555 CAPUT
495 498 641 555 XXI.
674 528 742 542 —
770 500 847 554 De
872 497 1090 570 regibus
1118 504 1234 568 post
1280 496 1642 563 Satomonem,
1677 496 1790 550 sive
1817 495 1878 549 in

761 580 920 648 Iuda,
950 581 1064 636 sive
1086 578 1145 634 in
1173 577 1365 634 Israel.

297 745 496 802 Ceteri
529 750 658 816 post
685 744 1053 801 Salomonem
1077 759 1242 816 reges
1264 743 1637 799 Hebreorum
1668 739 1762 794 vix
1788 739 1875 793 in-

206 829 538 892 veniuntur
564 842 662 896 per
691 825 888 898 aliqua
942 826 1250 898 aenigmata
1297 824 1580 879 dictorum
1631 835 1876 876 suorum

227 923 494 963 rerumve
522 913 840 975 gestarum,
866 908 1018 978 quod
1049 907 1120 962 ad
1152 905 1448 961 Christum
1472 908 1528 958 et
1559 900 1876 958 Ecclesiam

227 989 534 1060 pertineat,
572 988 971 1059 prophetasse,
1004 987 1121 1042 sive
1151 986 1208 1040 in
1234 986 1263 1040 J
1275 986 1410 1050 uda,
1434 984 1561 1038 sive
1586 984 1643 1037 in
1676 981 1875 1037 Israel.

230 1071 324 1126 Sic
356 1069 511 1124 enim
537 1067 836 1139 appellatas
866 1073 1007 1123 sunt
1028 1068 1184 1122 illius
1208 1065 1403 1137 populi
1423 1069 1635 1136 partes,
1666 1078 1735 1118 ex
1765 1077 1880 1132 quo

228 1156 470 1223 propter
498 1149 826 1205 Salomonis
855 1149 1133 1204 offensam
1160 1152 1421 1218 tempore
1462 1145 1563 1200 lilii
1599 1144 1728 1213 ejus
1769 1142 1883 1196 Ro-

231 1232 428 1298 boam,
461 1230 561 1301 qui
594 1231 739 1301 patri
772 1228 1057 1285 successit
1105 1229 1163 1282 in
1215 1242 1482 1299 regnum,
1521 1227 1629 1280 Deo
1686 1223 1883 1278 vindi-

228 1317 398 1367 cante
424 1311 648 1366 divisus
675 1314 785 1366 est.
823 1309 1065 1365 Proinde
1085 1307 1274 1362 tribus
1300 1309 1521 1373 decem,
1548 1321 1696 1375 quas
1726 1318 1882 1358 acce-

225 1396 311 1466 pit
338 1393 652 1450 Jeroboam
694 1409 897 1448 servus
919 1391 1267 1458 Salomonis,
1305 1407 1399 1446 rex
1428 1389 1508 1444 eis
1539 1391 1596 1444 in
1621 1387 1886 1444 Samaria

227 1473 608 1541 constitutus,
632 1473 861 1543 proprie
877 1473 1236 1528 vocabantur
1257 1471 1452 1536 Israel,
1479 1468 1748 1542 quamvis
1775 1469 1884 1522 hoc

231 1553 488 1609 universi
521 1552 719 1624 p0puli
769 1552 929 1607 illius
983 1568 1195 1607 nomen
1253 1555 1424 1607 esset.
1468 1549 1708 1604 Duabus
1750 1562 1883 1602 vero

229 1634 513 1699 tribubus,
545 1633 712 1688 Judte
743 1632 962 1688 scilicet
991 1637 1046 1688 et
1094 1631 1420 1703 Benjamin,
1473 1645 1600 1700 qua:
1657 1636 1884 1700 pr0pter

232 1715 436 1782 David,
469 1730 540 1770 ne
571 1714 800 1784 penitus
822 1729 1065 1784 regnum
1093 1714 1290 1784 stirpis
1317 1714 1443 1784 ejus
1475 1711 1680 1766 fuisset
1695 1709 1883 1764 eradi-

227 1799 447 1864 catum,
477 1801 880 1850 remanserant
902 1794 1268 1864 subjacentes
1291 1791 1506 1848 civitati
1528 1788 1880 1854 Jerusalem,

226 1875 393 1930 Judte
435 1891 644 1931 nomen
681 1875 976 1945 fuitzquia
1003 1876 1132 1944 ipsa
1150 1883 1271 1929 erat
1293 1875 1482 1928 tribus
1500 1873 1652 1925 unde
1682 1869 1882 1925 David.

225 1956 535 2025 Benjamin
569 1956 916 2028 verojtribus
943 1955 1126 2010 altera
1154 1956 1222 2010 ad
1247 1956 1399 2010 idem
1435 1969 1702 2025 regnum,
1733 1951 1886 2005 sicut

212 2037 376 2102 dixi,
412 2037 734 2108 pertinens,
756 2044 877 2091 erat
910 2037 1062 2090 unde
1096 2036 1206 2090 fuit
1232 2033 1367 2090 Saiil
1392 2050 1489 2089 rex
1515 2039 1648 2088 ante
1677 2028 1882 2086 David.

230 2117 344 2172 Sed
377 2115 552 2171 simul
584 2118 704 2172 ista:
727 2117 850 2169 dua:
884 2115 1090 2180 tribus,
1123 2123 1183 2169 ut
1212 2114 1433 2168 dictum
1465 2118 1574 2178 est,
1604 2112 1749 2166 Juda
1782 2124 1884 2163 vo-

235 2197 529 2251 cabantur
560 2213 574 2262 ;
599 2201 655 2250 et
676 2196 783 2250 hoc
816 2196 1051 2250 nomine
1073 2195 1561 2249 discernebantur
1591 2192 1662 2244 ab
1694 2189 1886 2252 Israel,

227 2278 390 2347 quod
427 2279 442 2312 ί
475 2276 921 2346 appellabantur
950 2274 1181 2346 proprie
1213 2275 1409 2328 decem
1441 2272 1630 2326 tribus
1672 2269 1892 2324 haben-

231 2365 324 2410 tes
355 2371 532 2410 suum
563 2371 778 2425 regem.
801 2359 946 2409 Nam
981 2355 1171 2409 tribus
1207 2353 1358 2418 Levi,
1391 2353 1666 2422 quoniam
1700 2367 1889 2406 sacer-

227 2437 454 2490 dotalis
496 2436 622 2500 fuit,
669 2435 786 2499 Dei,
846 2451 958 2490 non
1005 2451 1201 2505 regum
1259 2434 1491 2488 servitio
1540 2431 1889 2501 mancipata,

229 2516 407 2570 tertia
439 2516 666 2570 decima
699 2517 1129 2569 numerabatur.
1163 2513 1379 2584 Josepb
1409 2514 1620 2583 quippe
1653 2527 1801 2567 unus
1823 2526 1892 2564 ex

227 2595 544 2651 duodecim
577 2595 716 2649 filiis
747 2595 948 2661 Israel,
982 2610 1092 2649 non
1126 2610 1326 2659 unam,
1370 2593 1525 2648 sicut
1555 2592 1739 2647 caeteri
1772 2592 1891 2645 sin-

225 2675 425 2746 gulas,
457 2675 558 2728 sed
595 2674 744 2729 duas
773 2675 963 2729 tribus
996 2674 1149 2740 fecit,
1173 2672 1440 2746 Ephraem
1478 2678 1534 2727 et
1566 2673 1890 2726 Manassen.

224 2755 649 2811 Verumtamen
691 2756 863 2808 etiam
899 2755 1085 2808 tribus
1119 2753 1250 2808 Levi
1284 2753 1355 2806 ad
1398 2768 1639 2821 regnum
1671 2752 1894 2806 Jeroso-

224 2835 582 2908 Iymitanum
606 2834 935 2903 pertinebat
963 2833 1168 2902 magis,
1186 2833 1284 2887 ubi
1318 2837 1442 2886 erat
1467 2831 1560 2886 Dei
1585 2829 1890 2908 templum,

227 2907 318 2971 cui
355 2912 663 2969 serviebat.
691 2911 884 2967 Diviso
906 2911 1088 2982 igitur
1110 2913 1344 2982 populo,
1372 2910 1596 2980 primus
1627 2907 1891 2978 regnavit

226 2996 282 3050 in
313 2993 649 3051 Jerusalem
682 2992 961 3060 Roboam,
995 3009 1090 3047 rex
1118 2993 1292 3058 Juda,
1328 2991 1486 3046 ﬁlius
1523 2989 1885 3060 Salomonis;

229 3080 284 3131 et
313 3077 375 3129 in
400 3073 657 3128 Samaria
686 3072 1018 3140 Jeroboam,
1049 3088 1143 3127 rex
1175 3071 1369 3139 Israel,
1403 3086 1603 3126 servus
1631 3070 1888 3125 Salomo-

232 3154 339 3210 nis.
368 3153 442 3208 Et
474 3168 606 3208 cum
621 3151 900 3208 voluisset
924 3153 1180 3206 Roboam
1213 3157 1494 3222 tanquam
1520 3149 1890 3221 tyrannidem

234 3233 438 3290 divisa
470 3232 628 3288 illius
687 3233 866 3303 partis
922 3232 1074 3287 bello
1132 3233 1422 3303 persequi,
1449 3231 1774 3302 prohibitus
1804 3234 1892 3284 est

237 3313 493 3389 populus
527 3328 787 3384 pugnare
844 3328 974 3367 cum
1009 3313 1285 3366 fratribus
1320 3313 1466 3373 suis,
1500 3311 1726 3366 dicente
1775 3309 1890 3364 Deo

234 3413 333 3468 per
387 3394 756 3467 prophetam,
790 3409 852 3448 se
902 3393 1010 3448 hoc
1042 3393 1246 3448 fecisse
1283 3393 1383 3463 (III
1439 3393 1560 3462 Reg.
1621 3407 1720 3457 xu,
1773 3391 1890 3459 24).

233 3476 397 3533 Unde
435 3475 700 3547 apparuit
723 3473 950 3530 nullum
975 3474 1033 3529 in
1068 3491 1134 3528 ea
1166 3489 1245 3540 re,
1275 3473 1362 3527 vel
1395 3475 1549 3543 regis
1578 3469 1770 3534 Israel,
1804 3469 1892 3523 vel

235 3556 440 3631 populi
479 3556 660 3611 fuisse
691 3560 1015 3628 peccatum,
1049 3557 1141 3610 sed
1172 3554 1527 3609 voluntatem
1563 3552 1661 3606 Dei
1709 3549 1897 3631 vindi-

236 3629 424 3694 cantis
458 3637 777 3706 impletam.
807 3635 930 3698 Qua
972 3634 1222 3705 cognita,
1258 3649 1392 3704 pars
1444 3636 1688 3699 utraque
1741 3629 1896 3682 inter

235 3736 293 3776 se
348 3723 562 3790 pacata
618 3717 992 3788 conquievit:
1047 3732 1160 3770 non
1219 3715 1373 3770 enim
1435 3711 1749 3783 religionis,
1793 3709 1894 3766 sed

239 3802 402 3867 regni
435 3799 620 3854 fuerat
642 3797 793 3853 facta
821 3797 1051 3851 divisio.

238 3957 471 4014 CAPUT
503 3957 678 4013 XXII.
709 3958 864 4012 -De
890 3956 1199 4023 Jeroboam,
1232 3958 1332 4026 qui
1359 3956 1640 4025 impietate
1656 3954 1892 4010 idolola-

306 4039 436 4094 trias
465 4038 862 4093 subditumsibi
879 4038 1142 4109 pOpulum
1161 4035 1566 4106 profanavit,in
1585 4049 1690 4105 quo
1705 4039 1895 4088 tamen

298 4135 406 4175 non
446 4117 655 4174 destitit
686 4120 828 4173 Deus
859 4127 908 4173 et
928 4117 1224 4187 PrOphetas
1256 4119 1530 4188 inspirare
1551 4115 1593 4182 ²,
1625 4119 1675 4170 et
1695 4113 1896 4170 multos

310 4202 376 4256 ab
412 4198 753 4256 idololatriae
773 4199 1008 4254 crimine
1043 4197 1342 4255 custodire.

311 4361 532 4417 Verum
568 4377 663 4417 rex
694 4361 870 4417 Israel
910 4361 1208 4418 Jeroboam
1241 4368 1434 4418 mente
1484 4376 1750 4432 perversa
1779 4375 1894 4414 non

247 4443 488 4500 credens
515 4442 835 4512 Deo,quem
860 4459 1119 4498 veracem
1145 4443 1431 4514 promisso
1454 4442 1566 4497 sibi
1589 4458 1761 4513 regno
1793 4441 1898 4497 da-

243 4526 411 4594 toque
449 4522 809 4592 probaverat,
843 4522 1039 4578 timuit
1069 4538 1142 4578 ne
1173 4522 1454 4578 veniendo
1486 4523 1557 4577 ad
1610 4522 1897 4593 templum

247 4600 360 4671 Dei,
392 4603 551 4674 quod
583 4607 706 4658 erat
735 4603 795 4658 in
833 4601 1182 4665 Jerusalem,
1216 4619 1331 4673 quo
1373 4602 1699 4658 secundum
1758 4601 1902 4657 divi-

245 4697 372 4738 nam
406 4699 600 4755 regem
651 4683 1018 4738 sacrificandi
1048 4697 1224 4739 causa
1267 4683 1542 4738 universas
1601 4683 1684 4738 illi
1742 4683 1901 4755 genti

247 4764 595 4818 veniendum
629 4763 760 4833 fuit,
792 4763 1170 4818 seduceretur
1197 4763 1268 4818 ab
1291 4779 1356 4818 eo
1383 4763 1654 4834 populus,
1686 4768 1742 4817 et
1771 4764 1901 4817 stir-

250 4841 303 4910 pi
329 4841 511 4898 David
543 4845 819 4915 tanquam
861 4843 1016 4912 regio
1047 4841 1254 4898 semini
1287 4842 1626 4898 redderetur
1657 4885 1670 4910 ,
1696 4851 1751 4897 et
1779 4842 1899 4898 ins-

251 4920 408 4976 tituit
461 4921 852 4977 idololatriam
899 4922 960 4978 in
1009 4937 1186 4993 regno
1235 4938 1361 4988 suo,
1391 4931 1448 4976 et
1490 4921 1768 4992 populum
1799 4922 1902 4978 Dei

253 5015 445 5057 secum
505 5003 950 5058 simulacrorum
1026 5002 1183 5057 cultu
1243 5002 1586 5058 obstrictum
1653 5003 1904 5059 nefanda

254 5077 550 5152 impietate
581 5083 826 5154 decepit.
877 5082 992 5138 Nec
1033 5087 1228 5138 tamen
1269 5082 1608 5138 omnimodo
1657 5083 1903 5138 cessavit

256 5158 401 5218 Deus
434 5179 550 5218 non
582 5163 763 5219 solum
789 5163 952 5218 illum
985 5180 1206 5234 regem,
1239 5179 1440 5218 verum
1466 5163 1641 5218 etiam
1675 5181 1904 5220 succes-

259 5257 413 5298 sores
456 5245 585 5314 ejus
642 5249 700 5300 et
747 5244 1064 5316 impietatis
1115 5244 1449 5303 imitatores,
1505 5244 1903 5316 populumque

324 5506 454 5572 {Ern
487 5510 538 5572 et
566 5509 712 5566 Lov.,
745 5523 882 5572 quae
934 5508 1117 5558 Melius
1146 5508 1240 5558 alii
1268 5508 1488 5565 codices,
1521 5508 1681 5571 quod.
1712 5520 1907 5557 nomen

267 5569 465 5618 scilicet
491 5571 670 5620 Israel.

322 5630 343 5663 ²
375 5631 435 5680 In
461 5634 594 5684 Ante
621 5634 849 5691 excusis,
872 5634 1196 5696 prophetia:
1226 5633 1530 5693 inspirare.

1387 363 1625 424 LIBER
1667 361 2011 424 DECIMUS
2056 363 2468 432 SEPTIMUS.

3511 389 3628 449 558

1987 495 2202 565 ipsum,
2233 515 2473 572 arguere
2506 520 2605 576 per
2635 505 2972 577 Prophetas.
3004 510 3146 565 Nam
3179 511 3258 566 ibi
3285 514 3636 574 exstiterunt

1986 581 2062 664 et.
2097 581 2293 666 mag-ni
2355 582 2439 666 illi
2498 585 2873 656 insignesque
2922 589 3238 661 Prophetas,
3302 596 3398 666 qui
3461 599 3635 654 etiam

1989 657 2805 748 mirabilia_multatecerunt,
2841 669 2993 724 Elias
3019 657 3075 725 et
3099 657 3341 727 Elisaaus
3376 676 3638 748 discipu-

1985 732 2080 826 Ius
2105 740 2465 826 ejus._Etiam
2502 745 2580 799 ibi
2631 747 2844 802 dicenti
2878 749 3030 817 Elite,
3067 753 3309 821 Domine,
3342 732 3641 826 Prophetas

1984 817 2103 903 tuos
2134 820 2468 887 occiderunt,
2499 826 2708 881 altaria
2741 833 2836 884 tua
2874 831 3235 902 su/foderunt,
3266 817 3315 888 et
3345 817 3458 903 ego.
3478 839 3642 894 relic—

1986 899 2074 988 tus
2103 915 2224 955 sum
2243 904 2413 971 solus,
2437 910 2484 960 et
2520 913 2775 976 quarunt
2795 899 3043 966 animam
3063 899 3239 969 meant
3265 915 3360 987 (III
3379 899 3499 988 Ileg.
3525 936 3639 986 xxx,

1991 975 2078 1047 10)
2112 997 2125 1046 ;
2159 997 2503 1051 responsum
2532 975 2643 1057 est,
2700 989 2820 1044 illic
2852 1007 2978 1047 esse
3009 1002 3231 1064 septem
3268 975 3471 1053 ‘milliau
3491 975 3645 1056 viro;

1993 1075 2148 1128 rum,
2191 1065 2290 1134 qui
2319 1081 2432 1120 non
2461 1075 2845 1125 curvaverunt
2883 1088 3074 1143 genua
3095 1081 3229 1132 ante
3260 1077 3418 1134 Baal.

1993 1219 2227 1276 CAPUT
2257 1222 2454 1280 XXIII.
2488 1257 2556 1267 -
2595 1228 2668 1283 De
2695 1231 2852 1285 vario
2883 1233 3171 1303 utriusque
3201 1233 3360 1304 regni
3391 1235 3642 1294 Hebraeo-

2063 1316 2186 1354 rum
2215 1310 2390 1370 statu,
2421 1305 2588 1361 donec
2615 1309 2772 1364 ambo
2821 1312 3019 1382 populi
3050 1313 3109 1366 in
3140 1314 3514 1384 captivitatem
3565 1315 3650 1371 di-

2062 1395 2213 1436 verso
2243 1393 2488 1454 tempore
2514 1388 2868 1455 ducerentur,
2899 1396 3144 1449 revocato
3197 1399 3380 1463 postea
3418 1395 3555 1451 Juda
3586 1395 3645 1450 in

2063 1477 2294 1554 regnum
2321 1481 2506 1536 suum,
2525 1470 2664 1539 quod
2693 1471 2991 1528 nouissime
3022 1476 3080 1529 in
3099 1476 3470 1532 Romanorum
3492 1486 3650 1532 tran-

2061 1552 2158 1598 sizt
2195 1553 2530 1615 potestatem.

2058 1678 2326 1767 Itemque
2358 1684 2416 1767 in
2453 1701 2632 1756 regno
2659 1687 2812 1743 Juda
2844 1690 3164 1758 pertinente
3194 1693 3266 1746 ad
3299 1693 3651 1763 Jerusalem,

1995 1761 2637 1841 etiamhsuccedentium
2673 1784 2872 1840 regum
2909 1774 3270 1841 temporibus
3302 1789 3414 1828 non
3449 1761 3652 1829 defue?

1995 1846 2132 1924 runt
2166 1839 2493 1911 Prophetas:
2529 1846 2679 1902 sicut
2708 1839 2822 1903 Deo
2856 1839 3121 1920 placebat
3151 1869 3250 1907 eos
3282 1854 3530 1924 mittere,
3565 1854 3654 1909 vel

1997 1917 2067 2002 ad
2089 1925 2601 1987 praenuntiandum
2626 1930 2776 1992 quod
2803 1917 2946 1995 opus
2976 1940 3113 1993 erat,
3131 1933 3214 1986 vel
3246 1935 3316 1987 ad
3342 1917 3656 2002 corripien-

1998 1997 2072 2084 da
2093 2009 2334 2084 peccata
2351 2008 3220 2079 praecipiendamquejustitiam.
3258 2019 3399 2070 Nam
3435 1997 3654 2084 et‘illic,

1999 2079 2105 2131 etsi
2140 2081 2306 2152 longe
2338 2085 2533 2140 minus
2564 2088 2758 2156 quiam
2785 2089 2841 2142 in
2872 2090 3062 2157 Israel,
3089 2095 3280 2146 tamen
3312 2079 3658 2150 exstiterunt

2001 2174 2160 2228 reges
2189 2163 2288 2230 qui
2313 2163 2436 2219 suis
2467 2165 2868 2235 impietatibus
2902 2169 3082 2224 Deum
3121 2173 3370 2241 graviter
3399 2175 3658 2228 offende-

2001 2248 2146 2325 rent,
2179 2245 2234 2294 et
2266 2246 2578 2325 moderatis
2607 2247 2855 2317 ﬂagellis
2885 2264 3015 2302 cum
3052 2252 3265 2320 populo
3299 2252 3498 2307 simili‘
3535 2253 3655 2325 ple-

2000 2322 2313 2403 cterentur.
2351 2323 2582 2378 Piorum
2609 2342 2749 2380 sane
2778 2342 2981 2396 regum
3007 2330 3216 2383 merita
3236 2330 3313 2383 ibi
3349 2347 3461 2387 non
3480 2322 3654 2403 parva

2000 2398 2334 2483 laudantur.
2369 2405 2429 2459 In
2468 2405 2639 2460 Israel
2672 2412 2868 2461 autem
2897 2425 3060 2478 reges
3094 2409 3240 2464 alios
3274 2398 3494 2483 magis;
3516 2413 3659 2468 alios

2003 2480 2217 2564 minus,
2253 2500 2457 2541 omnes
2489 2491 2681 2542 tamen
2735 2489 3014 2558 reprobos
3067 2489 3343 2560 legimus.
3377 2480 3662 2564 'Utraque

2001 2563 2180 2633 igitur
2212 2581 2366 2634 pars,
2427 2567 2577 2622 sicut
2619 2568 2865 2638 jubebat
2919 2570 3115 2626 divina
3160 2573 3539 2640 providentia,
3570 2563 3662 2629 vel

2002 2643 2250 2706 sinebat,
2275 2647 2448 2702 variis
2475 2653 2530 2702 et
2555 2649 2886 2720 erigebatur
2926 2651 3439 2722 prosperitatibus,
3471 2659 3527 2709 et
3561 2654 3660 2708 ad-

2001 2723 2374 2780 versitatibus
2416 2729 2825 2796 premebatur:
2861 2737 2919 2784 et
2978 2731 3060 2785 sic
3120 2732 3512 2802 afﬂigebatur,
3547 2750 3660 2788 non

2003 2805 2192 2859 solum
2224 2807 2501 2866 externis,
2523 2825 2717 2862 verum
2733 2810 2910 2863 etiam
2929 2809 3077 2864 inter
3098 2827 3160 2865 se
3176 2811 3447 2867 civilibus
3475 2812 3660 2877 bellis,

2005 2889 2070 2938 ut
2099 2886 2273 2940 certis
2304 2887 2688 2943 existentibus
2738 2888 2954 2956 causis,
2991 2889 3395 2947 misericordia
3445 2893 3539 2947 Dei
3571 2892 3662 2946 vel

2001 2963 2100 3051 ira
2119 2971 2437 3032 patesceret
2468 2992 2481 3033 ;
2518 2969 2700 3051 donec
2740 2970 2868 3038 ejus
2907 2971 3305 3041 indignatione
3350 2983 3660 3051 crescente,

2003 3047 2274 3101 universa
2319 3064 2463 3118 gens
2496 3047 2595 3104 illa
2625 3066 2659 3104 a
2705 3049 2992 3106 Chaldaeis
3049 3051 3512 3121 debellantibus,
3548 3047 3662 3112 non

2001 3126 2192 3180 solum
2227 3128 2661 3184 subverteretur
2693 3128 2750 3184 in
2796 3131 3033 3186 sedibus
3063 3133 3211 3199 suis,
3243 3135 3340 3188 sed
3382 3136 3560 3190 etiam
3594 3151 3662 3190 ex

2002 3207 2258 3288 maxima
2315 3209 2408 3263 sui
2465 3219 2618 3280 parte
2662 3211 3084 3268 transferretur
3141 3213 3201 3267 in
3259 3218 3440 3270 terras
3481 3218 3664 3288 Assy-

2003 3286 2246 3354 riorum,
2284 3288 2447 3358 prius
2478 3289 2577 3344 illa
2615 3307 2770 3360 pars,
2823 3309 2950 3363 quas
3013 3295 3324 3349 vocabatur
3377 3295 3553 3352 Israel
3599 3286 3661 3352 in

2005 3366 2270 3422 tribubus
2303 3370 2536 3435 decem;
2575 3377 2772 3439 postea
2829 3389 2962 3427 vero
3005 3373 3179 3428 etiam
3217 3374 3424 3439 Judas,
3464 3392 3664 3432 eversa

2001 3447 2323 3502 Jerusalem
2357 3456 2412 3501 et
2467 3448 2683 3518 templo
2744 3451 2842 3504 illo
2903 3452 3387 3508 nobilissimozin
3447 3457 3663 3526 quibus

2003 3526 2176 3580 terris
2210 3543 2306 3594 per
2338 3543 2524 3581 annos
2555 3531 2928 3600 septuaginta
2973 3532 3262 3601 captivum
3309 3534 3424 3602 egit
3455 3535 3660 3591 otium.

2006 3604 2140 3658 Post
2171 3621 2318 3674 quos
2359 3605 2494 3661 inde
2534 3607 2797 3670 dimissa,
2856 3609 3140 3678 templum
3189 3611 3348 3680 quod
3395 3627 3661 3666 eversum

2006 3684 2210 3743 fuerat.
2261 3684 2654 3740 instauravit:
2700 3692 2758 3742 et
2806 3691 3067 3758 quamvis
3125 3689 3368 3760 plurimi
3420 3691 3548 3760 ejus
3602 3690 3662 3748 in

2005 3764 2462 3833 alienigenarum
2497 3765 2773 3836 degerent
2821 3770 3010 3833 terris,
3049 3785 3160 3824 non
3206 3770 3412 3825 habuit
3469 3776 3662 3828 tamen

2005 3845 2275 3915 deinceps
2317 3847 2462 3902 duas
2520 3847 2682 3917 regni
2739 3854 2952 3918 partes,
2987 3853 3043 3904 et
3097 3850 3248 3905 duos
3301 3852 3560 3910 diversos
3604 3854 3663 3908 in

2006 3924 2254 3993 singulis
2289 3926 2552 3996 partibus
2585 3943 2748 3998 reges
2775 3944 2788 3982 :
2813 3929 2914 3984 sed
2948 3930 3007 3984 in
3039 3929 3366 3986 Jerusalem
3402 3932 3667 4003 princeps

2006 4021 2206 4061 eorum
2240 4021 2392 4061 unus
2414 4011 2538 4061 erat
2569 4026 2584 4075 ;
2617 4015 2791 4078 atque
2824 4008 2898 4064 ad
2929 4008 3029 4064 Dei
3062 4011 3366 4081 templum,
3400 4012 3554 4080 quod
3582 4011 3664 4066 ibi

2006 4094 2146 4153 erat,
2171 4087 2375 4143 omnes
2424 4088 2702 4158 undique,
2739 4089 3093 4161 ubicumque
3142 4097 3357 4156 essent,
3391 4096 3448 4148 et
3479 4093 3666 4148 unde-

2006 4181 2263 4238 cumque
2295 4173 2550 4239 possent,
2583 4183 2684 4239 per
2715 4174 2872 4224 certa
2899 4172 3164 4240 tempora
3191 4170 3520 4226 veniebant.
3555 4171 3666 4227 Sed

2011 4263 2116 4301 nec
2150 4258 2284 4302 tunc
2315 4249 2397 4304 eis
2417 4248 2616 4304 hostes
2638 4265 2707 4304 ex
2728 4248 2861 4304 aliis
2902 4250 3178 4320 gentibus
3225 4256 3670 4323 expugnatores-

2012 4342 2123 4397 que
2155 4328 2502 4385 defuerunt:
2531 4346 2665 4385 nam
2699 4329 2873 4386 etiam
2897 4330 3293 4387 Romanorum
3327 4332 3456 4404 jam
3487 4332 3670 4390 tribu-

2011 4409 2191 4464 tarios
2214 4423 2313 4464 eos
2345 4409 2614 4466 Christus
2643 4408 2880 4466 invenit.

2015 4571 2241 4630 CAPUT
2270 4571 2466 4631 XXIV.
2489 4605 2558 4617 —-
2588 4577 2665 4633 De
2694 4577 2988 4650 Pr0phetis
3027 4577 3134 4650 qui
3158 4578 3241 4635 vel
3280 4581 3429 4652 apud
3464 4581 3673 4639 Iudaeos

2082 4657 2343 4726 postremi
2373 4658 2622 4727 aferunt,
2656 4659 2741 4713 uel
2775 4676 2906 4730 quos
2933 4662 3083 4714 circa
3109 4664 3320 4732 tempus
3359 4662 3674 4718 nativitatis

2086 4736 2294 4794 Christi
2316 4739 2630 4810 evangelica
2658 4739 2843 4810 prodit
2865 4739 3117 4796 historia.

2085 4871 2230 4928 Toto
2262 4875 2456 4928 autem
2481 4871 2577 4928 illo
2608 4876 2891 4945 tempore,
2911 4889 2979 4927 ex
3000 4889 3112 4943 quo
3144 4872 3444 4928 redierunt
3465 4873 3534 4928 de
3568 4873 3674 4928 Ba-

2015 4950 2271 5022 bylonia,
2301 4957 2430 5023 post
2477 4951 2844 5019 Malachiam,
2903 4954 3183 5022 Aggaeum
3213 4957 3270 5007 et
3313 4951 3672 5018 Zachariam,

2016 5032 2118 5103 qui
2149 5037 2288 5087 tunc
2323 5033 2824 5103 prophetaverunt,
2845 5041 2897 5087 et
2932 5033 3197 5099 Esdram,
3219 5047 3330 5086 non
3348 5031 3677 5086 habuerunt

2015 5112 2332 5180 Prophetas
2358 5129 2544 5184 usque
2575 5114 2642 5167 ad
2670 5113 2986 5168 Salvatoris
3004 5113 3339 5172 adventum,
3364 5111 3673 5166 nisialium

2015 5193 2354 5247 Zachariam
2391 5202 2608 5262 patrem
2640 5192 2906 5262 Joannis,
2941 5199 2998 5249 et
3048 5193 3338 5248 Elisabeth
3371 5193 3498 5261 ejus
3530 5207 3672 5245 uxo-

2019 5290 2162 5342 rem,
2193 5273 2408 5329 Christi
2455 5274 2752 5328 nativitate
2802 5275 2929 5345 jam
2994 5275 3252 5346 proxima
3285 5289 3300 5340 ;
3333 5277 3391 5326 et
3433 5288 3499 5327 eo
3547 5272 3676 5342 jam

2022 5363 2177 5423 nato,
2208 5358 2538 5410 Simeonem
2572 5370 2796 5424 senem,
2829 5360 2886 5412 et
2915 5360 3142 5411 Annam
3176 5353 3412 5409 viduam
3436 5354 3676 5424 jamque

2061 5571 2104 5643 .2
2134 5570 2215 5680 Igitr:
2247 5572 2301 5619 et
2329 5569 2474 5626 Lov.,
2505 5569 2700 5622 simul.
2726 5569 2912 5620 Melius
2927 5571 3106 5620 autem
3134 5567 3286 5616 Vind.
3311 5567 3426 5616 Am.
3458 5568 3512 5616 et
3530 5566 3674 5623 Mss.

2061 5647 2154 5680 ιγηι
2188 5649 2226 5680 ι.

2021 5647 2226 5681 διγηιιι.
