4110 6196
441 344 558 404 559

441 476 824 550 ενιιηάωνδω,
856 470 912 522 et
941 466 1135 536 ipsum
1183 459 1470 549 Joannem
1519 452 1905 550 novissimum
1987 449 2088 550 qui

435 531 688 628 iuvenis,
713 531 1137 620 jamjuvenem
1168 540 1490 628 Christum,
1522 551 1636 628 non
1669 531 2091 628 quidemfatu-

442 611 573 691 rum
611 611 894 703 praedixit,
951 627 1048 680 sed
1095 634 1288 678 tamen
1330 615 1696 703 incognitum
1758 611 2094 703 prpphetica

442 692 768 782 cogniiione
801 704 1172 770 monstravit;
1201 708 1430 782 propter
1461 697 1615 782 quod
1650 692 2091 782 ipse'Do‘minus

443 772 547 861 ait,
581 795 692 848 Lex
717 793 770 844 et
800 787 1087 857 Propheta:
1116 797 1285 853 usque
1335 778 1411 833 ad
1456 778 1723 861 .loannem
1774 772 1981 861 (Matth.
2011 786 2092 830 χι,

447 852 556 944 13)’.
592 873 701 928 Sed
737 852 983 923 istorum
1025 852 1299 944 quinque
1328 855 1683 944 prophetatio
1714 869 1780 944 ea
1834 852 2091 944 E-vange:

443 933 714 1009 lio'nohis
745 952 882 1004 nota
902 951 992 1002 est
1026 933 1170 1000 {ubi
1202 951 1255 997 et
1287 941 1416 1011 ipsa
1443 938 1614 1006 Virgo
1649 939 1834 988 mater
1867 933 2095 987 Domini

444 1042 575 1091 ante
595 1032 879 1087 Joannem
914 1026 1292 1098 prOphetasse
1322 1016 1788 1102 inveniturtLuc.
1822 1011 2094 1102 πηλῷ-55).

441 1115 553 1170 Sed
586 1113 737 1167 hanc
765 1093 1414 1177 istorum—prophetiam
1457 1095 1644 1184 Judmi
1695 1093 1924 1184 reprobi
1980 1108 2094 1147 non

443 1194 740 1264 accipiunt
771 1207 784 1244 :
819 1176 1168 1257 acceperunt
1201 1188 1416 1245 autem,
1450 1177 1645 1264 qui_ex
1694 1176 1778 1230 eis
1835 1176 2098 1264 innume-

445 1260 657 1331 rabiles
725 1268 1035 1340 Evangelio
1103 1264 1495 1322 crediderunt.
1544 1260 1917 1340 Tuncuenim
1971 1269 2099 1307 vere

446 1353 623 1412 Israel
650 1335 988 1406 divisus'est
1045 1347 1106 1402 in
1147 1346 1284 1411 duo,
1345 1340 1654 1425 divisione
1686 1335 1806 1425 illa,
1838 1348 2101 1425 quteper

442 1434 770 1492 Samuelem
805 1429 1144 1503 prophetam
1202 1423 1361 1481 Sai‘tli
1407 1421 1526 1492 regi
1574 1422 1664 1474 est
1719 1414 2102 1471 immutabilis

1507 323 1610 382 DE
1653 317 2005 381 CIVITATE
2047 315 2204 386 DEI,
2253 315 2320 374 S.
2363 315 2786 377 AUGUSTINI

3734 317 3852 376 560

2201 447 2604 519 prtsnuntiata.
2629 446 3136 514 Malachiamvcro,
3160 449 3466 519 Aggaeum,
3497 447 3860 516 Zachariam,

2203 534 2258 584 et
2306 530 2566 593 Esdram,
2599 531 2772 584 etiam
2801 529 2987 584 Judaei
3040 531 3273 599 reprobi
3334 530 3395 585 in
3458 529 3864 585 auctoritatem

2204 609 2544 663 canonicam
2581 618 2837 679 receptos
2870 608 3222 664 novissimos
3257 609 3496 664 habent.
3525 614 3676 665 Sunt
3715 611 3864 665 enim

2199 695 2256 744 et
2287 690 2506 761 scripta
2539 707 2764 758 eorum,
2795 691 2947 744 sicut
2969 691 3242 755 aliorum,
3267 691 3450 762 quiin
3477 708 3694 762 magna
3728 691 3866 745 mul-

2197 770 2449 824 titudine
2508 770 2932 840 Prophetarum
2971 772 2987 804 ¹
3021 771 3294 842 perpauci
3343 788 3413 826 ea
3478 773 3863 840 scripserunt.

2199 866 2326 920 quae
2355 850 2761 905 auctoritatem
2803 851 3044 906 canonis
3077 852 3430 910 obtinerent.
3480 852 3559 907 De
3609 867 3863 922 quorum

2201 930 2514 1000 predietis,
2575 946 2701 1001 quae
2750 931 2821 985 ad
2889 931 3184 986 Christum
3235 931 3671 1000 Ecclesiamque
3741 932 3870 1001 ejus

2209 1010 2521 1081 pertinent,
2555 1012 2836 1066 nonnulla
2870 1011 3009 1067 mihi
3067 1011 3125 1067 in
3163 1012 3268 1068 hoc
3295 1028 3467 1082 opere
3522 1013 3692 1067 video
3738 1028 3868 1068 esse

2204 1090 2472 1162 ponenda
2502 1108 2515 1146 :
2548 1093 2702 1162 quod
2725 1093 3101 1148 commodius
3123 1092 3242 1161 fiet,
3262 1094 3575 1164 adjuvante
3601 1093 3864 1159 Domino,

2204 1171 2479 1241 Sequenti
2515 1171 2660 1228 libro
2699 1189 2712 1239 ;
2745 1189 2818 1228 ne
2876 1172 3032 1230 hunc
3088 1180 3205 1228 tam
3273 1172 3559 1245 prolixum
3624 1172 3868 1228 ulterius

2207 1269 2238 1307 0
2251 1266 2547 1307 neremus.

2273 1427 2289 1460 ι
2321 1423 2407 1474 Sic
2433 1426 2556 1476 Mss.
2587 1425 2728 1475 Editi
2756 1438 2905 1482 vero,
2927 1424 3358 1486 prophetarum.

445 1583 3846 1610 Mm

877 1695 1442 1835 LIBER
1537 1687 2363 1827 DECIMUS
2465 1684 3432 1826 OCTAVUS“)

447 1911 586 1960 Dicit
612 1909 676 1957 de
703 1909 942 1956 temnes
976 1902 1211 1952 civitatis
1239 1915 1272 1950 a
1301 1903 1532 1961 tempore
1561 1897 1829 1945 Abraham
1859 1897 1926 1962 ad
1974 1895 2160 1944 mundi
2207 1897 2391 1962 tinem_
2424 1908 2679 1962 procursu
2732 1908 2851 1962 cum
2899 1895 3265 1962 ipsa_civitate
3291 1896 3494 1946 cmlesti
3523 1900 3618 1962 :iet
3654 1900 3871 1962 attingit

513 1957 730 2022 piacula
759 1969 824 2016 de
851 1967 1077 2019 Christo,
1109 1978 1228 2013 cum
1259 1957 1608 2028 Sibyllarum,
1647 1960 2319 2028 tum_maxime‘sacrorum
2354 1958 2560 2012 Vatum,
2590 1958 2686 2020 qui
2714 1957 2781 2006 ab
2824 1959 2971 2019 regni
3019 1959 3379 2008 Romanorum
3406 1961 3622 2011 exordio
3653 1957 3871 2028 scripse-

511 2036 660 2092 runt,
691 2032 836 2089 Osee,
866 2034 1044 2083 Amos,
1077 2029 1263 2081 Isaiae,
1295 2022 1578 2080 Michaeae,
1615 2025 1668 2073 et
1696 2022 2156 2084 subsequentium.

456 2262 689 2320 CAPUT
721 2259 1042 2316 PRIMUM.
1075 2289 1142 2300 ——
1173 2258 1245 2313 De
1274 2256 1360 2312 his
1387 2271 1510 2328 quae
1554 2270 1723 2324 usque
1747 2253 1816 2308 ad
1861 2258 2106 2322 tempora

521 2345 819 2400 Saluatoris
855 2341 1034 2396 decem
1062 2348 1112 2395 et
1157 2345 1357 2408 septem
1405 2336 1778 2391 voluminibus
1829 2334 2109 2405 disputata

520 2430 669 2481 sunt.

527 2509 600 2560 lie
631 2505 925 2558 civitatum
970 2502 1244 2566 duarum,
1294 2514 1534 2567 quarum
1593 2497 1688 2552 Dei
1740 2512 1874 2562 una,
1909 2494 2106 2550 saeculi

449 2586 622 2654 hujus
652 2591 739 2640 est
768 2586 970 2648 altera,
1003 2582 1058 2635 in
1093 2597 1210 2651 qua
1240 2595 1397 2634 nunc
1429 2584 1535 2637 est,
1561 2585 1846 2647 quantum
1889 2576 1959 2629 ad
1993 2576 2104 2630 bo-

452 2667 672 2719 minum
706 2680 890 2734 genus
917 2661 1181 2732 pertinet,
1206 2660 1380 2713 etiam
1415 2657 1528 2712 ista
1562 2658 1883 2727 peregrina,
1907 2662 2104 2710 exortu

450 2756 498 2799 et
527 2759 804 2814 procursu
836 2741 855 2774 ί
879 2752 933 2795 et
963 2741 1175 2795 debitis
1208 2739 1424 2792 tinibus
1468 2754 1555 2792 me
1587 2741 1943 2806 scripturum
1977 2751 2107 2790 esse

452 2827 740 2893 promisi:
795 2838 927 2875 cum
980 2822 1138 2890 prius
1203 2819 1476 2872 inimicos
1537 2817 1784 2870 civitatis
1819 2816 1940 2876 Dei,
2003 2814 2104 2885 qui

451 2903 551 2970 qui
575 2901 855 2954 conditori
888 2903 1016 2967 ejus
1048 2897 1270 2952 Christo
1315 2900 1452 2952 deos
1508 2913 1646 2951 suos
1681 2899 2011 2965 prteferunt,
2047 2898 2106 2948 et

450 2982 628 3035 livore
657 2980 764 3034 sibi
802 2981 1294 3050 perniciosissimo
1323 2979 1594 3031 atrociter
1616 2976 1873 3029 invident
1903 2974 2103 3028 Chris-

452 3063 870 3131 tianis,quantu
884 3076 936 3114 m
959 3075 1048 3114 me
1063 3061 1152 3128 adj
1167 3067 1355 3112 uvarel
1380 3062 1428 3123 ej
1442 3075 1507 3110 us
1524 3062 1710 3126 gratia
1729 3055 2101 3126 refellissem;

453 3143 606 3212 quod
639 3140 1037 3195 voluminibus
1096 3141 1295 3192 decem
1353 3138 1640 3204 prioribus
1702 3137 1826 3189 feci.
1863 3134 1940 3188 De
2001 3136 2107 3188 hac

450 3238 584 3276 vero
621 3238 768 3285 mea,
825 3235 1004 3289 quam
1066 3219 1234 3272 modo
1281 3215 1747 3279 commemoravi,
1810 3213 2108 3280 tripertita

456 3300 862 3372 promissione,
897 3298 1184 3352 decimum
1217 3295 1633 3366 1'sequentibus
1657 3299 1907 3365 quatuor
1938 3292 2107 3348 libris

455 3381 761 3434 ambarum
794 3385 884 3433 est
913 3378 1176 3447 digestus
1223 3384 1456 3430 exortus
1490 3394 1504 3442 ;
1532 3375 1742 3428 deinde
1792 3389 2108 3444 procursus

457 3462 530 3515 ab
563 3460 798 3514 homine
831 3458 1013 3528 primo
1066 3471 1249 3528 usque
1303 3457 1372 3509 ad
1433 3454 1717 3509 diluvium
1770 3453 1917 3507 libro
1969 3469 2106 3520 uno,

457 3541 556 3611 qui
588 3547 678 3594 est
711 3541 880 3606 hujus
917 3536 1109 3606 Operis
1142 3539 1383 3605 quintus
1414 3535 1716 3600 decimus;
1751 3539 1926 3603 atque
1976 3532 2110 3586 inde

459 3637 647 3692 usque
678 3621 747 3673 ad
781 3618 1072 3672 Abraham
1110 3633 1316 3670 rursus
1350 3615 1555 3679 ambis,
1588 3618 1670 3669 sic
1694 3622 1753 3668 ut
1783 3614 1838 3666 in
1876 3620 2107 3681 tempo-

459 3703 644 3766 ribus,
677 3700 758 3752 ita
787 3712 841 3751 et
869 3698 927 3750 in
974 3697 1190 3750 nostris
1212 3693 1418 3748 litteris
1451 3700 1890 3747 concurrerunt.
1925 3692 2037 3745 Sed
2079 3707 2112 3743 a

461 3792 624 3854 patre
674 3780 954 3833 Abraham
991 3793 1173 3845 usque
1231 3777 1300 3829 ad
1347 3775 1568 3844 Regum
1620 3787 1845 3842 tempus
1878 3770 2111 3854 lsraeli-

465 3853 676 3922 tarum,
711 3862 810 3915 ubi
841 3866 1066 3912 sextum
1098 3857 1386 3912 decimum
1430 3856 1696 3909 Volumen
1733 3853 2110 3921 absolvimus,

460 3953 517 4002 et
539 3947 674 3999 inde
706 3958 885 4012 nsque
917 3943 986 3994 ad
1022 3939 1208 4008 ipsius
1241 3953 1298 3990 in
1345 3952 1515 3989 carne
1549 3935 1862 3989 Salvatorts
1893 3932 2109 3987 adven-

462 4033 610 4092 tum,
645 4039 950 4096 quousque
983 4020 1242 4073 decimus
1300 4020 1585 4086 septimus
1643 4015 1788 4068 liber
1834 4014 2112 4096 tenditur,

464 4111 588 4162 sola
618 4095 843 4159 Videtur
877 4119 929 4156 in
964 4118 1088 4156 meo
1118 4099 1140 4133 ³
1163 4100 1294 4152 stilo
1352 4099 1683 4151 cucurrisse
1731 4096 1830 4150 Dei
1865 4095 2064 4148 civitas
2099 4109 2112 4147 :

465 4205 596 4243 cum
630 4203 684 4240 In
719 4190 824 4240 hoc
855 4186 1068 4238 saeculo
1099 4198 1213 4235 non
1265 4179 1390 4234 sola
1415 4176 1756 4242 cucurrerit,
1789 4178 1888 4228 sed
1934 4178 2114 4228 amba;

467 4273 669 4341 utique
703 4271 756 4322 in
790 4284 996 4336 genere
1050 4267 1327 4329 humano,
1371 4262 1526 4317 sicut
1583 4261 1653 4313 ab
1705 4259 1869 4341 initio
1918 4257 2115 4341 simul,

469 4339 889 4422 suo—procursu
919 4357 1177 4415 tempora
1204 4346 1571 4399 variaverint.
1606 4341 1816 4422 Verum
1853 4340 1966 4422 hoc»
1988 4339 2117 4394 ideo

473 4419 694 4496 feci,'ut
725 4431 905 4497 prius,
938 4443 1004 4481 ex
1034 4444 1145 4496 quo
1201 4425 1515 4496 apertiores
1551 4421 1646 4476 Dei
1699 4419 2117 4491 promissiones

471 4528 599 4567 esse
628 4516 942 4578 cmperunt,
979 4523 1157 4578 nsque
1188 4512 1255 4560 ad
1308 4509 1434 4574 ejus
1465 4521 1534 4558 ex
1583 4502 1818 4572 Virgine
1848 4502 2120 4555 nativita-

472 4598 611 4651 tem,
648 4593 702 4643 in
727 4604 839 4659 quo
871 4587 892 4620 ⁴
924 4591 1154 4641 fuerant
1210 4603 1342 4656 quae
1400 4584 1584 4654 primo
1641 4584 2122 4653 promittebantur

474 4671 792 4742 implenda,
825 4672 952 4724 sine
1000 4665 1467 4736 interpellatione
1499 4681 1530 4716 a
1560 4663 1848 4742 contrario
1880 4662 2121 4742 alterius

472 4740 743 4812 civitatis,
778 4752 889 4806 ista
919 4766 1048 4822 qua:
1095 4747 1195 4802 Dei
1243 4752 1328 4800 est
1383 4757 1750 4816 procurrens,
1785 4740 2122 4822 distinctius

473 4838 778 4907 appareret
809 4851 824 4900 ;
859 4820 1124 4901 quamvis
1157 4843 1342 4896 usque
1371 4826 1440 4879 ad
1483 4821 1886 4907 revelationetn
1935 4820 2125 4875 Testa-

472 4903 650 4972 menti
688 4915 838 4980 novi,
873 4929 989 4967 non
1021 4912 1077 4964 in
1111 4910 1356 4976 lumine,
1388 4908 1484 4963 sed
1518 4905 1576 4959 in
1612 4903 1820 4958 umbra
1859 4918 2126 4958 cucurre-

474 5000 570 5053 rit.
605 4997 770 5051 Nunc
802 5010 959 5064 ergo,
994 4992 1142 5062 quod
1188 4989 1634 5052 intermiseram,
1668 4986 1829 5039 video
1879 5000 2006 5038 esse
2039 4984 2124 5038 fa-

475 5079 772 5142 ciendum,
809 5085 864 5128 ut
895 5091 964 5128 ex
985 5069 1600 5140 Abrahaatemporibus
1630 5067 1917 5137 quomodo
1946 5065 2123 5120 etiam

475 5159 578 5214 illa
607 5157 948 5220 cucurrerit,
991 5160 1275 5222 quantum
1324 5151 1464 5205 satis
1513 5149 1761 5214 videtur,
1822 5149 2123 5216 attingam,

543 5329 557 5360 ί
591 5326 803 5376 Codices
830 5322 972 5376 2050.
1003 5319 1122 5367 2051
1155 5322 1208 5367 et
1235 5319 1343 5372 253,
1371 5331 1689 5378 progressu.
1720 5315 1788 5364 M.

541 5389 563 5424 ε
593 5390 745 5450 Apud
776 5389 920 5437 Lovu
958 5383 1327 5452 inﬂecimam
1363 5380 1763 5452 -;Ia!9US.Pen.°-
1908 5451 1911 5452 ,
1966 5451 1969 5452 ,
2011 5439 2022 5452 .

490 5513 501 5525 O
542 5451 562 5485 ³
591 5441 704 5499 Ain.
738 5455 792 5500 et
821 5453 967 5507 Lov.,
1019 5447 1082 5495 in
1128 5447 1320 5495 medio.
1370 5444 1508 5492 Editi
1550 5443 1644 5491 alii
1676 5444 1729 5491 et
1757 5441 2124 5501 manuscripti.

480 5528 543 5562 in
575 5529 708 5562 meo.

545 5575 568 5609 ⁴
596 5575 720 5624 Sola
747 5577 906 5624 editio
936 5575 1081 5630 ιον..
1115 5572 1177 5621 in
1205 5585 1338 5634 qua.

486 5640 622 5747 ⁵4(ει)
687 5637 923 5699 Scriptus
968 5628 1176 5687 circiter
1211 5628 1422 5684 'annum
1470 5628 1579 5680 426.
1638 5628 1766 5678 Vide
1812 5628 1972 5687 intra,
2017 5640 2127 5690 cap.

2217 2259 2281 2308 ut
2306 2253 2489 2308 ambae
2522 2253 2676 2308 inter
2705 2269 2766 2309 se
2798 2254 3023 2324 possint
3062 2255 3526 2312 consideratione
3549 2257 3872 2328 legentium

2217 2350 2567 2405 comparari.

2216 2495 2447 2550 CAPUT
2483 2496 2554 2550 ll.
2593 2527 2659 2537 —-
2693 2498 2762 2552 De
2782 2506 3017 2554 terrenae
3031 2499 3272 2553 civitatis
3305 2499 3525 2568 regibus
3546 2503 3707 2571 atque
3741 2510 3877 2556 tem-

2285 2578 2508 2643 poribus
2531 2577 2726 2646 quibus
2758 2577 2835 2632 ab
2865 2590 3062 2632 exortu
3107 2579 3343 2635 Abruhm
3391 2590 3712 2635 sanctarum
3743 2591 3878 2636 tem-

2284 2672 2418 2726 pora
2438 2668 2729 2727 supputata
2757 2661 3111 2713 conveniunt.

2291 2792 2339 2844 1.
2372 2790 2628 2846 Societas
2657 2791 2834 2861 igitur
2860 2808 3275 2864 usquequaque
3300 2792 3634 2848 mortalium
3663 2794 3878 2849 diffusa

2215 2887 2316 2941 per
2347 2877 2529 2925 terras
2560 2876 2616 2924 et
2638 2871 2695 2924 in
2726 2871 2981 2926 locorum
2998 2873 3371 2943 quantislibet
3410 2873 3879 2942 diversitatibus,

2217 2953 2391 3005 unius
2425 2956 2613 3004 tamen
2645 2952 3020 3022 ejusdemque
3054 2961 3269 3008 naturae
3317 2953 3561 3022 quadam
3597 2969 3884 3010 commu-

2214 3031 2387 3084 nione
2416 3032 2697 3096 devincta,
2758 3033 3034 3088 utilitates
3065 3044 3114 3089 et
3149 3034 3494 3105 cUpiditates
3543 3050 3686 3088 suas
3739 3035 3878 3104 qui-

2215 3111 2441 3180 busque
2471 3111 2848 3179 sectantibus,
2879 3111 3020 3168 dum
3084 3114 3140 3168 id
3212 3115 3362 3184 quod
3421 3114 3739 3184 appetitur,
3775 3119 3879 3170 aut

2216 3193 2458 3259 nemini,
2493 3199 2592 3246 aut
2651 3210 2766 3249 non
2807 3195 3085 3250 omnibus
3135 3195 3376 3261 sulﬁcit,
3410 3197 3550 3266 quia
3606 3212 3723 3249 non
3791 3205 3878 3252 est

2213 3272 2494 3343 idipsum,
2537 3274 2849 3329 adversum
2885 3292 2944 3330 se
2985 3277 3168 3346 ipsam
3205 3278 3548 3346 plerumque
3568 3275 3875 3343 dividitur,

2215 3361 2271 3408 et
2304 3369 2432 3422 pars
2469 3367 2709 3424 partem,
2743 3372 2870 3426 quas
2925 3357 3216 3426 praevalet,
3279 3357 3574 3427 opprimit.
3638 3355 3879 3410 Victrici

2216 3434 2372 3487 enim
2431 3435 2586 3489 victa
2643 3436 2993 3505 succumbit,
3057 3437 3444 3491 dominationi
3503 3435 3751 3503 scilicet,
3787 3435 3874 3491 vel

2217 3515 2392 3568 etiam
2431 3514 2682 3568 libertati
2712 3516 3202 3586 qualemcumque
3239 3533 3435 3587 pacem
3471 3520 3787 3586 praeferens
3820 3531 3884 3570 ac

2219 3597 2469 3649 salutem
2506 3612 2518 3649 :
2552 3595 2627 3648 ita
2659 3604 2723 3649 ut
2747 3613 2969 3666 magna:
3004 3597 3219 3651 fuerint
3243 3597 3616 3650 admirationi
3649 3597 3752 3666 qui
3789 3612 3879 3665 pe-

2222 3675 2333 3728 rire
2363 3691 2533 3742 quam
2572 3677 2786 3731 servire
2811 3677 3323 3731 maluerunt.Nam
3360 3678 3415 3730 in
3454 3677 3734 3732 omnibus
3769 3678 3884 3731 fere

2221 3753 2490 3823 gentibus
2521 3755 2951 3823 quodammoilo
2982 3773 3087 3810 vox
3139 3764 3362 3811 natura:
3406 3756 3518 3810 ista
3554 3757 3880 3826 personuit,

2224 3840 2288 3887 ut
2318 3834 2618 3904 subjugari
2671 3836 2987 3891 victoribus
3040 3837 3300 3898 mallent,
3363 3839 3578 3906 quibus
3632 3837 3883 3906 contigit

2223 3913 2394 3970 vinci,
2436 3929 2608 3982 quam
2645 3913 2849 3968 bellica
2880 3916 3248 3969 omnifariam
3275 3915 3293 3948 ί
3325 3915 3648 3970 vastatione
3682 3916 3880 3970 deleri.

2224 3991 2369 4046 Hinc
2403 3996 2614 4048 factum
2678 4000 2764 4048 est
2813 4002 2875 4048 ut
2933 4011 3044 4050 non
3089 3997 3211 4050 sive
3270 3997 3365 4049 Dei
3409 3997 3800 4066 providentia,
3832 3995 3884 4050 in

2223 4075 2392 4144 cujus
2429 4080 2713 4143 potestate
2743 4085 2828 4128 est
2857 4081 2919 4129 ut
2949 4078 3196 4147 quisque
3231 4077 3378 4130 bello
3409 4081 3507 4130 aut
3539 4079 3885 4146 subjugetur

2225 4163 2326 4208 aut
2355 4155 2648 4223 subjuget,
2686 4157 2923 4225 quidam
2966 4165 3164 4212 essent
3213 4159 3408 4228 regnis
3450 4159 3699 4225 praediti,
3755 4157 3883 4227 qni-

2225 4235 2358 4287 dam
2395 4236 2772 4304 regnantibus
2805 4237 3023 4291 subditi
3059 4253 3072 4290 :
3106 4237 3205 4292 sed
3240 4236 3394 4291 inter
3426 4237 3682 4306 plurima
3711 4253 3889 4309 regna

2226 4321 2532 4377 terrarum,
2558 4313 2616 4368 in
2651 4331 2776 4385 qua:
2811 4322 3053 4370 terrenae
3102 4317 3374 4371 utilitatis
3406 4316 3494 4371 vel
3543 4317 3888 4386 cupiditatis

2227 4402 2313 4451 est
2344 4397 2529 4450 divisa
2578 4407 2822 4451 societas
2858 4401 3059 4466 (quam
3117 4399 3408 4452 civitatem
3461 4399 3663 4452 mundi
3710 4399 3890 4468 hujus

2230 4477 2538 4531 universali
2572 4478 2846 4532 vocabulo
2879 4482 3323 4548 nuncupamus),
3357 4480 3468 4533 duo
3491 4494 3666 4548 regna
3696 4480 3890 4534 cerni-

2233 4573 2362 4610 mus
2394 4555 2563 4626 longe
2593 4557 2813 4612 ceteris
2859 4560 3192 4628 provenisse
3223 4557 3486 4621 clariora,
3518 4557 3890 4628 Assyriorum

2232 4637 2510 4706 primum,
2554 4639 2760 4692 deinde
2812 4638 3228 4698 Romanorum,
3273 4644 3339 4692 ut
3387 4640 3777 4708 temporibus,
3813 4640 3892 4692 ita

2233 4713 2377 4772 locis
2409 4718 2559 4770 inter
2605 4734 2667 4771 se
2714 4719 2977 4773 ordinata
3009 4730 3178 4789 atque
3210 4719 3509 4773 distincta.
3565 4717 3708 4773 Nam
3777 4735 3890 4791 quo

2235 4797 2405 4852 modo
2437 4796 2577 4850 illud
2636 4799 2818 4868 prius,
2872 4798 2979 4853 hoc
3032 4798 3370 4870 posterius;
3413 4813 3479 4853 eo
3523 4799 3692 4853 modo
3740 4797 3890 4854 illud

2233 4882 2290 4935 in
2317 4881 2566 4947 Oriente,
2601 4879 2710 4935 hoc
2742 4880 2797 4934 id
2853 4879 3165 4936 Occidente
3195 4881 3439 4935 surrexit
3474 4897 3487 4934 :
3539 4881 3798 4951 denique
3829 4881 3892 4936 in

2234 4962 2391 5024 illius
2449 4962 2562 5015 fine
2595 4962 2765 5031 hujus
2795 4962 3026 5016 initium
3062 4961 3365 5018 confestim
3401 4961 3507 5016 fuit
3539 4961 3642 5032 (a).
3689 4961 3893 5033 Regna

2237 5048 2464 5110 caetera,
2497 5047 2848 5114 cmterosque
2870 5059 3034 5115 reges
3065 5045 3221 5098 velut
3243 5043 3593 5116 appendices
3640 5043 3890 5098 istorum

2239 5123 2500 5178 dixerim.

2307 5204 2360 5257 2.
2394 5201 2579 5258 Ninus
2608 5220 2742 5275 ergo
2767 5205 2888 5273 jam
2911 5205 3204 5259 secundus
3236 5209 3468 5259 rexerat
3507 5202 3891 5275 Assyriorum,

2239 5287 2330 5355 qui
2367 5285 2506 5355 patri
2542 5302 2645 5338 suo
2678 5285 2811 5339 Belo
2849 5291 3232 5352 successerat,
3293 5287 3454 5355 regni
3512 5284 3670 5338 illius
3704 5285 3892 5355 primo

2239 5368 2380 5436 regi,
2414 5366 2646 5435 quando
2671 5364 2725 5418 in
2762 5370 2912 5420 terra
2941 5363 3344 5420 Chaldaeorum
3379 5368 3552 5419 natus
3597 5370 3682 5420 est
3710 5364 3895 5418 Abra-

2296 5560 2442 5635 ,χείρ
2469 5561 2646 5622 plures
2675 5559 3042 5621 manuscripti.
3085 5559 3188 5608 Alii
3232 5573 3358 5609 vero
3405 5572 3526 5608 cum
3559 5557 3738 5620 editis,
3781 5569 3891 5602 om~

2242 5625 2481 5683 nifaria.

2303 5689 2378 5748 (α)
2413 5686 2542 5735 Vide
2569 5686 2726 5742 intra.
2763 5700 2876 5749 cap.
2909 5685 2983 5734 27.
