4124 6188
271 276 379 339 561

268 409 395 464 bam
429 409 524 479 (a).
560 409 880 464 Eratetiain
909 413 1165 480 tempore
1194 409 1295 464 illo
1328 427 1570 480 regnum
1614 411 1909 482 Sicyonio—

264 507 390 545 rum
428 490 740 545 admodum
795 507 1054 561 parvum,
1107 509 1140 545 a
1197 509 1311 562 quo
1358 492 1457 546 ille
1505 493 1910 564 undecumque

264 570 642 625 doctissimus
677 574 896 625 Marcus
927 571 1105 625 Varro
1139 573 1402 627 scribens
1435 573 1504 626 de
1537 572 1716 627 Gente
1736 591 1916 643 popu-

261 650 301 706 li
332 651 602 717 Romani,
635 651 788 706 velut
820 653 1062 723 antiquo
1092 657 1376 722 tempore,
1412 667 1651 706 exorsus
1683 662 1791 706 est.
1827 655 1914 709 Ab

264 731 353 785 his
383 731 537 785 enim
572 733 972 798 Sicyoniorum
1011 735 1240 804 regibus
1271 733 1343 788 ad
1375 734 1760 788 Athenienses
1791 752 1917 804 per-

263 812 442 876 venit,
475 829 507 865 a
539 813 754 882 quibus
783 815 851 866 ad
888 813 1146 879 Latinos,
1181 813 1316 867 inde
1347 815 1415 867 ad
1464 812 1744 868 Romanos
1779 814 1918 880 ;sed

266 898 401 948 ante
431 894 720 947 conditam
757 893 992 948 Romam
1017 893 1073 947 in
1095 894 1526 964 comparatione
1559 895 1715 964 regni
1749 897 1924 965 Assy-

268 973 492 1026 riorum
529 973 842 1043 perexigua
873 977 984 1029 ista
1018 980 1430 1029 memorantur.
1463 975 1738 1039 Quamvis
1763 976 1931 1030 Athe-

267 1053 507 1108 nienses
541 1055 596 1107 in
618 1053 830 1109 Gracia
856 1056 1170 1123 plurimum
1187 1055 1469 1110 claruisse
1486 1059 1736 1110 fateatur
1763 1059 1928 1110 etiam

266 1133 582 1188 Sallustius
615 1134 908 1189 Romanus
967 1135 1294 1200 historicus,
1330 1136 1459 1205 plus
1500 1143 1691 1190 tamen
1752 1137 1926 1204 fama,

270 1229 450 1286 quam
485 1231 545 1269 re
574 1214 723 1284 ipsa.
757 1214 902 1270 Nam
953 1216 1194 1286 loquens
1223 1219 1291 1270 de
1340 1216 1458 1270 illis
1489 1217 1928 1278 Atheniensium,

265 1293 482 1363 inquit.
520 1310 606 1348 res
661 1297 848 1366 gestae,
879 1297 1042 1350 sicuti
1087 1311 1181 1364 ego
1239 1297 1520 1362 existimo,
1553 1297 1690 1351 satis
1729 1297 1932 1366 amplae

265 1373 693 1446 magni/lexque
721 1377 905 1444 fuere:
924 1392 1120 1430 verum
1133 1375 1420 1446 aliquanto
1448 1379 1687 1432 minores
1705 1382 1889 1432 tamen
1911 1393 1932 1430 .·

266 1471 438 1525 quam
467 1459 620 1521 fama
650 1457 925 1523 feruntur.
961 1455 1062 1510 Sed
1092 1455 1228 1526 quia
1261 1471 1558 1526 provenere
1589 1457 1672 1510 ibi
1697 1459 1934 1527 scripto-

268 1552 404 1590 rum
435 1552 635 1605 magna
666 1535 914 1606 ingenia,
947 1552 1042 1604 per
1087 1541 1364 1590 terrarum
1409 1536 1590 1591 orbem
1620 1540 1933 1592 Athenien-

266 1617 421 1671 sium
450 1618 596 1682 facta
623 1632 722 1685 pro
774 1616 1040 1672 maximis
1085 1618 1451 1673 celebrantur.
1486 1619 1568 1672 Ita
1612 1635 1800 1674 eorum
1832 1619 1932 1690 qui

265 1701 471 1768 fecere,
493 1696 666 1751 virtus
698 1701 846 1752 tanta
870 1699 1121 1766 habetur,
1152 1709 1418 1770 quantum
1447 1715 1566 1753 eum
1617 1702 1794 1754 verbis
1826 1716 1924 1766 po-

264 1782 424 1832 tuere
455 1777 718 1832 extollere
771 1778 1042 1848 prazclara
1076 1779 1300 1850 ingenia
1341 1780 1509 1849 (Belli
1568 1779 1754 1847 Calil.,
1806 1797 1930 1850 cap.

264 1858 350 1927 8).
389 1857 624 1912 Accedit
651 1857 784 1913 huic
816 1859 1033 1914 civitati
1067 1877 1178 1914 non
1205 1876 1380 1930 parva
1418 1861 1588 1914 etiam
1623 1877 1691 1915 ex
1727 1863 1933 1916 litteris

266 1943 325 1992 et
362 1937 728 2006 philosophis
769 1939 972 2008 gloria,
1031 1944 1180 2011 quod
1239 1940 1317 1994 ibi
1377 1943 1745 2011 potissimum
1794 1942 1936 1996 talia

267 2017 479 2074 studia
511 2017 837 2088 viguerunt.
869 2019 1013 2074 Nam
1057 2025 1342 2090 quantum
1409 2022 1600 2074 attinet
1637 2021 1706 2074 ad
1750 2023 1934 2090 impe-

266 2100 460 2164 rium,
513 2098 736 2153 nullum
797 2101 990 2169 majus
1049 2099 1254 2170 primis
1321 2100 1698 2167 temporibus,
1757 2116 1932 2170 quam

270 2179 651 2252 Assyriorum
704 2181 833 2247 fuit,
871 2190 1113 2236 nectam
1167 2180 1332 2252 longe
1359 2180 1587 2251 lateque
1631 2183 1935 2237 diffusum.

267 2261 504 2330 Quippe
522 2261 822 2316 ubiNinus
855 2277 978 2323 rex.
1003 2261 1118 2315 Beli
1139 2261 1317 2328 ﬁlius,
1354 2263 1685 2316 universam
1716 2262 1934 2333 Asiam,

264 2358 407 2413 quas
437 2343 616 2396 totius
645 2341 804 2396 orbis
837 2343 905 2396 ad
943 2357 1249 2396 numerum
1297 2343 1546 2408 partium
1597 2343 1768 2396 tertia
1799 2343 1940 2396 dici-

264 2428 397 2491 tur,
431 2423 498 2474 ad
518 2422 974 2492 magnitudinem
1009 2437 1141 2476 vero
1159 2421 1404 2476 dimidia
1434 2421 1941 2493 reperitur,usque

268 2502 346 2556 ad
393 2502 580 2571 Libyas
615 2501 758 2554 fines
791 2501 1097 2570 subegisse
1128 2501 1379 2555 traditur
1410 2501 1507 2572 (b).
1540 2502 1687 2556 Solis
1721 2503 1939 2573 quippe

271 2581 448 2636 Indis
492 2583 551 2633 in
587 2580 850 2651 partibus
881 2580 1134 2636 Orientis
1164 2597 1278 2635 non
1321 2583 1757 2637 dominabatur:
1793 2599 1940 2653 quos

262 2668 477 2716 tamen
511 2676 576 2714 eo
595 2661 868 2714 defuncto
899 2661 1237 2716 Semiramis
1267 2678 1411 2717 uxor
1439 2664 1564 2730 ejus
1585 2668 1674 2717 est
1705 2678 1944 2733 agressa

263 2739 578 2796 bellando.
615 2741 700 2796 lta
757 2742 971 2797 factum
1003 2747 1112 2809 est,
1174 2746 1237 2796 ut
1293 2743 1652 2814 quicumque
1709 2743 1767 2798 in
1827 2743 1942 2798 illis

263 2822 458 2876 terris
493 2821 711 2890 populi,
745 2822 866 2876 sive
897 2837 1062 2891 reges
1113 2827 1300 2876 erant.
1332 2823 1702 2890 Assyriorum
1762 2839 1940 2892 regno

269 2901 608 2972 ditionique
643 2908 928 2973 parerent,
961 2909 1017 2957 et
1058 2904 1344 2974 quidquid
1390 2905 1771 2975 imperaretur
1815 2905 1942 2959 elli-

269 2987 501 3037 cerent.
536 2981 828 3037 Abraham
862 2982 1035 3054 igitur
1057 2983 1116 3037 in
1146 2999 1212 3038 eo
1246 2999 1420 3054 regno
1452 2985 1603 3052 apud
1641 2984 1940 3040 Chaldaeos

272 3061 418 3117 Nini
444 3061 807 3132 temporibus
840 3068 1012 3117 natus
1035 3072 1138 3118 est.
1166 3063 1274 3118 Sed
1300 3065 1579 3134 quoniam
1614 3080 1704 3120 res
1733 3063 1940 3120 Grecae

277 3140 467 3196 multo
499 3147 638 3196 sunt
670 3141 837 3197 nobis
885 3159 1065 3215 quam
1121 3145 1367 3215 Assyrias
1426 3145 1702 3205 notiores,
1751 3149 1808 3200 et
1839 3159 1937 3215 per

276 3224 516 3281 Grmcos
545 3225 615 3278 ad
670 3225 927 3291 Latinos,
983 3242 1048 3280 ac
1096 3226 1302 3282 deinde
1349 3227 1421 3281 ad
1483 3226 1794 3294 Romanos,
1841 3225 1942 3297 qui

280 3305 468 3360 etiam
509 3304 619 3376 ipsi
649 3306 833 3360 Latini
866 3311 1022 3372 sunt,
1053 3311 1380 3375 temporum
1436 3307 1646 3361 seriem
1687 3307 1943 3361 deduxe-

278 3389 430 3438 runt
460 3385 559 3455 qui
603 3391 834 3456 gentem
870 3386 1065 3456 populi
1115 3386 1358 3440 Romani
1411 3387 1468 3440 in
1516 3385 1760 3456 originis
1814 3386 1943 3457 ejus

278 3465 639 3535 antiquitate
663 3465 855 3520 rimati
885 3472 1058 3534 sunt;
1090 3467 1162 3521 ob
1195 3466 1304 3521 hoc
1333 3466 1632 3534 debemus,
1665 3467 1764 3520 ubi
1795 3481 1944 3536 opus

273 3549 393 3615 est,
431 3546 696 3616 Assyrios
751 3563 1076 3602 memorare
1125 3562 1292 3617 reges
1323 3562 1338 3601 :
1373 3553 1434 3600 ut
1467 3550 1744 3617 appareat
1801 3563 1944 3615 que-

268 3625 665 3680 madmodum
717 3627 1051 3698 Babylonia,
1087 3627 1256 3697 quasi
1316 3627 1508 3697 prima
1567 3626 1768 3694 Roma,
1803 3643 1937 3682 cum

265 3705 580 3774 peregrina
608 3705 668 3759 in
688 3705 797 3760 hoc
829 3707 1044 3760 mundo
1077 3706 1177 3762 Dei
1208 3706 1441 3761 civitate
1473 3711 1793 3775 procurrat.
1827 3707 1940 3762 Res

267 3789 473 3838 autem
498 3801 644 3855 quas
677 3786 1414 3857 proptercomparationem
1434 3786 1686 3840 civitatis
1718 3787 1939 3842 utrius-

271 3881 420 3935 que,
453 3868 698 3920 terrente
731 3865 1018 3920 scilicetet
1056 3866 1328 3932 caelestis,
1362 3865 1496 3920 huic
1526 3866 1686 3936 operi
1717 3863 1941 3935 oportet

266 3945 558 4012 inserere,
606 3945 794 4018 magis
825 3963 893 4000 ex
924 3945 1138 4001 Graecis
1175 3952 1233 4001 et
1263 3946 1504 4013 Latinis,
1539 3945 1638 4001 ubi
1699 3952 1754 4000 et
1814 3947 1940 4017 ipsa

268 4025 463 4080 Roma
494 4027 663 4096 quasi
697 4027 960 4082 secunda
984 4026 1300 4096 Babylonia
1329 4031 1440 4095 est,
1465 4026 1746 4082 debemus
1767 4043 1939 4082 assu-

276 4119 463 4160 mere.

343 4186 402 4240 3.
428 4184 668 4248 Quando
691 4203 824 4256 ergo
852 4191 1021 4242 natus
1041 4193 1132 4242 est
1163 4187 1478 4256 Abraham,
1503 4187 1748 4243 secundi
1773 4203 1939 4259 reges

274 4273 470 4331 erant,
497 4268 648 4337 apud
680 4268 942 4338 Assyrios
974 4267 1180 4335 Ninus,
1203 4268 1354 4338 apud
1382 4268 1682 4338 Sicyonios
1715 4269 1938 4338 Europe

270 4343 346 4414 (c)
371 4362 392 4398 .'
419 4345 593 4416 primi
626 4351 845 4414 autem,
869 4347 986 4400 illic
1019 4346 1209 4414 Belus,
1238 4347 1328 4403 hic
1358 4347 1648 4418 {Egialeus
1679 4346 1934 4403 fuerunt.

271 4425 419 4478 Cum
450 4441 582 4479 vero
605 4441 839 4497 egresso
869 4427 1160 4482 Abraham
1194 4429 1264 4481 de
1296 4426 1634 4499 Babylonia,
1667 4428 1939 4498 promisit

271 4505 324 4558 ei
350 4504 510 4559 Deus
543 4521 610 4559 ex
641 4505 738 4560 illo
765 4523 1035 4578 magnam
1068 4511 1296 4578 gentem
1339 4510 1606 4573 futuram,
1631 4516 1683 4561 et
1717 4507 1773 4562 in
1807 4508 1936 4577 ejus

270 4584 498 4639 semine
552 4587 818 4642 omnium
882 4587 1142 4653 gentium
1195 4587 1680 4652 benedictionem,
1715 4589 1936 4658 Assyrii

271 4671 554 4736 quartum
585 4682 776 4738 regem
810 4667 1125 4732 habebant,
1150 4668 1406 4739 Sicyonii
1437 4668 1745 4738 quintum:
1782 4669 1934 4736 apud

271 4745 411 4800 illos
452 4745 608 4801 enim
644 4747 921 4817 regnabat
964 4747 1120 4802 ﬁlius
1147 4747 1280 4802 Nini
1326 4753 1451 4816 post
1475 4753 1714 4801 matrem
1750 4747 1933 4802 Semi-

272 4823 590 4890 ramidem,
625 4843 751 4896 quas
783 4828 854 4882 ab
901 4826 1000 4882 illo
1050 4829 1353 4882 interfecta
1407 4827 1761 4896 perhibetur,
1795 4844 1939 4882 ausa

272 4902 469 4957 ﬁlium
498 4909 682 4959 mater
703 4907 988 4960 incestare
1011 4906 1346 4961 concubitu.
1374 4906 1532 4960 Hanc
1564 4911 1767 4976 putant
1795 4924 1940 4962 non-

278 4981 435 5037 nulli
466 4983 799 5039 condidisse
848 4985 1222 5056 Babylonem,
1258 5002 1433 5056 quam
1467 4985 1698 5053 quidem
1753 4987 1940 5056 potuit

282 5064 617 5120 instaurare
647 5066 742 5137 (a).
778 5067 1018 5130 Quando
1047 5072 1261 5136 autem,
1293 5066 1378 5121 vel
1414 5069 1704 5136 quomodo
1735 5069 1936 5124 condi-

348 5200 426 5261 (α)
454 5201 574 5249 Jam
622 5202 758 5251 dixit
796 5217 958 5267 supra
1002 5205 1100 5253 lib.
1153 5205 1226 5260 16,
1279 5218 1388 5267 cap.
1443 5205 1516 5261 17,
1549 5208 1736 5254 natum
1778 5209 1939 5256 Abra~

273 5261 504 5329 hamum
547 5277 689 5329 anno
757 5261 1028 5327 regnantis
1095 5268 1214 5315 Nini
1286 5261 1690 5329 quadragesimo
1766 5270 1940 5328 tertio,

275 5328 498 5392 secutus
553 5326 862 5392 Chronicon,
893 5329 1149 5384 Eusebii;
1197 5326 1319 5392 quo_
1376 5331 1468 5378 alii
1496 5326 1811 5392 'improbato
1861 5326 1950 5380 or-

274 5390 401 5454 tum
429 5389 720 5454 Abrahami
747 5393 816 5440 ad
847 5389 1231 5441 Semiramidis'
1249 5406 1452 5442 annum
1498 5389 1815 5454 vigesimum
1843 5397 1943 5444 ter-

275 5450 423 5498 tium
452 5451 708 5502 referunt.

278 5511 759 5625 gagaten-ign,
792 5529 906 5579 cap.
938 5516 1000 5565 22
1031 5533 1044 5576 ;
1093 5521 1145 5566 et
1175 5531 1351 5580 supra,
1394 5519 1486 5567 lib.
1523 5518 1599 5573 16,
1632 5533 1741 5583 cap.
1780 5519 1856 5577 17,
1891 5522 1944 5570 et

371 5610 383 5638 .
417 5588 464 5632 4,
491 5588 606 5638 cap.
639 5588 685 5625 o.

359 5637 420 5698 (c)
451 5637 708 5690 Eusebius
733 5641 792 5690 in
821 5642 1012 5692 Chron.

1453 276 1683 337 LIBER
1729 277 2072 340 DECIMUS
2117 279 2490 344 OCTAVUS.

3553 291 3669 351 562

2025 414 2304 495 tail'uerit,
2343 417 2395 470 in
2443 424 2604 472 sexto
2651 420 2876 475 decimo
2922 421 3068 476 libro
3113 422 3366 478 diximus
3401 424 3558 494 (Cap.
3593 425 3668 495 4).

2025 494 2229 549 Filium
2259 513 2424 566 porro
2449 498 2577 555 Nini
2603 508 2658 553 et
2686 503 3100 570 Semiramidis,
3125 505 3218 573 qui
3257 512 3422 559 matri
3450 494 3674 562 succes-

2025 575 2102 628 sit
2125 579 2179 628 in
2215 594 2478 646 regnum,
2505 582 2740 650 quidam
2773 584 2944 636 etiam
2970 583 3156 645 ipsum
3183 583 3674 656 Ninum,quidam

2025 670 2158 735 vero
2208 659 2462 714 derivato
2495 677 2526 713 a
2576 669 2740 730 patre
2790 663 3068 717 vocabulo
3117 663 3357 735 Ninyam
3396 669 3411 700 ί
3444 671 3676 720 vocant.

2024 734 2423 806 Sicyoniorum
2456 750 2643 794 autem
2683 757 2921 811 regnum
2953 750 3090 798 tunc
3114 734 3341 798 tenebat
3374 745 3612 800 Telxion
3637 747 3678 803 ³.

2030 814 2151 877 Quo
2185 828 2458 888 regnante
2486 837 2669 891 usque
2701 823 2842 876 adeo
2875 823 2951 876 ibi
2979 825 3141 877 mitia
3167 831 3224 878 et
3257 825 3388 879 laeta
3419 831 3682 893 tempora

2034 896 2286 963 fuerunt,
2334 906 2396 952 ut
2443 916 2572 953 eum
2624 903 2958 956 defunctum
3014 906 3168 957 velut
3207 905 3378 959 deum
3430 905 3686 961 colerent

2039 981 2440 1044 sacriﬁcando,
2469 987 2525 1035 et
2557 982 2722 1036 ludos
2755 981 3122 1050 celebrando,
3156 1002 3302 1056 quos
3333 987 3383 1041 ei
3418 985 3687 1057 primitus

2038 1059 2335 1115 institutos
2369 1065 2582 1116 ferunt.

2040 1222 2271 1278 CAPUT
2302 1224 2398 1280 III.
2430 1256 2498 1266 -—
2529 1227 2732 1294 Quibus
2762 1230 3124 1296 regnantibus
3152 1231 3298 1300 apud
3327 1231 3577 1302 Assyrios
3607 1236 3688 1285 at-

2111 1320 2215 1374 que
2245 1305 2534 1376 Sicyonios
2565 1309 2792 1363 Abraha:
2823 1313 3142 1364 centenario
3175 1312 3323 1366 Isaac
3350 1311 3416 1365 de
3452 1313 3691 1383 promis-

2111 1384 2266 1437 sione
2295 1385 2365 1439 sit
2396 1395 2580 1450 natus,
2611 1389 2696 1441 vel
2725 1391 2827 1452 ipsi
2865 1389 3024 1444 Isaac
3064 1393 3426 1460 sexagenario
3471 1393 3612 1446 Esau
3643 1394 3694 1446 et

2111 1465 2270 1519 Iacob
2299 1466 2511 1535 gemini
2531 1465 2594 1521 de
2624 1467 2853 1522 Rebecca
2883 1471 2996 1524 sint
3025 1469 3179 1524 editi.

2115 1618 2301 1688 Hujus
2322 1618 2683 1689 temporibus
2713 1619 2883 1674 etiam
2911 1621 3070 1675 Isaac
3101 1639 3168 1676 ex
3196 1621 3569 1692 promissione
3594 1623 3694 1680 Dei

2044 1708 2217 1754 natus
2247 1706 2334 1755 est
2381 1701 2714 1754 centenario
2759 1701 2903 1770 patri
2955 1702 3110 1756 tilius
3139 1704 3380 1758 Abrahae
3412 1705 3481 1758 de
3525 1705 3696 1759 Sarra

2045 1781 2460 1851 conjuge,qua3
2494 1781 2712 1834 sterilis
2737 1787 2793 1834 et
2821 1798 2968 1836 anus
2993 1785 3116 1851 jam
3149 1799 3312 1851 spem
3350 1784 3526 1853 prolis
3557 1787 3699 1839 ami-

2046 1868 2219 1916 serat.
2243 1861 2407 1914 'I‘unc
2437 1867 2493 1914 et
2521 1861 2768 1930 Assyriis
2795 1861 3042 1930 quintus
3072 1869 3194 1916 erat
3227 1880 3323 1918 rex
3353 1864 3558 1918 Arrius
3589 1865 3692 1936 (ὁδ’

2044 1942 2163 2012 Ipsi
2195 1957 2326 1994 vero
2359 1943 2521 1994 Isaac
2553 1941 2926 2009 sexagenario
2958 1942 3074 1994 nati
3109 1951 3248 1996 sunt
3279 1945 3518 2013 gemini,
3553 1950 3696 2000 Esau

2046 2028 2104 2076 et
2132 2020 2330 2084 Jacob,
2365 2036 2512 2088 quos
2544 2023 2592 2072 ei
2627 2019 2883 2074 Rebecca
2919 2036 3058 2075 uxor
3091 2024 3328 2090 peperit,
3362 2039 3466 2076 avo
3497 2040 3697 2078 eorum

2046 2099 2333 2152 Abraham
2368 2099 2556 2151 adhuc
2582 2098 2830 2162 vivente,
2861 2105 2916 2152 et
2946 2105 3177 2153 centum
3221 2102 3526 2171 sexaginta
3555 2108 3696 2157 asta-

2051 2180 2125 2232 tis
2153 2194 2338 2231 annos
2371 2184 2574 2238 agente
2607 2193 2620 2230 :
2654 2179 2748 2247 qui
2782 2177 3025 2246 expletis
3065 2188 3294 2233 centum
3326 2183 3701 2251 septuaginta

2051 2259 2311 2329 quinque
2342 2257 2654 2311 defunctus
2685 2263 2813 2323 est;
2840 2259 3220 2329 regnantibus
3241 2260 3394 2328 apud
3433 2263 3701 2328 Assyrios

2050 2339 2238 2394 Xerxe
2270 2338 2368 2392 illo
2399 2338 2748 2406 antiquiore,
2777 2339 3073 2408 quietiam
3109 2339 3314 2395 Baleus
3346 2340 3417 2412 (c)
3451 2345 3699 2398 vocaba-

2049 2427 2166 2490 tur,
2191 2427 2246 2477 et
2269 2423 2420 2490 apud
2443 2420 2744 2491 Sicyonios
2764 2422 3069 2488 Thuriaco,
3095 2437 3268 2492 quem
3289 2423 3524 2490 quidam
3546 2423 3706 2478 Thu-

2052 2503 2377 2557 rimachuin
2422 2499 2445 2533 3
2485 2502 2769 2568 scribunt,
2804 2501 3071 2570 septimis
3131 2503 3384 2572 regibus.
3436 2502 3700 2571 Regnum

2051 2595 2241 2638 autem
2267 2584 2605 2644 Argivorum
2638 2583 2812 2638 simul
2845 2599 2976 2636 cum
3004 2582 3248 2638 Abrahae
3281 2584 3587 2655 nepotibus
3615 2601 3703 2639 or-

2051 2668 2175 2718 tum
2219 2669 2328 2729 est,
2360 2663 2459 2718 ubi
2502 2664 2726 2734 primus
2765 2664 3028 2732 regnavit
3059 2663 3326 2718 Inachus.
3359 2668 3508 2718 Sane
3546 2667 3700 2734 quod

2053 2746 2518 2813 prastereundum
2592 2761 2705 2797 non
2756 2744 2883 2808 fuit,
2937 2743 3107 2797 etiam
3161 2743 3319 2813 apud
3377 2743 3704 2813 sepulcrum

2052 2823 2285 2893 septimi
2308 2825 2394 2877 sui
2421 2822 2570 2892 regis
2592 2821 2860 2877 Thuriaci
2883 2821 3206 2877 sacriﬁcare
3234 2823 3531 2891 Sicyonios
3554 2822 3702 2878 sole-

2053 2920 2134 2970 re,
2164 2902 2338 2958 Varro
2362 2903 2554 2958 refert.
2579 2902 2980 2973 Regnantibus
3006 2918 3173 2971 porro
3205 2903 3422 2958 octavis
3447 2903 3698 2974 regibus,

2050 2984 2396 3039 Armamitre
2441 2982 3253 3054 Assyriorum,Sicyoniorum
3305 2983 3614 3054 Leucippo,
3647 2987 3705 3038 et

2053 3065 2240 3135 primo
2261 3064 2599 3134 Argivorum
2624 3062 2860 3126 Inacho,
2887 3064 3038 3117 Deus
3059 3061 3290 3118 locutus
3312 3068 3402 3119 est
3423 3065 3495 3119 ad
3519 3065 3699 3132 Isaac,

2053 3151 2226 3216 atque
2272 3145 2386 3215 ipsi
2417 3161 2649 3215 quoque
2699 3145 2900 3200 eadem
2936 3159 3060 3215 quas
3093 3143 3239 3213 patri
3287 3145 3416 3213 ejus
3448 3143 3560 3200 duo
3604 3143 3704 3200 illa

2053 3224 2334 3295 promisit,
2387 3226 2597 3280 semini
2660 3225 2883 3280 scilicet
2949 3225 3078 3292 ejus
3129 3228 3339 3278 terram
3405 3225 3702 3294 Chanaan,

2052 3313 2108 3361 et
2137 3306 2196 3359 in
2229 3307 2351 3378 eius
2381 3305 2604 3359 semine
2653 3304 3120 3358 benedictionem
3173 3311 3515 3358 cunctarum
3560 3320 3706 3374 gen-

2056 3389 2221 3442 tium.
2249 3387 2378 3440 Hinc
2410 3387 2536 3456 ipsa
2569 3385 2854 3454 promissa
2888 3388 3024 3437 sunt
3054 3385 3230 3438 etiam
3265 3383 3381 3437 filio
3407 3385 3572 3452 ejus;
3609 3400 3707 3439 ne-

2053 3468 2171 3538 poti
2200 3465 2466 3532 Abrahm,
2503 3465 2603 3535 qui
2641 3469 2731 3519 est
2761 3461 3082 3533 appellatus
3122 3462 3310 3531 primo
3339 3464 3540 3526 Jacob,
3574 3468 3705 3533 post

2055 3546 2255 3610 Israel,
2301 3561 2431 3599 cum
2481 3547 2605 3614 jam
2653 3542 2895 3598 Belocus
2941 3557 3041 3595 rex
3092 3557 3278 3595 nonus
3323 3542 3597 3612 Assyriis,
3648 3548 3706 3596 et

2054 3629 2395 3682 Phoroneus
2426 3623 2622 3679 Inachi
2656 3622 2809 3676 lilius
2832 3621 3124 3676 secundus
3157 3630 3422 3691 regnaret
3452 3621 3702 3692 Argivis,

2051 3705 2342 3776 Leucippo
2383 3704 2572 3758 adhuc
2615 3703 2768 3774 apud
2819 3701 3117 3772 Sicyonios
3167 3704 3558 3770 permanente.
3601 3700 3702 3757 His

2055 3788 2422 3858 temporibus
2456 3785 2668 3840 Graecia
2700 3783 2807 3838 sub
2838 3784 3139 3837 Phoroneo
3170 3781 3433 3852 Argolico
3464 3797 3598 3853 rege
3629 3783 3705 3838 le—

2051 3889 2188 3944 gum
2220 3879 2275 3928 et
2296 3872 2657 3943 judiciorum
2691 3869 3043 3941 quibusdam
3076 3867 3289 3922 clarior
3321 3867 3469 3922 facta
3494 3871 3580 3921 est
3609 3867 3704 3920 in~

2053 3953 2273 4008 stitutis
2307 3968 2320 4007 :
2355 3953 2622 4022 Phegous
2653 3955 2852 4004 tamen
2887 3947 3266 4022 fraterhujus
3297 3948 3582 4022 Pboronei
3605 3946 3703 4016 ju-

2052 4026 2199 4091 nior,
2231 4041 2354 4079 cum
2387 4018 2544 4078 ess—ct
2589 4031 2874 4086 mortuus,
2907 4021 2978 4075 ad
3017 4020 3146 4088 eius
3189 4018 3515 4089 sepulcrum
3552 4022 3704 4073 tem-

2052 4106 2210 4177 plum
2245 4113 2328 4160 est
2357 4105 2764 4169 constitutum,
2796 4104 2855 4157 in
2888 4117 3003 4172 quo
3033 4100 3320 4155 coleretur
3349 4102 3412 4154 ut
3448 4100 3615 4166 deus,
3648 4106 3704 4153 et

2051 4186 2101 4241 ei
2149 4187 2320 4241 boves
2369 4185 2836 4239 immolarentur.
2869 4181 3050 4238 Credo
3098 4180 3317 4236 honore
3362 4184 3523 4234 tanto
3569 4178 3700 4234 ideo

2049 4265 2294 4336 dignum
2345 4269 2647 4336 putarunt,
2679 4263 2818 4334 quia
2864 4262 2924 4316 in
2966 4261 3128 4330 regni
3171 4259 3257 4315 sui
3307 4264 3470 4330 parte
3518 4259 3704 4331 (pater

2051 4347 2264 4415 quippe
2290 4345 2414 4399 loca
2446 4344 2714 4399 ambolus
2747 4342 3145 4410 distribuerat,
3178 4340 3236 4394 in
3268 4340 3483 4411 quibus
3517 4354 3582 4393 eo
3615 4338 3699 4392 vi-

2049 4435 2216 4482 vente
2250 4428 2584 4498 regnarent)
2619 4426 2725 4480 iste
2755 4424 2970 4480 sacella
2987 4423 3368 4478 constituerat
3398 4422 3468 4476 ad
3503 4421 3698 4477 colen-

2050 4515 2154 4568 dos
2185 4513 2344 4576 deos,
2377 4514 2435 4564 et
2465 4511 2737 4563 docuerat
2776 4507 3068 4561 observari
3098 4509 3360 4573 tempora
3405 4518 3508 4572 per
3538 4517 3700 4555 men-

2049 4609 2142 4649 ses
2174 4599 2346 4664 atque
2376 4606 2579 4658 annos,
2613 4588 2751 4659 quid
2786 4603 2980 4642 eorum
3013 4590 3306 4656 quatenus
3361 4582 3703 4636 metirentur

2116 4771 2131 4804 1
2166 4767 2321 4823 Editi,
2355 4765 2627 4828 Ninyum.
2659 4759 2874 4828 At__Mss.
2908 4751 3594 4828 cum_Eusebio._Il/:inyam.

2115 4830 2136 4863 ²
2167 4811 2322 4889 Bditi;
2357 4811 2659 4877 ITel‘Exion.
2711 4817 3055 4878 Manuscripti
3097 4829 3241 4870 vero,
3294 4811 3562 4869 Telxibn;
3612 4811 3703 4860 vel

2057 4893 2298 4942 Telsion.
2596 4947 2656 4950 __
2685 4946 2696 4950 _
2741 4945 2752 4950 _
3025 4940 3060 4950 _
3159 4941 3172 4950 ,
3199 4940 3208 4950 ,
3509 4934 3572 4950 η..
3598 4935 3610 4947 .

2116 4934 2381 5015 silit-{not
2409 4951 2551 5004 Mss,
2591 4945 2993 4995 Thirimacum.
3025 4940 3282 4989 Eusebius
3311 4950 3455 4992 vero,
3507 4934 3702 4984 Thira-

2052 5017 2333 5064 machum.

2112 5079 2185 5136 (α)
2249 5076 2594 5137 Babylonem,
2633 5083 2699 5137 ad
2737 5067 3082 5137 Semiramide
3133 5065 3479 5137 _exstructam
3556 5073 3699 5137 asse-

2052 5124 2182 5190 runt
2234 5124 2512 5188 Diodorus.
2567 5133 2809 5183 Justinus
2869 5133 2921 5179 et
2972 5131 3079 5178 alii.
3127 5129 3389 5190 Josephus
3417 5138 3562 5190 vero.
3592 5124 3700 5190 Eu-

2053 5187 2257 5260 sebius,
2310 5187 2650 5249 Marcellinus
2723 5195 2937 5260 aliique.
2976 5187 3333 5260 instauratam
3371 5187 3700 5260 solummodo

2053 5252 2120 5315 ab
2176 5252 2248 5314 ea,
2294 5265 2494 5313 dicunt.
2555 5263 2607 5308 et
2662 5252 2990 5318 amplissimo
3036 5256 3293 5304 moenium
3327 5252 3698 5318 ambitu__cinc-

2051 5313 2194 5378 tam.
2214 5313 2324 5390 qui
2361 5328 2499 5373 inter
2526 5313 2805 5390 miracula
2830 5319 3016 5390 mundi
3063 5319 3392 5390 numeratur,
3424 5313 3700 5376 studiaque

2053 5381 2539 5454 quadringentamet
2582 5384 2860 5454 octoginta
2877 5384 3045 5430 lertur
3069 5381 3360 5454 collegisse.

2117 5439 2181 5512 (ὸ)
2205 5439 2415 5501 Eusebii
2439 5450 2653 5512 Chron,
2686 5439 2948 5512 Enalius.
2984 5471 3037 5480 —
3069 5445 3144 5491 Ex
3174 5439 3370 5512 nostris
3403 5441 3454 5490 et
3492 5453 3557 5512 ex
3585 5439 3702 5512 plu-

2053 5502 2202 5565 ribus
2256 5515 2332 5562 PP
2388 5511 2845 5562 Benedictinorum
2898 5508 3020 5557 Mss.
3091 5505 3414 5568 reponimus.
3471 5502 3700 5552 Arrius.

2079 5578 2356 5636 Aralius).
2387 5577 2456 5625 Μ.
2824 5635 2829 5636 γ
3212 5606 3214 5608 τ

2053 5583 2356 5641 (Aralius).
2389 5583 2456 5625 Μ.

2120 5645 2189 5703 (c)
2213 5641 2366 5705 Apud
2391 5638 2694 5697 Eusebium,
2723 5635 3029 5685 Balaneus.
