4124 6188
403 289 537 384 563'

398 460 572 526 atque
603 458 1002 511 numerarent.
1036 457 1166 510 Haec
1198 454 1256 509 in
1288 471 1354 510 eo
1387 471 1533 511 nova
1571 456 1848 514 mirantes
1877 460 2049 515 rudes

397 533 590 588 adhuc
619 533 905 599 homines,
936 537 1114 588 morte
1146 531 1304 588 obita
1345 534 1516 588 deum
1551 551 1680 591 esse
1721 537 1939 592 factum
1973 537 2051 592 si—

393 628 462 669 ve
492 613 709 684 opinati
752 621 907 680 sunt,
942 613 1060 667 sive
1091 613 1419 668 voluerunt.
1443 613 1584 669 Nam
1623 621 1678 670 et
1703 618 1758 672 lo
1783 617 1901 673 filia
1927 619 2052 673 Ina-

398 692 493 748 chi
533 693 709 747 fuisse
736 693 1092 763 perhibetur,
1126 711 1251 764 quae
1276 700 1474 764 postea
1508 697 1618 751 Isis
1657 697 1959 767 appellata,
1988 702 2052 753 ut

399 789 615 846 magna
643 775 749 828 dea
779 773 932 828 culta
971 784 1054 829 est
1083 773 1142 829 in
1174 775 1415 846 Egypto
1452 793 1465 829 :
1497 778 1755 846 quamvis
1775 777 1872 832 alii
1905 779 2050 833 scri-

401 856 544 910 bant
565 871 690 909 eam
715 871 782 908 ex
801 854 1094 925 Ethiopia
1112 857 1169 909 in
1187 860 1494 927 Egyptum
1512 860 1742 914 venisse
1767 859 2049 930 reginam;

401 943 458 990 et
513 936 663 1004 quod
716 933 829 990 late
874 937 1150 1006 justeque
1200 937 1587 1005 imperaverit,
1621 938 1820 1009 eisque
1871 939 2055 994 multa

403 1015 715 1070 commoda
739 1020 796 1069 et
826 1014 1050 1070 litteras
1083 1015 1424 1083 instituerit,
1462 1018 1617 1072 hunc
1650 1018 1927 1074 honorem
1976 1019 2061 1074 illi

405 1095 671 1149 habitum
695 1111 819 1151 esse
847 1095 1107 1150 divinum
1143 1106 1519 1168 posteaquam
1555 1098 1633 1152 ibi
1672 1107 1902 1154 mortua
1951 1104 2059 1158 est,

404 1180 462 1229 et
490 1179 719 1230 tantum
745 1175 1113 1242 honorem,ut
1135 1177 1366 1247 capitali
1391 1177 1636 1233 crimine
1665 1195 1799 1233 reus
1822 1179 2063 1246 fieret,si

405 1254 535 1326 quis
566 1270 694 1311 eam
729 1255 910 1310 fuisse
944 1255 1241 1311 hominem
1277 1257 1488 1312 dicere.

477 1405 710 1462 CAPUT
761 1405 855 1460 IV.
890 1437 956 1444 —
995 1406 1070 1461 De
1099 1406 1437 1541 ismpoltibu:
1467 1408 1625 1464 Jacob
1651 1414 1702 1464 et
1731 1408 1847 1480 ﬁlii
1874 1411 1990 1480 ejus

1157 1501 1277 1541 osen
1325 1527 1337 1540 .

1157 1501 1337 1556 osepn.

478 1607 880 1679 Regnantibus
900 1609 1265 1680 Assyriorum
1298 1610 1520 1666 decimo
1549 1628 1683 1684 rege
1699 1612 1889 1682 Baleo,
1913 1619 1970 1669 et
1989 1616 2068 1670 Si-

407 1689 747 1760 cyoniorum
790 1705 942 1743 nono
992 1691 1275 1760 Messapo,
1309 1691 1409 1762 qui
1449 1692 1628 1747 etiam
1680 1695 2003 1764 Cephisos‘
2034 1712 2068 1750 a

407 1769 765 1840 quibusdam
815 1767 1068 1823 traditur
1109 1770 1184 1839 (si
1231 1781 1420 1825 tamen
1467 1774 1716 1827 duorum
1767 1776 2065 1830 nominum

407 1848 582 1904 homo
615 1865 770 1903 unus
804 1850 930 1916 fuit,
964 1865 1028 1903 ac
1060 1866 1172 1904 non
1209 1854 1403 1918 potius
1453 1854 1705 1907 alterum
1741 1871 1840 1924 pro
1885 1855 2066 1910 altero

408 1932 758 2001 putaverunt
805 1929 984 1983 fuisse
1017 1929 1332 1997 hominem,
1367 1933 1465 2002 qui
1501 1933 1558 1985 in
1593 1935 1720 1989 suis
1749 1941 2069 2004 posuerunt

409 2009 642 2079 scriptis
689 2008 938 2063 alterum
965 2012 1222 2080 nomen),
1257 2026 1388 2064 cum
1426 2028 1521 2066 rex
1551 2015 1895 2084 Argivorum
1946 2025 2067 2070 ter-

406 2087 526 2143 tius
549 2089 686 2157 Apis
715 2094 884 2153 esset,
915 2099 1178 2144 mortuus
1210 2100 1294 2145 est
1328 2093 1488 2146 Isaac
1513 2110 1801 2150 annorum
1835 2101 2068 2151 centum

413 2167 728 2238 octOginta,
763 2171 821 2222 et
850 2167 1086 2239 reliquit
1127 2171 1392 2240 geminos
1421 2188 1556 2227 suos
1602 2190 1887 2230 annorum
1934 2192 2068 2231 cen-

416 2251 542 2302 tum
573 2252 631 2301 et
665 2247 868 2319 viginti
906 2264 919 2302 :
951 2265 1199 2318 quorum
1234 2252 1424 2308 minor
1452 2253 1632 2310 Jacob
1669 2257 1962 2326 pertinens
1993 2257 2065 2312 ad

414 2329 708 2385 civitatem
742 2328 864 2398 Dei,
888 2331 958 2384 de
989 2347 1102 2401 qua
1132 2331 1468 2403 scribimus,
1501 2337 1720 2405 majore
1753 2338 1951 2409 utique
1983 2355 2071 2394 re-

416 2411 683 2481 probato,
715 2409 969 2466 habebat
1008 2414 1312 2469 duodecim
1357 2416 1508 2472 filios
1541 2435 1556 2485 ;
1591 2433 1838 2488 quorum
1880 2420 2069 2489 illum,

417 2491 519 2562 qui
566 2491 882 2546 vocabatur
926 2491 1171 2564 Joseph,
1204 2496 1628 2554 mercatoribus
1657 2499 1717 2552 in
1765 2500 2069 2571 Egyptum

419 2575 871 2628 transeuntibus
921 2576 1151 2642 fratres,
1185 2577 1376 2634 adhuc
1422 2581 1579 2635 Isaac
1611 2597 1714 2637 avo
1761 2599 1962 2638 eorum
1995 2585 2075 2638 vi-

419 2658 588 2709 vente
619 2655 720 2725 (a),
755 2655 1156 2711 vendiderant.
1190 2658 1354 2713 Stetit
1401 2668 1596 2717 autem
1644 2671 1775 2718 ante
1824 2665 2073 2720 Pharao-

419 2734 826 2814 nemrJoseph,
859 2738 1092 2805 quando
1123 2753 1191 2792 ex
1224 2739 1576 2812 humilitate,
1609 2760 1780 2812 quam
1816 2744 2070 2814 pertulit,

421 2813 777 2897 sublimatus
808 2820 914 2897 est,
937 2833 1071 2872 cum
1114 2818 1354 2890 triginta
1403 2831 1552 2877 esset
1582 2813 1869 2880 annorum
1894 2843 1906 2880 :
1936 2842 2076 2897 quo-

423 2891 582 2945 niam
632 2893 863 2949 somnia
893 2897 1042 2967 regis
1093 2898 1287 2954 divine
1336 2902 1772 2972 interpretatus,
1800 2891 2075 2976 praenun-

421 2969 864 3052 tiavit‘septem
926 2976 1211 3032 ubertatis
1270 2996 1456 3036 annos
1491 2969 1764 3048 'futuros,
1800 2969 2071 3052 ~quorum

431 3050 850 3108 abundantiam
894 3055 1322 3127 praepollentem
1364 3066 1788 3130 consequentes
1817 3050 1917 3116 alii
1943 3078 2073 3134 sep-

417 3142 539 3193 tem
580 3133 808 3188 steriles
860 3135 1090 3190 fuerant
1136 3139 1536 3208 consumpturi
1575 3156 1587 3206 ;
1620 3150 1674 3195 et
1702 3141 1774 3197 ob
1801 3143 1909 3199 hoc
1940 3133 2075 3199 eum

420 3227 520 3267 rex
565 3213 896 3295 praifecerat
925 3214 1194 3286 Egypto,
1219 3217 1288 3271 de
1320 3233 1548 3275 carcere
1591 3220 1925 3291 liberatum,
1961 3240 2076 3295 quo

420 3308 555 3347 eum
589 3293 916 3373 conjecerat
946 3295 1256 3365 integritas
1290 3299 1613 3369 castitatis;
1639 3318 1814 3373 quam
1852 3293 2080 3360 forti—ter

420 3387 661 3426 servans
698 3371 844 3427 male
874 3374 1100 3429 amanti
1140 3376 1408 3445 dominae,
1443 3387 1498 3434 et
1525 3371 1674 3436 male
1705 3383 1940 3440 credulo
1973 3386 2078 3440 do-

425 3453 583 3508 mino
617 3454 965 3524 mentiturae,
999 3461 1156 3513 veste
1187 3459 1359 3514 etiam
1401 3461 1672 3517 derelicta
1704 3465 1776 3518 de
1811 3467 2079 3522 manibus

422 3535 773 3591 attrahentis
817 3537 1150 3610 aufugiens,
1191 3558 1306 3596 non
1356 3544 1650 3600 consensit
1680 3547 1750 3600 ad
1783 3553 2077 3618 stuprum.

425 3614 695 3671 Secundo
727 3624 920 3674 autem
966 3636 1119 3675 anno
1165 3629 1385 3694 septem
1431 3641 1716 3681 annorum
1771 3614 2076 3690 sterilium,

423 3698 601 3751 Jacob
634 3697 693 3752 in
736 3701 1044 3772 Egyptum
1077 3719 1210 3758 cum
1261 3706 1382 3760 suis
1414 3707 1687 3762 omnibus
1733 3711 1978 3763 venitad
2013 3712 2079 3763 ﬁ-

423 3774 591 3841 lium,
627 3793 807 3848 agens
839 3797 1022 3837 annos
1063 3789 1296 3838 centum
1328 3790 1384 3840 et
1419 3787 1680 3856 triginta,
1712 3786 1864 3840 sicut
1906 3789 2081 3843 inter-

424 3857 648 3928 roganti
701 3861 821 3931 regi
876 3861 1000 3931 ipse
1050 3867 1350 3934 respondit
1396 3866 1552 3936 (Gen.
1586 3883 1756 3933 xum,
1787 3867 1894 3937 9);
1944 3885 2075 3925 cum

421 3937 637 4010 Joseph
670 3947 864 4010 ageret
911 3941 1147 4011 triginta
1177 3951 1232 3998 et
1263 3963 1486 4014 novem,
1523 3949 1590 4002 ad
1639 3947 1877 4018 triginta
1927 3949 2079 4003 scili-

423 4025 510 4072 cet
541 4034 692 4088 quos
722 4021 952 4090 agebat,
984 4024 1220 4092 quando
1242 4040 1274 4078 a
1305 4042 1439 4096 rege
1477 4027 1799 4082 honoratus
1831 4031 1934 4096 est,
1971 4029 2078 4083 ad-

424 4097 562 4152 ditis
593 4104 820 4169 septem
848 4101 1150 4168 ubertatis,
1182 4108 1239 4158 et
1269 4105 1499 4161 duobus
1531 4107 1725 4161 famis.

425 4254 657 4337 CAPLUT
782 4286 849 4297 --
879 4259 957 4313 De
987 4257 1094 4326 Api
1121 4273 1243 4327 rege
1277 4260 1627 4331 Argivorum,
1647 4278 1806 4333 quem
1837 4266 2082 4337 Egyptii

537 4333 785 4402 Serapim
814 4338 1161 4391 nominatum
1199 4337 1384 4394 divino
1425 4340 1630 4395 honore
1666 4333 1972 4403 coluerunt.

503 4453 603 4510 His
659 4456 1021 4538 temporibus
1079 4473 1176 4513 rex
1229 4463 1571 4534 Argivorum
1628 4467 1767 4538 Apis
1835 4472 2081 4529 navibus

428 4535 882 4622 transvectusjn
913 4537 1240 4622 Egyptum,
1273 4558 1404 4598 cum
1434 4543 1512 4598 ibi
1556 4535 1820 4606 mortuus
1850 4551 2081 4622 fuisset,

428 4614 735 4703 factusest
782 4615 1014 4703 Serapis
1045 4619 1308 4703 omnium
1359 4625 1650 4684 maximus
1689 4614 2082 4703 Egyptiorum

429 4696 595 4753 deus.
627 4695 892 4753 Nominis
936 4703 1130 4781 autem
1182 4701 1381 4774 hujus,
1415 4722 1520 4760 cur
1564 4724 1677 4764 non
1727 4695 1864 4781 Apis
1905 4716 2082 4770 etiam

429 4781 562 4849 post
585 4784 851 4846 mortem,
876 4780 975 4836 sed
1009 4779 1241 4852 Serapis
1263 4784 1592 4854 appellatus
1623 4789 1718 4858 sit,
1743 4779 2076 4849 facillimam

429 4858 716 4914 rationem
767 4859 944 4917 Varro
989 4860 1264 4920 reddidit.
1296 4866 1442 4932 Quia
1489 4869 1646 4924 enim
1696 4886 1832 4927 arca
1863 4873 1922 4928 in
1971 4890 2086 4945 qua

429 4944 695 5027 mortuus
729 4941 978 5027 ponitur,
1003 4947 1154 5015 quod
1187 4949 1525 5019 omnesjam
1557 4941 2084 5027 sarcophagumlb)

430 5024 656 5089 vocant,
683 5018 841 5092 σορός
862 5023 1078 5078 dicitur
1107 5041 1289 5096 graece
1313 5047 1326 5096 ;
1356 5018 1417 5084 et
1443 5029 1523 5084 ibi
1554 5047 1688 5087 eum
1711 5018 1969 5089 venerari
1997 5018 2084 5092 sie1

432 5098 662 5170 pullum
709 5107 1022 5173 cmperant,
1059 5105 1405 5177 priusquam
1456 5112 1742 5181 templum
1776 5115 1904 5184 eius
1934 5121 2085 5173 esset

433 5188 790 5237 exstructum
825 5199 840 5250 ;
868 5185 1022 5240 velut
1069 5185 1238 5242 Soros
1265 5193 1322 5243 et
1350 5190 1507 5260 Apis,
1540 5195 1773 5264 Sorapis
1821 5195 2009 5266 primo
2040 5199 2080 5267 ³,

501 5349 517 5411 ξ
549 5346 819 5411 Nonnulli.
853 5347 996 5408 Mss,
1030 5347 1312 5411 Cephisus.

483 5407 520 5479 .3
547 5407 638 5482 Sic
659 5423 842 5460 omnes
870 5407 992 5460 Mss.
1024 5407 1264 5468 At—editi,
1309 5413 1458 5464 velut
1489 5417 1774 5481 Sorosapis
1804 5423 1889 5471 vel
1922 5422 2086 5472 Sora-

429 5483 522 5530 pts
537 5484 745 5530 primo.

497 5535 574 5601 te)
601 5533 746 5601 09m.
781 5535 989 5601 Quaest.
1020 5537 1077 5585 in
1121 5536 1270 5588 Gen..
1301 5554 1353 5601 q.
1388 5538 1494 5590 122.

504 5594 588 5673 (ᾖ)Δ
624 5597 1033 5673 ξιξνρεριεαροῃ,
1079 5602 1145 5673 id_
1193 5604 1290 5657 est.
1316 5594 1700 5673 'carnivorum.
1749 5612 1842 5673 qui
1903 5624 2084 5673 graece

437 5666 606 5713 :oros,
638 5656 702 5705 de
729 5656 824 5721 est,
855 5656 1064 5713 locutus
1101 5666 1154 5716 et
1180 5656 1319 5716 urna
1344 5666 1556 5719 dicitur.

1465 323 1567 380 DE
1610 320 1974 385 CIVITATE
2016 325 2174 395 DEI,
2222 327 2284 386 S.
2334 323 2762 388 AUGUSTINI

3712 340 3835 402 56L

2158 458 2365 516 deinde
2397 476 2509 516 una
2541 459 2752 528 littera,
2787 467 2850 518 ut
2880 463 3002 520 fieri
3050 465 3283 533 assolet,
3313 477 3700 540 commutata,
3735 477 3838 533 Se-

2158 540 2314 609 rapis
2363 541 2554 595 dictus
2597 546 2682 596 est
2729 543 2826 612 (α).
2853 544 2921 598 Et
2971 549 3362 604 constitutum
3409 557 3501 608 est
3550 557 3729 610 etiam
3763 558 3842 614 de

2159 615 2278 686 illo,
2315 628 2380 675 ut
2412 620 2680 692 quisquis
2715 639 2847 678 eum
2882 623 3184 682 hominem
3227 629 3471 688 dixisset
3504 634 3706 704 fuisse,
3739 654 3842 693 ca-

2161 699 2395 770 pitalem
2430 705 2707 772 penderet
2748 720 2999 774 poenam.
3036 707 3102 761 Et
3132 712 3411 779 quoniam
3463 715 3580 770 fere
3611 717 3670 772 in
3693 699 3843 773 Iom-

2161 779 2336 867 nibus
2372 782 2633 867 templis,
2667 783 2758 838 ubi
2814 784 3157 867 colebantur
3191 791 3299 845 Isis
3331 797 3386 846 et
3417 793 3677 867 Serapis,
3711 800 3845 854 erat

2162 860 2340 914 etiam
2372 860 2774 947 simulacrum,
2809 866 2960 947 quod
2989 867 3173 938 digito
3209 868 3380 928 labiis
3413 860 3700 947 impresso
3733 880 3844 934 ad-

2164 954 2400 995 mouere
2433 941 2743 1010 videretur,
2780 951 2843 997 ut
2873 944 3172 1030 silentium
3208 949 3374 1030 fieret
3409 971 3422 1022 ;
3457 941 3568 1011 hoc
3603 959 3844 1030 signiﬁ-

2181 1028 2310 1075 care
2342 1021 2494 1076 idem
2533 1022 2713 1078 Varro
2761 1025 3075 1093 existimat,
3110 1033 3174 1084 ut
3221 1029 3490 1091 homines
3520 1052 3619 1093 eos
3652 1021 3846 1096 fuisse

2167 1106 2473 1157 taceretur.
2518 1103 2619 1159 Ille
2658 1110 2853 1160 autem
2902 1106 3026 1176 bos,
3059 1125 3230 1178 quem
3264 1116 3520 1172 mirabili
3577 1121 3845 1178 vanitate

2170 1181 2408 1253 decepta
2439 1187 2720 1255 JEgyptus
2752 1187 2809 1240 in
2843 1186 2972 1256 ejus
3008 1188 3287 1248 honorem
3319 1194 3549 1253 deliciis
3581 1199 3838 1256 afﬂuen-

2169 1261 2326 1317 tibus
2357 1262 2573 1332 alebat,
2607 1266 2885 1335 quoniam
2917 1282 3050 1350 eum
3085 1270 3212 1327 sine
3241 1277 3600 1350 sarcOphago
3633 1282 3840 1337 vivum

2168 1342 2780 1415 venerabantur,Apis,
2807 1361 2921 1399 non
2956 1345 3190 1420 Serapis
3222 1342 3695 1423 vocabatuEQuo
3731 1361 3844 1416 bo-

2169 1436 2238 1478 ve
2286 1432 2530 1491 mortuo,
2585 1424 2855 1496 quoniam
2908 1431 3275 1494 quaerebatur
3321 1439 3379 1488 et
3427 1441 3845 1508 reperiebatur

2170 1502 2390 1588 vitulus
2421 1505 2630 1588 coloris
2678 1507 2964 1588 ejusdem,
2999 1509 3106 1564 hoc
3136 1517 3246 1579 est,
3280 1513 3429 1571 albis
3481 1502 3840 1588 quibusdam

2173 1582 2420 1638 maculis
2449 1584 2719 1640 similiter
2747 1587 3063 1659 insignitus
3095 1607 3109 1657 ;
3142 1592 3354 1650 mirum
3385 1582 3630 1667 quidam
3661 1607 3721 1656 et
3752 1602 3843 1655 di-

2175 1663 2384 1718 Yinitus
2414 1666 2524 1720 sibi
2569 1675 2946 1738 procuratum
2979 1687 3106 1726 esse
3146 1663 3479 1734 credebant.
3514 1681 3639 1736 Non
3673 1685 3839 1739 enim

2173 1757 2446 1834 magnum
2474 1751 2595 1834 erat
2626 1746 2989 1834 daemonibus
3021 1753 3090 1806 ad
3115 1767 3212 1808 eos
3243 1755 3619 1829 decipiendos
3653 1763 3844 1834 phan-

2174 1825 2383 1880 tasiam
2443 1827 2578 1882 talis
2637 1831 2810 1894 tauri,
2846 1848 3021 1902 quam
3071 1834 3195 1889 sola
3233 1825 3506 1907 cerneret,
3543 1825 3843 1903 ostentare

2173 1919 2358 1959 vaccae
2419 1907 2765 1978 concipienti
2815 1917 2988 1982 atque
3047 1919 3393 1986 praegnanti,
3446 1926 3601 1978 unde
3651 1923 3838 1982 libido

2176 1986 2382 2039 matris
2427 1987 2748 2074 attraheret‘
2773 1993 2926 2074 quod
2962 1993 3018 2046 in
3051 1995 3181 2064 ejus
3212 1998 3327 2051 fetu
3356 2000 3475 2069 jam
3510 2006 3839 2074 corporali-

2175 2068 2260 2119 ter
2309 2074 2658 2136 appareret:
2706 2069 2857 2153 sicut
2902 2073 3076 2128 Jacob
3128 2076 3198 2130 de
3247 2068 3426 2148 virgis
3476 2068 3736 2153 variatis,
3772 2093 3839 2144 ut

2177 2160 2312 2199 oves
2344 2153 2400 2200 et
2430 2163 2614 2218 capras
2661 2149 2825 2204 variae
2856 2160 3254 2220 nascerentur,
3290 2159 3478 2215 effecit
3517 2161 3667 2233 (Gen.
3695 2149 3838 2237 δέη,

2174 2224 2395 2316 37-ξὶ2)ἶ
2418 2229 2577 2316 Quod
2609 2231 2763 2285 enim
2798 2230 3068 2316 homines
3099 2236 3394 2316 coloribus
3416 2247 3474 2296 et
3494 2224 3841 2316 corporibus

2176 2306 2350 2395 veris,
2377 2307 2491 2395 hoc
2521 2309 2813 2395 daemones
2845 2312 3050 2384 ﬁguris
3091 2314 3237 2372 ﬁctis
3271 2319 3549 2378 facillime
3589 2306 3840 2395 possunt

2177 2388 2528 2445 animalibus
2560 2393 3021 2464 concipientibus
3046 2398 3340 2456 exhibere.

2178 2569 2602 2664 CAPUT‘VI.—.
2625 2573 2739 2664 Quo
2762 2579 3198 2664 νερηᾳηίθ-αραά
3225 2582 3474 2653 Argivos,
3501 2602 3673 2658 quove
3693 2593 3842 2664 apud

2392 2653 2660 2725 Assyrios,
2691 2656 2854 2712 Jacob
2891 2659 2949 2712 in
2989 2659 3222 2732 AEgypto
3251 2665 3322 2718 sit
3351 2653 3625 2725 mortuus.

2252 2786 2397 2857 Apis
2427 2802 2564 2858 ergo
2596 2804 2853 2873 rex,_non
2883 2789 3308 2873 iEgyptiorum,
3332 2799 3430 2853 sed
3463 2801 3839 2873 Argivorum,

2182 2873 2445 2949 mortuus
2494 2873 2584 2924 est
2610 2869 2669 2924 in
2695 2869 2962 2941 Egypto.
2997 2872 3138 2929 Huic
3181 2874 3336 2932 ﬁlius
3365 2869 3847 2949 Argus‘succesit

2181 2945 2243 3001 in
2275 2962 2541 3017 regnum,
2573 2964 2642 3003 ex
2671 2951 2840 3020 cujus
2870 2953 3107 3008 nomine
3133 2962 3187 3010 et
3217 2957 3368 3027 Argi,
3399 2945 3470 3014 et
3485 2976 3551 3015 ex
3588 2963 3697 3019 hoc
3729 2968 3842 3020 Ar-

2181 3026 2337 3114 givi,-
2370 3029 2646 3114 appellati
2695 3036 2874 3087 sunt:
2906 3026 3315 3114 superioribus,
3353 3043 3543 3096 autem
3596 3046 3840 3114 regibus

2183 3106 2445 3186 nondum
2497 3107 2585 3163 vel
2632 3109 2796 3166 locus
2835 3112 2922 3168 vel
2961 3129 3105 3186 gens
3147 3115 3398 3173 habebat
3444 3119 3552 3175 hoc
3601 3106 3843 3182 novmen.

2183 3184 2298 3276 Hoc
2348 3203 2490 3278 ergo
2533 3197 2835 3278 regnante
2860 3184 3014 3278 apud
3055 3196 3316 3264 Argivos,
3357 3203 3414 3254 et
3453 3204 3608 3273 apud
3642 3204 3843 3278 Sicyo-

2184 3268 2310 3321 nios
2364 3267 2559 3336 Erato,
2609 3272 2758 3340 apud
2808 3274 3072 3346 Assyrios
3129 3293 3264 3333 vero
3315 3267 3510 3336 adhuc
3568 3267 3847 3344 manehte

2183 3346 2372 3413 Baleo,
2399 3354 2660 3405 mortuus
2685 3357 2775 3407 est
2802 3353 2982 3409 Jacob
3008 3354 3066 3409 in
3097 3359 3340 3429 Egypto
3371 3377 3661 3419 annorum
3709 3382 3841 3422 cen-

2184 3432 2306 3484 tum
2366 3430 2754 3501 quadraginta
2805 3438 3052 3505 septem,
3109 3453 3242 3492 cum
3306 3440 3629 3499 moriturus
3690 3446 3845 3502 ﬁlios

2185 3525 2324 3565 suos
2355 3519 2409 3565 et
2441 3517 2678 3582 nepotes
2709 3529 2778 3568 ex
2814 3514 3029 3586 Joseph
3059 3517 3473 3589 benedixisset,
3507 3523 3844 3581 Christum-

2185 3606 2294 3660 que
2345 3591 2710 3659 apertissime
2753 3595 3174 3667 propbetasset,
3226 3598 3425 3656 dicens
3455 3602 3514 3656 in
3565 3603 3842 3663 benedic-

2186 3672 2340 3725 tione
2370 3671 2554 3737 Judaa,
2578 3677 2696 3729 Non
2728 3675 2940 3744 deﬁciet
2965 3679 3224 3750 princeps
3252 3697 3322 3736 ea:
3347 3681 3511 3752 Juda,
3539 3689 3592 3739 et
3620 3685 3739 3742 duo:
3781 3689 3846 3744 de

2183 3753 2480 3832 femoribus
2511 3755 2646 3822 eius,
2677 3755 2848 3812 donec
2878 3759 3104 3815 veniant
3134 3777 3254 3831 qua
3281 3766 3518 3832 reposita
3549 3771 3679 3820 sunt
3725 3771 3784 3822 ei
3823 3788 3840 3822 :

2183 3833 2234 3882 et
2304 3828 2423 3898 ipse
2485 3836 2816 3903 exspectatio
2865 3837 3116 3905 gentium
3145 3828 3518 3907 ’(ϐεη.’κῐ.ῐι,
3573 3843 3682 3913 10).
3736 3850 3844 3900 Re-

2184 3916 2399 3989 gnante
2427 3913 2578 3983 Argo
2609 3916 2735 3969 suis
2773 3916 2947 3986 cmpit
2977 3917 3058 3970 uti
3091 3917 3355 3989 frugibus
3383 3921 3624 3988 Graecia,
3654 3930 3712 3979 et
3737 3925 3839 3982 ha-

2185 3987 2318 4044 bere
2349 3998 2572 4061 segetes
2603 3996 2663 4050 in
2715 3987 3310 4066 agricultura,delatis
3334 4002 3572 4058 aliunde
3599 3987 3840 4061 semini-

2186 4071 2319 4156 bus.
2343 4072 2533 4156 Argus
2565 4091 2796 4146 quoque
2828 4081 2958 4156 post
2986 4077 3209 4133 obitum
3242 4080 3385 4136 deus
3419 4081 3614 4138 haberi
3647 4088 3840 4156 capit.

2191 4150 2409 4220 templo
2457 4159 2514 4207 et
2543 4156 2845 4210 sacrificiis
2895 4155 3231 4214 honoratus.
3265 4161 3372 4226 Qui
3417 4161 3602 4218 honor
3647 4181 3715 4220 eo
3737 4150 3839 4223 ‘re-

2185 4241 2396 4314 gnante
2445 4240 2580 4288 ante
2625 4235 2793 4290 illum
2847 4237 3070 4294 delatus
3117 4244 3208 4294 est
3238 4239 3464 4298 homini
3514 4245 3739 4314 privato
3779 4252 3838 4302 et

2187 4309 2497 4368 fulminato
2547 4316 2780 4370 cuidam
2812 4321 3163 4390 Homogyro,
3195 4335 3260 4375 eo
3292 4323 3444 4392 quod
3496 4309 3719 4395 primus
3763 4328 3836 4382 ad

2187 4401 2440 4452 aratrum
2477 4396 2648 4452 boves
2673 4398 2957 4466 junxerit.

2187 4570 2416 4627 CAPUT
2456 4569 2670 4626 VIf.—
2699 4573 2943 4641 Quorum
2986 4590 3191 4648 regum
3241 4583 3484 4649 tempore
3525 4581 3728 4651 Ioseph
3776 4582 3835 4636 in

2671 4655 2900 4726 Egypto
2937 4655 3225 4726 defunctus
3253 4657 3347 4713 sit.

2261 4790 2653 4860 Regnantibus
2682 4791 3050 4864 Assyriorum
3081 4795 3425 4852 duodecimo
3446 4797 3682 4853 Mamito
3715 4799 3758 4865 ¹,
3787 4806 3841 4854 et

2190 4872 2501 4928 undecimo
2544 4872 2944 4943 Sicyoniorum
2977 4871 3266 4931 Plemnaao
3291 4876 3331 4944 ³,
3357 4880 3412 4932 et
3444 4878 3611 4948 Argis
3643 4878 3835 4934 adhuc

2256 5054 2272 5085 1
2333 5051 2484 5115 Vind.
2539 5052 2655 5115 Am.
2723 5053 2774 5099 et
2836 5051 2951 5115 _Er.,
3009 5052 3329 5100 Her-musco.
3390 5052 3642 5103 Nonnulli
3697 5055 3840 5115 Mss,

2188 5113 2442 5177 Amytho.
2499 5114 2603 5162 Alii
2659 5127 2779 5162 cum
2834 5113 2980 5169 Lov.,
3028 5115 3263 5163 Mamito
3294 5128 3306 5173 ;
3336 5115 3492 5177 juxta
3537 5113 3839 5174 Eusebium,

2188 5176 2281 5238 qui
2337 5177 2515 5225 tamen
2571 5177 2713 5224 hunc
2767 5189 2874 5223 non
2930 5177 3318 5232 duodecimum.
3339 5176 3440 5226 sed
3498 5180 3839 5230 undecimum

2188 5239 2529 5300 Assyriorum
2585 5252 2758 5299 regem
2823 5239 2972 5299 ponit
3012 5239 3242 5296 deinde;
3277 5241 3643 5290 duodecimum
3701 5244 3841 5293 Man.

2189 5301 2452 5366 chaelum,
2502 5303 2718 5351 tertium
2771 5301 3034 5366 decimum
3076 5303 3396 5366 _iphereum,
3452 5307 3708 5366 quartum
3758 5307 3843 5355 de.

2189 5365 2383 5430 cimum
2413 5367 2720 5430 Mamvtam,
2751 5364 2902 5424 cujus
2928 5364 3042 5414 loco
3072 5364 3335 5427 Saphrum
3363 5364 3536 5428 capite
3596 5371 3838 5430 sequenti

2188 5429 2347 5478 refert
2376 5429 2720 5489 Augustinus.

2253 5491 2274 5524 ²
2303 5490 2485 5540 Plures
2520 5491 2662 5545 Mss..
2693 5489 2988 5538 Plemmeo.
3011 5489 3286 5550 Eusebius,
3306 5489 3644 5545 Plenneum,
3664 5497 3836 5544 vocat.

2253 5553 2328 5611 (α)
2401 5554 2471 5602 De
2539 5553 2622 5602 his
2689 5553 3022 5614 etymologiis
3104 5553 3234 5614 quid
3311 5553 3650 5602 sentiendum
3748 5559 3834 5613 sit,

2191 5616 2336 5682 vide‘
2370 5615 2513 5678 apud
2535 5615 2935 5682 _Jab_lonsk_ium
2965 5615 3052 5682 ad__
3099 5615 3394 5682 Pantheum
3437 5617 3835 5682 _£gyptiorum,

2190 5677 2282 5727 lib.
2312 5678 2360 5738 2,
2391 5691 2504 5739 cap.
2533 5677 2582 5736 5,
2614 5678 2706 5736 §8,
2736 5678 2830 5740 qui
2861 5680 2914 5727 te
2933 5677 3151 5728 meliora
3181 5678 3404 5729 docebit.
3435 5677 3674 5730 hacin.
