4124 6188
285 316 396 379 565

279 460 550 512 manente
577 458 749 528 Argo,
785 463 1050 514 mortuus
1080 462 1168 513 est
1198 458 1412 530 Joseph
1443 459 1503 514 in
1536 461 1782 532 Ai'gypto
1820 478 1927 516 an-

281 551 486 592 norum
533 546 765 592 centum
813 543 870 593 et
918 539 1112 594 decem
1164 538 1315 610 (Gen.
1351 557 1400 594 L.
1433 540 1545 607 25).
1582 545 1713 595 POst
1764 543 1930 612 cujus

282 623 525 672 mortem
579 616 824 688 populus
867 618 965 673 Dei
1017 619 1360 674 mirabiliter
1391 637 1661 675 crescens
1716 624 1929 677 mansit

279 697 338 752 in
385 700 630 767 ngypto
686 703 918 752 centum
973 699 1348 768 quadraginta
1402 701 1660 771 quinque
1719 718 1924 768 annos,

280 777 590 844 tranquille
623 779 806 848 prius,
836 778 1018 833 donec
1069 787 1434 836 morerentur
1465 783 1676 852 quibus
1713 781 1927 850 Joseph

282 863 456 912 notus
509 856 658 911 fuit:
696 857 902 913 deinde
954 859 1094 930 quia
1141 859 1507 916 invidebatur
1556 863 1929 916 incrementis

279 937 429 1008 ejus,
453 941 736 1008 erantque
774 945 1040 1007 suspecta
1079 957 1382 1012 quousque
1413 942 1927 1007 indeliberaretur,

279 1019 818 1090 persecutionibus‘
851 1021 1035 1088 (inter
1081 1037 1229 1092 quas
1280 1027 1475 1076 tamen
1527 1022 1805 1078 divinitus
1851 1023 1939 1077 fe-

278 1102 532 1156 cundata
561 1098 1038 1168 multiplicatione
1061 1107 1376 1172 crescebat)
1399 1109 1455 1158 et
1486 1104 1776 1159 laboribus
1806 1119 1936 1176 pre-

281 1181 556 1237 mebatur
602 1180 976 1237 intolerabilis
1016 1183 1332 1240 servitutis.
1365 1186 1425 1241 In
1457 1186 1693 1257 Assyria
1721 1201 1853 1240 vero
1883 1189 1940 1241 et

280 1261 506 1398 l(graecia
547 1276 650 1331 per
697 1261 849 1317 idem
893 1267 1128 1334 tempus
1173 1280 1350 1336 regna
1388 1267 1592 1322 eadem
1635 1281 1938 1337 permane-

325 1348 449 1398 ant.

325 1348 449 1398 ant.

276 1485 516 1542 CAPUT
543 1485 694 1540 Vlll.
725 1515 794 1525 —
825 1487 1067 1554 Quorum
1097 1503 1290 1557 regum
1336 1497 1496 1547 astate
1538 1495 1746 1562 Moyses
1775 1500 1938 1547 natus

353 1569 533 1702 sitiet
561 1581 792 1636 quorum
841 1567 1068 1622 deorum
1107 1568 1303 1624 iisdem
1349 1573 1686 1642 temporibus
1716 1573 1790 1626 sit
1819 1575 1939 1626 orta

355 1664 419 1704 re
445 1664 576 1716 τωο.

359 1774 501 1830 Cum
561 1790 694 1846 ergo
754 1779 1020 1844 regnaret
1073 1777 1329 1845 Assyriis
1383 1783 1627 1848 quartus
1676 1777 1940 1835 decimus

275 1856 566 1926 Saphrus,
617 1862 672 1910 et
725 1855 1006 1926 Sicyoniis
1062 1858 1438 1913 duodecimus
1487 1860 1841 1929 Orthopnlis,
1885 1864 1942 1915 et

278 1935 524 1991 Criasus
584 1935 826 2006 quintus
885 1937 1130 2008 Argivis,
1191 1945 1366 1994 natus
1425 1945 1511 1994 est
1581 1940 1638 1993 in
1697 1939 1940 2010 [Egypto

279 2017 542 2084 Moyses,
576 2032 676 2085 per
704 2033 873 2085 quem
909 2018 1157 2088 populus
1188 2019 1286 2074 Dei
1335 2021 1405 2074 de
1435 2022 1712 2075 servitute
1741 2019 1942 2090 [Egyp-

277 2097 372 2151 tia
397 2094 680 2150 liberatus
709 2101 817 2160 est,
849 2097 907 2150 in
940 2113 1056 2168 qua
1086 2114 1220 2152 eum
1263 2101 1328 2153 ad
1369 2099 1820 2154 desiderantium
1852 2098 1944 2152 sui

276 2177 578 2232 Creatoris
609 2176 888 2231 auxilium
919 2177 1004 2232 sic
1035 2179 1289 2232 exerceri
1319 2180 1638 2249 oportebat.
1674 2177 1945 2247 Regnan-

284 2256 451 2312 tibus
482 2259 821 2312 memoratis
870 2257 1104 2328 regibus
1137 2257 1313 2312 fuisse
1361 2274 1395 2312 a
1439 2257 1790 2328 quibusdam
1823 2271 1946 2311 cre-

276 2337 451 2394 ditur
489 2337 869 2392 Prometheus
901 2338 1007 2408 (a);
1043 2353 1214 2408 quem
1280 2344 1582 2409 propterea
1637 2340 1825 2393 ferunt
1875 2337 1947 2391 de

274 2419 411 2473 luto
465 2418 746 2472 formasse
807 2417 1094 2482 homines,
1147 2418 1281 2489 quia
1333 2419 1636 2488 sapientiai
1691 2419 1945 2488 Optimus

279 2500 495 2555 doctor
562 2496 744 2551 fuisse
803 2497 1174 2568 perhibetur:
1211 2514 1316 2555 nec
1371 2503 1561 2554 tamen
1621 2498 1948 2553 ostenditur

277 2579 397 2651 qui
429 2581 558 2648 ejus
589 2577 950 2645 temporibus
1000 2578 1210 2633 fuerint
1241 2580 1551 2649 sapientes.
1595 2580 1791 2635 Frater
1819 2579 1948 2646 ejus

279 2657 503 2714 Atlas’
532 2673 784 2726 magnus
833 2657 1013 2712 fuisse
1042 2659 1366 2731 astrologus
1391 2660 1637 2715 dicitur:
1666 2660 1818 2714 unde
1849 2674 1947 2713 oc-

281 2737 594 2794 casionem
645 2735 841 2790 fabula
885 2737 1126 2808 invenit,
1177 2744 1242 2793 ut
1287 2756 1420 2794 eum
1471 2741 1679 2795 ccelum
1723 2749 1948 2810 portare

291 2815 698 2884 conﬁngeret:
732 2817 992 2886 quamvis
1043 2834 1208 2873 mons
1239 2821 1362 2889 ejus
1385 2821 1617 2875 nomine
1647 2834 1949 2890 nuncupe-

283 2901 417 2955 tur.
452 2896 622 2965 cujus
651 2896 957 2952 altitudine
988 2898 1181 2967 potius
1210 2901 1336 2954 coeli
1371 2900 1698 2971 portatioin
1729 2899 1950 2970 opinio-

289 2993 438 3033 nem
475 2973 628 3046 vulgi
660 2976 890 3032 venisse
927 2977 1209 3034 videatur.
1262 2979 1446 3036 Multa
1475 2997 1710 3052 quoque
1740 2979 1850 3034 alia
1881 2995 1950 3034 ex

282 3056 415 3113 illis
447 3056 505 3111 in
537 3055 756 3111 Graecia
783 3057 1144 3127 temporibus
1189 3060 1443 3132 confingi
1477 3061 1736 3116 fabulosa
1764 3076 1950 3130 caspe-

283 3142 474 3194 runt:
509 3137 607 3193 sed
670 3153 856 3208 usque
911 3139 980 3193 ad
1032 3139 1340 3211 Cecropem
1394 3158 1588 3213 regem
1633 3141 1950 3196 Athenien-

284 3221 477 3285 sium,
510 3235 622 3288 quo
653 3223 931 3289 regnante
965 3221 1170 3276 eadem
1211 3222 1414 3278 civitas
1455 3222 1631 3279 etiam
1681 3223 1796 3276 tale
1840 3237 1948 3276 no-

287 3318 433 3359 men
495 3301 742 3372 accepit,
776 3305 832 3357 et
889 3318 1003 3373 quo
1063 3308 1343 3376 regnante
1399 3306 1549 3360 Deus
1580 3319 1682 3374 per
1712 3303 1950 3373 Moysen

287 3384 500 3442 eduxit
546 3399 614 3439 ex
660 3382 900 3454 [Egypto
951 3384 1230 3454 populum
1281 3401 1478 3452 suum,
1527 3385 1693 3439 relati
1725 3388 1862 3439 sunt
1892 3383 1952 3437 in

286 3461 542 3515 deorum
602 3476 913 3514 numerum
960 3462 1185 3533 aliquot
1243 3464 1457 3517 mortui
1510 3478 1662 3517 caeca
1707 3467 1766 3516 et
1807 3477 1956 3516 vana

287 3541 723 3596 consuetudine
769 3556 836 3595 ac
873 3542 1286 3612 superstitione
1325 3543 1677 3598 Graecorum.
1723 3542 1784 3596 In
1819 3542 1954 3611 qui-

290 3621 409 3677 bus
443 3620 624 3676 Criasi
656 3622 808 3692 regis
837 3625 1052 3691 conjux
1092 3621 1546 3690 Melantomice3,
1595 3627 1653 3676 et
1693 3621 1954 3676 Phorbas

288 3703 456 3758 ﬁlius
486 3717 707 3768 eorum,
739 3703 840 3773 qui
883 3712 1008 3773 post
1053 3709 1274 3772 patrem
1309 3719 1404 3758 rex
1450 3703 1789 3775 Argivorum
1823 3717 1956 3757 sex-

290 3793 403 3840 tus
458 3784 587 3850 fuit,
643 3790 700 3838 et
747 3783 980 3854 septimi
1013 3785 1165 3856 regis
1214 3785 1437 3854 Triopas
1479 3785 1635 3840 ﬁlius
1682 3786 1870 3844 Iasus.
1902 3793 1955 3840 et

295 3883 404 3925 rex
437 3883 626 3922 nonus
655 3867 985 3934 Sthenelas,
1019 3867 1140 3921 sive
1166 3867 1536 3934 Stheneleus,
1569 3865 1688 3921 sive
1720 3867 1956 3922 Sthene-

293 3949 421 4015 lus,
455 3947 613 4002 varie
645 3949 860 4019 quippe
893 3947 952 4003 in
976 3946 1219 4002 diversis
1263 3947 1598 4002 auctoribus
1638 3946 1952 4000 invenitur.

294 4028 408 4085 Bis
431 4028 794 4098 temporibus
825 4030 995 4084 etiam
1029 4028 1352 4084 Mercurius
1384 4028 1560 4082 fuisse
1592 4026 1950 4098 perhibetur,

294 4126 484 4181 nepos
541 4108 814 4174 Atlantis,
860 4125 928 4164 ex
985 4109 1138 4165 Maia
1192 4109 1338 4165 ﬁlia:
1388 4109 1541 4180 quod
1599 4107 1950 4179 vulgatiores

290 4192 473 4247 etiam
503 4189 705 4244 litterae
737 4196 1072 4260 personant.
1125 4189 1438 4244 Multarum
1489 4192 1682 4242 autem
1733 4187 1946 4241 artium

288 4272 519 4340 peritus
570 4269 800 4337 claruit,
851 4286 989 4340 quas
1037 4274 1096 4325 et
1137 4269 1473 4324 hominibus
1521 4268 1801 4323 tradidit:
1835 4282 1949 4338 quo

288 4351 504 4408 merito
553 4367 688 4406 sum
740 4361 870 4422 post
918 4355 1166 4406 mortem
1215 4352 1387 4406 deum
1437 4365 1563 4406 esse
1617 4349 1947 4417 voluerunt,

287 4434 410 4489 sive
462 4431 639 4487 etiam
691 4432 1083 4487 crediderunt.
1116 4432 1406 4487 Posterior
1462 4432 1644 4488 fuisse
1675 4431 1948 4487 Hercules

283 4515 524 4579 dicitur,
577 4512 650 4566 ad
701 4527 767 4567 ea
810 4517 1010 4567 tamen
1063 4517 1320 4584 tempore
1370 4515 1668 4583 pertinens
1710 4513 1949 4580 Argivo-

287 4610 466 4651 rum:
499 4593 772 4666 quamvis
820 4593 1092 4650 nonnulli
1135 4609 1269 4649 eum
1321 4594 1607 4649 Mercurio
1643 4593 1950 4662 praeferant

284 4684 593 4748 tempore;
626 4693 776 4748 quos
826 4675 948 4730 falli
998 4676 1292 4732 existimo.
1344 4675 1451 4730 Sed
1501 4673 1763 4746 quolibet
1801 4679 1948 4728 tem-

285 4774 428 4830 pore
462 4757 580 4812 nati
612 4758 751 4824 sint,
786 4761 1015 4812 constat
1064 4757 1214 4812 inter
1245 4756 1556 4812 historicos
1589 4771 1814 4827 graves,
1844 4755 1944 4826 qui

347 4943 363 4976 ι
420 4938 561 4987 Editi
586 4941 745 5003 Apost,
783 4939 1262 5001 persecutionibus
1313 4941 1534 5001 addunt,
1580 4940 1946 5003 afﬂigebatur

291 5001 623 5053 innumeris
657 5017 672 5048 .·
703 5003 846 5064 quod
878 5015 911 5051 a
938 5003 1058 5051 Mss.
1090 5004 1255 5051 abest.

285 5065 424 5178 At?“
452 5065 511 5114 In
577 5065 850 5114 veteribus
909 5065 1061 5114 libris
1129 5067 1434 5115 constanter
1505 5067 1758 5129 scriptum
1845 5070 1944 5123 est.

431 5143 518 5175 ns.

339 5137 518 5178 nam.

349 5193 370 5227 ³
414 5191 492 5239 Ita
541 5189 662 5238 Mss.
710 5189 782 5239 At
829 5189 983 5238 Vind.
1031 5191 1146 5240 Am.
1198 5189 1304 5251 Er.,
1355 5191 1752 5241 Melanoomice.
1796 5195 1943 5247 Lov..

286 5252 675 5303 Melanionice.

355 5323 435 5382 ta)
478 5314 860 5382 Sic_Eusebius
900 5314 971 5382 _in
1021 5315 1294 5382 Chronico,
1345 5331 1410 5366 ex
1455 5318 1689 5382 aliorum,
1730 5322 1782 5367 et
1838 5320 1947 5382 ipse

291 5379 540 5444 Opinione
579 5377 802 5444 loquens
832 5391 843 5426 :
897 5378 1195 5444 Secundum
1228 5381 1615 5444 quorumdam,
1645 5381 1739 5439 ait,
1785 5401 1808 5426 α
1841 5377 1946 5444 6ρί-

297 5440 564 5507 (nionem
628 5440 713 5507 his
741 5505 747 5507 _
776 5442 1103 5502 temporibus
1163 5440 1274 5491 fuit
1336 5443 1696 5498 Prometheus.
1755 5459 1787 5493 a
1841 5440 1948 5507 quo

296 5521 325 5548 α
359 5503 606 5567 homines
650 5503 817 5552 iactos
871 5517 985 5553 esse
1053 5509 1506 5554 commemorant:
1565 5509 1618 5554 et
1666 5520 1722 5556 re
1781 5503 1944 5567 vera;

303 5585 327 5608 ει
359 5579 480 5616 cum
525 5565 670 5614 enim
727 5567 938 5628 sapiens
994 5569 1148 5620 esset,
1209 5569 1470 5617 feritatem
1527 5581 1707 5617 eorum
1765 5573 1816 5619 et
1872 5565 1949 5619 ni-

301 5644 328 5674 α
361 5628 522 5676 miam
549 5628 865 5689 imperitiam
893 5629 961 5678 ad
986 5631 1376 5680 humanitatem
1402 5633 1454 5680 et
1484 5631 1756 5681 scientiam
1777 5636 1948 5684 trans-

303 5708 332 5735 «
361 5690 642 5752 ﬁgurabat.
675 5709 699 5734 ι)

1460 326 1690 386 LIBER
1734 326 2078 393 DECIMUS
2125 334 2506 400 OCTAVUS.

3567 361 3682 418 566

2041 464 2160 555 haec
2189 471 2427 541 antiqua
2460 471 2663 532 litteris
2697 479 3142 553 mandaverunt,
3187 487 3390 544 ambos
3423 489 3685 545 homines

2037 546 2238 638 fuisse,
2271 555 2325 605 et
2355 555 2506 638 quod
2542 561 2884 615 mortalibus
2912 565 2981 618 ad
3017 546 3186 620 istam
3222 570 3393 624 vitam
3429 587 3684 626 commo~

2037 629 2170 682 dius
2201 632 2530 715 ducendam
2567 640 2844 695 beneﬁcia
2887 645 3066 698 multa
3099 648 3470 715 contulerint,
3505 651 3685 705 hono-

2039 725 2128 801 res
2160 713 2344 801 absis
2375 717 2679 801 meruisse
2729 722 2975 777 divinos.
3032 726 3287 783 Minerva
3340 713 3468 784 vero
3519 733 3690 801 longe

2041 788 2134 880 his.
2160 793 2478 880 apti-quior.
2516 797 2658 880 Nam
2696 806 3056 871 temporibus
3100 807 3334 879 Ogygii‘
3369 811 3437 863 ad
3476 788 3688 876 lacum,

2038 872 2136 958 qui
2197 872 2448 958 Tritonis
2507 877 2740 943 dicitur,
2802 884 3065 951 virginali
3113 872 3456 958 apparuisse
3511 872 3691 944 fertur

2038 955 2242 1018 etate;
2281 957 2434 1011 unde
2463 963 2521 1013 et
2552 961 2813 1018 Tritonia
2848 955 3335 1038 nuncupatavest:
3373 971 3689 1026 multorum

2043 1047 2196 1124 sane.
2243 1051 2488 1106 operum
2548 1040 2874 1111 inventrix;
2919 1054 2973 1101 et
3027 1056 3182 1105 tanto
3243 1053 3554 1122 proclivius
3587 1055 3695 1109 dea

2043 1114 2280 1203 credita,
2323 1125 2568 1203 quanto‘
2604 1124 2797 1179 minus
2848 1127 3009 1198 origo
3066 1131 3191 1200 ejus
3225 1114 3499 1187 innotuit.
3542 1133 3691 1196 Quid

2041 1194 2199 1282 enim
2239 1194 2521 1282 decapite
2545 1201 2699 1256 Jovis
2733 1209 2865 1259 nata
2912 1194 3160 1279 canitur,
3217 1212 3400 1279 poetis
3432 1216 3487 1266 et
3529 1194 3694 1266 fabu-

2040 1271 2136 1363 lis,
2174 1289 2286 1328 non
2323 1278 2579 1363 historiae
2612 1284 2898 1356 rebusque
2927 1289 3108 1359 gestis
3135 1271 3690 1363 est-applicandum.

2043 1355 2390 1447 Quanquam
2410 1359 2666 1447 Ogygias
2698 1355 2822 1436 ipse
2853 1355 3086 1439 quando
3118 1355 3308 1440 fuerit,
3330 1355 3512 1444 'cujus
3545 1379 3693 1428 tem-

2044 1439 2286 1527 ppribus
2318 1441 2491 1527 etiam
2523 1444 2810 1502 diluvium
2847 1466 3124 1521 magnum
3177 1439 3542 1521 factum'est,
3578 1471 3692 1510 non

2043 1515 2553 1606 illud_maximum
2589 1541 2703 1594 quo
2736 1528 2877 1582 nulli
2926 1515 3190 1587 Homines
3221 1515 3548 1600 evaserunt,
3582 1534 3695 1589 nisi

2045 1600 2145 1685 qui
2204 1600 2261 1654 in
2325 1618 2636 1685 arca_esse
2694 1614 3029 1678 potuerunt,
3065 1614 3219 1683 quod
3278 1614 3537 1685 gentium
3591 1630 3694 1669 nec

2043 1677 2242 1732 Graeca
2290 1696 2394 1734 nec
2472 1677 2889 1742 Latina’novit
2941 1677 3179 1746 histOria
3209 1677 3310 1762 (a):
3359 1695 3456 1747 sed
3503 1702 3694 1746 tamen

2043 1764 2234 1826 majus
2265 1776 2439 1830 quam
2476 1773 2673 1833 postea
2705 1772 2964 1838 tempore
2988 1770 3356 1827 Deucalionis
3387 1774 3514 1836 fuit,
3549 1775 3698 1827 inter

2045 1842 2357 1907 scriptores
2392 1842 2647 1899 bistorize
2690 1863 2799 1900 non
2854 1853 3143 1906 convenit.
3178 1853 3321 1906 Nam
3359 1853 3530 1908 Varro
3562 1853 3697 1907 inde

2047 1933 2290 2004 exorsus
2350 1931 2438 1976 est
2497 1926 2734 1992 librum,
2796 1932 2963 1999 cujus
3023 1939 3375 1990 mentionem
3427 1938 3698 2004 snperius

2046 2000 2180 2070 feci,
2211 2016 2261 2056 et
2287 2005 2430 2058 nihil
2457 2006 2590 2070 sibi,
2624 2024 2688 2061 ex
2739 2027 2854 2079 quo
2906 2015 3193 2081 perveniat
3239 2017 3309 2068 ad
3361 2033 3452 2069 res
3487 2000 3698 2070 Roma-

2051 2096 2180 2147 nas,
2214 2084 2484 2162 proponit
2512 2088 2812 2157 antiquius
2837 2107 3015 2160 quam
3043 2094 3247 2162 Ogygii
3281 2094 3566 2161 dilivium,
3593 2096 3699 2150 hoc

2051 2166 2160 2244 est,
2193 2161 2393 2232 Ogygii
2431 2165 2640 2220 factum
2703 2172 3082 2239 temporibus.
3131 2161 3324 2227 Nostri
3369 2183 3562 2229 autem
3597 2175 3698 2244 qui

2050 2242 2336 2297 Chronica
2383 2246 2763 2317 scripserunt,
2801 2251 2963 2319 prius
2997 2251 3298 2318 Eusebius,
3333 2262 3465 2325 post
3497 2242 3696 2310 Hiero-

2053 2337 2289 2405 nymus,
2331 2325 2428 2396 qui
2458 2332 2658 2398 utique
2693 2331 3080 2398 prmcedentes
3121 2334 3350 2405 aliquos
3397 2335 3697 2390 historicos

2053 2402 2113 2456 in
2157 2401 2265 2458 hac
2314 2406 2586 2475 Opinione
2638 2410 2820 2463 secuti
2867 2422 3016 2477 sunt,
3053 2423 3180 2484 post
3220 2401 3415 2470 annos
3445 2416 3700 2486 amplius

2055 2497 2228 2550 quam
2281 2489 2568 2542 trecentos
2611 2489 2728 2554 jam
2785 2494 3042 2547 secundo
3092 2496 3432 2564 Argivorum
3483 2497 3700 2551 Phoro-

2055 2578 2163 2617 neo
2211 2580 2342 2634 rege
2376 2577 2651 2636 regnante
2682 2569 2882 2641 Ogygii
2918 2571 3198 2628 diluvium
3235 2576 3412 2631 fuisse
3441 2592 3699 2632 comme-

2057 2649 2306 2725 morant.
2357 2645 2467 2700 Sed
2501 2649 2764 2717 quolibet
2795 2658 3054 2722 tempore
3095 2655 3292 2718 fuerit,
3336 2657 3452 2725 jam
3504 2662 3700 2710 tamen

2056 2723 2314 2805 Minerva
2345 2735 2622 2797 tanquam
2658 2728 2766 2784 dea
2812 2731 3132 2801 colebatur,
3194 2723 3475 2805 regnante
3524 2737 3704 2791 Athe-

2057 2803 2359 2860 niensibus
2389 2807 2658 2878 Cecrope,
2711 2812 2818 2865 sub
2859 2829 2972 2882 quo
3006 2830 3139 2885 rege
3169 2803 3342 2870 etiam
3393 2816 3580 2884 ipsam
3611 2813 3701 2870 vel

2057 2885 2443 2942 instauratam
2494 2891 2706 2959 ferunt,
2739 2891 2828 2946 vel
2861 2895 3153 2950 conditam
3186 2898 3496 2952 civitatem.

2056 3022 2292 3079 CAPUT
2326 3023 2417 3080 IX.
2449 3056 2519 3066 -——
2550 3025 2775 3089 Quando
2798 3029 3212 3087 Atheniensium
3242 3032 3438 3088 civitas
3467 3032 3542 3087 sit
3579 3047 3706 3088 con-

2129 3103 2324 3172 dila,et
2352 3121 2516 3176 quam
2545 3123 2768 3163 causam
2790 3112 3033 3166 nominis
3062 3114 3178 3184 ejus
3206 3114 3378 3168 Varro
3396 3113 3695 3185 perhibeat.

2128 3211 2267 3266 Nam
2303 3218 2364 3268 ut
2393 3215 2628 3271 Athenze
2657 3228 3015 3287 vocarentur,
3049 3222 3204 3292 quod
3246 3226 3399 3276 certe
3431 3239 3639 3278 nomen
3673 3239 3707 3277 a

2059 3292 2320 3348 Minerva
2349 3302 2456 3360 est,
2491 3313 2617 3366 quis
2666 3314 2852 3368 graece
2883 3298 3079 3367 Ἀθηνᾶ
3111 3301 3343 3370 dicitur,
3386 3302 3534 3357 hanc
3564 3319 3706 3358 cau-

2061 3389 2181 3452 sam
2208 3374 2386 3430 Varro
2417 3377 2651 3432 indicat.
2700 3379 2839 3433 Cum
2895 3383 3262 3452 apparuisset
3310 3382 3426 3436 illic
3476 3389 3710 3452 repente

2061 3451 2222 3504 olivae
2270 3456 2460 3520 arbor,
2513 3462 2569 3509 et
2618 3454 2733 3510 alio
2792 3451 3123 3526 locoraqua
3170 3459 3480 3528 erupisset,
3517 3451 3708 3529 regem

2061 3529 2324 3601 prodigia
2352 3531 2463 3586 ista
2494 3543 2816 3600 moverunt,
2847 3541 2903 3590 et
2931 3537 3092 3590 misit
3116 3538 3186 3592 ad
3219 3538 3546 3608 Apollinem
3582 3538 3710 3593 Del-

2062 3611 2300 3681 phicum
2335 3613 2697 3668 sciscitatum
2733 3616 2871 3684 quid
2906 3615 3344 3686 intelligendum
3366 3623 3536 3685 esset,
3569 3617 3708 3688 quid

2061 3691 2411 3747 faciendum.
2447 3693 2546 3748 llle
2578 3696 2879 3766 respondit
2929 3697 3080 3768 quod
3117 3697 3241 3753 olea
3284 3699 3596 3754 Minervam
3627 3697 3712 3752 si-

2058 3773 2381 3843 gniﬁcaret,
2420 3775 2575 3829 unda
2615 3775 2972 3846 Neptunum,
3023 3782 3080 3832 et
3127 3779 3278 3847 quod
3331 3784 3487 3834 esset
3531 3778 3591 3833 in
3623 3779 3710 3835 ci-

2058 3854 2215 3907 vium
2277 3858 2583 3923 potestate,
2633 3871 2701 3910 ex
2745 3858 2911 3926 cujus
2962 3856 3198 3913 nomine
3238 3857 3428 3930 potius
3473 3859 3714 3914 duorum

2057 3933 2323 4001 deorum,
2352 3951 2596 4004 quorum
2632 3935 2801 4004 signa
2834 3936 2932 3990 illa
2977 3942 3191 4006 essent,
3237 3937 3443 3992 civitas
3473 3953 3709 3994 vocare-

2057 4016 2172 4069 tur.
2225 4014 2336 4068 lsto
2395 4014 2642 4085 Cecrope
2699 4014 2933 4071 oraculo
2991 4023 3248 4087 accepto,
3309 4017 3461 4072 cives
3507 4033 3706 4074 omnes

2059 4094 2364 4166 utriusque
2412 4111 2586 4150 sexus
2627 4096 2777 4168 (mos
2834 4096 2986 4152 enim
3035 4097 3156 4152 tino
3205 4098 3264 4153 in
3311 4098 3530 4153 eisdem
3563 4097 3706 4153 locis

2056 4179 2200 4242 erat,
2226 4180 2289 4230 ut
2318 4177 2492 4231 etiam
2527 4176 2754 4232 femina:
2789 4177 3038 4248 publicis
3069 4177 3593 4234 consultationibus
3626 4179 3709 4232 in-

2053 4258 2362 4330 teressent)
2433 4259 2500 4314 ad
2571 4259 2872 4314 ferendum
2950 4259 3290 4330 suffragium
3349 4261 3704 4315 convocavit.

2054 4337 2333 4393 Consulta
2364 4338 2540 4410 igitur
2589 4339 2965 4395 multitudine
3018 4355 3208 4396 mares
3259 4356 3361 4412 pro
3410 4340 3703 4412 Neptuno,

2054 4419 2280 4473 feminae
2314 4437 2415 4492 pro
2450 4420 2710 4477 Minerva
2731 4421 2913 4476 tulere
2944 4422 3299 4476 sententias:
3331 4429 3384 4476 et
3423 4423 3563 4492 quia
3590 4437 3707 4477 una

2053 4497 2184 4567 plus
2242 4505 2327 4554 est
2390 4499 2620 4555 inventa
2676 4501 3046 4567 feminarum,
3082 4501 3335 4557 Minerva
3363 4502 3516 4556 vicit.
3544 4501 3704 4556 Tunc

2053 4581 2361 4648 Neptunus
2391 4579 2576 4635 iratus
2628 4581 2866 4635 marinis
2913 4580 3188 4636 ﬂuctibus
3246 4581 3704 4636 exaestuantibus

2052 4661 2236 4712 terras
2259 4659 2702 4715 Atheniensium
2737 4659 3052 4730 populatus
3082 4665 3205 4714 est:
3242 4659 3517 4730 quoniam
3551 4673 3704 4728 spar-

2051 4751 2184 4808 gere
2241 4737 2418 4794 latius
2477 4739 2765 4810 quaslibet
2815 4755 2996 4809 aquas
3046 4737 3287 4792 difﬁcile
3335 4736 3701 4791 daemonibus

2051 4834 2167 4874 non
2198 4829 2303 4876 est.
2337 4821 2512 4890 Cuius
2544 4825 2608 4874 ut
2636 4818 2936 4873 iracundia
2958 4817 3302 4887 placaretur,
3328 4813 3538 4884 triplici
3571 4828 3703 4883 sup-

2117 4950 2132 4983 1
2170 4947 2291 4996 Mss.
2325 4946 2536 5008 Ogygi;
2589 4946 2642 4992 et
2673 4944 2815 5008 intra
2857 4954 2970 5002 pro,
3014 4940 3280 5008 Ogygias,
3316 4940 3530 5008 habent,
3566 4941 3704 5008 9,931.

2050 5024 2156 5083 pus
2191 5022 2202 5055 :
2234 5003 2458 5070 quidam
2479 5011 2658 5055 tamen
2690 5007 2792 5054 isto
2839 5003 3069 5053 secundo
3115 5005 3248 5058 loco,
3306 5003 3527 5064 Ogygis.
3573 5003 3703 5052 Vide

2050 5073 2210 5118 mira.
2244 5071 2335 5117 lib.
2367 5069 2446 5118 21.
2477 5082 2590 5118 can.
2621 5069 2669 5118 8.
2699 5081 2752 5115 n.
2778 5066 2824 5114 2.

2050 5081 2210 5130 intra,
2245 5081 2335 5117 ω).
2367 5081 2446 5126 21,
2477 5082 2590 5129 cap.
2621 5081 2669 5129 δ,
2699 5081 2752 5115 n.
2778 5081 2824 5114 z.

2112 5084 2210 5130 Ira,
2245 5084 2335 5117 nn.
2367 5084 2446 5126 21,
2477 5084 2590 5129 cap.
2621 5084 2669 5129 δ,
2699 5084 2752 5115 n.
2779 5084 2824 5114 ζ.

2112 5135 2193 5193 (α)
2246 5132 2357 5180 Non
2411 5131 2641 5179 defuisse
2694 5133 2873 5178 tamen
2932 5129 3072 5177 inter
3125 5129 3348 5191 gentiles
3401 5128 3699 5182 historicos,

2051 5196 2143 5258 qui
2201 5195 2421 5242 maximi
2476 5195 2631 5258 istius
2685 5195 2737 5242 et
2772 5193 3105 5258 universalis
3146 5193 3349 5258 diluvii
3402 5194 3591 5258 atque__
3617 5203 3700 5258 ar-

2051 5252 2143 5308 cae
2201 5259 2303 5306 Noe
2357 5257 2710 5311 meminerint,
2770 5257 3017 5303 Berosum
3075 5256 3425 5319 Babylonium
3481 5252 3697 5309 scilicet.

2051 5321 2336 5390 M_naseam.
2395 5320 2663 5390 Nicolaum
2702 5319 3135 5390 -Dam_asceni_i.m,
3187 5317 3249 5390 et
3315 5317 3700 5390 iiieronxmum

2051 5383 2390 5446 ngyptium.
2450 5382 2630 5430 scribit
2693 5381 2968 5443 Josephus,
3014 5381 3240 5446 rlibrohl
3305 5379 3698 5446 Antiquitatum

2052 5442 2410 5497 Judaicerum.
2483 5458 2593 5505 cap.
2670 5446 2718 5496 4,
2776 5442 2830 5492 et?
2887 5457 2954 5492 ex
3008 5445 3120 5505 ipso
3175 5443 3447 5505 Eusebius.
3480 5442 3698 5503 Praepa-

2053 5509 2274 5557 rationis
2303 5504 2638 5569 evangelicae
2665 5507 2802 5555 libro
2827 5507 2875 5558 9.
2906 5504 3054 5568 capp.
3091 5505 3140 5552 11
3174 5509 3225 5569 et
3283 5504 3340 5569 l2
3366 5521 3381 5561 ;
3412 5505 3502 5553 sed
3531 5505 3697 5565 genti-

2054 5571 2184 5618 lium
2215 5570 2427 5617 illorum
2453 5568 2659 5632 scripta
2706 5571 2772 5618 ad
2807 5568 3382 5632 barbaricas_historias
3411 5569 3694 5632 pertinent,

2055 5646 2162 5681 non
2191 5633 2257 5680 ad
2286 5632 2509 5684 Graecas
2542 5630 2634 5682 aut
2664 5632 2897 5687 Latinas,
2925 5633 2988 5679 de
3031 5630 3226 5693 quibus
3270 5631 3597 5693 Augustinus
3625 5631 3699 5680 lo-

2058 5695 2257 5758 quitur.
2288 5696 2404 5747 Lm).
2437 5696 2601 5746 νινιε.
