4110 6196
415 284 530 345 567

413 417 587 490 plicio
617 420 756 474 dicit
788 419 939 474 idem
993 427 1193 508 auctor
1224 420 1294 508 ab
1343 421 1795 508 Atheniensibus
1824 420 2057 508 affectas

409 513 535 553 esse
577 501 886 553 mulieres:
915 505 978 552 ut
1010 499 1171 553 nulla
1219 501 1468 556 ulterius
1517 503 1730 556 ferrent
1761 499 2056 568 suffragia,

409 578 685 632 utnullus
717 577 1080 632 nasccntium
1116 590 1441 635 maternum
1488 597 1699 636 nomen
1753 581 2055 646 acciperet,

407 662 474 710 ut
515 673 586 712 ne
638 657 768 728 quis
799 673 898 711 eas
945 659 1251 713 Athenaeus
1297 668 1542 715 vocaret.
1580 661 1666 715 Ita
1706 661 1806 716 illa
1853 659 2056 714 civitas

407 745 586 790 mater
646 753 712 792 ac
772 739 996 792 nutrix‘
1031 739 1360 795 liberalium
1421 743 1840 808 doctrinarum,
1888 750 1939 793 et
1970 745 2054 797 tot

406 818 812 884 tantorumque
877 816 1381 887 philosophorum,
1453 837 1566 889 qua
1636 820 1779 874 nihil
1851 818 2054 873 habuit

405 893 626 949 Graecia
650 894 867 950 clarius
925 903 1096 968 atque
1143 900 1414 968 nobilius,
1447 900 1886 954 ludificantibus
1935 900 2052 953 da:-

403 975 676 1029 monibus
710 977 780 1030 de
811 977 908 1031 lite
940 981 1180 1033 deorum
1215 997 1476 1047 suorum,
1510 986 1691 1036 maris
1713 988 1770 1036 et
1795 982 2044 1049 feminae,

399 1060 456 1108 et
477 1056 545 1109 de
579 1058 813 1111 victoria
845 1075 945 1128 per
980 1059 1221 1116 feminas
1255 1062 1517 1116 femiuaz’
1549 1064 1808 1118 Athenas
1839 1078 2051 1116 nomen

401 1137 664 1205 accepit:
699 1142 756 1191 et
788 1141 991 1194 avicto
1033 1140 1163 1194 lassa
1213 1143 1400 1212 ipsam
1451 1144 1704 1198 victricis
1755 1145 2051 1198 victoriam

398 1216 605 1293 punire
660 1217 964 1288 compulsa
995 1227 1101 1286 est,
1160 1221 1288 1288 plus
1349 1239 1531 1292 aquas
1587 1223 1838 1291 Neptuni
1876 1239 2050 1293 quam

400 1292 677 1350 Minersz
707 1313 870 1352 arma
893 1301 1235 1357 formidans.
1269 1302 1409 1357 Nam
1454 1307 1509 1357 in
1544 1292 2054 1373 mulieribusque

401 1373 487 1429 sic
520 1378 737 1446 punitas
769 1385 930 1443 sunt,
963 1386 1019 1434 et
1047 1383 1298 1436 Minerva
1332 1401 1458 1454 qua
1492 1387 1726 1451 vicerat,
1751 1386 1898 1438 victa
1927 1389 2049 1448 est;

397 1469 501 1507 nec
543 1457 729 1511 adfuit
787 1459 1292 1530 suffragatricibus
1341 1465 1481 1533 suis,
1526 1472 1588 1519 ut
1631 1466 2049 1535 suffragiorum

397 1535 670 1605 deinceps
703 1541 928 1608 perdita
956 1549 1258 1609 potestate,
1291 1550 1347 1598 et
1393 1545 1661 1600 alienatis
1711 1547 1848 1600 ﬁliis
1879 1563 1911 1599 a
1943 1562 2050 1599 no-

395 1615 661 1670 minibus
695 1631 965 1686 malrum,
1000 1623 1302 1676 Athenaeas
1354 1627 1558 1678 saltem
1603 1626 1794 1680 vocari
1829 1625 2046 1691 liceret,

391 1698 450 1747 et
480 1695 611 1763 ejus
642 1697 762 1750 deas
798 1702 1002 1753 mereri
1058 1702 1432 1770 vocabulum,
1465 1721 1643 1774 quam
1678 1704 1782 1758 viri
1813 1705 1905 1758 dei
1936 1705 2049 1760 vic-

391 1773 597 1828 tricem
642 1776 898 1832 fecerant
932 1781 1163 1834 ferendo
1219 1773 1582 1854 suffragium.
1616 1784 1746 1846 Quae
1779 1791 1833 1839 et
1863 1801 2046 1854 quan-

388 1857 448 1906 ta
481 1853 611 1987 biinc
643 1855 757 1910 dici
791 1865 1031 1928 possent
1057 1861 1098 1929 ³,
1135 1860 1244 1916 nisi
1275 1879 1464 1917 sermo
1504 1866 1573 1919 ad
1627 1865 1743 1920 alia
1773 1853 2046 1935 propera-

388 1937 474 1987 ret

387 1937 474 1988 ret

389 2054 614 2112 CAPUT
771 2091 835 2102 —-
879 2062 1024 2126 Quid
1070 2064 1234 2121 Varro
1280 2067 1471 2122 tradat
1519 2069 1584 2123 de
1630 2072 2048 2142 nuncupatione

659 2140 954 2215 Areopagi,
986 2150 1038 2198 et
1067 2145 1134 2200 de
1161 2146 1372 2201 diluvio
1404 2150 1774 2206 Deucalionis.

460 2245 770 2302 Attamen‘
805 2249 1030 2306 Marcus
1074 2253 1256 2308 Varro
1309 2273 1421 2310 non
1456 2257 1575 2312 vult
1628 2257 1908 2316 fabulosis
1949 2261 2046 2315 ad-

385 2340 588 2408 versus
638 2326 778 2384 deos
830 2331 1001 2385 fidem
1052 2334 1324 2390 adhibere
1371 2338 1688 2408 figmentis,
1715 2357 1786 2395 ne
1822 2342 1891 2396 de
1923 2357 2044 2395 ma-

379 2406 608 2490 [astatis
643 2425 842 2465 eorum
878 2413 1161 2484 dignitate
1210 2406 1516 2489 indignum
1550 2419 1771 2490 aliquid
1804 2425 2038 2481 sentiat.

385 2487 453 2568 Et
501 2487 629 2544 ideo
679 2507 784 2546 nec
836 2497 1231 2568 Areopagon5,
1267 2487 1364 2553 ubi
1409 2516 1539 2556 cum
1583 2487 2041 2563 Atheniensibus

383 2567 600 2659 Paulus
627 2575 927 2659 apostolus
956 2579 1283 2659 Adipustavit
1312 2583 1452 2649 (Act.
1483 2599 1617 2652 xvu,
1655 2585 1719 2638 19
1748 2589 1940 2659 :eqq.),
1974 2607 2040 2646 ex

387 2664 501 2730 quo
533 2650 656 2730 loco
686 2656 1041 2727 Areopagitae
1095 2659 1369 2730 appellati
1407 2669 1546 2719 sunt
1598 2650 2041 2725 curiales'urbis

386 2729 670 2816 ejusdem,
708 2735 833 2816 vult
861 2737 996 2792 inde
1045 2729 1338 2810 accepisse
1388 2759 1621 2809 nomen,
1668 2747 1822 2816 quod
1862 2749 2038 2816 Mars,

387 2806 489 2875 qui
537 2824 717 2877 graece
759 2811 931 2884 Ἀρης
984 2806 1217 2882 dicitur,
1266 2837 1399 2876 cum
1455 2806 1749 2880 homicidii
1796 2806 2040 2886 crimine

385 2899 519 2940 reus
553 2886 1172 2980 fierettjudicantibus
1203 2900 1514 2958 duodecim
1548 2904 1656 2960 diis
1690 2906 1746 2960 in
1780 2922 1846 2962 eo
1871 2926 2038 2980 pago,

387 2979 488 3056 sex
514 2970 822 3025 sententiis
853 2972 1157 3031 absolutus
1187 2987 1310 3047 est;
1344 2982 1481 3051 quia
1514 2983 1609 3038 ubi
1645 2986 1800 3056 paris
1830 2970 2036 3045 nume;

477 3048 776 3128 sententia
827 3051 1094 3119 fuissent,
1143 3044 1399 3128 praeponi
1450 3044 1737 3122 absolutio
1787 3044 2040 3126 damna-

385 3123 531 3212 ti_oni
562 3127 803 3212 solebat.
838 3133 945 3186 Sed
979 3123 1180 3191 contra
1204 3123 1398 3208 istam,
1429 3157 1554 3212 quis
1585 3147 1767 3202 multo
1799 3123 1887 3204 est
1912 3123 2038 3206 am-

384 3203 540 3297 plius
592 3207 913 3297 celebrata,
953 3215 1320 3297 _op_inionem,
1382 3203 1554 3279 aliam
1603 3203 2039 3297 quamdamﬂd—e

383 3284 762 3366 obscurarum
798 3284 1350 3355 notitiaﬁlitterarum
1383 3284 1904 3364 causam.nominis
1932 3311 2039 3366 bu-

373 3363 474 3453 j.us
523 3374 798 3453 conatur,
831 3379 1110 3447 astruere,
1146 3395 1218 3435 ne
1263 3382 1602 3453 Areopagon
1652 3387 2036 3448 Athenienses

381 3445 454 3537 de
479 3449 715 3505 nomine
747 3451 946 3537 Martis
977 3463 1032 3512 et
1070 3445 1225 3531 pagi,
1260 3445 1426 3529 quasi
1455 3445 1657 3522 Martis
1691 3485 1903 3537 pagum
1931 3445 2032 3527 no;

379 3528 636 3585 minasse
698 3535 1048 3608 credantur;
1098 3528 1475 3612 invinj’uriam
1522 3528 1799 3604 videlicet
1837 3553 2032 3608 numi-

379 3623 545 3676 num,
568 3614 848 3693 aquibus
880 3615 1069 3691 litigia
1097 3623 1184 3676 vel
1209 3624 1435 3693 judicia
1481 3626 1780 3685 existimat
1803 3631 2029 3690 aliena:

375 3705 489 3743 non
550 3692 740 3748 minus
799 3695 929 3765 hoc,
989 3703 1141 3770 quod
1201 3692 1271 3759 de
1319 3705 1501 3763 Marte
1549 3710 1781 3779 dicitur,
1817 3713 2028 3770 falsum

376 3782 505 3862 esse
527 3785 890 3862 asseverans,
917 3794 1094 3848 quam
1129 3781 1271 3836 illud
1297 3787 1450 3855 quod
1475 3788 1546 3842 de
1573 3789 1760 3845 tribus
1784 3793 2028 3862 deabus,

371 3845 605 3905 Junons
664 3853 901 3922 scilicet,
933 3845 994 3913 et
1054 3845 1330 3931 Minerva,
1370 3870 1428 3920 et
1484 3865 1725 3935 Venere,
1767 3887 1891 3940 quae
1926 3845 2025 3941 prd

376 3931 529 4014 malo
561 3948 734 3988 aureo
765 3937 1162 4008 adipiscendo,
1195 3946 1349 4014 apud
1375 3947 1637 4014 judicem
1661 3931 2028 4010 Paridem-de

371 4010 798 4101 pulchitudin‘is
821 4019 1167 4101 excellentia
1199 4010 1450 4081 certasse
1482 4035 1832 4101 narrantur;
1866 4038 1920 4087 et
1953 4036 2022 4089 ad

370 4091 680 4187 placanndos
739 4096 894 4187 ludis
955 4105 1114 4187 deos,
1148 4107 1246 4177 qui
1301 4109 1660 4166 delectantur
1714 4091 2020 4187 seu'veris,

371 4186 472 4256 seu
522 4174 680 4231 falsis
739 4178 868 4236 istis
917 4174 1266 4242 criminibus
1322 4189 1461 4256 suis,
1509 4191 1660 4247 inter
1707 4174 2020 4252 theatricos

371 4249 614 4332 plausus
640 4262 953 4314 cantantur
982 4269 1156 4332 atque
1188 4249 1493 4325 saltantur.
1529 4270 1658 4326 Haec
1691 4275 1872 4327 Varro
1905 4292 2018 4330 nou

367 4330 572 4390 credit,
607 4347 678 4385 ne
710 4335 951 4392 deorum
1002 4330 1221 4398 naturas
1266 4364 1368 4402 seu
1402 4351 1664 4405 moribus
1699 4353 1893 4408 credat
1925 4355 2016 4410 in-

368 4422 666 4496 congrua:
699 4421 756 4496 et
788 4423 1000 4496 tamen,
1031 4437 1143 4476 non
1179 4425 1520 4496 fabulosam,
1546 4433 1644 4485 sed
1681 4431 2015 4491 historicum

369 4488 651 4577 rationem
688 4492 1144 4577 de_A_lhenurum
1179 4509 1458 4563 vocabulo
1500 4488 1768 4577 reddens,
1795 4521 2012 4571 tantam

368 4565 620 4658 Neptuni
654 4579 709 4625 et
763 4573 1030 4632 Minervas
1075 4581 1227 4636 litem
1265 4588 1385 4641 suis
1428 4589 1636 4646 litteris
1687 4565 1908 4660 inserit,
1943 4598 2013 4651 de

363 4650 534 4738 cujus
568 4654 802 4738 nomine
827 4658 1014 4725 potius
1051 4660 1145 4714 illa
1173 4665 1372 4719 civitas
1402 4678 1723 4736 vocaretur,
1758 4679 1841 4738 ut,
1875 4650 2007 4730 cum

358 4730 762 4802 prodigiorum
815 4741 1197 4798 ostentatione
1239 4749 1679 4817 contenderent,
1713 4730 1871 4806 inter
1913 4770 2009 4810 eos

351 4814 618 4899 judicare
673 4835 775 4873 nec
830 4825 1032 4894 Apollo
1090 4829 1399 4885 consultus
1435 4814 1693 4899 auderet,
1731 4836 1825 4888 sed
1870 4837 2008 4890 deo-

359 4911 483 4949 rum
557 4898 825 4970 jurgium
899 4905 1240 4974 finiendum,
1325 4912 1476 4965 sicut
1561 4898 2007 4972 memoratarum

355 4975 534 5060 trium
569 4977 806 5034 dearum
843 4984 912 5037 ad
967 4986 1226 5044 Paridem
1275 4991 1516 5060 Jupiter,
1567 4993 1645 5047 ita
1693 4999 1748 5047 et
1800 4996 1904 5050 iste
1937 4997 2009 5052 ad

356 5052 626 5110 homines
659 5063 939 5127 mitteret,
974 5065 1071 5120 ubi
1104 5052 1365 5124 vinceret.
1407 5071 1662 5126 Minerva
1693 5074 2006 5144 suffragiis,

354 5141 410 5190 et
466 5137 523 5193 in
573 5154 742 5208 paena
791 5157 1032 5199 suarum
1106 5149 1596 5220 suffragatricium
1656 5155 2004 5225 vinceretur,

418 5263 433 5294 ¹
467 5261 612 5316 Mss,
646 5273 825 5312 mater
853 5277 954 5316 aut
985 5271 1204 5319 nutrix.

416 5323 438 5392 ξ
471 5322 783 5392 §pla__editio
813 5330 958 5384 Lov.,
989 5334 1253 5392 feminea.

417 5386 435 5469 ξ
468 5387 553 5434 Sic
571 5388 723 5469 Mss?
753 5392 820 5439 At
849 5386 1392 5469 edidisti/fragium.
1433 5403 1504 5451 De
1523 5417 1631 5465 quo
1655 5405 1793 5452 satis
1821 5421 1998 5469 appa-

353 5454 454 5520 ret,
474 5463 626 5520 ἀυξτ-θ
660 5461 710 5500 et
738 5464 952 5520 quanta
982 5454 1356 5520 diciupossent.

415 5507 439 5541 ⁴
474 5507 532 5556 In
562 5511 702 5567 Mss,
734 5507 804 5564 Et
838 5526 1040 5568 tamen.

621 5581 924 5656 θῖξξΡΕΠῒ-Θι·
951 5598 1064 5647 pro,
1097 5587 1670 5650 Areopagon,habent,
1691 5593 1873 5642 Areon
1894 5608 1999 5656 pa-

355 5645 466 5694 gon
496 5633 598 5688 vel,
629 5635 806 5688 Arion
827 5633 1038 5705 pagim.

1471 287 1570 346 DE
1617 282 1984 346 CIVITATE
2029 279 2182 359 DEI,
2229 282 2293 341 S.
2341 279 2763 345 AUGUSTlNl

3693 295 3808 355 568‘

2170 432 2296 487 quae
2328 417 2388 471 in
2419 419 2765 477 adversariis
2796 422 2920 478 suis
2950 423 3093 478 viris
3141 424 3405 482 obtinere
3431 428 3680 485 Athenas
3710 447 3802 502 po-

2166 499 2278 551 tuit
2299 503 2355 552 et
2372 499 2590 554 amicas
2613 517 2752 556 suas
2775 504 3022 559 feminas
3044 504 3312 560 Athenas
3344 506 3556 564 habere
3582 528 3692 566 non
3711 499 3808 583 po-

2165 581 2299 663 tuit.
2357 580 2457 663 Eis
2515 587 2891 663 temporibus,
2947 593 3013 641 ut
3055 585 3236 642 Varro
3281 589 3504 657 scribit,
3538 580 3810 663 regnante

2163 658 2616 714 Atheniensibus
2642 661 2882 730 Cranao,
2916 681 3253 721 successore
3284 667 3578 739 Cecropis,
3603 658 3676 726 ut
3715 689 3807 729 au-

2165 743 2279 792 tem
2314 741 2495 795 nostri
2527 743 2815 798 Eusebius
2846 752 2904 799 et
2951 745 3358 818 Hieronymus,
3391 751 3583 805 adhuc
3613 754 3806 809 eodem

2161 818 2410 888 Cecrope
2461 831 2853 888 permanente,
2888 825 3173 881 diluvium
3207 830 3335 896 fuit,
3374 835 3527 899 quod
3560 833 3807 902 appella-

2164 902 2287 952 tum
2325 905 2410 953 est
2446 902 2808 958 Deucalionis
2839 907 2938 975 (α),
2991 922 3056 960 eo
3107 907 3265 978 quod
3295 910 3419 978 ipse
3449 913 3724 982 regnabat
3753 915 3806 969 in

2160 994 2360 1034 earum
2395 987 2679 1037 terrarum
2729 987 3010 1053 partibus,
3045 987 3141 1043 ubi
3176 992 3426 1045 maxime
3460 994 3677 1048 factum
3705 1005 3805 1051 est.

2163 1062 2281 1113 Hoc
2325 1066 2514 1143 autem
2570 1062 2858 1119 diluvium
2891 1082 3257 1138 nequaquam
3290 1071 3363 1125 ad
3389 1070 3698 1143 Egyptum
3731 1084 3808 1131 at-

2161 1156 2275 1210 que
2306 1142 2376 1195 ad
2411 1143 2533 1211 ejus
2563 1144 2750 1200 vicina
2781 1150 3042 1216 pervenit
3062 1148 3157 1219 (1)).

2161 1249 2391 1304 CAPUT
2449 1251 2540 1306 XI.
2601 1284 2669 1292 —
2729 1254 2841 1322 Quo
2897 1261 3134 1327 tempore
3176 1259 3382 1329 Moyse:
3423 1263 3696 1332 pupulum
3751 1267 3809 1326 de

2231 1333 2464 1402 Egypto
2495 1333 2754 1390 eduxerit
2774 1353 2798 1398 ;
2826 1341 2879 1390 et
2908 1339 2973 1391 de
3000 1340 3124 1393 Iesu
3153 1343 3324 1408 Nave,
3355 1344 3451 1413 qui
3476 1344 3662 1400 eidem
3691 1362 3805 1401 suc-

2231 1418 2410 1479 cessit,
2436 1431 2667 1487 quorum
2701 1433 2893 1486 regum
2925 1429 3095 1475 aetate
3123 1424 3197 1476 sit
3223 1429 3498 1479 mortuus.

2233 1523 2444 1576 Eduxit
2499 1539 2634 1596 ergo
2694 1525 2916 1596 Moyses
2968 1544 3035 1582 ex
3093 1533 3334 1601 Egypto
3369 1533 3655 1603 populum
3687 1537 3806 1603 Dei,

2159 1602 2470 1658 novissimo
2515 1608 2774 1675 tempore
2821 1607 3088 1679 Cecropis
3135 1602 3581 1668 Atheniensium
3637 1617 3805 1687 regis,

2157 1684 2487 1764 cumapud
2519 1685 2790 1756 Assyrios
2832 1695 3098 1757 regnaret
3140 1692 3470 1760 AsCatades,
3523 1697 3681 1764 apud
3706 1684 3808 1752 “Si?

2155 1763 2392 1832 cyonios
2441 1763 2774 1844 Marathus‘
2811 1772 2955 1835 apud
2998 1769 3240 1840 Argivos
3292 1763 3805 1844 Triopas.Educto

2155 1847 2345 1896 autem
2390 1843 2602 1927 populo
2657 1846 2715 1899 in
2779 1852 2976 1902 monte
3026 1849 3163 1904 Sina
3205 1843 3479 1906 divinitus
3507 1862 3802 1927 acceptam

2152 1922 2397 1976 tradidit
2427 1923 2644 1990 legem:
2681 1929 2834 1997 quod
2879 1933 3044 1983 vetus
3092 1930 3303 1985 dicitur
3342 1922 3804 2002 Testamentum,

2153 2001 2292 2071 quia
2324 2005 2738 2073 promissiones
2790 2017 3044 2063 terrenas
3096 2009 3309 2078 habet;
3343 2018 3400 2066 et
3455 2030 3557 2084 per
3601 2001 3802 2072 Jesum

2150 2083 2450 2138 Christum
2511 2085 2771 2142 futurum
2829 2090 3013 2144 fuerat
3063 2083 3500 2149 Testamentum
3563 2112 3803 2164 novum,

2151 2179 2268 2234 quo
2321 2181 2566 2237 regnum
2609 2168 2879 2224 caelorum
2933 2173 3388 2240 promitteretur.
3450 2174 3611 2231 Hunc
3643 2179 3802 2234 enim

2150 2246 2411 2301 ordinem
2440 2251 2656 2304 servari
2689 2251 3008 2320 Oportebat,
3041 2253 3275 2309 sicutin
3310 2271 3659 2328 unoquoque
3695 2259 3799 2315 bo-

2150 2329 2326 2412 mine,
2370 2331 2478 2412 qui
2538 2332 2595 2386 in
2635 2334 2812 2389 Deum
2871 2336 3116 2405 proficit,
3150 2337 3206 2391 id
3269 2341 3483 2410 agitur,
3536 2343 3693 2412 quod
3723 2345 3802 2399 ait

2145 2410 2477 2480 Apostolus,
2514 2417 2577 2466 ut
2635 2430 2749 2468 non
2803 2414 2878 2470 sit
2936 2416 3095 2487 prius
3128 2419 3280 2487 quod
3345 2410 3653 2490 spirituale
3683 2429 3798 2492 est;

2147 2491 2242 2545 sed
2278 2493 2431 2561 quod
2466 2493 2736 2562 animale,
2789 2501 2988 2567 postea
3018 2498 3360 2566 spirituale:
3398 2503 3679 2572 quoniam
3723 2491 3799 2561 si?

2147 2575 2243 2624 cut
2278 2572 2439 2639 dicit,
2472 2577 2527 2626 et
2564 2590 2765 2630 verum
2798 2580 2908 2642 est,
2959 2576 3178 2632 Primus
3209 2579 3368 2634 homo
3390 2581 3455 2636 de
3484 2590 3655 2652 terra,
3689 2588 3803 2640 ter-

2144 2665 2350 2711 renus,-
2380 2652 2650 2708 secundus
2697 2656 2854 2711 homo
2898 2656 2962 2711 de
2989 2658 3139 2720 caelo,
3173 2659 3437 2714 uetes-tis2
3465 2663 3510 2731 (Ι
3542 2664 3669 2720 Cor.
3708 2681 3797 2731 xv,

2145 2731 2213 2784 46
2235 2735 2290 2784 et
2320 2733 2427 2800 47).
2465 2733 2630 2788 Rexit
2661 2741 2857 2791 autem
2892 2737 3175 2808 populum
3228 2739 3452 2812 Moyses
3480 2759 3583 2813 per
3613 2761 3800 2801 annos

2145 2813 2527 2883 quadraginta
2557 2815 2613 2868 in
2649 2817 2912 2872 deserto:
2943 2823 3000 2872 et
3051 2824 3314 2874 mortuus
3363 2826 3451 2876 est
3501 2839 3797 2881 annorum

2145 2897 2374 2974 centum
2406 2898 2464 2947 et
2520 2893 2724 2965 viginti
2758 2896 2849 2966 (c),
2905 2913 3036 2952 cum
3098 2898 3388 2954 Christum
3450 2901 3627 2956 etiam
3667 2905 3800 2974 ipse

2145 2971 2547 3042 prephetasset
2581 2991 2676 3043 per
2717 2975 2933 3046 figuras
2963 2977 3422 3034 Observationum
3463 2971 3798 3040 carnalium

2146 3052 2204 3105 in
2229 3050 2626 3116 tabernaculo,
2667 3059 2724 3109 et
2777 3057 3114 3121 sacerdotio,
3147 3062 3202 3112 et
3251 3059 3571 3130 sacrificiis,
3620 3061 3798 3118 aliis-

2146 3147 2258 3203 que
2291 3131 2551 3199 mysticis
2586 3133 2973 3207 plurimisque
2998 3137 3309 3192 mandatis.
3345 3138 3526 3210 Moysi
3558 3157 3796 3199 succes-

2143 3213 2219 3266 sit
2247 3211 2417 3266 Jesus
2449 3212 2640 3268 Nave:
2669 3219 2725 3269 et
2759 3216 2817 3268 in
2877 3219 3094 3271 terram
3156 3219 3560 3288 promissionis
3606 3221 3798 3279 intro-

2143 3292 2384 3348 ductum
2413 3294 2693 3364 populum
2744 3294 3063 3362 collocavit,
3115 3314 3183 3352 ex
3207 3299 3550 3355 auctoritate
3599 3302 3805 3359 divina

2142 3371 2450 3427 debellatis
2480 3374 2774 3444 gentibus,
2807 3393 2839 3430 a
2871 3377 3086 3446 quibus
3117 3377 3317 3432 eadem
3362 3377 3489 3434 loca
3517 3383 3802 3437 teneban-

2141 3458 2256 3535 tur.
2285 3452 2389 3535 Qui
2421 3470 2552 3508 cum
2589 3457 2868 3525 p0pulum
2902 3458 3146 3512 rexisset
3177 3464 3312 3528 post
3341 3465 3586 3516 mortem
3611 3462 3800 3535 Moysi

2138 3533 2344 3601 viginti
2379 3537 2436 3586 et
2468 3541 2686 3603 septem
2720 3551 2904 3590 annos
2937 3536 3041 3606 (ά),
3084 3536 3256 3592 etiam
3306 3537 3429 3608 ipse
3482 3533 3801 3598 defunctus

2137 3620 2256 3669 est:
2293 3621 2568 3683 regnante
2597 3617 2749 3687 apud
2783 3618 3051 3689 Assyrios
3082 3623 3284 3674 octavo
3316 3620 3544 3676 decimo
3569 3625 3794 3696 Amyn-

2201 3725 2213 3756 ¹
2243 3723 2310 3788 _lt_1
2340 3721 2523 3770 multis
2551 3723 2692 3780 Mss.,
2728 3724 3069 3773 Maratheus.
3123 3726 3279 3788 Apud
3329 3726 3635 3788 Eusebium,
3674 3731 3800 3780 Ma-

2134 3784 2381 3832 rachius.

2197 3847 2218 3880 ‘-’
2246 3847 2416 3909 Deest,
2453 3846 2714 3909 coelestia,
2744 3849 2800 3897 in
2830 3849 2924 3897 Ms.
2956 3849 3066 3898 258.
3104 3850 3171 3898 M.

2195 3910 2294 3974 (α)
2325 3908 2579 3974 Orosius,
2613 3908 2706 3960 lib.
2767 3911 2814 3968 1,
2871 3925 2989 3974 cap.
3047 3911 3097 3966 9.
3173 3913 3376 3972 scribit,
3451 3913 3795 3968 Deucalionis

2130 3972 2394 4021 diluvium
2446 3973 2725 4034 contigisse
2781 3972 2954 4023 anno“
2995 3975 3088 4024 800
3143 3978 3267 4024 ante
3341 3976 3533 4026 Urbem
3607 3982 3792 4030 condi-

2127 4037 2257 4101 tam,
2307 4039 2578 4101 regnante,
2623 4037 2861 4101 Athenis
2905 4037 3310 4101 Amphictyone,
3358 4040 3452 4101 qui
3499 4042 3700 4091 tertius
3756 4057 3790 4093 ε

2128 4098 2351 4159 Cecrope
2378 4098 2679 4159 imperavit.

2186 4160 2258 4219 (ὁ)
2289 4160 2437 4208 Plato
2477 4162 2532 4208 in
2563 4161 2791 4210 Timaeo.

2189 4227 2253 4280 (ο)
2301 4223 2467 4286 Cont.
2497 4223 2627 4272 alibi
2681 4237 2855 4286 saepe,
2903 4237 2965 4273 ac
3006 4225 3341 4286 potissimum
3387 4226 3480 4274 lib.
3533 4226 3592 4275 19
3633 4233 3785 4282 cont.

2124 4285 2298 4333 Faust.
2336 4285 2559 4333 Manich.

2185 4349 2280 4426 (τι),
2324 4347 2394 4426 Qa
2424 4360 2689 4426 _nume‘ro.
2723 4362 3001 4426 annorum,
3072 4351 3269 4426 quibus
3334 4351 3492 4426 Jpsue
3539 4355 3786 4426 praefuit

2121 4409 2316 4470 populo
2350 4409 2458 4465 Dei,
2488 4422 2554 4457 ex
2583 4411 2856 4472 Scriptura
2903 4425 3011 4461 non
3057 4409 3188 4460 satis
3236 4416 3444 4463 constat
3475 4428 3488 4471 ;
3535 4409 3653 4464 ideo
3685 4431 3786 4466 va-

2122 4472 2230 4540 riae
2287 4472 2505 4540 de_b_oc
2568 4475 3076 4540 sunt___sent_entiae.
3137 4477 3414 4537 Josephus,
3473 4478 3781 4540 Antiquita-

2119 4536 2235 4614 ξιιμ]
2287 4534 2656 4609 Judaicarum_
2685 4536 2820 4614 libro
2980 4551 3091 4600 cap.
3140 4540 3200 4614 τί,
3236 4534 3389 4614 putat
3449 4553 3572 4613 eum
3609 4534 3782 4614 :prae-

2118 4596 2282 4644 fuisse
2341 4597 2497 4645 annis
2529 4599 2744 4662 rviginti
2800 4596 3083 4662 quinque';
3140 4596 3396 4649 Eusebius
3456 4596 3646 4662 viginti
3700 4618 3781 4654 se-

2117 4661 2260 4725 ptem
2318 4662 2418 4725 vel
2458 4661 2594 4725 octo,
2653 4662 2704 4708 et
2765 4662 2842 4710 ita
2907 4663 3144 4725 plerique
3213 4661 3586 4713 Hebraeorum.
3648 4665 3779 4715 Sul-

2116 4721 2302 4788 picius,
2363 4723 2620 4788 Historiae
2681 4736 2860 4772 sacrae
2907 4721 3075 4774 libro—
3109 4724 3152 4780 1.
3227 4739 3344 4788 cap.
3411 4725 3492 4780 23,
3557 4729 3610 4776 et
3666 4730 3778 4778 Au-

2189 4786 2360 4833 stinus
2398 4787 2634 4833 eamdem
2677 4788 2995 4835 sententiam
3030 4786 3326 4848 sequuntur
3357 4801 3368 4836 :
3416 4789 3671 4838 nimirum
3702 4793 3775 4840 ob

2189 4797 2360 4833 sunus
2398 4797 2634 4833 eamdem
2677 4797 2995 4835 sententiam
3030 4797 3326 4848 sequuntur
3357 4801 3368 4836 :
3416 4797 3671 4838 nimirum
3702 4797 3772 4840 ob

2114 4797 2464 4920 ggptuaginta
2489 4849 2866 4958 .interéiiretum
2921 4852 3141 4911 codices,
3212 4852 3269 4899 in
3327 4851 3521 4924 quibus
3585 4853 3772 4929 deerat

2112 4909 2364 4978 Ablalon1
2411 4924 2521 4978 qui,
2578 4911 2643 4958 .lu
2704 4925 2850 4978 c_um_
2882 4926 2976 4966 xu,
3036 4914 3110 4969 11,
3179 4912 3253 4969 12,
3304 4914 3632 4978 perhibetur
3684 4931 3772 4978 Ju-

2113 4926 2357 4965 Amaion.
2411 4926 2521 4971 qui,
2578 4926 2824 4959 Jumcum
2882 4926 2976 4966 xu,
3036 4926 3110 4969 ιι,
3179 4926 3253 4969 ικ,
3323 4926 3632 4974 perhibetur
3684 4926 3768 4978 ju-

2113 4971 2314 5020 dicasse
2343 4974 2588 5020 Israelem
2620 4975 2776 5021 annis
2823 4975 3017 5027 decem.
3068 4988 3201 5037 quos
3248 4976 3545 5041 tribuerant
3586 4977 3768 5041 Josue,

2112 5036 2173 5081 ut
2233 5036 2551 5100 conficerent
2609 5048 2873 5100 summam
2933 5036 3196 5086 annorum
3254 5036 3768 5100 quadringentorum

2111 5097 2379 5156 octoginta
2455 5100 2520 5145 ab
2594 5099 2891 5157 egressione
2967 5101 3199 5147 filiorum
3270 5097 3434 5148 lsrael
3493 5097 3559 5148 ex
3621 5105 3769 5153 terra.

2111 5159 2322 5220 Egypti
2377 5173 2544 5219 usque
2605 5161 2670 5207 ad
2728 5161 2908 5268 temp‘li
2971 5163 3409 5221 aedificationem,
3486 5176 3622 5237 quae
3676 5181 3762 5227 po-

2111 5221 2255 5268 nitur
2305 5222 2373 5268 IlI
2429 5222 2553 5268 Reg.
2615 5237 2684 5268 Vl.
2748 5223 2790 5268 1.
2879 5224 3072 5268 'idelur
3124 5227 3301 5268 tamen
3363 5239 3428 5268 ex
3485 5224 3762 5268 Scrinium

2108 5221 2373 5288 nitur_I[_I
2429 5222 2553 5282 Reg.
2615 5237 2684 5276 Vl,
2748 5223 2790 5270 1.
2836 5221 3072 5273 Videtur
3124 5227 3302 5274 tamen
3363 5239 3428 5273 ex
3485 5221 3765 5288 Scriptura

2107 5284 2280 5360 colligi
2341 5285 2496 5333 Josue
2554 5288 2752 5346 septem
2827 5299 2995 5360 annos
3061 5289 3470 5360 consumpsisse.
3505 5289 3561 5335 in
3599 5284 3764 5360 :terra

2107 5345 2540 5394 Chanauacorum
2599 5345 2967 5408 expugnanda,
3025 5353 3077 5398 et
3135 5345 3354 5399 totidem
3403 5350 3537 5398 alios
3594 5352 3652 5398 in
3700 5368 3762 5402 ea

2105 5409 2405 5457 dividenda.
2486 5411 2630 5459 Unde
2693 5411 2909 5472 quidam
2990 5413 3343 5461 Hebraeorum
3414 5412 3660 5463 tribuunt
3715 5417 3760 5464 ei

2105 5473 2503 5536 quatuor-decim
2568 5485 2780 5530 annos;
2841 5487 2903 5522 ac
2978 5475 3249 5536 probabile
3321 5477 3400 5524 est
3472 5488 3594 5523 eum
3652 5480 3756 5526 tres

2102 5534 2190 5580 vel
2249 5538 2478 5600 quatuor
2535 5549 2702 5583 annos
2763 5534 3148 5600 supervixisse,
3225 5539 3404 5599 sicque
3476 5540 3757 5600 rempubli-

2104 5609 2220 5661 eam
2276 5599 2593 5658 gubernasse
2647 5599 2802 5648 annis
2859 5600 3227 5661 septemdecim
3299 5601 3382 5649 vel
3445 5601 3749 5652 octodecim.

2109 5657 2364 5712 Constans.
2917 5657 2935 5661 _
3103 5687 3112 5696 ·
