4124 6188
303 338 416 399 569

301 477 376 538 ta,
411 474 561 546 apud
596 473 895 546 Sicyonios
925 477 1080 530 sexto
1120 475 1344 533 decimo
1391 478 1622 544 Corace,
1658 481 1808 550 apud
1840 481 1943 534 Ar-

299 557 460 626 givos
520 556 744 610 decimo
815 555 1025 623 Danao,
1084 558 1237 629 apud
1304 557 1689 614 Athenienses
1738 565 1943 631 quarto

297 633 699 692 Erichthonio.

296 771 526 828 CAPUT
557 773 676 828 XII.
709 805 778 813 —
811 775 882 829 De
911 776 1088 830 sacris
1116 775 1388 844 [alsorum
1419 777 1669 844 deorum,
1703 791 1827 848 quae
1855 793 1940 833 re-

365 869 464 926 ges
511 853 735 910 Graeciae
771 854 889 908 illis
932 857 1265 925 temporibus
1302 857 1688 922 instituerunt,
1719 872 1846 928 quae
1874 857 1943 911 ab

364 935 521 988 exitu
550 936 721 988 Israel
751 950 822 988 ea:
851 936 1080 1007 Αῐομριο
1104 950 1273 1005 usque
1300 937 1378 992 ad
1408 937 1617 992 obitum
1644 939 1771 994 Iesu
1799 938 1944 993 Nave

363 1013 807 1070 dinumerantur.

365 1140 472 1194 Per
514 1139 637 1195 haec
692 1143 971 1212 tempora,
1031 1141 1088 1195 id
1137 1145 1246 1211 est,
1305 1142 1376 1197 ab
1434 1143 1590 1198 exitu
1640 1142 1812 1199 Israel
1871 1159 1938 1199 ex

286 1219 532 1291 Egypto
564 1235 751 1290 usque
782 1221 848 1275 ad
876 1229 1119 1276 mortem
1149 1220 1286 1276 Jesu
1313 1221 1488 1290 Nave,
1515 1239 1615 1292 per
1636 1239 1808 1293 quem
1836 1239 1936 1292 po-

287 1298 647 1371 pulusidem
697 1304 910 1356 terram
965 1302 1431 1369 repromissionis
1483 1304 1724 1372 accepit,
1771 1320 1936 1359 sacra

283 1386 430 1439 sunt
478 1380 746 1436 instituta
795 1382 908 1436 diis
959 1382 1182 1437 falsisa
1229 1383 1461 1455 regibus
1510 1384 1760 1448 Graeciaa,
1807 1401 1934 1455 quae

283 1461 634 1516 memoriam
669 1461 893 1530 diluvii,
925 1472 979 1517 et
1016 1463 1086 1518 ab
1117 1479 1183 1518 eo
1215 1463 1572 1520 liberationis
1605 1465 1932 1530 hominum,

282 1545 532 1614 vitasque
562 1548 700 1598 tunc
747 1559 1090 1598 aarumnosae
1125 1546 1295 1598 modo
1332 1545 1401 1599 ad
1451 1546 1590 1611 alta,
1641 1546 1813 1600 modo
1859 1547 1930 1601 ad

282 1623 465 1696 plana
495 1623 896 1692 migrantium,
929 1624 1175 1679 solemni
1207 1624 1539 1680 celebritate
1561 1632 1927 1681 revocarunt.

280 1704 431 1761 Nam
461 1707 516 1758 et
566 1703 960 1774 Lupercorum
1001 1720 1102 1774 per
1149 1721 1375 1760 sacram
1423 1706 1575 1761 viam
1624 1721 1927 1762 ascensum

276 1790 462 1855 atque
512 1785 856 1839 descensum
888 1787 967 1855 (a)
999 1785 1083 1841 sic
1116 1785 1596 1858 interpretantur,
1631 1793 1695 1841 ut
1725 1787 1797 1842 ab
1845 1788 1928 1844 eis

273 1865 602 1936 signiﬁcari
629 1865 825 1919 dicant
856 1865 1144 1930 homines,
1176 1867 1276 1937 qui
1309 1871 1543 1937 propter
1563 1883 1726 1938 aqua:
1757 1867 1926 1922 inun-

271 1947 581 2001 dationem
631 1961 860 2000 summa
908 1947 1190 2002 montium
1243 1949 1586 2019 petiverunt,
1637 1953 1694 2003 et
1723 1965 1926 2004 rursus

269 2025 486 2080 eadem
520 2025 801 2080 residente
830 2027 899 2080 ad
936 2027 1055 2081 ima
1086 2028 1398 2082 redierunt.
1434 2027 1534 2082 His
1569 2029 1927 2098 temporibus

268 2106 647 2176 Dionysium,
697 2107 794 2177 qui
837 2107 1012 2161 etiam
1065 2107 1236 2162 Liber
1281 2112 1442 2178 pater
1471 2107 1664 2161 dictus
1713 2112 1819 2173 est,
1871 2111 1928 2161 et

266 2192 414 2259 post
445 2195 685 2242 mortem
717 2190 861 2243 deus
887 2189 1136 2252 habitus,
1169 2187 1341 2243 vitem
1374 2187 1560 2241 ferunt
1603 2189 1927 2242 ostendisse

266 2269 333 2324 in
370 2268 566 2324 Attica
588 2273 742 2323 terra
772 2268 985 2339 hospiti
1013 2285 1137 2324 suo.
1171 2269 1337 2323 Tunc
1367 2267 1620 2339 Apollini
1651 2267 1926 2338 Delphico

264 2348 533 2404 instituti
565 2354 706 2404 sunt
751 2347 875 2402 ludi
908 2349 1138 2414 musici,
1181 2355 1246 2403 ut
1284 2348 1611 2420 placaretur
1641 2348 1729 2402 ira
1775 2348 1924 2418 ejus,

263 2447 391 2502 qua
424 2430 709 2502 putabant
751 2430 993 2484 afﬂictas
1028 2445 1157 2484 esse
1203 2429 1512 2484 sterilitate
1549 2429 1778 2483 Graeciaa
1830 2444 1924 2485 re-

260 2511 504 2582 giones,
536 2511 669 2580 quia
712 2526 828 2564 non
876 2509 1242 2565 defenderint
1269 2510 1553 2579 templum
1587 2510 1733 2580 ejus,
1774 2511 1925 2580 quod

256 2608 374 2647 rex
407 2592 662 2658 Danaus,
685 2605 819 2646 cum
835 2589 1069 2644 easdem
1092 2596 1277 2646 terras
1308 2590 1458 2646 bello
1480 2591 1810 2660 invasisset,
1832 2593 1922 2647 iu-

257 2673 494 2728 oendit.
533 2672 647 2725 Hos
687 2677 875 2725 autem
928 2669 1097 2726 ludos
1146 2676 1209 2726 ut
1259 2672 1632 2727 instituerent
1686 2672 1922 2726 oraculo

252 2759 414 2806 sunt
442 2752 572 2819 ejus
611 2749 958 2805 admoniti’.
993 2751 1054 2805 In
1082 2752 1273 2807 Attica
1309 2767 1444 2806 vero
1483 2768 1583 2806 rex
1611 2751 1924 2806 Erichtho—

251 2832 413 2887 nius
444 2830 496 2886 ei
528 2831 694 2886 ludos
727 2831 954 2901 primus
991 2830 1280 2887 instituit:
1314 2848 1419 2887 nec
1449 2833 1500 2887 ei
1539 2837 1788 2893 tantum,
1822 2833 1920 2888 sed

250 2912 442 2967 etiam
494 2911 784 2975 Minervas,
838 2911 936 2966 ubi
981 2913 1288 2981 praemium
1347 2911 1666 2968 victoribus
1723 2914 1920 2968 oleum

250 2989 616 3063 ponebatur,
653 2991 808 3060 quod
847 2992 974 3060 ejus
1005 2991 1228 3047 fructus
1276 2991 1656 3048 inventricem
1709 2993 1920 3047 Miner-

249 3087 420 3139 vam,
454 3072 605 3125 sicut
632 3071 752 3125 vini
799 3071 1070 3126 Liberum
1113 3073 1375 3127 tradunt.
1414 3072 1518 3128 Per
1547 3089 1646 3128 eos
1677 3089 1864 3128 annos
1887 3090 1922 3128 a

250 3167 402 3223 rege
434 3151 672 3207 Xantho
721 3151 1112 3218 Cretensium,
1159 3153 1332 3223 cujus
1375 3153 1528 3222 apud
1581 3153 1726 3208 alios
1759 3153 1920 3208 aliud

262 3248 492 3288 nomen
524 3232 854 3288 invenimus
886 3233 987 3302 (5),
1017 3239 1183 3304 rapta
1215 3234 1551 3304 perhibetur
1582 3233 1832 3305 EurOpa,
1867 3237 1923 3288 et

260 3314 414 3368 inde
455 3312 636 3383 geniti
687 3312 1192 3384 Rhadamanthus,
1235 3315 1555 3384 Sarpedon,
1607 3319 1664 3368 et
1707 3315 1921 3378 Minos,

261 3409 426 3465 quos
459 3394 644 3465 magis
673 3409 743 3448 ex
773 3394 978 3448 eadem
1010 3394 1254 3448 muliere
1285 3394 1436 3449 ﬁlios
1465 3395 1626 3450 Jovis
1656 3411 1784 3450 esse
1807 3395 1929 3449 vul-

260 3479 475 3548 gatum
508 3481 615 3530 est.
648 3475 757 3531 Sed
789 3474 995 3529 talium
1029 3477 1270 3530 deorum
1303 3475 1553 3530 cultores
1585 3475 1731 3529 illud
1764 3477 1921 3546 quod

259 3555 339 3610 de
377 3570 511 3625 rege
563 3554 928 3610 Cretensium
961 3555 1234 3624 diximus,
1274 3555 1561 3608 historicas
1609 3555 1838 3610 veritati
1865 3557 1920 3624 ²;

258 3635 385 3690 hoc
415 3640 609 3690 autem
656 3636 811 3708 quod
857 3636 928 3690 de
970 3635 1110 3691 Jove
1157 3639 1337 3704 poetae
1386 3640 1651 3702 cantant,
1700 3635 1924 3691 theatra

258 3721 648 3786 concrepant,
682 3715 882 3787 papuli
913 3716 1228 3782 celebrant,
1261 3715 1500 3770 vanitati
1533 3717 1811 3786 deputant
1838 3717 1923 3772 fa-

257 3797 569 3866 bularum,
613 3803 678 3852 ut
715 3803 866 3853 esset
897 3798 1054 3852 unde
1085 3797 1208 3852 ludi
1246 3797 1448 3852 tierent
1481 3797 1779 3868 placandis
1813 3814 1921 3851 nu-

257 3879 534 3933 minibus
564 3879 736 3933 etiam
793 3878 954 3934 falsis
984 3895 1185 3934 eorum
1228 3879 1592 3935 criminibus.
1642 3879 1741 3934 His
1772 3885 1920 3934 tem-

258 3960 514 4031 poribus
574 3959 846 4015 Hercules
897 3959 954 4013 in
997 3959 1166 4030 Tyria
1203 3959 1276 4032 (ο)
1309 3960 1503 4014 clarus
1552 3960 1919 4026 habebatur;

259 4041 369 4097 sed
433 4040 711 4095 nimirum
745 4042 916 4106 alius,
961 4057 1076 4096 non
1116 4042 1213 4097 ille
1246 4042 1317 4096 de
1374 4057 1486 4112 quo
1518 4059 1696 4111 supra
1743 4042 1919 4096 locuti

261 4137 501 4177 sumus.
535 4121 850 4176 Secretiore
870 4122 1081 4192 quippe
1112 4121 1357 4176 historia
1390 4123 1586 4192 plures
1616 4122 1800 4177 fuisse
1831 4123 1921 4178 di-

259 4206 486 4258 cuntur
515 4207 570 4256 et
599 4201 783 4256 Liberi
811 4209 1004 4273 patres
1027 4208 1082 4257 et
1109 4204 1403 4258 Hercules.
1431 4203 1596 4259 Hunc
1620 4221 1758 4258 sane
1782 4204 1921 4259 Her-

258 4282 484 4348 culem,
527 4284 692 4350 cujus
720 4282 983 4352 ingentia
1030 4283 1338 4338 duodecim
1381 4285 1532 4338 facta
1581 4291 1917 4352 numerant,

259 4353 417 4416 inter
448 4377 576 4432 quae
627 4362 804 4416 Antei
855 4363 975 4416 Afri
1023 4379 1224 4419 necem
1281 4380 1396 4419 non
1439 4372 1917 4432 commemorant,

259 4443 420 4512 quod
454 4457 523 4496 ea
552 4458 644 4496 res
675 4443 741 4496 ad
775 4442 1024 4497 alterum
1053 4443 1358 4499 Herculem
1393 4448 1661 4516 pertinet,
1694 4446 1753 4501 in
1778 4446 1920 4503 OEta

325 4633 350 4698 1_
375 4629 517 4698 Lo_v.,
538 4629 774 4698 graculo
802 4638 938 4698 sunt
988 4631 1265 4698 admoniti
1295 4645 1307 4680 :
1338 4634 1551 4688 omisso,
1600 4633 1744 4692 ejus.
1775 4637 1917 4698 quod

255 4692 467 4756 habent
493 4693 621 4756 editi
651 4694 742 4741 alii
770 4695 822 4742 et
853 4695 1219 4756 manuscripti.

323 4754 347 4787 ²
381 4755 528 4810 Lov.,
559 4755 694 4802 dant
727 4756 972 4816 veritati,
1002 4754 1180 4811 Abest,
1216 4758 1372 4815 dant,
1416 4758 1484 4805 ab
1511 4757 1668 4806 editis
1715 4759 1836 4808 aliis
1863 4763 1917 4810 et

257 4829 291 4865 a
317 4818 718 4880 manuscriptis.

318 4881 402 4939 (a)
434 4878 614 4928 Sacra
629 4882 735 4938 via,
767 4894 906 4942 quae
929 4894 962 4930 a
1002 4881 1252 4942 Varrone,
1283 4883 1349 4930 de
1385 4882 1588 4942 Lingua
1616 4883 1802 4934 latina.
1834 4887 1915 4934 ut-

257 4955 491 5006 cumque
519 4943 852 4998 describitur,
885 4945 960 4993 sic
986 4945 1127 4994 dicta
1153 4947 1250 4997 est.
1293 4946 1434 5006 quod
1469 4945 1546 4992 ibi
1572 4944 1747 4994 foedus
1777 4948 1917 4998 inter

259 5004 551 5053 Romulum
592 5008 645 5055 et
691 5007 900 5055 Tatium
946 5020 1122 5068 regem
1161 5004 1480 5057 Sabinorum
1524 5007 1690 5056 ictum
1735 5009 1912 5059 fuerit.

254 5068 488 5117 Acclivis
511 5071 626 5117 erat
654 5070 782 5118 haec
806 5070 910 5126 via,
933 5070 1049 5117 ideo
1069 5070 1419 5130 Lupercorum
1436 5071 1785 5130 sacerdotum,
1802 5074 1915 5123 sive

256 5143 445 5179 eorum
474 5131 568 5192 qui
595 5132 692 5179 deo
721 5131 852 5179 Pani
881 5145 1032 5180 sacra
1058 5131 1340 5194 iaciebant,
1391 5147 1640 5183 ascensus
1676 5149 1767 5196 per
1794 5149 1913 5185 eam

256 5195 308 5241 et
339 5193 627 5242 descensus
645 5195 854 5242 dicitur.

256 5205 308 5241 οι
339 5205 627 5242 descensus
645 5205 854 5243 αιοιιῐιιι.

319 5255 392 5302 (ὂν
417 5256 656 5321 Asterius
685 5257 994 5321 nominatur
1032 5257 1090 5305 in
1131 5256 1342 5307 Eusebii
1387 5258 1660 5319 Chronico,
1708 5261 1802 5321 qui
1847 5274 1914 5310 ex

251 5316 464 5427 Eprppa
491 5319 939 5377 Rhadamantum,
959 5319 1314 5382 Sarpedonem
1344 5324 1396 5370 et
1415 5316 1912 5383 Minoem'ge-nuisse

314 5394 362 5427 cr
389 5394 457 5427 ur

314 5394 457 5429 crtur

315 5449 383 5492 (ο)
415 5442 658 5506 Plerique
687 5445 830 5500 Mss,
852 5445 914 5493 in
947 5444 1139 5506 Syria.
1170 5444 1269 5494 Sed
1325 5447 1372 5496 si
1429 5447 1516 5496 hic
1557 5449 1637 5496 est
1665 5448 1911 5497 Hercules

250 5506 347 5571 qui
377 5505 438 5571 in_
465 5505 592 5554 (Eta
629 5508 936 5571 combustus
977 5505 1074 5561 est.
1116 5507 1366 5571 Hercules
1412 5511 1642 5571 Argivus
1688 5511 1806 5567 erit,
1857 5513 1910 5560 et

250 5567 535 5628 legendum
566 5569 683 5624 erit,
731 5573 794 5618 in
858 5569 1177 5632 Tyrinthia.
1209 5585 1344 5632 quae
1390 5575 1470 5620 est
1489 5567 1647 5622 'urbe
1675 5574 1730 5620 in
1765 5573 1909 5623 Pelo-

250 5643 698 5742 pougnva'pmpe
739 5635 922 5695 Argos,
974 5634 1032 5681 in
1069 5646 1176 5696 qua
1216 5635 1470 5684 educatus
1514 5638 1594 5685 est
1640 5636 1903 5687 Hercules.

293 5707 368 5741 σι).
412 5707 576 5741 νῐνιι.

1475 344 1699 404 LIBER
1745 343 1984 406 DECIM
1999 343 2093 407 US
2140 346 2525 414 OCTAVUS.

3581 369 3700 430 570

2055 491 2247 538 monte
2276 502 2309 540 a
2340 502 2400 570 se
2448 487 2599 558 ipso,
2639 489 2943 548 incensum
2997 497 3249 566 produnt
3296 498 3422 554 suis
3465 499 3696 570 litteris,

2053 577 2183 618 cum
2236 580 2303 620 ea
2350 568 2582 638 virtute,
2615 588 2729 641 qua
2762 582 3018 629 monstra
3053 578 3382 646 subegerat,
3431 568 3699 639 morbum

2051 645 2268 728 tamen,
2318 663 2429 716 quo
2479 649 2808 717 languebat,
2863 655 3152 710 sustinere
3185 674 3296 712 non
3353 645 3563 728 posset.
3596 662 3698 718 Illo

2052 727 2313 808 tempore
2357 728 2447 783 vel
2491 747 2608 797 rex,
2641 731 2728 787 vel
2775 736 2966 804 potius
2998 743 3282 808 tyrannus
3315 727 3536 798 Busiris
3577 747 3698 799 suis

2052 805 2164 892 diis
2194 824 2330 892 suos
2362 811 2622 892 hospites
2664 805 3045 871 immolabati
3078 836 3247 889 quem
3282 821 3468 876 hlium
3504 824 3699 892 perhi-

2051 886 2191 974 bent
2223 889 2400 945 fuisse
2432 891 2707 962 Neptuni,
2758 911 2825 949 ex
2859 903 3041 952 matre
3077 886 3266 968 Libya,
3308 902 3426 956 filia
3456 886 3695 974 Epaphi.

2052 965 2257 1056 Verum
2283 986 2393 1024 non
2428 975 2699 1028 credatur
2721 975 2827 1030 hoc
2858 986 3126 1048 stuprum
3161 965 3523 1052 perpetrasse
3547 965 3696 1056 Νερ-

2050 1051 2377 1132 ῇιιιιυδηηθ
2417 1054 2497 1107 dii
2539 1065 2931 1114 accusantur:
2982 1062 3078 1115 sed
3115 1051 3299 1132 pectis
3355 1069 3412 1118 et
3453 1051 3697 1121 theatris

2048 1126 2167 1210 ista
2199 1131 2550 1201 tribuantur,
2589 1140 2651 1189 ut
2681 1138 2758 1191 sit
2791 1139 2945 1193 unde
2977 1126 3298 1210 placentur.
3338 1144 3696 1200 Erichthonii

2050 1209 2205 1278 regis
2251 1212 2719 1285 Atheniensium,
2752 1219 2921 1288 cujus
2954 1209 3286 1277 novissimis
3334 1225 3501 1278 annis
3529 1226 3698 1281 Jesus

2046 1291 2198 1344 Nave
2232 1298 2498 1350 mortuus
2531 1298 2835 1366 reperitur,
2883 1299 3167 1358 Vulcanus
3213 1312 3265 1358 et
3315 1306 3567 1362 Minerva
3599 1324 3698 1378 pa-

2048 1376 2239 1426 rentes
2274 1375 2455 1430 fuisse
2477 1378 2776 1433 dicuntur.
2802 1381 2911 1435 Sed
2937 1383 3210 1450 quoniam
3242 1386 3556 1442 Minervam
3581 1375 3696 1442 vir-

2045 1451 2238 1521 ginem
2273 1456 2493 1516 volunt,
2529 1458 2581 1512 in
2625 1461 2928 1517 amborum
2962 1466 3335 1521 contentione
3365 1467 3692 1523 Vulcanum

2045 1540 2396 1618 commotum
2429 1535 2704 1592 effudisse
2735 1539 2899 1594 aiunt
2929 1557 3124 1598 semen
3161 1545 3218 1598 in
3251 1551 3487 1613 terram,
3523 1561 3695 1617 atque

2042 1613 2176 1666 inde
2191 1613 2559 1670 homininato
2573 1620 2644 1671 ob
2658 1635 2782 1672 eam
2799 1637 3037 1675 causam
3055 1622 3166 1678 tale
3182 1625 3432 1680 inditum
3453 1613 3688 1683 nomen.

2042 1691 2235 1748 Graeca
2271 1695 2426 1776 enim
2479 1697 2680 1767 lingua
2730 1695 2842 1772 ἔρις
2883 1705 3196 1768 contentio,
3229 1713 3282 1758 et
3337 1702 3484 1776 χθών
3534 1711 3691 1762 terra

2041 1778 2162 1840 est;
2197 1789 2265 1828 ex
2297 1775 2510 1844 quibus
2541 1777 2771 1833 duobus
2803 1784 3196 1851 compositum
3221 1775 3567 1840 vocabulum
3601 1791 3691 1842 est

2039 1853 2473 1934 Erichthonius.
2520 1856 2756 1927 Verum,
2800 1863 2955 1931 quod
3011 1864 3311 1919 fatendum
3363 1873 3466 1934 est,
3520 1868 3688 1924 refel-

2039 1932 2159 2016 lunt
2186 1941 2248 2016 et
2278 1953 2310 1990 a
2343 1939 2469 1991 suis
2500 1939 2612 1993 diis
2645 1941 2934 2011 repellunt
2955 1943 3061 1998 ista
3085 1946 3392 2012 doctiores,
3418 1932 3516 2016 qui
3542 1949 3687 2006 hanc

2037 2015 2370 2099 opinionem
2415 2018 2732 2099 fabulosam
2786 2021 2920 2076 hinc
2968 2030 3222 2079 exortam
3277 2015 3493 2094 ferunt,
3550 2029 3686 2099 quia

2037 2092 2097 2172 in
2143 2096 2354 2164 templo
2388 2095 2624 2152 Vulcani
2679 2105 2735 2153 et
2767 2100 3057 2171 Minervas,
3100 2105 3256 2172 quod
3297 2092 3682 2163 amborun-um

2037 2171 2330 2256 habebant
2376 2176 2642 2243 Athenis,
2699 2183 3001 2248 expositus
3061 2171 3330 2238 inventus
3389 2191 3478 2240 est
3545 2203 3686 2256 puer

2036 2254 2284 2308 dracone
2335 2256 2650 2326 involutus,
2701 2260 2798 2329 qui
2833 2277 2965 2315 eum
3018 2262 3368 2333 significavit
3399 2254 3681 2338 magnum

2037 2334 2322 2402 futurum,
2346 2341 2403 2391 et
2429 2345 2662 2407 prOpter
2684 2345 3319 2414 communetemplum,
3338 2361 3474 2400 cum
3491 2334 3685 2404 essent

2036 2419 2304 2483 parentes
2352 2419 2480 2487 ejus
2527 2420 2730 2490 ignoti,
2780 2419 3023 2477 Vulcani
3059 2428 3115 2478 et
3159 2425 3428 2480 Minervae
3458 2427 3679 2483 dictum

2035 2510 2160 2549 esse
2192 2495 2377 2551 {ilium
2408 2515 2421 2552 :
2470 2500 2725 2555 nominis
2755 2506 2948 2558 tamen
2997 2504 3125 2573 ejus
3170 2506 3452 2574 originem
3486 2507 3678 2564 fabula

2034 2573 2138 2629 illa
2162 2576 2350 2658 potius
2377 2595 2552 2649 quam
2585 2581 2690 2634 ista
2713 2582 2982 2653 designat
3006 2573 3276 2640 historia.
3298 2587 3406 2641 Sed
3433 2588 3571 2658 quid
3606 2591 3676 2644 ad

2034 2673 2140 2712 nos
2162 2657 2189 2712 ‘I
2216 2658 2332 2713 Hoc
2362 2659 2419 2713 in
2444 2663 2745 2717 veracibus
2777 2663 2938 2719 libris
2971 2663 3236 2720 homines
3268 2657 3522 2722 instruat
3552 2670 3679 2724 reli-

2031 2736 2226 2808 giosos
2249 2738 2290 2804 ³,
2324 2738 2468 2794 illud
2501 2740 2561 2794 in
2597 2741 2898 2798 fallacibus
2929 2744 3084 2799 ludis
3116 2745 3408 2801 daemones
3432 2747 3679 2803 delectet

2031 2819 2328 2887 impuros:
2363 2837 2508 2891 quos
2551 2828 2744 2877 tamen
2787 2823 2870 2877 illi
2923 2825 3173 2894 religiosi
3227 2832 3498 2896 tanquam
3538 2829 3677 2884 deos

2032 2899 2268 2964 colunt;
2301 2909 2353 2955 et
2384 2917 2515 2956 cum
2548 2903 2619 2956 de
2658 2903 2773 2958 illis
2812 2904 2932 2958 haec
2981 2910 3213 2976 negant,
3265 2908 3336 2961 ab
3369 2909 3528 2962 omni
3579 2924 3677 2964 eos

2032 2979 2276 3034 crimine
2302 2997 2572 3052 ,purgare
2613 2999 2727 3036 non
2763 2991 3028 3052 possunt,
3063 2984 3340 3056 quoniam
3376 2986 3545 3043 ludos
3593 2990 3678 3044 eis

2031 3060 2403 3129 poscentibus
2452 3063 2750 3132 exhibent,
2811 3063 2906 3118 ubi
2964 3065 3208 3136 turpiter
3237 3074 3490 3134 aguntur
3548 3086 3675 3139 quas

2029 3140 2186 3194 velut
2217 3141 2513 3210 sapienter
2544 3148 2854 3214 negantur,
2886 3148 2942 3199 et
2973 3144 3064 3199 his
3105 3145 3266 3200 falsis
3310 3163 3376 3202 ac
3406 3150 3674 3219 turpibus

2031 3219 2109 3273 dii
2143 3219 2465 3289 placantur,
2499 3223 2593 3276 ubi
2633 3225 2743 3279 etsi
2775 3225 2973 3279 fabula
3003 3231 3202 3280 cantat
3225 3229 3444 3282 crimen
3478 3231 3678 3283 numi-

2031 3315 2172 3354 num
2208 3301 2434 3369 l'alsum,
2469 3302 2741 3358 delectari
2765 3309 2953 3359 tamen
2980 3305 3126 3361 falso
3158 3306 3421 3374 crimine,
3456 3310 3683 3364 crimen

2031 3385 2120 3434 est
2161 3395 2381 3434 verum.

2031 3538 2264 3595 CAPUT
2294 3539 2441 3596 XIII.
2476 3571 2538 3581 —
2574 3541 2836 3609 Qualium
2866 3543 3187 3607 fabularum
3207 3549 3463 3615 ﬁgmenta
3494 3557 3686 3603 exorta

2101 3621 2212 3674 sint
2240 3636 2300 3674 eo
2330 3630 2589 3691 tempore,
2633 3638 2736 3691 quo
2769 3623 3012 3679 Hebraeis
3057 3625 3273 3680 Iudices
3312 3640 3544 3697 praeesse
3573 3644 3685 3682 εω-

2101 3711 2328 3763 perunt.

2105 3825 2238 3881 Post
2272 3829 2510 3882 mortem
2543 3827 2678 3882 Jesu
2702 3827 2876 3894 Nave,
2912 3827 3163 3899 populus
3197 3830 3547 3887 DeiJudices
3570 3832 3678 3888 ha-

2038 3905 2184 3973 buit,
2220 3906 2431 3977 quibus
2458 3908 2817 3978 temporibus
2858 3909 3287 3966 alternaverunt
3315 3914 3462 3980 apud
3497 3928 3595 3968 eos
3625 3917 3683 3968 et

2030 3986 2391 4042 humilitates
2423 3988 2688 4042 laborum
2718 3984 2825 4058 pro
2879 4006 3078 4045 eorum
3113 3992 3388 4061 peccatis,
3420 3997 3477 4047 et
3518 4010 3679 4062 pros-

2032 4067 2301 4136 peritates
2323 4067 2784 4123 consolationum
2821 4078 3052 4141 propter
3084 4072 3518 4127 miserationem
3552 4072 3676 4129 Dei.

2029 4146 2130 4202 His
2163 4148 2521 4219 temporibus
2565 4148 2774 4204 fabula:
2807 4149 2952 4205 ﬁctae
2992 4156 3132 4206 sunt
3176 4153 3245 4207 de
3296 4152 3676 4224 Triptolemo,

2031 4228 2183 4298 quod
2207 4229 2444 4297 jnbente
2466 4229 2993 4301 Cerere,anguibus
3023 4235 3280 4298 portatus
3307 4232 3570 4300 alitibus,
3595 4233 3679 4288 in-

2028 4309 2361 4378 digentibus
2401 4311 2572 4364 terris
2604 4311 2891 4365 frumenta
2933 4312 3178 4366 volando
3211 4312 3526 4368 contulerit
3560 4329 3574 4368 :
3608 4315 3679 4369 de

2027 4390 2373 4458 Minotauro,
2409 4391 2563 4462 quod
2594 4392 2779 4446 bestia
2810 4392 2985 4447 fuerit
3018 4392 3246 4447 inclusa
3279 4393 3675 4464 Labyrintho;

2027 4486 2142 4541 quo
2174 4487 2305 4525 curn
2339 4472 2662 4527 intrassent
2703 4472 2995 4536 homines,
3045 4475 3430 4531 inextricabili
3462 4491 3675 4546 errore,

2026 4551 2162 4604 inde
2191 4553 2342 4606 exire
2375 4568 2487 4607 non
2517 4560 2782 4624 poterant
2817 4569 2828 4607 :
2863 4555 2934 4608 de
2964 4553 3293 4621 Centauris,
3322 4557 3472 4626 quod
3498 4573 3674 4628 equo-

2027 4647 2157 4686 rum
2209 4631 2633 4703 hominumque
2684 4635 2855 4690 fuerit
2918 4641 3126 4688 natura
3197 4635 3554 4705 conjuncta:
3605 4640 3676 4691 de

2025 4711 2289 4777 Cerbero,
2347 4714 2500 4784 quod
2553 4715 2627 4768 sit
2677 4716 2890 4785 triceps
2953 4715 3270 4769 inferorum
3333 4714 3494 4769 canis
3538 4731 3551 4769 :
3604 4716 3674 4769 de

2027 4793 2247 4862 Pbryxo
2270 4800 2327 4849 et
2356 4793 2513 4849 Helle
2533 4799 2663 4863 ejus
2707 4812 2920 4860 sorore,
2949 4796 3101 4864 quod
3138 4796 3281 4847 vecti
3317 4795 3492 4847 ariete
3525 4794 3674 4848 vola-

2025 4875 2212 4929 verint
2233 4892 2245 4929 :
2268 4877 2337 4930 de
2359 4876 2642 4945 Gorgone,
2670 4877 2822 4945 quod
2852 4875 3024 4927 fuerit
3046 4874 3254 4927 crinita
3276 4875 3671 4943 serpentibus,

2024 4962 2079 5010 et
2121 4957 2465 5025 aspicientes
2514 4956 2884 5011 convertebat
2915 4955 2971 5007 in
3019 4955 3282 5024 lapides:
3318 4956 3387 5010 de
3426 4956 3671 5012 Bellero-

2026 5036 2260 5107 phonte,
2293 5037 2441 5104 quod
2475 5051 2625 5107 equo
2679 5035 2885 5105 pennis
2914 5035 3142 5089 volante
3195 5040 3270 5090 sit
3302 5042 3518 5102 vectus,
3572 5038 3671 5104 qui

2022 5133 2211 5186 equus
2245 5115 2497 5187 Pegasus
2530 5116 2720 5171 dictus
2749 5121 2878 5170 est:
2912 5116 2982 5170 de
3013 5116 3361 5186 Amphione,
3404 5117 3558 5188 quod
3594 5118 3673 5172 ci-

2021 5198 2201 5252 tharas
2233 5197 2516 5252 suavitate
2562 5197 2784 5268 lapides
2827 5197 3093 5254 muleerit
3134 5203 3191 5254 et
3231 5199 3565 5254 attraxerit:
3599 5199 3669 5253 de

2084 5453 2100 5485 ι
2137 5449 2320 5497 Plures
2346 5447 2490 5507 Mss,
2527 5445 2798 5495 Busirin:
2843 5445 2963 5494 suis
2992 5447 3104 5494 diis
3134 5461 3257 5494 suos
3281 5444 3470 5507 potius
3493 5445 3671 5509 hospi-

2022 5521 2094 5560 te:
2123 5509 2464 5558 immolabat.

2080 5572 2101 5606 2
2139 5573 2222 5622 Sic
2254 5573 2620 5633 manuscripti.
2653 5572 2719 5618 At
2761 5573 2888 5620 editi
2922 5585 2933 5618 :
2985 5571 3090 5617 Sed
3138 5571 3277 5632 quid
3322 5570 3394 5617 ad
3422 5585 3522 5619 nos
3551 5571 3664 5630 hoc,

2016 5650 2141 5683 cum
2191 5635 2283 5682 isti
2332 5636 2388 5682 in
2433 5635 2718 5682 reracibus
2762 5634 2917 5682 libris
2958 5633 3201 5681 homines
3241 5634 3533 5682 instruant
3575 5650 3664 5683 re-

2019 5697 2244 5761 ligiosos
2261 5699 2286 5745 i’
