  <div class='ocr_page' id='page_1' title='image "/cluster/home/n/w/nwhite01/storage/ocr_20150623/41/hvd.32044096580634/291.png"; bbox 0 0 4124 6188; ppageno 0'>
   <div class='ocr_carea' id='block_1_1' title="bbox 428 323 541 382">
    <p class='ocr_par' dir='ltr' id='par_1_1' title="bbox 428 323 541 382">
     <span class='ocr_line' id='line_1_1' title="bbox 428 323 541 382; baseline 0 -1"><span class='ocrx_word' id='word_1_1' title='bbox 428 323 541 382; x_wconf 80' lang='grc'><strong>571</strong></span> 
     </span>
    </p>
   </div>
   <div class='ocr_carea' id='block_1_2' title="bbox 428 451 2076 525">
    <p class='ocr_par' dir='ltr' id='par_1_2' title="bbox 428 451 2076 525">
     <span class='ocr_line' id='line_1_2' title="bbox 428 451 2076 525; baseline -0.001 -16"><span class='ocrx_word' id='word_1_2' title='bbox 428 455 593 511; x_wconf 84' lang='lat' dir='ltr'><strong>fabro</strong></span> <span class='ocrx_word' id='word_1_3' title='bbox 622 454 870 520; x_wconf 60' lang='lat' dir='ltr'><strong>Daedalo,</strong></span> <span class='ocrx_word' id='word_1_4' title='bbox 905 457 959 509; x_wconf 88' lang='lat' dir='ltr'><strong>et</strong></span> <span class='ocrx_word' id='word_1_5' title='bbox 989 454 1118 525; x_wconf 88' lang='lat' dir='ltr'><strong>ejus</strong></span> <span class='ocrx_word' id='word_1_6' title='bbox 1148 455 1308 508; x_wconf 83' lang='lat' dir='ltr'><strong>Icaro</strong></span> <span class='ocrx_word' id='word_1_7' title='bbox 1342 451 1480 520; x_wconf 85' lang='lat' dir='ltr'><strong>ﬁlio,</strong></span> <span class='ocrx_word' id='word_1_8' title='bbox 1513 453 1662 522; x_wconf 93' lang='lat' dir='ltr'><strong>quod</strong></span> <span class='ocrx_word' id='word_1_9' title='bbox 1695 453 1807 508; x_wconf 84' lang='lat' dir='ltr'><strong>sibi</strong></span> <span class='ocrx_word' id='word_1_10' title='bbox 1841 458 2076 523; x_wconf 90' lang='lat' dir='ltr'><strong>coapta-</strong></span> 
     </span>
    </p>
   </div>
   <div class='ocr_carea' id='block_1_3' title="bbox 426 534 2074 608">
    <p class='ocr_par' dir='ltr' id='par_1_3' title="bbox 426 534 2074 608">
     <span class='ocr_line' id='line_1_3' title="bbox 426 534 2074 608; baseline -0.002 -16"><span class='ocrx_word' id='word_1_11' title='bbox 426 537 503 592; x_wconf 88' lang='lat' dir='ltr'><strong>tis</strong></span> <span class='ocrx_word' id='word_1_12' title='bbox 537 538 743 608; x_wconf 90' lang='lat' dir='ltr'><strong>pennis</strong></span> <span class='ocrx_word' id='word_1_13' title='bbox 784 536 1141 591; x_wconf 87' lang='lat' dir='ltr'><strong>volaverint:</strong></span> <span class='ocrx_word' id='word_1_14' title='bbox 1179 540 1248 590; x_wconf 92' lang='lat' dir='ltr'><strong>de</strong></span> <span class='ocrx_word' id='word_1_15' title='bbox 1281 534 1517 604; x_wconf 86' lang='lat' dir='ltr'><strong>OEdipo,</strong></span> <span class='ocrx_word' id='word_1_16' title='bbox 1551 536 1707 606; x_wconf 93' lang='lat' dir='ltr'><strong>quod</strong></span> <span class='ocrx_word' id='word_1_17' title='bbox 1741 541 2074 590; x_wconf 79' lang='lat' dir='ltr'><strong>monstrum</strong></span> 
     </span>
    </p>
   </div>
   <div class='ocr_carea' id='block_1_4' title="bbox 429 616 2076 688">
    <p class='ocr_par' dir='ltr' id='par_1_4' title="bbox 429 616 2076 688">
     <span class='ocr_line' id='line_1_4' title="bbox 429 616 2076 688; baseline -0.001 -17"><span class='ocrx_word' id='word_1_18' title='bbox 429 619 748 688; x_wconf 85' lang='lat' dir='ltr'><strong>quoddam,</strong></span> <span class='ocrx_word' id='word_1_19' title='bbox 781 617 921 688; x_wconf 71' lang='lat' dir='ltr'><strong>[quia</strong></span> <span class='ocrx_word' id='word_1_20' title='bbox 965 616 1228 686; x_wconf 83' lang='lat' dir='ltr'><strong>Sphinga</strong></span> <span class='ocrx_word' id='word_1_21' title='bbox 1268 616 1590 679; x_wconf 82' lang='lat' dir='ltr'><strong>dicebatur,</strong></span> <span class='ocrx_word' id='word_1_22' title='bbox 1642 617 1896 671; x_wconf 89' lang='lat' dir='ltr'><strong>humana</strong></span> <span class='ocrx_word' id='word_1_23' title='bbox 1935 616 2076 670; x_wconf 81' lang='lat' dir='ltr'><strong>facie</strong></span> 
     </span>
    </p>
   </div>
   <div class='ocr_carea' id='block_1_5' title="bbox 428 696 2075 769">
    <p class='ocr_par' dir='ltr' id='par_1_5' title="bbox 428 696 2075 769">
     <span class='ocr_line' id='line_1_5' title="bbox 428 696 2075 769; baseline 0.001 -18"><span class='ocrx_word' id='word_1_24' title='bbox 428 698 857 768; x_wconf 77' lang='lat' dir='ltr'><strong>quadrupedem</strong></span> <span class='ocrx_word' id='word_1_25' title='bbox 885 697 925 762; x_wconf 78' lang='grc' dir='ltr'><strong>ί,</strong></span> <span class='ocrx_word' id='word_1_26' title='bbox 960 697 1152 752; x_wconf 91' lang='lat' dir='ltr'><strong>soluta</strong></span> <span class='ocrx_word' id='word_1_27' title='bbox 1181 714 1310 769; x_wconf 66' lang='lat' dir='ltr'><strong>quae</strong></span> <span class='ocrx_word' id='word_1_28' title='bbox 1343 699 1414 751; x_wconf 91' lang='lat' dir='ltr'><strong>ab</strong></span> <span class='ocrx_word' id='word_1_29' title='bbox 1447 696 1546 751; x_wconf 88' lang='lat' dir='ltr'><strong>illa</strong></span> <span class='ocrx_word' id='word_1_30' title='bbox 1579 697 1816 769; x_wconf 87' lang='lat' dir='ltr'><strong>proponi</strong></span> <span class='ocrx_word' id='word_1_31' title='bbox 1851 697 2075 753; x_wconf 78' lang='lat' dir='ltr'><strong>solebat</strong></span> 
     </span>
    </p>
   </div>
   <div class='ocr_carea' id='block_1_6' title="bbox 424 778 2075 851">
    <p class='ocr_par' dir='ltr' id='par_1_6' title="bbox 424 778 2075 851">
     <span class='ocr_line' id='line_1_6' title="bbox 424 778 2075 851; baseline -0.001 -17"><span class='ocrx_word' id='word_1_32' title='bbox 424 779 582 834; x_wconf 80' lang='lat' dir='ltr'><strong>velut</strong></span> <span class='ocrx_word' id='word_1_33' title='bbox 629 778 930 834; x_wconf 80' lang='lat' dir='ltr'><strong>insolubili</strong></span> <span class='ocrx_word' id='word_1_34' title='bbox 971 779 1312 851; x_wconf 62' lang='lat' dir='ltr'><strong>quastione,</strong></span> <span class='ocrx_word' id='word_1_35' title='bbox 1363 794 1469 833; x_wconf 93' lang='lat' dir='ltr'><strong>suo</strong></span> <span class='ocrx_word' id='word_1_36' title='bbox 1521 779 1834 848; x_wconf 69' lang='lat' dir='ltr'><strong>praecipitio</strong></span> <span class='ocrx_word' id='word_1_37' title='bbox 1890 780 2075 848; x_wconf 90' lang='lat' dir='ltr'><strong>perire</strong></span> 
     </span>
    </p>
   </div>
   <div class='ocr_carea' id='block_1_7' title="bbox 424 859 2071 931">
    <p class='ocr_par' dir='ltr' id='par_1_7' title="bbox 424 859 2071 931">
     <span class='ocr_line' id='line_1_7' title="bbox 424 859 2071 931; baseline 0 -17"><span class='ocrx_word' id='word_1_38' title='bbox 424 859 822 931; x_wconf 82' lang='lat' dir='ltr'><strong>compulerit:</strong></span> <span class='ocrx_word' id='word_1_39' title='bbox 883 860 952 914; x_wconf 92' lang='lat' dir='ltr'><strong>de</strong></span> <span class='ocrx_word' id='word_1_40' title='bbox 990 864 1211 926; x_wconf 66' lang='lat' dir='ltr'><strong>Antaeo,</strong></span> <span class='ocrx_word' id='word_1_41' title='bbox 1262 875 1432 930; x_wconf 87' lang='lat' dir='ltr'><strong>quem</strong></span> <span class='ocrx_word' id='word_1_42' title='bbox 1486 861 1711 915; x_wconf 84' lang='lat' dir='ltr'><strong>necavit</strong></span> <span class='ocrx_word' id='word_1_43' title='bbox 1774 859 2071 928; x_wconf 81' lang='lat' dir='ltr'><strong>Hercules,</strong></span> 
     </span>
    </p>
   </div>
   <div class='ocr_carea' id='block_1_8' title="bbox 423 939 2074 1011">
    <p class='ocr_par' dir='ltr' id='par_1_8' title="bbox 423 939 2074 1011">
     <span class='ocr_line' id='line_1_8' title="bbox 423 939 2074 1011; baseline 0 -17"><span class='ocrx_word' id='word_1_44' title='bbox 423 940 577 1011; x_wconf 92' lang='lat' dir='ltr'><strong>quod</strong></span> <span class='ocrx_word' id='word_1_45' title='bbox 613 939 768 993; x_wconf 89' lang='lat' dir='ltr'><strong>ﬁlius</strong></span> <span class='ocrx_word' id='word_1_46' title='bbox 797 939 986 994; x_wconf 70' lang='lat' dir='ltr'><strong>Terrae</strong></span> <span class='ocrx_word' id='word_1_47' title='bbox 1018 941 1210 1003; x_wconf 81' lang='lat' dir='ltr'><strong>fuerit,</strong></span> <span class='ocrx_word' id='word_1_48' title='bbox 1263 944 1496 1010; x_wconf 83' lang='lat' dir='ltr'><strong>propter</strong></span> <span class='ocrx_word' id='word_1_49' title='bbox 1546 940 1699 1010; x_wconf 87' lang='lat' dir='ltr'><strong>quod</strong></span> <span class='ocrx_word' id='word_1_50' title='bbox 1749 939 1966 994; x_wconf 90' lang='lat' dir='ltr'><strong>cadens</strong></span> <span class='ocrx_word' id='word_1_51' title='bbox 2014 940 2074 994; x_wconf 92' lang='lat' dir='ltr'><strong>in</strong></span> 
     </span>
    </p>
   </div>
   <div class='ocr_carea' id='block_1_9' title="bbox 422 1019 2075 1090">
    <p class='ocr_par' dir='ltr' id='par_1_9' title="bbox 422 1019 2075 1090">
     <span class='ocr_line' id='line_1_9' title="bbox 422 1019 2075 1090; baseline 0 -16"><span class='ocrx_word' id='word_1_52' title='bbox 422 1024 636 1074; x_wconf 88' lang='lat' dir='ltr'><strong>terram</strong></span> <span class='ocrx_word' id='word_1_53' title='bbox 688 1019 888 1074; x_wconf 77' lang='lat' dir='ltr'><strong>fortior</strong></span> <span class='ocrx_word' id='word_1_54' title='bbox 935 1020 1146 1074; x_wconf 90' lang='lat' dir='ltr'><strong>soleret</strong></span> <span class='ocrx_word' id='word_1_55' title='bbox 1195 1035 1542 1090; x_wconf 81' lang='lat' dir='ltr'><strong>assurgere:</strong></span> <span class='ocrx_word' id='word_1_56' title='bbox 1585 1025 1641 1074; x_wconf 89' lang='lat' dir='ltr'><strong>et</strong></span> <span class='ocrx_word' id='word_1_57' title='bbox 1687 1020 1735 1074; x_wconf 89' lang='lat' dir='ltr'><strong>si</strong></span> <span class='ocrx_word' id='word_1_58' title='bbox 1768 1036 1881 1088; x_wconf 92' lang='lat' dir='ltr'><strong>qua</strong></span> <span class='ocrx_word' id='word_1_59' title='bbox 1931 1019 2075 1074; x_wconf 87' lang='lat' dir='ltr'><strong>forte</strong></span> 
     </span>
    </p>
   </div>
   <div class='ocr_carea' id='block_1_10' title="bbox 422 1098 2078 1171">
    <p class='ocr_par' dir='ltr' id='par_1_10' title="bbox 422 1098 2078 1171">
     <span class='ocr_line' id='line_1_10' title="bbox 422 1098 2078 1171; baseline 0 -16"><span class='ocrx_word' id='word_1_60' title='bbox 422 1098 535 1155; x_wconf 85' lang='lat' dir='ltr'><strong>alia</strong></span> <span class='ocrx_word' id='word_1_61' title='bbox 568 1100 922 1169; x_wconf 67' lang='lat' dir='ltr'><strong>praetermisi.</strong></span> <span class='ocrx_word' id='word_1_62' title='bbox 958 1103 1051 1154; x_wconf 62' lang='lat' dir='ltr'><strong>He</strong></span> <span class='ocrx_word' id='word_1_63' title='bbox 1096 1099 1302 1155; x_wconf 65' lang='lat' dir='ltr'><strong>fabulae</strong></span> <span class='ocrx_word' id='word_1_64' title='bbox 1338 1099 1553 1154; x_wconf 81' lang='lat' dir='ltr'><strong>bellum</strong></span> <span class='ocrx_word' id='word_1_65' title='bbox 1589 1101 1656 1155; x_wconf 90' lang='lat' dir='ltr'><strong>ad</strong></span> <span class='ocrx_word' id='word_1_66' title='bbox 1712 1116 1899 1171; x_wconf 90' lang='lat' dir='ltr'><strong>usque</strong></span> <span class='ocrx_word' id='word_1_67' title='bbox 1926 1100 2078 1156; x_wconf 91' lang='lat' dir='ltr'><strong>Tro-</strong></span> 
     </span>
    </p>
   </div>
   <div class='ocr_carea' id='block_1_11' title="bbox 418 1179 2079 1251">
    <p class='ocr_par' dir='ltr' id='par_1_11' title="bbox 418 1179 2079 1251">
     <span class='ocr_line' id='line_1_11' title="bbox 418 1179 2079 1251; baseline 0.001 -17"><span class='ocrx_word' id='word_1_68' title='bbox 418 1179 652 1251; x_wconf 86' lang='lat' dir='ltr'><strong>janum,</strong></span> <span class='ocrx_word' id='word_1_69' title='bbox 688 1179 785 1234; x_wconf 90' lang='lat' dir='ltr'><strong>ubi</strong></span> <span class='ocrx_word' id='word_1_70' title='bbox 817 1179 1137 1234; x_wconf 89' lang='lat' dir='ltr'><strong>secundum</strong></span> <span class='ocrx_word' id='word_1_71' title='bbox 1172 1181 1385 1235; x_wconf 90' lang='lat' dir='ltr'><strong>librum</strong></span> <span class='ocrx_word' id='word_1_72' title='bbox 1412 1179 1641 1235; x_wconf 90' lang='lat' dir='ltr'><strong>Marcus</strong></span> <span class='ocrx_word' id='word_1_73' title='bbox 1670 1180 1848 1236; x_wconf 87' lang='lat' dir='ltr'><strong>Varro</strong></span> <span class='ocrx_word' id='word_1_74' title='bbox 1880 1182 1952 1236; x_wconf 91' lang='lat' dir='ltr'><strong>de</strong></span> <span class='ocrx_word' id='word_1_75' title='bbox 1982 1197 2079 1251; x_wconf 91' lang='lat' dir='ltr'><strong>po-</strong></span> 
     </span>
    </p>
   </div>
   <div class='ocr_carea' id='block_1_12' title="bbox 429 1258 2075 1332">
    <p class='ocr_par' dir='ltr' id='par_1_12' title="bbox 429 1258 2075 1332">
     <span class='ocr_line' id='line_1_12' title="bbox 429 1258 2075 1332; baseline 0.003 -19"><span class='ocrx_word' id='word_1_76' title='bbox 429 1259 550 1330; x_wconf 91' lang='lat' dir='ltr'><strong>puli</strong></span> <span class='ocrx_word' id='word_1_77' title='bbox 585 1258 830 1315; x_wconf 83' lang='lat' dir='ltr'><strong>Romani</strong></span> <span class='ocrx_word' id='word_1_78' title='bbox 870 1265 1040 1332; x_wconf 90' lang='lat' dir='ltr'><strong>gente</strong></span> <span class='ocrx_word' id='word_1_79' title='bbox 1088 1259 1292 1327; x_wconf 90' lang='lat' dir='ltr'><strong>ﬁnivit,</strong></span> <span class='ocrx_word' id='word_1_80' title='bbox 1325 1277 1393 1315; x_wconf 85' lang='lat' dir='ltr'><strong>ex</strong></span> <span class='ocrx_word' id='word_1_81' title='bbox 1443 1260 1743 1316; x_wconf 84' lang='lat' dir='ltr'><strong>occasione</strong></span> <span class='ocrx_word' id='word_1_82' title='bbox 1797 1260 2075 1318; x_wconf 88' lang='lat' dir='ltr'><strong>historia-</strong></span> 
     </span>
    </p>
   </div>
   <div class='ocr_carea' id='block_1_13' title="bbox 429 1341 2076 1413">
    <p class='ocr_par' dir='ltr' id='par_1_13' title="bbox 429 1341 2076 1413">
     <span class='ocr_line' id='line_1_13' title="bbox 429 1341 2076 1413; baseline 0 -15"><span class='ocrx_word' id='word_1_83' title='bbox 429 1358 579 1409; x_wconf 87' lang='lat' dir='ltr'><strong>rum,</strong></span> <span class='ocrx_word' id='word_1_84' title='bbox 613 1359 740 1412; x_wconf 74' lang='lat' dir='ltr'><strong>quaa</strong></span> <span class='ocrx_word' id='word_1_85' title='bbox 772 1358 862 1397; x_wconf 89' lang='lat' dir='ltr'><strong>res</strong></span> <span class='ocrx_word' id='word_1_86' title='bbox 900 1341 1178 1399; x_wconf 85' lang='lat' dir='ltr'><strong>veraciter</strong></span> <span class='ocrx_word' id='word_1_87' title='bbox 1207 1347 1401 1413; x_wconf 80' lang='lat' dir='ltr'><strong>gestas</strong></span> <span class='ocrx_word' id='word_1_88' title='bbox 1447 1343 1761 1410; x_wconf 91' lang='lat' dir='ltr'><strong>continent,</strong></span> <span class='ocrx_word' id='word_1_89' title='bbox 1815 1343 1892 1397; x_wconf 89' lang='lat' dir='ltr'><strong>ita</strong></span> <span class='ocrx_word' id='word_1_90' title='bbox 1939 1350 2076 1399; x_wconf 92' lang='lat' dir='ltr'><strong>sunt</strong></span> 
     </span>
    </p>
   </div>
   <div class='ocr_carea' id='block_1_14' title="bbox 426 1421 2076 1495">
    <p class='ocr_par' dir='ltr' id='par_1_14' title="bbox 426 1421 2076 1495">
     <span class='ocr_line' id='line_1_14' title="bbox 426 1421 2076 1495; baseline 0.001 -18"><span class='ocrx_word' id='word_1_91' title='bbox 426 1421 679 1492; x_wconf 84' lang='lat' dir='ltr'><strong>ingeniis</strong></span> <span class='ocrx_word' id='word_1_92' title='bbox 732 1423 1033 1478; x_wconf 88' lang='lat' dir='ltr'><strong>hominum</strong></span> <span class='ocrx_word' id='word_1_93' title='bbox 1084 1421 1250 1488; x_wconf 58' lang='lat' dir='ltr'><strong>ﬁcte,</strong></span> <span class='ocrx_word' id='word_1_94' title='bbox 1303 1428 1366 1477; x_wconf 90' lang='lat' dir='ltr'><strong>ut</strong></span> <span class='ocrx_word' id='word_1_95' title='bbox 1416 1438 1530 1480; x_wconf 90' lang='lat' dir='ltr'><strong>non</strong></span> <span class='ocrx_word' id='word_1_96' title='bbox 1578 1423 1694 1478; x_wconf 89' lang='lat' dir='ltr'><strong>sint</strong></span> <span class='ocrx_word' id='word_1_97' title='bbox 1747 1423 2076 1495; x_wconf 88' lang='lat' dir='ltr'><strong>opprobriis</strong></span> 
     </span>
    </p>
   </div>
   <div class='ocr_carea' id='block_1_15' title="bbox 426 1503 2072 1576">
    <p class='ocr_par' dir='ltr' id='par_1_15' title="bbox 426 1503 2072 1576">
     <span class='ocr_line' id='line_1_15' title="bbox 426 1503 2072 1576; baseline 0.001 -19"><span class='ocrx_word' id='word_1_98' title='bbox 426 1503 737 1558; x_wconf 91' lang='lat' dir='ltr'><strong>numinum</strong></span> <span class='ocrx_word' id='word_1_99' title='bbox 790 1503 997 1558; x_wconf 68' lang='lat' dir='ltr'><strong>afﬁxas.</strong></span> <span class='ocrx_word' id='word_1_100' title='bbox 1047 1508 1220 1558; x_wconf 86' lang='lat' dir='ltr'><strong>Porro</strong></span> <span class='ocrx_word' id='word_1_101' title='bbox 1270 1509 1460 1559; x_wconf 89' lang='lat' dir='ltr'><strong>autem</strong></span> <span class='ocrx_word' id='word_1_102' title='bbox 1503 1504 1859 1576; x_wconf 87' lang='lat' dir='ltr'><strong>quicumque</strong></span> <span class='ocrx_word' id='word_1_103' title='bbox 1891 1504 2072 1559; x_wconf 83' lang='lat' dir='ltr'><strong>ﬁnxe-</strong></span> 
     </span>
    </p>
   </div>
   <div class='ocr_carea' id='block_1_16' title="bbox 423 1583 2075 1655">
    <p class='ocr_par' dir='ltr' id='par_1_16' title="bbox 423 1583 2075 1655">
     <span class='ocr_line' id='line_1_16' title="bbox 423 1583 2075 1655; baseline 0 -15"><span class='ocrx_word' id='word_1_104' title='bbox 423 1589 562 1640; x_wconf 89' lang='lat' dir='ltr'><strong>runt</strong></span> <span class='ocrx_word' id='word_1_105' title='bbox 602 1601 634 1638; x_wconf 89' lang='lat' dir='ltr'><strong>a</strong></span> <span class='ocrx_word' id='word_1_106' title='bbox 682 1584 821 1639; x_wconf 82' lang='lat' dir='ltr'><strong>Jove</strong></span> <span class='ocrx_word' id='word_1_107' title='bbox 875 1586 945 1639; x_wconf 91' lang='lat' dir='ltr'><strong>ad</strong></span> <span class='ocrx_word' id='word_1_108' title='bbox 999 1592 1266 1654; x_wconf 89' lang='lat' dir='ltr'><strong>stuprum</strong></span> <span class='ocrx_word' id='word_1_109' title='bbox 1323 1589 1555 1654; x_wconf 89' lang='lat' dir='ltr'><strong>raptum</strong></span> <span class='ocrx_word' id='word_1_110' title='bbox 1615 1583 2075 1655; x_wconf 90' lang='lat' dir='ltr'><strong>pulcherrimum</strong></span> 
     </span>
    </p>
   </div>
   <div class='ocr_carea' id='block_1_17' title="bbox 425 1659 2074 1736">
    <p class='ocr_par' dir='ltr' id='par_1_17' title="bbox 425 1659 2074 1736">
     <span class='ocr_line' id='line_1_17' title="bbox 425 1659 2074 1736; baseline 0.001 -18"><span class='ocrx_word' id='word_1_111' title='bbox 425 1659 675 1736; x_wconf 85' lang='lat' dir='ltr'><strong>puerum</strong></span> <span class='ocrx_word' id='word_1_112' title='bbox 696 1663 1112 1736; x_wconf 85' lang='lat' dir='ltr'><strong>Ganymedem,</strong></span> <span class='ocrx_word' id='word_1_113' title='bbox 1139 1665 1292 1735; x_wconf 91' lang='lat' dir='ltr'><strong>quod</strong></span> <span class='ocrx_word' id='word_1_114' title='bbox 1317 1666 1477 1719; x_wconf 84' lang='lat' dir='ltr'><strong>nefas</strong></span> <span class='ocrx_word' id='word_1_115' title='bbox 1496 1680 1591 1719; x_wconf 83' lang='lat' dir='ltr'><strong>rex</strong></span> <span class='ocrx_word' id='word_1_116' title='bbox 1614 1664 1898 1720; x_wconf 87' lang='lat' dir='ltr'><strong>Tantalus</strong></span> <span class='ocrx_word' id='word_1_117' title='bbox 1918 1665 2074 1734; x_wconf 88' lang='lat' dir='ltr'><strong>fecit,</strong></span> 
     </span>
    </p>
   </div>
   <div class='ocr_carea' id='block_1_18' title="bbox 427 1742 2075 1814">
    <p class='ocr_par' dir='ltr' id='par_1_18' title="bbox 427 1742 2075 1814">
     <span class='ocr_line' id='line_1_18' title="bbox 427 1742 2075 1814; baseline 0.001 -15"><span class='ocrx_word' id='word_1_118' title='bbox 427 1748 486 1799; x_wconf 87' lang='lat' dir='ltr'><strong>et</strong></span> <span class='ocrx_word' id='word_1_119' title='bbox 514 1744 638 1799; x_wconf 84' lang='lat' dir='ltr'><strong>Jovi</strong></span> <span class='ocrx_word' id='word_1_120' title='bbox 675 1742 874 1798; x_wconf 84' lang='lat' dir='ltr'><strong>fabula</strong></span> <span class='ocrx_word' id='word_1_121' title='bbox 906 1743 1151 1812; x_wconf 84' lang='lat' dir='ltr'><strong>tribuit;</strong></span> <span class='ocrx_word' id='word_1_122' title='bbox 1187 1742 1270 1797; x_wconf 90' lang='lat' dir='ltr'><strong>vel</strong></span> <span class='ocrx_word' id='word_1_123' title='bbox 1300 1743 1528 1800; x_wconf 84' lang='lat' dir='ltr'><strong>Danaes</strong></span> <span class='ocrx_word' id='word_1_124' title='bbox 1560 1759 1656 1814; x_wconf 92' lang='lat' dir='ltr'><strong>per</strong></span> <span class='ocrx_word' id='word_1_125' title='bbox 1689 1745 1938 1800; x_wconf 88' lang='lat' dir='ltr'><strong>imbrem</strong></span> <span class='ocrx_word' id='word_1_126' title='bbox 1971 1761 2075 1800; x_wconf 88' lang='lat' dir='ltr'><strong>au-</strong></span> 
     </span>
    </p>
   </div>
   <div class='ocr_carea' id='block_1_19' title="bbox 427 1824 2072 1896">
    <p class='ocr_par' dir='ltr' id='par_1_19' title="bbox 427 1824 2072 1896">
     <span class='ocr_line' id='line_1_19' title="bbox 427 1824 2072 1896; baseline 0 -16"><span class='ocrx_word' id='word_1_127' title='bbox 427 1840 592 1880; x_wconf 90' lang='lat' dir='ltr'><strong>reum</strong></span> <span class='ocrx_word' id='word_1_128' title='bbox 627 1827 918 1894; x_wconf 88' lang='lat' dir='ltr'><strong>appetisse</strong></span> <span class='ocrx_word' id='word_1_129' title='bbox 949 1824 1347 1889; x_wconf 89' lang='lat' dir='ltr'><strong>concubitum,</strong></span> <span class='ocrx_word' id='word_1_130' title='bbox 1393 1824 1493 1879; x_wconf 91' lang='lat' dir='ltr'><strong>ubi</strong></span> <span class='ocrx_word' id='word_1_131' title='bbox 1522 1824 1868 1896; x_wconf 84' lang='lat' dir='ltr'><strong>intelligitur</strong></span> <span class='ocrx_word' id='word_1_132' title='bbox 1899 1825 2072 1895; x_wconf 82' lang='lat' dir='ltr'><strong>pudi-</strong></span> 
     </span>
    </p>
   </div>
   <div class='ocr_carea' id='block_1_20' title="bbox 431 1903 2078 1976">
    <p class='ocr_par' dir='ltr' id='par_1_20' title="bbox 431 1903 2078 1976">
     <span class='ocr_line' id='line_1_20' title="bbox 431 1903 2078 1976; baseline 0.001 -18"><span class='ocrx_word' id='word_1_133' title='bbox 431 1904 566 1959; x_wconf 86' lang='lat' dir='ltr'><strong>citia</strong></span> <span class='ocrx_word' id='word_1_134' title='bbox 598 1903 858 1958; x_wconf 89' lang='lat' dir='ltr'><strong>mulieris</strong></span> <span class='ocrx_word' id='word_1_135' title='bbox 891 1921 1031 1958; x_wconf 92' lang='lat' dir='ltr'><strong>auro</strong></span> <span class='ocrx_word' id='word_1_136' title='bbox 1066 1905 1246 1959; x_wconf 78' lang='lat' dir='ltr'><strong>fuisse</strong></span> <span class='ocrx_word' id='word_1_137' title='bbox 1277 1911 1550 1974; x_wconf 79' lang='lat' dir='ltr'><strong>corrupta</strong></span> <span class='ocrx_word' id='word_1_138' title='bbox 1582 1923 1595 1973; x_wconf 91' lang='lat'><strong>;</strong></span> <span class='ocrx_word' id='word_1_139' title='bbox 1631 1921 1754 1976; x_wconf 75' lang='lat' dir='ltr'><strong>quae</strong></span> <span class='ocrx_word' id='word_1_140' title='bbox 1786 1905 1902 1960; x_wconf 86' lang='lat' dir='ltr'><strong>illis</strong></span> <span class='ocrx_word' id='word_1_141' title='bbox 1924 1913 2078 1960; x_wconf 72' lang='lat' dir='ltr'><strong>tein-</strong></span> 
     </span>
    </p>
   </div>
   <div class='ocr_carea' id='block_1_21' title="bbox 432 1982 2078 2055">
    <p class='ocr_par' dir='ltr' id='par_1_21' title="bbox 432 1982 2078 2055">
     <span class='ocr_line' id='line_1_21' title="bbox 432 1982 2078 2055; baseline 0.001 -15"><span class='ocrx_word' id='word_1_142' title='bbox 432 1985 670 2055; x_wconf 89' lang='lat' dir='ltr'><strong>poribus</strong></span> <span class='ocrx_word' id='word_1_143' title='bbox 700 1982 786 2039; x_wconf 91' lang='lat' dir='ltr'><strong>vel</strong></span> <span class='ocrx_word' id='word_1_144' title='bbox 819 1986 968 2039; x_wconf 83' lang='lat' dir='ltr'><strong>facta</strong></span> <span class='ocrx_word' id='word_1_145' title='bbox 992 1983 1076 2038; x_wconf 88' lang='lat' dir='ltr'><strong>vel</strong></span> <span class='ocrx_word' id='word_1_146' title='bbox 1108 1984 1241 2039; x_wconf 81' lang='lat' dir='ltr'><strong>ficta</strong></span> <span class='ocrx_word' id='word_1_147' title='bbox 1271 1990 1432 2054; x_wconf 89' lang='lat' dir='ltr'><strong>sunt,</strong></span> <span class='ocrx_word' id='word_1_148' title='bbox 1466 1991 1567 2040; x_wconf 91' lang='lat' dir='ltr'><strong>aut</strong></span> <span class='ocrx_word' id='word_1_149' title='bbox 1589 1987 1736 2040; x_wconf 90' lang='lat' dir='ltr'><strong>facta</strong></span> <span class='ocrx_word' id='word_1_150' title='bbox 1766 1987 1838 2040; x_wconf 87' lang='lat' dir='ltr'><strong>ab</strong></span> <span class='ocrx_word' id='word_1_151' title='bbox 1869 1985 1998 2041; x_wconf 90' lang='lat' dir='ltr'><strong>aliis</strong></span> <span class='ocrx_word' id='word_1_152' title='bbox 2021 1990 2078 2041; x_wconf 74' lang='lat' dir='ltr'><strong>et</strong></span> 
     </span>
    </p>
   </div>
   <div class='ocr_carea' id='block_1_22' title="bbox 431 2064 2076 2136">
    <p class='ocr_par' dir='ltr' id='par_1_22' title="bbox 431 2064 2076 2136">
     <span class='ocr_line' id='line_1_22' title="bbox 431 2064 2076 2136; baseline 0.002 -17"><span class='ocrx_word' id='word_1_153' title='bbox 431 2065 559 2120; x_wconf 86' lang='lat' dir='ltr'><strong>ﬁcta</strong></span> <span class='ocrx_word' id='word_1_154' title='bbox 593 2065 663 2119; x_wconf 93' lang='lat' dir='ltr'><strong>de</strong></span> <span class='ocrx_word' id='word_1_155' title='bbox 687 2064 845 2131; x_wconf 89' lang='lat' dir='ltr'><strong>Jove,</strong></span> <span class='ocrx_word' id='word_1_156' title='bbox 887 2065 1000 2119; x_wconf 92' lang='lat' dir='ltr'><strong>dici</strong></span> <span class='ocrx_word' id='word_1_157' title='bbox 1036 2080 1148 2119; x_wconf 91' lang='lat' dir='ltr'><strong>non</strong></span> <span class='ocrx_word' id='word_1_158' title='bbox 1186 2071 1370 2136; x_wconf 87' lang='lat' dir='ltr'><strong>potest</strong></span> <span class='ocrx_word' id='word_1_159' title='bbox 1399 2072 1678 2136; x_wconf 88' lang='lat' dir='ltr'><strong>quantum</strong></span> <span class='ocrx_word' id='word_1_160' title='bbox 1713 2066 1845 2121; x_wconf 91' lang='lat' dir='ltr'><strong>mali</strong></span> <span class='ocrx_word' id='word_1_161' title='bbox 1879 2067 1950 2120; x_wconf 88' lang='lat' dir='ltr'><strong>de</strong></span> <span class='ocrx_word' id='word_1_162' title='bbox 1973 2067 2076 2122; x_wconf 82' lang='lat' dir='ltr'><strong>bo-</strong></span> 
     </span>
    </p>
   </div>
   <div class='ocr_carea' id='block_1_23' title="bbox 429 2146 2078 2219">
    <p class='ocr_par' dir='ltr' id='par_1_23' title="bbox 429 2146 2078 2219">
     <span class='ocr_line' id='line_1_23' title="bbox 429 2146 2078 2219; baseline 0.001 -18"><span class='ocrx_word' id='word_1_163' title='bbox 429 2147 658 2201; x_wconf 91' lang='lat' dir='ltr'><strong>minum</strong></span> <span class='ocrx_word' id='word_1_164' title='bbox 693 2147 1175 2217; x_wconf 73' lang='lat' dir='ltr'><strong>prtesumpserint</strong></span> <span class='ocrx_word' id='word_1_165' title='bbox 1197 2146 1491 2214; x_wconf 89' lang='lat' dir='ltr'><strong>cordibus,</strong></span> <span class='ocrx_word' id='word_1_166' title='bbox 1525 2148 1679 2219; x_wconf 91' lang='lat' dir='ltr'><strong>quod</strong></span> <span class='ocrx_word' id='word_1_167' title='bbox 1705 2152 1946 2219; x_wconf 86' lang='lat' dir='ltr'><strong>possent</strong></span> <span class='ocrx_word' id='word_1_168' title='bbox 1966 2147 2078 2203; x_wconf 86' lang='lat' dir='ltr'><strong>ista</strong></span> 
     </span>
    </p>
   </div>
   <div class='ocr_carea' id='block_1_24' title="bbox 428 2227 2077 2299">
    <p class='ocr_par' dir='ltr' id='par_1_24' title="bbox 428 2227 2077 2299">
     <span class='ocr_line' id='line_1_24' title="bbox 428 2227 2077 2299; baseline 0.001 -17"><span class='ocrx_word' id='word_1_169' title='bbox 428 2227 716 2299; x_wconf 87' lang='lat' dir='ltr'><strong>patienter</strong></span> <span class='ocrx_word' id='word_1_170' title='bbox 746 2228 892 2282; x_wconf 86' lang='lat' dir='ltr'><strong>ferre</strong></span> <span class='ocrx_word' id='word_1_171' title='bbox 935 2228 1259 2291; x_wconf 88' lang='lat' dir='ltr'><strong>mendacia,</strong></span> <span class='ocrx_word' id='word_1_172' title='bbox 1294 2243 1422 2298; x_wconf 74' lang='lat' dir='ltr'><strong>quae</strong></span> <span class='ocrx_word' id='word_1_173' title='bbox 1454 2234 1651 2284; x_wconf 89' lang='lat' dir='ltr'><strong>tamen</strong></span> <span class='ocrx_word' id='word_1_174' title='bbox 1681 2229 1858 2284; x_wconf 90' lang='lat' dir='ltr'><strong>etiam</strong></span> <span class='ocrx_word' id='word_1_175' title='bbox 1887 2230 2077 2283; x_wconf 89' lang='lat' dir='ltr'><strong>liben-</strong></span> 
     </span>
    </p>
   </div>
   <div class='ocr_carea' id='block_1_25' title="bbox 428 2308 2079 2382">
    <p class='ocr_par' dir='ltr' id='par_1_25' title="bbox 428 2308 2079 2382">
     <span class='ocr_line' id='line_1_25' title="bbox 428 2308 2079 2382; baseline 0.001 -17"><span class='ocrx_word' id='word_1_176' title='bbox 428 2315 515 2365; x_wconf 90' lang='lat' dir='ltr'><strong>ter</strong></span> <span class='ocrx_word' id='word_1_177' title='bbox 563 2308 812 2380; x_wconf 85' lang='lat' dir='ltr'><strong>amplexi</strong></span> <span class='ocrx_word' id='word_1_178' title='bbox 871 2317 1005 2364; x_wconf 90' lang='lat' dir='ltr'><strong>sunt</strong></span> <span class='ocrx_word' id='word_1_179' title='bbox 1057 2325 1070 2364; x_wconf 88' lang='lat'><strong>:</strong></span> <span class='ocrx_word' id='word_1_180' title='bbox 1125 2309 1226 2381; x_wconf 92' lang='lat' dir='ltr'><strong>qui</strong></span> <span class='ocrx_word' id='word_1_181' title='bbox 1287 2311 1488 2381; x_wconf 87' lang='lat' dir='ltr'><strong>utique</strong></span> <span class='ocrx_word' id='word_1_182' title='bbox 1548 2317 1766 2382; x_wconf 89' lang='lat' dir='ltr'><strong>quanto</strong></span> <span class='ocrx_word' id='word_1_183' title='bbox 1818 2311 2079 2367; x_wconf 83' lang='lat' dir='ltr'><strong>devotius</strong></span> 
     </span>
    </p>
   </div>
   <div class='ocr_carea' id='block_1_26' title="bbox 431 2391 2080 2462">
    <p class='ocr_par' dir='ltr' id='par_1_26' title="bbox 431 2391 2080 2462">
     <span class='ocr_line' id='line_1_26' title="bbox 431 2391 2080 2462; baseline 0 -15"><span class='ocrx_word' id='word_1_184' title='bbox 431 2391 632 2448; x_wconf 86' lang='lat' dir='ltr'><strong>Jovem</strong></span> <span class='ocrx_word' id='word_1_185' title='bbox 666 2391 884 2456; x_wconf 90' lang='lat' dir='ltr'><strong>colunt,</strong></span> <span class='ocrx_word' id='word_1_186' title='bbox 917 2395 1076 2445; x_wconf 89' lang='lat' dir='ltr'><strong>tanto</strong></span> <span class='ocrx_word' id='word_1_187' title='bbox 1108 2406 1204 2445; x_wconf 90' lang='lat' dir='ltr'><strong>eos</strong></span> <span class='ocrx_word' id='word_1_188' title='bbox 1235 2392 1334 2462; x_wconf 91' lang='lat' dir='ltr'><strong>qui</strong></span> <span class='ocrx_word' id='word_1_189' title='bbox 1362 2391 1484 2446; x_wconf 64' lang='lat' dir='ltr'><strong>haec</strong></span> <span class='ocrx_word' id='word_1_190' title='bbox 1514 2392 1585 2448; x_wconf 90' lang='lat' dir='ltr'><strong>de</strong></span> <span class='ocrx_word' id='word_1_191' title='bbox 1615 2393 1715 2448; x_wconf 89' lang='lat' dir='ltr'><strong>illo</strong></span> <span class='ocrx_word' id='word_1_192' title='bbox 1743 2395 1933 2448; x_wconf 89' lang='lat' dir='ltr'><strong>dicere</strong></span> <span class='ocrx_word' id='word_1_193' title='bbox 1953 2393 2080 2447; x_wconf 88' lang='lat' dir='ltr'><strong>ausi</strong></span> 
     </span>
    </p>
   </div>
   <div class='ocr_carea' id='block_1_27' title="bbox 435 2472 2079 2543">
    <p class='ocr_par' dir='ltr' id='par_1_27' title="bbox 435 2472 2079 2543">
     <span class='ocr_line' id='line_1_27' title="bbox 435 2472 2079 2543; baseline 0.001 -16"><span class='ocrx_word' id='word_1_194' title='bbox 435 2477 597 2542; x_wconf 89' lang='lat' dir='ltr'><strong>sunt,</strong></span> <span class='ocrx_word' id='word_1_195' title='bbox 631 2472 892 2528; x_wconf 88' lang='lat' dir='ltr'><strong>severius</strong></span> <span class='ocrx_word' id='word_1_196' title='bbox 941 2473 1149 2543; x_wconf 88' lang='lat' dir='ltr'><strong>punire</strong></span> <span class='ocrx_word' id='word_1_197' title='bbox 1179 2473 1524 2528; x_wconf 89' lang='lat' dir='ltr'><strong>debuerunt.</strong></span> <span class='ocrx_word' id='word_1_198' title='bbox 1577 2474 1741 2530; x_wconf 87' lang='lat' dir='ltr'><strong>Nunc</strong></span> <span class='ocrx_word' id='word_1_199' title='bbox 1773 2491 1929 2539; x_wconf 86' lang='lat' dir='ltr'><strong>vero,</strong></span> <span class='ocrx_word' id='word_1_200' title='bbox 1961 2490 2079 2528; x_wconf 91' lang='lat' dir='ltr'><strong>non</strong></span> 
     </span>
    </p>
   </div>
   <div class='ocr_carea' id='block_1_28' title="bbox 434 2551 2077 2623">
    <p class='ocr_par' dir='ltr' id='par_1_28' title="bbox 434 2551 2077 2623">
     <span class='ocr_line' id='line_1_28' title="bbox 434 2551 2077 2623; baseline 0 -15"><span class='ocrx_word' id='word_1_201' title='bbox 434 2552 625 2608; x_wconf 87' lang='lat' dir='ltr'><strong>solum</strong></span> <span class='ocrx_word' id='word_1_202' title='bbox 657 2551 742 2607; x_wconf 92' lang='lat' dir='ltr'><strong>eis</strong></span> <span class='ocrx_word' id='word_1_203' title='bbox 793 2553 891 2623; x_wconf 93' lang='lat' dir='ltr'><strong>qui</strong></span> <span class='ocrx_word' id='word_1_204' title='bbox 925 2552 1040 2607; x_wconf 90' lang='lat' dir='ltr'><strong>ista</strong></span> <span class='ocrx_word' id='word_1_205' title='bbox 1089 2553 1405 2619; x_wconf 84' lang='lat' dir='ltr'><strong>ﬁnxerunt,</strong></span> <span class='ocrx_word' id='word_1_206' title='bbox 1445 2553 1575 2609; x_wconf 87' lang='lat' dir='ltr'><strong>irati</strong></span> <span class='ocrx_word' id='word_1_207' title='bbox 1618 2571 1732 2610; x_wconf 91' lang='lat' dir='ltr'><strong>non</strong></span> <span class='ocrx_word' id='word_1_208' title='bbox 1765 2560 1942 2623; x_wconf 88' lang='lat' dir='ltr'><strong>sunt;</strong></span> <span class='ocrx_word' id='word_1_209' title='bbox 1975 2554 2077 2609; x_wconf 88' lang='lat' dir='ltr'><strong>sed</strong></span> 
     </span>
    </p>
   </div>
   <div class='ocr_carea' id='block_1_29' title="bbox 441 2631 2080 2708">
    <p class='ocr_par' dir='ltr' id='par_1_29' title="bbox 441 2631 2080 2708">
     <span class='ocr_line' id='line_1_29' title="bbox 441 2631 2080 2708; baseline 0.001 -21"><span class='ocrx_word' id='word_1_210' title='bbox 441 2633 540 2687; x_wconf 71' lang='lat' dir='ltr'><strong>ut2</strong></span> <span class='ocrx_word' id='word_1_211' title='bbox 566 2631 707 2688; x_wconf 89' lang='lat' dir='ltr'><strong>talia</strong></span> <span class='ocrx_word' id='word_1_212' title='bbox 737 2633 1018 2703; x_wconf 87' lang='lat' dir='ltr'><strong>figmenta</strong></span> <span class='ocrx_word' id='word_1_213' title='bbox 1057 2633 1230 2687; x_wconf 91' lang='lat' dir='ltr'><strong>etiam</strong></span> <span class='ocrx_word' id='word_1_214' title='bbox 1273 2633 1330 2687; x_wconf 94' lang='lat' dir='ltr'><strong>in</strong></span> <span class='ocrx_word' id='word_1_215' title='bbox 1363 2633 1607 2690; x_wconf 89' lang='lat' dir='ltr'><strong>theatris</strong></span> <span class='ocrx_word' id='word_1_216' title='bbox 1636 2644 1891 2708; x_wconf 83' lang='lat' dir='ltr'><strong>agerent,</strong></span> <span class='ocrx_word' id='word_1_217' title='bbox 1923 2635 2080 2704; x_wconf 86' lang='lat' dir='ltr'><strong>ipsos</strong></span> 
     </span>
    </p>
   </div>
   <div class='ocr_carea' id='block_1_30' title="bbox 433 2711 2080 2786">
    <p class='ocr_par' dir='ltr' id='par_1_30' title="bbox 433 2711 2080 2786">
     <span class='ocr_line' id='line_1_30' title="bbox 433 2711 2080 2786; baseline 0 -19"><span class='ocrx_word' id='word_1_218' title='bbox 433 2713 572 2767; x_wconf 89' lang='lat' dir='ltr'><strong>deos</strong></span> <span class='ocrx_word' id='word_1_219' title='bbox 606 2712 800 2782; x_wconf 89' lang='lat' dir='ltr'><strong>potius</strong></span> <span class='ocrx_word' id='word_1_220' title='bbox 831 2711 1010 2767; x_wconf 89' lang='lat' dir='ltr'><strong>iratos</strong></span> <span class='ocrx_word' id='word_1_221' title='bbox 1042 2712 1255 2768; x_wconf 90' lang='lat' dir='ltr'><strong>habere</strong></span> <span class='ocrx_word' id='word_1_222' title='bbox 1286 2713 1625 2770; x_wconf 87' lang='lat' dir='ltr'><strong>timuerunt.</strong></span> <span class='ocrx_word' id='word_1_223' title='bbox 1659 2715 1761 2770; x_wconf 84' lang='lat' dir='ltr'><strong>His</strong></span> <span class='ocrx_word' id='word_1_224' title='bbox 1803 2713 2080 2786; x_wconf 88' lang='lat' dir='ltr'><strong>tempori-</strong></span> 
     </span>
    </p>
   </div>
   <div class='ocr_carea' id='block_1_31' title="bbox 439 2791 2081 2863">
    <p class='ocr_par' dir='ltr' id='par_1_31' title="bbox 439 2791 2081 2863">
     <span class='ocr_line' id='line_1_31' title="bbox 439 2791 2081 2863; baseline 0.002 -19"><span class='ocrx_word' id='word_1_225' title='bbox 439 2792 545 2845; x_wconf 94' lang='lat' dir='ltr'><strong>bus</strong></span> <span class='ocrx_word' id='word_1_226' title='bbox 597 2791 818 2844; x_wconf 89' lang='lat' dir='ltr'><strong>Latona</strong></span> <span class='ocrx_word' id='word_1_227' title='bbox 855 2792 1184 2861; x_wconf 86' lang='lat' dir='ltr'><strong>Apollinem</strong></span> <span class='ocrx_word' id='word_1_228' title='bbox 1234 2792 1474 2863; x_wconf 88' lang='lat' dir='ltr'><strong>peperit,</strong></span> <span class='ocrx_word' id='word_1_229' title='bbox 1530 2809 1646 2850; x_wconf 87' lang='lat' dir='ltr'><strong>non</strong></span> <span class='ocrx_word' id='word_1_230' title='bbox 1700 2795 1864 2850; x_wconf 92' lang='lat' dir='ltr'><strong>illum</strong></span> <span class='ocrx_word' id='word_1_231' title='bbox 1911 2796 2081 2861; x_wconf 83' lang='lat' dir='ltr'><strong>cujus</strong></span> 
     </span>
    </p>
   </div>
   <div class='ocr_carea' id='block_1_32' title="bbox 430 2869 2080 2946">
    <p class='ocr_par' dir='ltr' id='par_1_32' title="bbox 430 2869 2080 2946">
     <span class='ocr_line' id='line_1_32' title="bbox 430 2869 2080 2946; baseline 0.002 -23"><span class='ocrx_word' id='word_1_232' title='bbox 430 2869 667 2924; x_wconf 89' lang='lat' dir='ltr'><strong>oracula</strong></span> <span class='ocrx_word' id='word_1_233' title='bbox 697 2869 880 2924; x_wconf 89' lang='lat' dir='ltr'><strong>solere</strong></span> <span class='ocrx_word' id='word_1_234' title='bbox 937 2871 1159 2925; x_wconf 90' lang='lat' dir='ltr'><strong>consuli</strong></span> <span class='ocrx_word' id='word_1_235' title='bbox 1205 2872 1474 2943; x_wconf 83' lang='lat' dir='ltr'><strong>superius</strong></span> <span class='ocrx_word' id='word_1_236' title='bbox 1522 2873 1927 2946; x_wconf 90' lang='lat' dir='ltr'><strong>loquebamur,</strong></span> <span class='ocrx_word' id='word_1_237' title='bbox 1979 2872 2080 2928; x_wconf 89' lang='lat' dir='ltr'><strong>sed</strong></span> 
     </span>
    </p>
   </div>
   <div class='ocr_carea' id='block_1_33' title="bbox 432 2949 2080 3028">
    <p class='ocr_par' dir='ltr' id='par_1_33' title="bbox 432 2949 2080 3028">
     <span class='ocr_line' id='line_1_33' title="bbox 432 2949 2080 3028; baseline 0.005 -24"><span class='ocrx_word' id='word_1_238' title='bbox 432 2949 600 3004; x_wconf 89' lang='lat' dir='ltr'><strong>illum</strong></span> <span class='ocrx_word' id='word_1_239' title='bbox 645 2949 743 3020; x_wconf 88' lang='lat' dir='ltr'><strong>qui</strong></span> <span class='ocrx_word' id='word_1_240' title='bbox 784 2965 914 3004; x_wconf 90' lang='lat' dir='ltr'><strong>cum</strong></span> <span class='ocrx_word' id='word_1_241' title='bbox 956 2950 1201 3008; x_wconf 87' lang='lat' dir='ltr'><strong>Hercule</strong></span> <span class='ocrx_word' id='word_1_242' title='bbox 1251 2954 1487 3008; x_wconf 87' lang='lat' dir='ltr'><strong>servivit</strong></span> <span class='ocrx_word' id='word_1_243' title='bbox 1527 2955 1770 3010; x_wconf 88' lang='lat' dir='ltr'><strong>Admeto</strong></span> <span class='ocrx_word' id='word_1_244' title='bbox 1811 2954 1888 3027; x_wconf 90' lang='lat' dir='ltr'><strong>(a)</strong></span> <span class='ocrx_word' id='word_1_245' title='bbox 1922 2972 1936 3011; x_wconf 90' lang='lat'><strong>:</strong></span> <span class='ocrx_word' id='word_1_246' title='bbox 1980 2957 2080 3028; x_wconf 90' lang='lat' dir='ltr'><strong>qui</strong></span> 
     </span>
    </p>
   </div>
   <div class='ocr_carea' id='block_1_34' title="bbox 434 3029 2081 3108">
    <p class='ocr_par' dir='ltr' id='par_1_34' title="bbox 434 3029 2081 3108">
     <span class='ocr_line' id='line_1_34' title="bbox 434 3029 2081 3108; baseline 0.006 -24"><span class='ocrx_word' id='word_1_247' title='bbox 434 3033 631 3085; x_wconf 88' lang='lat' dir='ltr'><strong>tamen</strong></span> <span class='ocrx_word' id='word_1_248' title='bbox 664 3029 748 3085; x_wconf 88' lang='lat' dir='ltr'><strong>sic</strong></span> <span class='ocrx_word' id='word_1_249' title='bbox 779 3033 869 3085; x_wconf 89' lang='lat' dir='ltr'><strong>est</strong></span> <span class='ocrx_word' id='word_1_250' title='bbox 914 3032 1054 3087; x_wconf 88' lang='lat' dir='ltr'><strong>deus</strong></span> <span class='ocrx_word' id='word_1_251' title='bbox 1103 3033 1381 3100; x_wconf 90' lang='lat' dir='ltr'><strong>creditus,</strong></span> <span class='ocrx_word' id='word_1_252' title='bbox 1434 3038 1498 3088; x_wconf 90' lang='lat' dir='ltr'><strong>ut</strong></span> <span class='ocrx_word' id='word_1_253' title='bbox 1547 3034 1784 3105; x_wconf 90' lang='lat' dir='ltr'><strong>plurimi</strong></span> <span class='ocrx_word' id='word_1_254' title='bbox 1817 3052 1882 3091; x_wconf 90' lang='lat' dir='ltr'><strong>ac</strong></span> <span class='ocrx_word' id='word_1_255' title='bbox 1936 3053 2081 3108; x_wconf 90' lang='lat' dir='ltr'><strong>pene</strong></span> 
     </span>
    </p>
   </div>
   <div class='ocr_carea' id='block_1_35' title="bbox 438 3113 2080 3189">
    <p class='ocr_par' dir='ltr' id='par_1_35' title="bbox 438 3113 2080 3189">
     <span class='ocr_line' id='line_1_35' title="bbox 438 3113 2080 3189; baseline 0.005 -23"><span class='ocrx_word' id='word_1_256' title='bbox 438 3125 641 3166; x_wconf 88' lang='lat' dir='ltr'><strong>omnes</strong></span> <span class='ocrx_word' id='word_1_257' title='bbox 674 3126 857 3166; x_wconf 91' lang='lat' dir='ltr'><strong>unum</strong></span> <span class='ocrx_word' id='word_1_258' title='bbox 899 3113 1290 3182; x_wconf 90' lang='lat' dir='ltr'><strong>eumdemque</strong></span> <span class='ocrx_word' id='word_1_259' title='bbox 1331 3113 1701 3183; x_wconf 85' lang='lat' dir='ltr'><strong>Appollinem</strong></span> <span class='ocrx_word' id='word_1_260' title='bbox 1737 3115 1917 3172; x_wconf 85' lang='lat' dir='ltr'><strong>fuisse</strong></span> <span class='ocrx_word' id='word_1_261' title='bbox 1956 3119 2080 3189; x_wconf 87' lang='lat' dir='ltr'><strong>opi-</strong></span> 
     </span>
    </p>
   </div>
   <div class='ocr_carea' id='block_1_36' title="bbox 437 3192 2080 3266">
    <p class='ocr_par' dir='ltr' id='par_1_36' title="bbox 437 3192 2080 3266">
     <span class='ocr_line' id='line_1_36' title="bbox 437 3192 2080 3266; baseline 0.005 -20"><span class='ocrx_word' id='word_1_262' title='bbox 437 3196 648 3246; x_wconf 89' lang='lat' dir='ltr'><strong>nentur</strong></span> <span class='ocrx_word' id='word_1_263' title='bbox 685 3192 782 3262; x_wconf 89' lang='lat' dir='ltr'><strong>(b).</strong></span> <span class='ocrx_word' id='word_1_264' title='bbox 831 3193 994 3246; x_wconf 88' lang='lat' dir='ltr'><strong>Tunc</strong></span> <span class='ocrx_word' id='word_1_265' title='bbox 1025 3197 1082 3246; x_wconf 90' lang='lat' dir='ltr'><strong>et</strong></span> <span class='ocrx_word' id='word_1_266' title='bbox 1114 3192 1280 3246; x_wconf 87' lang='lat' dir='ltr'><strong>Liber</strong></span> <span class='ocrx_word' id='word_1_267' title='bbox 1327 3198 1488 3262; x_wconf 92' lang='lat' dir='ltr'><strong>pater</strong></span> <span class='ocrx_word' id='word_1_268' title='bbox 1519 3193 1753 3250; x_wconf 90' lang='lat' dir='ltr'><strong>bellavit</strong></span> <span class='ocrx_word' id='word_1_269' title='bbox 1783 3196 1840 3251; x_wconf 91' lang='lat' dir='ltr'><strong>in</strong></span> <span class='ocrx_word' id='word_1_270' title='bbox 1893 3199 2080 3266; x_wconf 88' lang='lat' dir='ltr'><strong>India,</strong></span> 
     </span>
    </p>
   </div>
   <div class='ocr_carea' id='block_1_37' title="bbox 435 3271 2080 3347">
    <p class='ocr_par' dir='ltr' id='par_1_37' title="bbox 435 3271 2080 3347">
     <span class='ocr_line' id='line_1_37' title="bbox 435 3271 2080 3347; baseline 0.006 -23"><span class='ocrx_word' id='word_1_271' title='bbox 435 3272 535 3343; x_wconf 91' lang='lat' dir='ltr'><strong>qui</strong></span> <span class='ocrx_word' id='word_1_272' title='bbox 567 3272 785 3326; x_wconf 88' lang='lat' dir='ltr'><strong>multas</strong></span> <span class='ocrx_word' id='word_1_273' title='bbox 811 3271 1014 3325; x_wconf 86' lang='lat' dir='ltr'><strong>habuit</strong></span> <span class='ocrx_word' id='word_1_274' title='bbox 1036 3272 1092 3325; x_wconf 91' lang='lat' dir='ltr'><strong>in</strong></span> <span class='ocrx_word' id='word_1_275' title='bbox 1117 3271 1364 3326; x_wconf 86' lang='lat' dir='ltr'><strong>exercitu</strong></span> <span class='ocrx_word' id='word_1_276' title='bbox 1402 3273 1667 3340; x_wconf 84' lang='lat' dir='ltr'><strong>feminas,</strong></span> <span class='ocrx_word' id='word_1_277' title='bbox 1693 3292 1820 3347; x_wconf 74' lang='lat' dir='ltr'><strong>quae</strong></span> <span class='ocrx_word' id='word_1_278' title='bbox 1844 3277 2080 3334; x_wconf 72' lang='lat' dir='ltr'><strong>Bacchas</strong></span> 
     </span>
    </p>
   </div>
   <div class='ocr_carea' id='block_1_38' title="bbox 437 3350 2083 3427">
    <p class='ocr_par' dir='ltr' id='par_1_38' title="bbox 437 3350 2083 3427">
     <span class='ocr_line' id='line_1_38' title="bbox 437 3350 2083 3427; baseline 0.005 -21"><span class='ocrx_word' id='word_1_279' title='bbox 437 3350 737 3422; x_wconf 71' lang='lat' dir='ltr'><strong>appellata:</strong></span> <span class='ocrx_word' id='word_1_280' title='bbox 769 3355 924 3417; x_wconf 91' lang='lat' dir='ltr'><strong>sunt,</strong></span> <span class='ocrx_word' id='word_1_281' title='bbox 962 3367 1073 3406; x_wconf 90' lang='lat' dir='ltr'><strong>non</strong></span> <span class='ocrx_word' id='word_1_282' title='bbox 1108 3359 1223 3407; x_wconf 89' lang='lat' dir='ltr'><strong>tam</strong></span> <span class='ocrx_word' id='word_1_283' title='bbox 1268 3353 1481 3408; x_wconf 90' lang='lat' dir='ltr'><strong>virtute</strong></span> <span class='ocrx_word' id='word_1_284' title='bbox 1514 3354 1758 3426; x_wconf 88' lang='lat' dir='ltr'><strong>nobiles,</strong></span> <span class='ocrx_word' id='word_1_285' title='bbox 1789 3373 1962 3427; x_wconf 87' lang='lat' dir='ltr'><strong>quam</strong></span> <span class='ocrx_word' id='word_1_286' title='bbox 1995 3360 2083 3415; x_wconf 89' lang='lat' dir='ltr'><strong>fu-</strong></span> 
     </span>
    </p>
   </div>
   <div class='ocr_carea' id='block_1_39' title="bbox 438 3432 2080 3504">
    <p class='ocr_par' dir='ltr' id='par_1_39' title="bbox 438 3432 2080 3504">
     <span class='ocr_line' id='line_1_39' title="bbox 438 3432 2080 3504; baseline 0.007 -18"><span class='ocrx_word' id='word_1_287' title='bbox 438 3448 588 3487; x_wconf 90' lang='lat' dir='ltr'><strong>rore.</strong></span> <span class='ocrx_word' id='word_1_288' title='bbox 629 3433 820 3504; x_wconf 87' lang='lat' dir='ltr'><strong>Aliqui</strong></span> <span class='ocrx_word' id='word_1_289' title='bbox 859 3448 1000 3487; x_wconf 89' lang='lat' dir='ltr'><strong>sane</strong></span> <span class='ocrx_word' id='word_1_290' title='bbox 1046 3439 1103 3488; x_wconf 91' lang='lat' dir='ltr'><strong>et</strong></span> <span class='ocrx_word' id='word_1_291' title='bbox 1145 3432 1358 3488; x_wconf 89' lang='lat' dir='ltr'><strong>victum</strong></span> <span class='ocrx_word' id='word_1_292' title='bbox 1388 3436 1659 3491; x_wconf 90' lang='lat' dir='ltr'><strong>scribunt</strong></span> <span class='ocrx_word' id='word_1_293' title='bbox 1690 3437 1863 3494; x_wconf 91' lang='lat' dir='ltr'><strong>istum</strong></span> <span class='ocrx_word' id='word_1_294' title='bbox 1914 3439 2080 3497; x_wconf 85' lang='lat' dir='ltr'><strong>Libe-</strong></span> 
     </span>
    </p>
   </div>
   <div class='ocr_carea' id='block_1_40' title="bbox 436 3515 2084 3593">
    <p class='ocr_par' dir='ltr' id='par_1_40' title="bbox 436 3515 2084 3593">
     <span class='ocr_line' id='line_1_40' title="bbox 436 3515 2084 3593; baseline 0.007 -26"><span class='ocrx_word' id='word_1_295' title='bbox 436 3529 567 3568; x_wconf 91' lang='lat' dir='ltr'><strong>rum</strong></span> <span class='ocrx_word' id='word_1_296' title='bbox 597 3519 650 3569; x_wconf 89' lang='lat' dir='ltr'><strong>et</strong></span> <span class='ocrx_word' id='word_1_297' title='bbox 687 3515 989 3581; x_wconf 89' lang='lat' dir='ltr'><strong>vinctum;</strong></span> <span class='ocrx_word' id='word_1_298' title='bbox 1026 3515 1294 3570; x_wconf 90' lang='lat' dir='ltr'><strong>nonnulli</strong></span> <span class='ocrx_word' id='word_1_299' title='bbox 1328 3523 1384 3572; x_wconf 88' lang='lat' dir='ltr'><strong>et</strong></span> <span class='ocrx_word' id='word_1_300' title='bbox 1431 3518 1689 3574; x_wconf 90' lang='lat' dir='ltr'><strong>occisum</strong></span> <span class='ocrx_word' id='word_1_301' title='bbox 1731 3520 1788 3574; x_wconf 91' lang='lat' dir='ltr'><strong>in</strong></span> <span class='ocrx_word' id='word_1_302' title='bbox 1822 3537 2020 3593; x_wconf 86' lang='lat' dir='ltr'><strong>pugna</strong></span> <span class='ocrx_word' id='word_1_303' title='bbox 2050 3540 2084 3579; x_wconf 90' lang='lat' dir='ltr'><strong>a</strong></span> 
     </span>
    </p>
   </div>
   <div class='ocr_carea' id='block_1_41' title="bbox 436 3595 2080 3670">
    <p class='ocr_par' dir='ltr' id='par_1_41' title="bbox 436 3595 2080 3670">
     <span class='ocr_line' id='line_1_41' title="bbox 436 3595 2080 3670; baseline 0.006 -22"><span class='ocrx_word' id='word_1_304' title='bbox 436 3595 667 3660; x_wconf 91' lang='lat' dir='ltr'><strong>Perseo,</strong></span> <span class='ocrx_word' id='word_1_305' title='bbox 693 3611 798 3650; x_wconf 91' lang='lat' dir='ltr'><strong>nec</strong></span> <span class='ocrx_word' id='word_1_306' title='bbox 831 3595 927 3650; x_wconf 93' lang='lat' dir='ltr'><strong>uhi</strong></span> <span class='ocrx_word' id='word_1_307' title='bbox 961 3595 1127 3652; x_wconf 87' lang='lat' dir='ltr'><strong>fuerit</strong></span> <span class='ocrx_word' id='word_1_308' title='bbox 1159 3597 1427 3668; x_wconf 90' lang='lat' dir='ltr'><strong>sepultus</strong></span> <span class='ocrx_word' id='word_1_309' title='bbox 1447 3603 1632 3654; x_wconf 90' lang='lat' dir='ltr'><strong>tacent</strong></span> <span class='ocrx_word' id='word_1_310' title='bbox 1663 3600 1770 3670; x_wconf 87' lang='lat' dir='ltr'><strong>(c):</strong></span> <span class='ocrx_word' id='word_1_311' title='bbox 1805 3607 1861 3657; x_wconf 93' lang='lat' dir='ltr'><strong>et</strong></span> <span class='ocrx_word' id='word_1_312' title='bbox 1891 3607 2080 3658; x_wconf 90' lang='lat' dir='ltr'><strong>tamen</strong></span> 
     </span>
    </p>
   </div>
   <div class='ocr_carea' id='block_1_42' title="bbox 435 3675 2082 3749">
    <p class='ocr_par' dir='ltr' id='par_1_42' title="bbox 435 3675 2082 3749">
     <span class='ocr_line' id='line_1_42' title="bbox 435 3675 2082 3749; baseline 0.007 -20"><span class='ocrx_word' id='word_1_313' title='bbox 435 3676 563 3744; x_wconf 85' lang='lat' dir='ltr'><strong>ejus</strong></span> <span class='ocrx_word' id='word_1_314' title='bbox 587 3675 741 3730; x_wconf 91' lang='lat' dir='ltr'><strong>velut</strong></span> <span class='ocrx_word' id='word_1_315' title='bbox 771 3677 862 3732; x_wconf 92' lang='lat' dir='ltr'><strong>dei</strong></span> <span class='ocrx_word' id='word_1_316' title='bbox 888 3678 1122 3732; x_wconf 90' lang='lat' dir='ltr'><strong>nomine</strong></span> <span class='ocrx_word' id='word_1_317' title='bbox 1146 3694 1246 3749; x_wconf 87' lang='lat' dir='ltr'><strong>per</strong></span> <span class='ocrx_word' id='word_1_318' title='bbox 1267 3678 1610 3735; x_wconf 89' lang='lat' dir='ltr'><strong>immundos</strong></span> <span class='ocrx_word' id='word_1_319' title='bbox 1631 3682 1924 3739; x_wconf 69' lang='lat' dir='ltr'><strong>daemones</strong></span> <span class='ocrx_word' id='word_1_320' title='bbox 1947 3684 2082 3740; x_wconf 84' lang='lat' dir='ltr'><strong>Bac-</strong></span> 
     </span>
    </p>
   </div>
   <div class='ocr_carea' id='block_1_43' title="bbox 501 3863 1804 3942">
    <p class='ocr_par' dir='ltr' id='par_1_43' title="bbox 501 3863 1804 3942">
     <span class='ocr_line' id='line_1_43' title="bbox 501 3863 1804 3942; baseline 0.004 -30"><span class='ocrx_word' id='word_1_321' title='bbox 501 3866 520 3942; x_wconf 56' lang='lat'>:</span> <span class='ocrx_word' id='word_1_322' title='bbox 724 3865 1070 3942; x_wconf 46' lang='lat' dir='ltr'><strong>quadrupes.</strong></span> <span class='ocrx_word' id='word_1_323' title='bbox 1094 3867 1172 3942; x_wconf 79' lang='lat' dir='ltr'><strong>At</strong></span> <span class='ocrx_word' id='word_1_324' title='bbox 1199 3867 1348 3942; x_wconf 42' lang='lat' dir='ltr'><strong>M‘ssq.</strong></span> <span class='ocrx_word' id='word_1_325' title='bbox 1374 3867 1804 3942; x_wconf 70' lang='lat' dir='ltr'><strong>quadrupedem.</strong></span> 
     </span>
    </p>
   </div>
   <div class='ocr_carea' id='block_1_44' title="bbox 499 3926 1421 3984">
    <p class='ocr_par' dir='ltr' id='par_1_44' title="bbox 499 3926 1421 3984">
     <span class='ocr_line' id='line_1_44' title="bbox 499 3926 1421 3984; baseline 0.007 -9"><span class='ocrx_word' id='word_1_326' title='bbox 499 3926 520 3960; x_wconf 84' lang='grc'>²</span> <span class='ocrx_word' id='word_1_327' title='bbox 550 3927 634 3976; x_wconf 91' lang='lat' dir='ltr'><strong>Sic</strong></span> <span class='ocrx_word' id='word_1_328' title='bbox 668 3926 771 3976; x_wconf 82' lang='lat' dir='ltr'><strong>Mss</strong></span> <span class='ocrx_word' id='word_1_329' title='bbox 820 3926 1130 3984; x_wconf 64' lang='lat' dir='ltr'><strong>Editfvero,</strong></span> <span class='ocrx_word' id='word_1_330' title='bbox 1160 3931 1253 3977; x_wconf 76' lang='lat' dir='ltr'><strong>sed</strong></span> <span class='ocrx_word' id='word_1_331' title='bbox 1286 3926 1421 3982; x_wconf 76' lang='lat' dir='ltr'><strong>nisi.</strong></span> 
     </span>
    </p>
   </div>
   <div class='ocr_carea' id='block_1_45' title="bbox 502 3990 2087 4057">
    <p class='ocr_par' dir='ltr' id='par_1_45' title="bbox 502 3990 2087 4057">
     <span class='ocr_line' id='line_1_45' title="bbox 502 3990 2087 4057; baseline 0.004 -19"><span class='ocrx_word' id='word_1_332' title='bbox 502 3991 598 4057; x_wconf 12' lang='lat' dir='ltr'><strong>(at!</strong></span> <span class='ocrx_word' id='word_1_333' title='bbox 634 3990 718 4040; x_wconf 91' lang='lat' dir='ltr'><strong>Sic</strong></span> <span class='ocrx_word' id='word_1_334' title='bbox 761 3991 1065 4057; x_wconf 81' lang='lat' dir='ltr'><strong>reponimus</strong></span> <span class='ocrx_word' id='word_1_335' title='bbox 1111 4005 1178 4039; x_wconf 83' lang='lat' dir='ltr'><strong>ex</strong></span> <span class='ocrx_word' id='word_1_336' title='bbox 1222 3994 1459 4057; x_wconf 91' lang='lat' dir='ltr'><strong>quinque</strong></span> <span class='ocrx_word' id='word_1_337' title='bbox 1503 3996 1700 4045; x_wconf 86' lang='lat' dir='ltr'><strong>nostris</strong></span> <span class='ocrx_word' id='word_1_338' title='bbox 1737 3997 1881 4057; x_wconf 84' lang='lat' dir='ltr'><strong>Mss.,</strong></span> <span class='ocrx_word' id='word_1_339' title='bbox 1926 3999 1977 4046; x_wconf 88' lang='lat' dir='ltr'><strong>et</strong></span> <span class='ocrx_word' id='word_1_340' title='bbox 2019 4011 2087 4046; x_wconf 88' lang='lat' dir='ltr'><strong>ex</strong></span> 
     </span>
    </p>
   </div>
   <div class='ocr_carea' id='block_1_46' title="bbox 439 4055 2088 4121">
    <p class='ocr_par' dir='ltr' id='par_1_46' title="bbox 439 4055 2088 4121">
     <span class='ocr_line' id='line_1_46' title="bbox 439 4055 2088 4121; baseline 0.004 -20"><span class='ocrx_word' id='word_1_341' title='bbox 439 4055 688 4121; x_wconf 82' lang='lat' dir='ltr'><strong>omnibus</strong></span> <span class='ocrx_word' id='word_1_342' title='bbox 715 4068 849 4121; x_wconf 84' lang='lat' dir='ltr'><strong>quos</strong></span> <span class='ocrx_word' id='word_1_343' title='bbox 877 4055 1256 4121; x_wconf 75' lang='lat' dir='ltr'><strong>consuluerant</strong></span> <span class='ocrx_word' id='word_1_344' title='bbox 1284 4055 1752 4121; x_wconf 33' lang='lat' dir='ltr'><strong>PPiBenedictini,</strong></span> <span class='ocrx_word' id='word_1_345' title='bbox 1788 4055 1881 4121; x_wconf 86' lang='lat' dir='ltr'><strong>qui</strong></span> <span class='ocrx_word' id='word_1_346' title='bbox 1908 4063 2088 4109; x_wconf 87' lang='lat' dir='ltr'><strong>tamen</strong></span> 
     </span>
    </p>
   </div>
   <div class='ocr_carea' id='block_1_47' title="bbox 435 4116 2086 4180">
    <p class='ocr_par' dir='ltr' id='par_1_47' title="bbox 435 4116 2086 4180">
     <span class='ocr_line' id='line_1_47' title="bbox 435 4116 2086 4180; baseline 0.005 -18"><span class='ocrx_word' id='word_1_347' title='bbox 435 4117 492 4163; x_wconf 85' lang='lat' dir='ltr'><strong>in</strong></span> <span class='ocrx_word' id='word_1_348' title='bbox 539 4119 690 4165; x_wconf 83' lang='lat' dir='ltr'><strong>textu</strong></span> <span class='ocrx_word' id='word_1_349' title='bbox 748 4119 990 4180; x_wconf 74' lang='lat' dir='ltr'><strong>veterum</strong></span> <span class='ocrx_word' id='word_1_350' title='bbox 1041 4116 1336 4166; x_wconf 89' lang='lat' dir='ltr'><strong>editionum</strong></span> <span class='ocrx_word' id='word_1_351' title='bbox 1389 4120 1669 4170; x_wconf 88' lang='lat' dir='ltr'><strong>lectionem</strong></span> <span class='ocrx_word' id='word_1_352' title='bbox 1723 4116 2086 4180; x_wconf 64' lang='lat' dir='ltr'><strong>servaverant,</strong></span> 
     </span>
    </p>
   </div>
   <div class='ocr_carea' id='block_1_48' title="bbox 437 4178 2088 4241">
    <p class='ocr_par' dir='ltr' id='par_1_48' title="bbox 437 4178 2088 4241">
     <span class='ocr_line' id='line_1_48' title="bbox 437 4178 2088 4241; baseline 0.004 -15"><span class='ocrx_word' id='word_1_353' title='bbox 437 4191 643 4240; x_wconf 85' lang='lat' dir='ltr'><strong>nempe,</strong></span> <span class='ocrx_word' id='word_1_354' title='bbox 671 4178 762 4225; x_wconf 84' lang='lat' dir='ltr'><strong>sed</strong></span> <span class='ocrx_word' id='word_1_355' title='bbox 793 4179 964 4227; x_wconf 80' lang='lat' dir='ltr'><strong>il/um</strong></span> <span class='ocrx_word' id='word_1_356' title='bbox 995 4194 1157 4240; x_wconf 83' lang='lat' dir='ltr'><strong>quem</strong></span> <span class='ocrx_word' id='word_1_357' title='bbox 1205 4193 1326 4228; x_wconf 88' lang='lat' dir='ltr'><strong>cum</strong></span> <span class='ocrx_word' id='word_1_358' title='bbox 1375 4183 1616 4231; x_wconf 81' lang='lat' dir='ltr'><strong>Hercule</strong></span> <span class='ocrx_word' id='word_1_359' title='bbox 1642 4184 1842 4241; x_wconf 76' lang='lat' dir='ltr'><strong>ferunt</strong></span> <span class='ocrx_word' id='word_1_360' title='bbox 1868 4178 2088 4233; x_wconf 83' lang='lat' dir='ltr'><strong>Admeti</strong></span> 
     </span>
    </p>
   </div>
   <div class='ocr_carea' id='block_1_49' title="bbox 435 4241 2091 4305">
    <p class='ocr_par' dir='ltr' id='par_1_49' title="bbox 435 4241 2091 4305">
     <span class='ocr_line' id='line_1_49' title="bbox 435 4241 2091 4305; baseline 0.005 -19"><span class='ocrx_word' id='word_1_361' title='bbox 435 4241 583 4305; x_wconf 69' lang='lat' dir='ltr'><strong>regis</strong></span> <span class='ocrx_word' id='word_1_362' title='bbox 613 4250 871 4305; x_wconf 66' lang='lat' dir='ltr'><strong>armento</strong></span> <span class='ocrx_word' id='word_1_363' title='bbox 892 4243 1115 4305; x_wconf 77' lang='lat' dir='ltr'><strong>pavisse</strong></span> <span class='ocrx_word' id='word_1_364' title='bbox 1147 4254 1160 4297; x_wconf 89' lang='lat'><strong>;</strong></span> <span class='ocrx_word' id='word_1_365' title='bbox 1205 4254 1421 4305; x_wconf 86' lang='lat' dir='ltr'><strong>erronee</strong></span> <span class='ocrx_word' id='word_1_366' title='bbox 1454 4247 1610 4296; x_wconf 87' lang='lat' dir='ltr'><strong>certe.</strong></span> <span class='ocrx_word' id='word_1_367' title='bbox 1661 4246 1920 4305; x_wconf 85' lang='lat' dir='ltr'><strong>siquidem</strong></span> <span class='ocrx_word' id='word_1_368' title='bbox 1969 4247 2091 4294; x_wconf 86' lang='lat' dir='ltr'><strong>Her-</strong></span> 
     </span>
    </p>
   </div>
   <div class='ocr_carea' id='block_1_50' title="bbox 436 4302 2090 4368">
    <p class='ocr_par' dir='ltr' id='par_1_50' title="bbox 436 4302 2090 4368">
     <span class='ocr_line' id='line_1_50' title="bbox 436 4302 2090 4368; baseline 0.004 -18"><span class='ocrx_word' id='word_1_369' title='bbox 436 4303 609 4368; x_wconf 74' lang='lat' dir='ltr'><strong>culem</strong></span> <span class='ocrx_word' id='word_1_370' title='bbox 640 4302 986 4368; x_wconf 33' lang='lat' dir='ltr'><strong>ApolliniJin</strong></span> <span class='ocrx_word' id='word_1_371' title='bbox 1028 4304 1256 4368; x_wconf 76' lang='lat' dir='ltr'><strong>pastoris</strong></span> <span class='ocrx_word' id='word_1_372' title='bbox 1303 4305 1477 4354; x_wconf 75' lang='lat' dir='ltr'><strong>officio</strong></span> <span class='ocrx_word' id='word_1_373' title='bbox 1539 4302 1778 4354; x_wconf 76' lang='lat' dir='ltr'><strong>comitem</strong></span> <span class='ocrx_word' id='word_1_374' title='bbox 1827 4321 2090 4368; x_wconf 86' lang='lat' dir='ltr'><strong>nusquam</strong></span> 
     </span>
    </p>
   </div>
   <div class='ocr_carea' id='block_1_51' title="bbox 437 4363 2091 4435">
    <p class='ocr_par' dir='ltr' id='par_1_51' title="bbox 437 4363 2091 4435">
     <span class='ocr_line' id='line_1_51' title="bbox 437 4363 2091 4435; baseline 0.007 -26"><span class='ocrx_word' id='word_1_375' title='bbox 437 4363 736 4435; x_wconf 73' lang='lat' dir='ltr'><strong>adiungunt</strong></span> <span class='ocrx_word' id='word_1_376' title='bbox 781 4364 1094 4435; x_wconf 79' lang='lat' dir='ltr'><strong>mythologi.</strong></span> <span class='ocrx_word' id='word_1_377' title='bbox 1143 4364 1552 4435; x_wconf 36' lang='lat' dir='ltr'><strong>Itaqueuverba.</strong></span> <span class='ocrx_word' id='word_1_378' title='bbox 1589 4381 1715 4435; x_wconf 72' lang='lat' dir='ltr'><strong>cum</strong></span> <span class='ocrx_word' id='word_1_379' title='bbox 1745 4363 2002 4435; x_wconf 60' lang='lat' dir='ltr'><strong>Hercul},</strong></span> <span class='ocrx_word' id='word_1_380' title='bbox 2033 4371 2091 4420; x_wconf 89' lang='lat' dir='ltr'><strong>in</strong></span> 
     </span>
    </p>
   </div>
   <div class='ocr_carea' id='block_1_52' title="bbox 438 4424 2092 4496">
    <p class='ocr_par' dir='ltr' id='par_1_52' title="bbox 438 4424 2092 4496">
     <span class='ocr_line' id='line_1_52' title="bbox 438 4424 2092 4496; baseline 0.008 -26"><span class='ocrx_word' id='word_1_381' title='bbox 438 4424 720 4496; x_wconf 71' lang='lat' dir='ltr'><strong>Augustini</strong></span> <span class='ocrx_word' id='word_1_382' title='bbox 747 4424 940 4496; x_wconf 72' lang='lat' dir='ltr'><strong>mente.</strong></span> <span class='ocrx_word' id='word_1_383' title='bbox 977 4438 1086 4496; x_wconf 77' lang='lat' dir='ltr'><strong>non</strong></span> <span class='ocrx_word' id='word_1_384' title='bbox 1115 4424 1387 4496; x_wconf 67' lang='lat' dir='ltr'><strong>servitutis</strong></span> <span class='ocrx_word' id='word_1_385' title='bbox 1416 4429 1757 4492; x_wconf 87' lang='lat' dir='ltr'><strong>consortium,</strong></span> <span class='ocrx_word' id='word_1_386' title='bbox 1777 4432 1867 4480; x_wconf 87' lang='lat' dir='ltr'><strong>sed</strong></span> <span class='ocrx_word' id='word_1_387' title='bbox 1883 4435 2092 4496; x_wconf 86' lang='lat' dir='ltr'><strong>tempus</strong></span> 
     </span>
    </p>
   </div>
   <div class='ocr_carea' id='block_1_53' title="bbox 440 4485 1377 4546">
    <p class='ocr_par' dir='ltr' id='par_1_53' title="bbox 440 4485 1377 4546">
     <span class='ocr_line' id='line_1_53' title="bbox 440 4485 1377 4546; baseline 0.005 -14"><span class='ocrx_word' id='word_1_388' title='bbox 440 4497 546 4546; x_wconf 89' lang='lat' dir='ltr'><strong>quo</strong></span> <span class='ocrx_word' id='word_1_389' title='bbox 576 4485 714 4532; x_wconf 82' lang='lat' dir='ltr'><strong>vixit</strong></span> <span class='ocrx_word' id='word_1_390' title='bbox 744 4487 947 4546; x_wconf 87' lang='lat' dir='ltr'><strong>Apollo,</strong></span> <span class='ocrx_word' id='word_1_391' title='bbox 979 4486 1275 4545; x_wconf 81' lang='lat' dir='ltr'><strong>designant.</strong></span> <span class='ocrx_word' id='word_1_392' title='bbox 1310 4491 1377 4537; x_wconf 87' lang='lat' dir='ltr'><strong>M.</strong></span> 
     </span>
    </p>
   </div>
   <div class='ocr_carea' id='block_1_54' title="bbox 500 4547 2089 4615">
    <p class='ocr_par' dir='ltr' id='par_1_54' title="bbox 500 4547 2089 4615">
     <span class='ocr_line' id='line_1_54' title="bbox 500 4547 2089 4615; baseline 0.008 -23"><span class='ocrx_word' id='word_1_393' title='bbox 500 4547 596 4615; x_wconf 69' lang='lat' dir='ltr'><strong>(b_;_</strong></span> <span class='ocrx_word' id='word_1_394' title='bbox 630 4547 812 4615; x_wconf 65' lang='lat' dir='ltr'><strong>Plures</strong></span> <span class='ocrx_word' id='word_1_395' title='bbox 862 4549 1032 4615; x_wconf 37' lang='lat' dir='ltr'><strong>enim‘</strong></span> <span class='ocrx_word' id='word_1_396' title='bbox 1065 4550 1350 4615; x_wconf 71' lang='lat' dir='ltr'><strong>Apollines,</strong></span> <span class='ocrx_word' id='word_1_397' title='bbox 1427 4554 1718 4602; x_wconf 88' lang='lat' dir='ltr'><strong>secundum</strong></span> <span class='ocrx_word' id='word_1_398' title='bbox 1772 4555 2089 4615; x_wconf 88' lang='lat' dir='ltr'><strong>Ciceronem,</strong></span> 
     </span>
    </p>
   </div>
   <div class='ocr_carea' id='block_1_55' title="bbox 438 4609 2088 4676">
    <p class='ocr_par' dir='ltr' id='par_1_55' title="bbox 438 4609 2088 4676">
     <span class='ocr_line' id='line_1_55' title="bbox 438 4609 2088 4676; baseline 0.008 -19"><span class='ocrx_word' id='word_1_399' title='bbox 438 4610 521 4676; x_wconf 90' lang='lat' dir='ltr'><strong>de_</strong></span> <span class='ocrx_word' id='word_1_400' title='bbox 556 4609 672 4676; x_wconf 50' lang='lat' dir='ltr'><strong>Nat:</strong></span> <span class='ocrx_word' id='word_1_401' title='bbox 695 4609 860 4676; x_wconf 77' lang='lat' dir='ltr'><strong>deor.,</strong></span> <span class='ocrx_word' id='word_1_402' title='bbox 889 4610 982 4658; x_wconf 91' lang='lat' dir='ltr'><strong>lib.</strong></span> <span class='ocrx_word' id='word_1_403' title='bbox 1007 4609 1058 4676; x_wconf 69' lang='lat'><strong>3.</strong></span> <span class='ocrx_word' id='word_1_404' title='bbox 1086 4609 1194 4673; x_wconf 79' lang='lat' dir='ltr'><strong>cap.</strong></span> <span class='ocrx_word' id='word_1_405' title='bbox 1228 4611 1306 4676; x_wconf 76' lang='lat'><strong>23.</strong></span> <span class='ocrx_word' id='word_1_406' title='bbox 1334 4629 1366 4664; x_wconf 91' lang='lat' dir='ltr'><strong>a</strong></span> <span class='ocrx_word' id='word_1_407' title='bbox 1392 4615 1711 4676; x_wconf 88' lang='lat' dir='ltr'><strong>quibusdam</strong></span> <span class='ocrx_word' id='word_1_408' title='bbox 1738 4609 2088 4670; x_wconf 50' lang='lat' dir='ltr'><strong>habebantur:</strong></span> 
     </span>
    </p>
   </div>
   <div class='ocr_carea' id='block_1_56' title="bbox 499 4671 2090 4732">
    <p class='ocr_par' dir='ltr' id='par_1_56' title="bbox 499 4671 2090 4732">
     <span class='ocr_line' id='line_1_56' title="bbox 499 4671 2090 4732; baseline 0.008 -12"><span class='ocrx_word' id='word_1_409' title='bbox 499 4674 573 4731; x_wconf 90' lang='lat' dir='ltr'><strong>(c)</strong></span> <span class='ocrx_word' id='word_1_410' title='bbox 627 4671 734 4722; x_wconf 84' lang='lat' dir='ltr'><strong>Hac</strong></span> <span class='ocrx_word' id='word_1_411' title='bbox 788 4672 853 4722; x_wconf 92' lang='lat' dir='ltr'><strong>de</strong></span> <span class='ocrx_word' id='word_1_412' title='bbox 906 4687 962 4723; x_wconf 90' lang='lat' dir='ltr'><strong>re</strong></span> <span class='ocrx_word' id='word_1_413' title='bbox 1020 4674 1094 4724; x_wconf 89' lang='lat' dir='ltr'><strong>sic</strong></span> <span class='ocrx_word' id='word_1_414' title='bbox 1149 4671 1331 4726; x_wconf 77' lang='lat' dir='ltr'><strong>scribit</strong></span> <span class='ocrx_word' id='word_1_415' title='bbox 1403 4671 1658 4727; x_wconf 76' lang='lat' dir='ltr'><strong>Eusebius</strong></span> <span class='ocrx_word' id='word_1_416' title='bbox 1734 4681 1790 4730; x_wconf 90' lang='lat' dir='ltr'><strong>in</strong></span> <span class='ocrx_word' id='word_1_417' title='bbox 1850 4683 2090 4732; x_wconf 89' lang='lat' dir='ltr'><strong>Chron.:</strong></span> 
     </span>
    </p>
   </div>
   <div class='ocr_carea' id='block_1_57' title="bbox 440 4735 2090 4802">
    <p class='ocr_par' dir='ltr' id='par_1_57' title="bbox 440 4735 2090 4802">
     <span class='ocr_line' id='line_1_57' title="bbox 440 4735 2090 4802; baseline 0.007 -22"><span class='ocrx_word' id='word_1_418' title='bbox 440 4754 466 4780; x_wconf 76' lang='grc' dir='ltr'><strong><em>α</em></strong></span> <span class='ocrx_word' id='word_1_419' title='bbox 501 4735 742 4802; x_wconf 71' lang='lat' dir='ltr'><strong>Bacchus</strong></span> <span class='ocrx_word' id='word_1_420' title='bbox 768 4750 920 4802; x_wconf 18' lang='lat' dir='ltr'><strong>Acum‘</strong></span> <span class='ocrx_word' id='word_1_421' title='bbox 971 4735 1159 4787; x_wconf 89' lang='lat' dir='ltr'><strong>Perseo</strong></span> <span class='ocrx_word' id='word_1_422' title='bbox 1219 4754 1398 4801; x_wconf 88' lang='lat' dir='ltr'><strong>pugna</strong></span> <span class='ocrx_word' id='word_1_423' title='bbox 1458 4755 1769 4802; x_wconf 87' lang='lat' dir='ltr'><strong>congressus</strong></span> <span class='ocrx_word' id='word_1_424' title='bbox 1817 4746 2090 4800; x_wconf 88' lang='lat' dir='ltr'><strong>occiditur,</strong></span> 
     </span>
    </p>
   </div>
   <div class='ocr_carea' id='block_1_58' title="bbox 440 4797 2094 4864">
    <p class='ocr_par' dir='ltr' id='par_1_58' title="bbox 440 4797 2094 4864">
     <span class='ocr_line' id='line_1_58' title="bbox 440 4797 2094 4864; baseline 0.008 -21"><span class='ocrx_word' id='word_1_425' title='bbox 440 4817 466 4843; x_wconf 85' lang='grc'><strong>«</strong></span> <span class='ocrx_word' id='word_1_426' title='bbox 499 4801 558 4847; x_wconf 90' lang='lat' dir='ltr'><strong>ut</strong></span> <span class='ocrx_word' id='word_1_427' title='bbox 625 4797 806 4864; x_wconf 84' lang='lat' dir='ltr'><strong>scribit</strong></span> <span class='ocrx_word' id='word_1_428' title='bbox 858 4799 1159 4864; x_wconf 87' lang='lat' dir='ltr'><strong>Dinarchus</strong></span> <span class='ocrx_word' id='word_1_429' title='bbox 1213 4797 1384 4864; x_wconf 78' lang='lat' dir='ltr'><strong>poeta.</strong></span> <span class='ocrx_word' id='word_1_430' title='bbox 1449 4797 1585 4853; x_wconf 59' lang='lat' dir='ltr'><strong>non&#39;</strong></span> <span class='ocrx_word' id='word_1_431' title='bbox 1613 4805 1808 4855; x_wconf 91' lang='lat' dir='ltr'><strong>rhetor.</strong></span> <span class='ocrx_word' id='word_1_432' title='bbox 1869 4807 1967 4864; x_wconf 90' lang='lat' dir='ltr'><strong>Qui</strong></span> <span class='ocrx_word' id='word_1_433' title='bbox 2005 4797 2094 4856; x_wconf 48' lang='lat' dir='ltr'><strong>an;</strong></span> 
     </span>
    </p>
   </div>
   <div class='ocr_carea' id='block_1_59' title="bbox 445 4863 2094 4930">
    <p class='ocr_par' dir='ltr' id='par_1_59' title="bbox 445 4863 2094 4930">
     <span class='ocr_line' id='line_1_59' title="bbox 445 4863 2094 4930; baseline 0.007 -22"><span class='ocrx_word' id='word_1_434' title='bbox 445 4877 467 4908; x_wconf 72' lang='grc' dir='ltr'><strong>α</strong></span> <span class='ocrx_word' id='word_1_435' title='bbox 499 4865 606 4930; x_wconf 83' lang='lat' dir='ltr'><strong>tem</strong></span> <span class='ocrx_word' id='word_1_436' title='bbox 664 4863 911 4930; x_wconf 74' lang='lat' dir='ltr'><strong>voluerit.</strong></span> <span class='ocrx_word' id='word_1_437' title='bbox 934 4927 946 4930; x_wconf 88' lang='lat'>_</span> <span class='ocrx_word' id='word_1_438' title='bbox 967 4864 1096 4930; x_wconf 80' lang='lat' dir='ltr'><strong>licet</strong></span> <span class='ocrx_word' id='word_1_439' title='bbox 1145 4865 1192 4914; x_wconf 89' lang='lat' dir='ltr'><strong>ei</strong></span> <span class='ocrx_word' id='word_1_440' title='bbox 1216 4863 1422 4917; x_wconf 32' lang='lat' dir='ltr'><strong>’adhuc</strong></span> <span class='ocrx_word' id='word_1_441' title='bbox 1477 4869 1712 4930; x_wconf 86' lang='lat' dir='ltr'><strong>spectare</strong></span> <span class='ocrx_word' id='word_1_442' title='bbox 1777 4863 1960 4918; x_wconf 90' lang='lat' dir='ltr'><strong>Bacchi</strong></span> <span class='ocrx_word' id='word_1_443' title='bbox 2017 4884 2094 4920; x_wconf 85' lang='lat' dir='ltr'><strong>se-</strong></span> 
     </span>
    </p>
   </div>
   <div class='ocr_carea' id='block_1_60' title="bbox 444 4925 2096 5000">
    <p class='ocr_par' dir='ltr' id='par_1_60' title="bbox 444 4925 2096 5000">
     <span class='ocr_line' id='line_1_60' title="bbox 444 4925 2096 5000; baseline 0.007 -32"><span class='ocrx_word' id='word_1_444' title='bbox 444 4943 471 4968; x_wconf 69' lang='grc' dir='ltr'><strong><em>α</em></strong></span> <span class='ocrx_word' id='word_1_445' title='bbox 505 4925 745 4998; x_wconf 81' lang='lat' dir='ltr'><strong>pulcrum</strong></span> <span class='ocrx_word' id='word_1_446' title='bbox 801 4926 1034 5000; x_wconf 65' lang='lat' dir='ltr'><strong>Delphis,</strong></span> <span class='ocrx_word' id='word_1_447' title='bbox 1066 4928 1261 5000; x_wconf 37' lang='lat' dir='ltr'><strong>juxta“</strong></span> <span class='ocrx_word' id='word_1_448' title='bbox 1297 4925 1529 5000; x_wconf 62' lang='grc' dir='ltr'><strong>θυι-(ξιιιρ</strong></span> <span class='ocrx_word' id='word_1_449' title='bbox 1571 4932 1903 5000; x_wconf 73' lang='lat' dir='ltr'><strong>_Apollinem.</strong></span> <span class='ocrx_word' id='word_1_450' title='bbox 1934 4949 1979 5000; x_wconf 43' lang='grc' dir='ltr'><strong>ι-</strong></span> <span class='ocrx_word' id='word_1_451' title='bbox 2013 4934 2096 4982; x_wconf 90' lang='lat' dir='ltr'><strong>Di-</strong></span> 
     </span>
    </p>
   </div>
   <div class='ocr_carea' id='block_1_61' title="bbox 443 4988 2096 5060">
    <p class='ocr_par' dir='ltr' id='par_1_61' title="bbox 443 4988 2096 5060">
     <span class='ocr_line' id='line_1_61' title="bbox 443 4988 2096 5060; baseline 0.005 -25"><span class='ocrx_word' id='word_1_452' title='bbox 443 4989 642 5060; x_wconf 69' lang='lat' dir='ltr'><strong>scimus</strong></span> <span class='ocrx_word' id='word_1_453' title='bbox 679 5002 761 5060; x_wconf 39' lang='lat' dir='ltr'><strong>ex.</strong></span> <span class='ocrx_word' id='word_1_454' title='bbox 801 4988 1015 5060; x_wconf 72' lang='lat' dir='ltr'><strong>Cyrillo.</strong></span> <span class='ocrx_word' id='word_1_455' title='bbox 1066 4988 1265 5060; x_wconf 81' lang='lat' dir='ltr'><strong>lib._1_0</strong></span> <span class='ocrx_word' id='word_1_456' title='bbox 1309 4996 1471 5060; x_wconf 16' lang='lat' dir='ltr'><strong>egont.‘</strong></span> <span class='ocrx_word' id='word_1_457' title='bbox 1499 4988 1720 5060; x_wconf 66' lang='lat' dir='ltr'><strong>Julian,</strong></span> <span class='ocrx_word' id='word_1_458' title='bbox 1772 4996 2096 5060; x_wconf 79' lang='lat' dir='ltr'><strong>Dinarchnm</strong></span> 
     </span>
    </p>
   </div>
   <div class='ocr_carea' id='block_1_62' title="bbox 441 5051 2096 5114">
    <p class='ocr_par' dir='ltr' id='par_1_62' title="bbox 441 5051 2096 5114">
     <span class='ocr_line' id='line_1_62' title="bbox 441 5051 2096 5114; baseline 0.006 -16"><span class='ocrx_word' id='word_1_459' title='bbox 441 5051 595 5098; x_wconf 89' lang='lat' dir='ltr'><strong>illum</strong></span> <span class='ocrx_word' id='word_1_460' title='bbox 649 5052 990 5114; x_wconf 10' lang='lat' dir='ltr'><strong>poetam,ide</strong></span> <span class='ocrx_word' id='word_1_461' title='bbox 1033 5068 1138 5114; x_wconf 89' lang='lat' dir='ltr'><strong>quo</strong></span> <span class='ocrx_word' id='word_1_462' title='bbox 1179 5055 1263 5103; x_wconf 91' lang='lat' dir='ltr'><strong>hic</strong></span> <span class='ocrx_word' id='word_1_463' title='bbox 1323 5057 1595 5110; x_wconf 86' lang='lat' dir='ltr'><strong>Eusebius.</strong></span> <span class='ocrx_word' id='word_1_464' title='bbox 1649 5071 1732 5106; x_wconf 89' lang='lat' dir='ltr'><strong>res</strong></span> <span class='ocrx_word' id='word_1_465' title='bbox 1800 5073 1832 5106; x_wconf 90' lang='lat' dir='ltr'><strong>a</strong></span> <span class='ocrx_word' id='word_1_466' title='bbox 1895 5059 2096 5108; x_wconf 88' lang='lat' dir='ltr'><strong>Baccho</strong></span> 
     </span>
    </p>
   </div>
   <div class='ocr_carea' id='block_1_63' title="bbox 441 5113 2098 5178">
    <p class='ocr_par' dir='ltr' id='par_1_63' title="bbox 441 5113 2098 5178">
     <span class='ocr_line' id='line_1_63' title="bbox 441 5113 2098 5178; baseline 0.005 -16"><span class='ocrx_word' id='word_1_467' title='bbox 441 5113 1008 5178; x_wconf 29' lang='lat' dir='ltr'><strong>gestasucarmi‘nibus</strong></span> <span class='ocrx_word' id='word_1_468' title='bbox 1047 5113 1426 5178; x_wconf 22' lang='lat' dir='ltr'><strong>idescripsisse.</strong></span> <span class='ocrx_word' id='word_1_469' title='bbox 1492 5120 1731 5169; x_wconf 88' lang='lat' dir='ltr'><strong>Clemens</strong></span> <span class='ocrx_word' id='word_1_470' title='bbox 1791 5122 2098 5170; x_wconf 80' lang='lat' dir='ltr'><strong>Alexandri-</strong></span> 
     </span>
    </p>
   </div>
   <div class='ocr_carea' id='block_1_64' title="bbox 442 5175 2100 5240">
    <p class='ocr_par' dir='ltr' id='par_1_64' title="bbox 442 5175 2100 5240">
     <span class='ocr_line' id='line_1_64' title="bbox 442 5175 2100 5240; baseline 0.007 -17"><span class='ocrx_word' id='word_1_471' title='bbox 442 5189 562 5224; x_wconf 90' lang='lat' dir='ltr'><strong>nus.</strong></span> <span class='ocrx_word' id='word_1_472' title='bbox 606 5175 772 5240; x_wconf 84' lang='lat' dir='ltr'><strong>lib._l</strong></span> <span class='ocrx_word' id='word_1_473' title='bbox 831 5175 1103 5231; x_wconf 88' lang='lat' dir='ltr'><strong>Stromat.,</strong></span> <span class='ocrx_word' id='word_1_474' title='bbox 1170 5175 1287 5240; x_wconf 80' lang='lat' dir='ltr'><strong>cap.</strong></span> <span class='ocrx_word' id='word_1_475' title='bbox 1349 5182 1428 5238; x_wconf 85' lang='grc'><strong>21,</strong></span> <span class='ocrx_word' id='word_1_476' title='bbox 1491 5184 1669 5236; x_wconf 90' lang='lat' dir='ltr'><strong>tradit.</strong></span> <span class='ocrx_word' id='word_1_477' title='bbox 1732 5185 1991 5233; x_wconf 88' lang='lat' dir='ltr'><strong>Bacchum</strong></span> <span class='ocrx_word' id='word_1_478' title='bbox 2040 5186 2100 5233; x_wconf 87' lang='lat' dir='ltr'><strong>in</strong></span> 
     </span>
    </p>
   </div>
   <div class='ocr_carea' id='block_1_65' title="bbox 441 5237 2098 5301">
    <p class='ocr_par' dir='ltr' id='par_1_65' title="bbox 441 5237 2098 5301">
     <span class='ocr_line' id='line_1_65' title="bbox 441 5237 2098 5301; baseline 0.007 -16"><span class='ocrx_word' id='word_1_479' title='bbox 441 5249 621 5298; x_wconf 87' lang='lat' dir='ltr'><strong>pugna</strong></span> <span class='ocrx_word' id='word_1_480' title='bbox 649 5250 687 5301; x_wconf 7' lang='lat' dir='ltr'><strong>ag</strong></span> <span class='ocrx_word' id='word_1_481' title='bbox 710 5237 896 5286; x_wconf 90' lang='lat' dir='ltr'><strong>Perseo</strong></span> <span class='ocrx_word' id='word_1_482' title='bbox 931 5240 1160 5288; x_wconf 88' lang='lat' dir='ltr'><strong>occisum</strong></span> <span class='ocrx_word' id='word_1_483' title='bbox 1191 5237 1445 5301; x_wconf 77' lang='lat' dir='ltr'><strong>regnante</strong></span> <span class='ocrx_word' id='word_1_484' title='bbox 1492 5245 1547 5292; x_wconf 93' lang='lat' dir='ltr'><strong>in</strong></span> <span class='ocrx_word' id='word_1_485' title='bbox 1579 5246 1884 5295; x_wconf 78' lang='lat' dir='ltr'><strong>Macedonia</strong></span> <span class='ocrx_word' id='word_1_486' title='bbox 1912 5248 2098 5296; x_wconf 89' lang='lat' dir='ltr'><strong>Perseo</strong></span> 
     </span>
    </p>
   </div>
   <div class='ocr_carea' id='block_1_66' title="bbox 444 5299 2100 5418">
    <p class='ocr_par' dir='ltr' id='par_1_66' title="bbox 444 5299 2100 5418">
     <span class='ocr_line' id='line_1_66' title="bbox 444 5299 2100 5360; baseline 0.007 -14"><span class='ocrx_word' id='word_1_487' title='bbox 444 5313 566 5360; x_wconf 88' lang='lat' dir='ltr'><strong>rege</strong></span> <span class='ocrx_word' id='word_1_488' title='bbox 620 5299 722 5348; x_wconf 89' lang='lat' dir='ltr'><strong>diis</strong></span> <span class='ocrx_word' id='word_1_489' title='bbox 767 5305 1176 5350; x_wconf 88' lang='lat' dir='ltr'><strong>annumeratum</strong></span> <span class='ocrx_word' id='word_1_490' title='bbox 1236 5299 1364 5353; x_wconf 76' lang='lat' dir='ltr'><strong>esse.</strong></span> <span class='ocrx_word' id='word_1_491' title='bbox 1429 5307 1612 5355; x_wconf 84' lang='lat' dir='ltr'><strong>Bacchi</strong></span> <span class='ocrx_word' id='word_1_492' title='bbox 1673 5309 1876 5356; x_wconf 88' lang='lat' dir='ltr'><strong>obitum</strong></span> <span class='ocrx_word' id='word_1_493' title='bbox 1933 5309 2100 5358; x_wconf 83' lang='lat' dir='ltr'><strong>diver-</strong></span> 
     </span>
     <span class='ocr_line' id='line_1_67' title="bbox 446 5361 2100 5418; baseline 0.005 -8"><span class='ocrx_word' id='word_1_494' title='bbox 446 5361 646 5410; x_wconf 89' lang='lat' dir='ltr'><strong>simode</strong></span> <span class='ocrx_word' id='word_1_495' title='bbox 693 5365 875 5410; x_wconf 88' lang='lat' dir='ltr'><strong>narrat</strong></span> <span class='ocrx_word' id='word_1_496' title='bbox 927 5364 1067 5412; x_wconf 91' lang='lat' dir='ltr'><strong>idem</strong></span> <span class='ocrx_word' id='word_1_497' title='bbox 1115 5365 1373 5418; x_wconf 77' lang='lat' dir='ltr'><strong>Clemens.</strong></span> <span class='ocrx_word' id='word_1_498' title='bbox 1423 5381 1535 5418; x_wconf 89' lang='lat' dir='ltr'><strong>can.</strong></span> <span class='ocrx_word' id='word_1_499' title='bbox 1585 5371 1614 5416; x_wconf 74' lang='lat'><strong>’2</strong></span> <span class='ocrx_word' id='word_1_500' title='bbox 1663 5370 1908 5418; x_wconf 55' lang='lat' dir='ltr'><strong>Paedan”</strong></span> <span class='ocrx_word' id='word_1_501' title='bbox 1946 5371 2100 5418; x_wconf 90' lang='lat' dir='ltr'><strong>illum</strong></span> 
     </span>
    </p>
   </div>
   <div class='ocr_carea' id='block_1_67' title="bbox 1362 5377 2100 5423">
    <p class='ocr_par' dir='ltr' id='par_1_67' title="bbox 1362 5377 2100 5423">
     <span class='ocr_line' id='line_1_68' title="bbox 1362 5377 2100 5423; baseline 0.004 -7"><span class='ocrx_word' id='word_1_502' title='bbox 1362 5403 1373 5420; x_wconf 92' lang='lat'><strong>.</strong></span> <span class='ocrx_word' id='word_1_503' title='bbox 1423 5381 1535 5423; x_wconf 88' lang='lat' dir='ltr'><strong>cap.</strong></span> <span class='ocrx_word' id='word_1_504' title='bbox 1585 5377 1614 5416; x_wconf 76' lang='grc'>2</span> <span class='ocrx_word' id='word_1_505' title='bbox 1665 5377 1908 5423; x_wconf 72' lang='lat' dir='ltr'><strong>Paedag.,</strong></span> <span class='ocrx_word' id='word_1_506' title='bbox 1946 5377 2100 5420; x_wconf 91' lang='lat' dir='ltr'><strong>illum</strong></span> 
     </span>
    </p>
   </div>
   <div class='ocr_carea' id='block_1_68' title="bbox 442 5384 2100 5487">
    <p class='ocr_par' dir='ltr' id='par_1_68' title="bbox 442 5384 2100 5487">
     <span class='ocr_line' id='line_1_69' title="bbox 446 5384 2100 5431; baseline 0.007 -23"><span class='ocrx_word' id='word_1_507' title='bbox 446 5384 646 5410; x_wconf 76' lang='lat' dir='ltr'><strong>suuuue</strong></span> <span class='ocrx_word' id='word_1_508' title='bbox 694 5384 875 5410; x_wconf 71' lang='lat' dir='ltr'><strong>narrat</strong></span> <span class='ocrx_word' id='word_1_509' title='bbox 927 5384 1067 5412; x_wconf 76' lang='lat' dir='ltr'><strong>tuum</strong></span> <span class='ocrx_word' id='word_1_510' title='bbox 1115 5384 1373 5420; x_wconf 49' lang='lat' dir='ltr'><strong>Clemens.</strong></span> <span class='ocrx_word' id='word_1_511' title='bbox 1423 5384 1535 5430; x_wconf 84' lang='lat' dir='ltr'><strong>cap.</strong></span> <span class='ocrx_word' id='word_1_512' title='bbox 1585 5384 1614 5416; x_wconf 74' lang='grc' dir='ltr'><em>κ</em></span> <span class='ocrx_word' id='word_1_513' title='bbox 1665 5384 1908 5431; x_wconf 70' lang='lat' dir='ltr'><strong>raenag.,</strong></span> <span class='ocrx_word' id='word_1_514' title='bbox 1946 5384 2100 5420; x_wconf 80' lang='lat' dir='ltr'><strong>tuum</strong></span> 
     </span>
     <span class='ocr_line' id='line_1_70' title="bbox 442 5426 2100 5487; baseline 0.007 -16"><span class='ocrx_word' id='word_1_515' title='bbox 442 5436 630 5484; x_wconf 89' lang='lat' dir='ltr'><strong>nempe</strong></span> <span class='ocrx_word' id='word_1_516' title='bbox 661 5437 693 5472; x_wconf 90' lang='lat' dir='ltr'><strong>a</strong></span> <span class='ocrx_word' id='word_1_517' title='bbox 720 5426 993 5476; x_wconf 85' lang='lat' dir='ltr'><strong>Titanibus</strong></span> <span class='ocrx_word' id='word_1_518' title='bbox 1042 5427 1407 5483; x_wconf 85' lang='lat' dir='ltr'><strong>dilaceratum,</strong></span> <span class='ocrx_word' id='word_1_519' title='bbox 1455 5431 1715 5481; x_wconf 88' lang='lat' dir='ltr'><strong>lebetibus</strong></span> <span class='ocrx_word' id='word_1_520' title='bbox 1761 5435 1980 5487; x_wconf 87' lang='lat' dir='ltr'><strong>elixum,</strong></span> <span class='ocrx_word' id='word_1_521' title='bbox 2012 5449 2100 5483; x_wconf 85' lang='lat' dir='ltr'><strong>ve-</strong></span> 
     </span>
    </p>
   </div>
   <div class='ocr_carea' id='block_1_69' title="bbox 448 5487 2100 5554">
    <p class='ocr_par' dir='ltr' id='par_1_69' title="bbox 448 5487 2100 5554">
     <span class='ocr_line' id='line_1_71' title="bbox 448 5487 2100 5554; baseline 0.009 -23"><span class='ocrx_word' id='word_1_522' title='bbox 448 5487 738 5554; x_wconf 83' lang='lat' dir='ltr'><strong>_ru_bus_que_</strong></span> <span class='ocrx_word' id='word_1_523' title='bbox 776 5488 886 5548; x_wconf 89' lang='lat' dir='ltr'><strong>igni</strong></span> <span class='ocrx_word' id='word_1_524' title='bbox 946 5491 1174 5538; x_wconf 87' lang='lat' dir='ltr'><strong>admotis</strong></span> <span class='ocrx_word' id='word_1_525' title='bbox 1229 5492 1447 5554; x_wconf 72' lang='lat' dir='ltr'><strong>cmpisse</strong></span> <span class='ocrx_word' id='word_1_526' title='bbox 1483 5495 1664 5542; x_wconf 86' lang='lat' dir='ltr'><strong>assari.</strong></span> <span class='ocrx_word' id='word_1_527' title='bbox 1727 5497 1900 5545; x_wconf 81' lang='lat' dir='ltr'><strong>Pallas</strong></span> <span class='ocrx_word' id='word_1_528' title='bbox 1955 5511 2100 5554; x_wconf 80' lang='lat' dir='ltr'><strong>vero,</strong></span> 
     </span>
    </p>
   </div>
   <div class='ocr_carea' id='block_1_70' title="bbox 439 5547 2102 5609">
    <p class='ocr_par' dir='ltr' id='par_1_70' title="bbox 439 5547 2102 5609">
     <span class='ocr_line' id='line_1_72' title="bbox 439 5547 2102 5609; baseline 0.008 -16"><span class='ocrx_word' id='word_1_529' title='bbox 439 5547 659 5607; x_wconf 77' lang='lat' dir='ltr'><strong>iubente</strong></span> <span class='ocrx_word' id='word_1_530' title='bbox 714 5547 862 5609; x_wconf 79' lang='lat' dir='ltr'><strong>Jove,</strong></span> <span class='ocrx_word' id='word_1_531' title='bbox 923 5565 1014 5602; x_wconf 90' lang='lat' dir='ltr'><strong>cor</strong></span> <span class='ocrx_word' id='word_1_532' title='bbox 1066 5555 1117 5600; x_wconf 90' lang='lat' dir='ltr'><strong>et</strong></span> <span class='ocrx_word' id='word_1_533' title='bbox 1174 5547 1409 5601; x_wconf 80' lang='lat' dir='ltr'><strong>membra</strong></span> <span class='ocrx_word' id='word_1_534' title='bbox 1449 5556 1630 5604; x_wconf 86' lang='lat' dir='ltr'><strong>Bacchi</strong></span> <span class='ocrx_word' id='word_1_535' title='bbox 1679 5560 1957 5607; x_wconf 85' lang='lat' dir='ltr'><strong>extorsite</strong></span> <span class='ocrx_word' id='word_1_536' title='bbox 1992 5547 2102 5608; x_wconf 52' lang='lat' dir='ltr'><strong>ma;</strong></span> 
     </span>
    </p>
   </div>
   <div class='ocr_carea' id='block_1_71' title="bbox 450 5609 2102 5680">
    <p class='ocr_par' dir='ltr' id='par_1_71' title="bbox 450 5609 2102 5680">
     <span class='ocr_line' id='line_1_73' title="bbox 450 5609 2102 5680; baseline 0.008 -24"><span class='ocrx_word' id='word_1_537' title='bbox 450 5609 640 5680; x_wconf 36' lang='lat' dir='ltr'><strong>nibus.</strong></span> <span class='ocrx_word' id='word_1_538' title='bbox 685 5614 1014 5680; x_wconf 69' lang='lat' dir='ltr'><strong>carniﬁcum,</strong></span> <span class='ocrx_word' id='word_1_539' title='bbox 1092 5618 1398 5680; x_wconf 17' lang='lat' dir='ltr'><strong>posteaque,</strong></span> <span class='ocrx_word' id='word_1_540' title='bbox 1430 5679 1435 5680; x_wconf 14' lang='grc' dir='ltr'>ί</span> <span class='ocrx_word' id='word_1_541' title='bbox 1472 5619 1706 5680; x_wconf 80' lang='lat' dir='ltr'><strong>Apollini</strong></span> <span class='ocrx_word' id='word_1_542' title='bbox 1789 5622 2102 5671; x_wconf 85' lang='lat' dir='ltr'><strong>mandatum</strong></span> 
     </span>
    </p>
   </div>
   <div class='ocr_carea' id='block_1_72' title="bbox 447 5672 2100 5748">
    <p class='ocr_par' dir='ltr' id='par_1_72' title="bbox 447 5672 2100 5748">
     <span class='ocr_line' id='line_1_74' title="bbox 447 5672 2100 5748; baseline 0.009 -29"><span class='ocrx_word' id='word_1_543' title='bbox 447 5673 528 5719; x_wconf 88' lang='lat' dir='ltr'><strong>est</strong></span> <span class='ocrx_word' id='word_1_544' title='bbox 590 5672 649 5717; x_wconf 86' lang='lat' dir='ltr'><strong>ut</strong></span> <span class='ocrx_word' id='word_1_545' title='bbox 701 5672 793 5720; x_wconf 89' lang='lat' dir='ltr'><strong>illa</strong></span> <span class='ocrx_word' id='word_1_546' title='bbox 846 5677 901 5725; x_wconf 91' lang='lat' dir='ltr'><strong>in</strong></span> <span class='ocrx_word' id='word_1_547' title='bbox 966 5672 1222 5730; x_wconf 73' lang='lat' dir='ltr'><strong>Parnasso</strong></span> <span class='ocrx_word' id='word_1_548' title='bbox 1259 5672 1470 5742; x_wconf 73' lang='lat' dir='ltr'><strong>Delphis</strong></span> <span class='ocrx_word' id='word_1_549' title='bbox 1517 5672 1761 5743; x_wconf 48' lang='lat' dir='ltr'><strong>“proximo</strong></span> <span class='ocrx_word' id='word_1_550' title='bbox 1798 5696 1855 5735; x_wconf 81' lang='lat' dir='ltr'><strong>se</strong></span> <span class='ocrx_word' id='word_1_551' title='bbox 1895 5684 2100 5748; x_wconf 84' lang='lat' dir='ltr'><strong>peliret.</strong></span> 
     </span>
    </p>
   </div>
   <div class='ocr_carea' id='block_1_73' title="bbox 1487 316 2772 383">
    <p class='ocr_par' dir='ltr' id='par_1_73' title="bbox 1487 316 2772 383">
     <span class='ocr_line' id='line_1_75' title="bbox 1487 316 2772 383; baseline 0.004 -8"><span class='ocrx_word' id='word_1_552' title='bbox 1487 316 1587 375; x_wconf 88' lang='lat' dir='ltr'><strong>DE</strong></span> <span class='ocrx_word' id='word_1_553' title='bbox 1631 317 1998 378; x_wconf 84' lang='lat' dir='ltr'><strong>CIVITATE</strong></span> <span class='ocrx_word' id='word_1_554' title='bbox 2040 317 2194 383; x_wconf 85' lang='lat' dir='ltr'><strong>DEI,</strong></span> <span class='ocrx_word' id='word_1_555' title='bbox 2239 319 2304 376; x_wconf 92' lang='lat' dir='ltr'><strong>S.</strong></span> <span class='ocrx_word' id='word_1_556' title='bbox 2353 316 2772 381; x_wconf 84' lang='lat' dir='ltr'><strong>AUGUSTINI</strong></span> 
     </span>
    </p>
   </div>
   <div class='ocr_carea' id='block_1_74' title="bbox 3715 321 3836 381">
    <p class='ocr_par' dir='ltr' id='par_1_74' title="bbox 3715 321 3836 381">
     <span class='ocr_line' id='line_1_76' title="bbox 3715 321 3836 381; baseline -0.017 0"><span class='ocrx_word' id='word_1_557' title='bbox 3715 321 3836 381; x_wconf 79' lang='lat'><strong>572</strong></span> 
     </span>
    </p>
   </div>
   <div class='ocr_carea' id='block_1_75' title="bbox 2187 451 3839 528">
    <p class='ocr_par' dir='ltr' id='par_1_75' title="bbox 2187 451 3839 528">
     <span class='ocr_line' id='line_1_77' title="bbox 2187 451 3839 528; baseline 0.005 -22"><span class='ocrx_word' id='word_1_558' title='bbox 2187 451 2452 509; x_wconf 84' lang='lat' dir='ltr'><strong>ehanalia</strong></span> <span class='ocrx_word' id='word_1_559' title='bbox 2487 473 2670 523; x_wconf 83' lang='lat' dir='ltr'><strong>sacra,</strong></span> <span class='ocrx_word' id='word_1_560' title='bbox 2694 458 2780 512; x_wconf 89' lang='lat' dir='ltr'><strong>vel</strong></span> <span class='ocrx_word' id='word_1_561' title='bbox 2815 458 3005 528; x_wconf 90' lang='lat' dir='ltr'><strong>potius</strong></span> <span class='ocrx_word' id='word_1_562' title='bbox 3026 457 3328 528; x_wconf 84' lang='lat' dir='ltr'><strong>sacrilegia</strong></span> <span class='ocrx_word' id='word_1_563' title='bbox 3357 463 3499 514; x_wconf 91' lang='lat' dir='ltr'><strong>sunt</strong></span> <span class='ocrx_word' id='word_1_564' title='bbox 3527 459 3797 515; x_wconf 85' lang='lat' dir='ltr'><strong>instituta</strong></span> <span class='ocrx_word' id='word_1_565' title='bbox 3824 477 3839 515; x_wconf 91' lang='lat'><strong>:</strong></span> 
     </span>
    </p>
   </div>
   <div class='ocr_carea' id='block_1_76' title="bbox 2185 534 3841 610">
    <p class='ocr_par' dir='ltr' id='par_1_76' title="bbox 2185 534 3841 610">
     <span class='ocr_line' id='line_1_78' title="bbox 2185 534 3841 610; baseline 0.006 -23"><span class='ocrx_word' id='word_1_566' title='bbox 2185 534 2254 588; x_wconf 92' lang='lat' dir='ltr'><strong>de</strong></span> <span class='ocrx_word' id='word_1_567' title='bbox 2287 551 2537 606; x_wconf 88' lang='lat' dir='ltr'><strong>quorum</strong></span> <span class='ocrx_word' id='word_1_568' title='bbox 2588 537 2815 593; x_wconf 88' lang='lat' dir='ltr'><strong>rabiosa</strong></span> <span class='ocrx_word' id='word_1_569' title='bbox 2863 539 3232 610; x_wconf 89' lang='lat' dir='ltr'><strong>turpitudine</strong></span> <span class='ocrx_word' id='word_1_570' title='bbox 3288 546 3416 609; x_wconf 91' lang='lat' dir='ltr'><strong>post</strong></span> <span class='ocrx_word' id='word_1_571' title='bbox 3447 546 3568 595; x_wconf 90' lang='lat' dir='ltr'><strong>tam</strong></span> <span class='ocrx_word' id='word_1_572' title='bbox 3617 541 3841 597; x_wconf 90' lang='lat' dir='ltr'><strong>multos</strong></span> 
     </span>
    </p>
   </div>
   <div class='ocr_carea' id='block_1_77' title="bbox 2185 617 3844 685">
    <p class='ocr_par' dir='ltr' id='par_1_77' title="bbox 2185 617 3844 685">
     <span class='ocr_line' id='line_1_79' title="bbox 2185 617 3844 685; baseline 0.005 -17"><span class='ocrx_word' id='word_1_573' title='bbox 2185 631 2371 670; x_wconf 91' lang='lat' dir='ltr'><strong>annos</strong></span> <span class='ocrx_word' id='word_1_574' title='bbox 2403 617 2487 672; x_wconf 92' lang='lat' dir='ltr'><strong>sic</strong></span> <span class='ocrx_word' id='word_1_575' title='bbox 2537 624 2771 672; x_wconf 88' lang='lat' dir='ltr'><strong>senatus</strong></span> <span class='ocrx_word' id='word_1_576' title='bbox 2801 619 3054 685; x_wconf 91' lang='lat' dir='ltr'><strong>erubuit,</strong></span> <span class='ocrx_word' id='word_1_577' title='bbox 3105 624 3169 675; x_wconf 90' lang='lat' dir='ltr'><strong>ut</strong></span> <span class='ocrx_word' id='word_1_578' title='bbox 3209 621 3267 674; x_wconf 92' lang='lat' dir='ltr'><strong>in</strong></span> <span class='ocrx_word' id='word_1_579' title='bbox 3303 622 3444 674; x_wconf 90' lang='lat' dir='ltr'><strong>urbe</strong></span> <span class='ocrx_word' id='word_1_580' title='bbox 3483 621 3664 675; x_wconf 81' lang='lat' dir='ltr'><strong>Roma</strong></span> <span class='ocrx_word' id='word_1_581' title='bbox 3710 637 3844 677; x_wconf 87' lang='lat' dir='ltr'><strong>esse</strong></span> 
     </span>
    </p>
   </div>
   <div class='ocr_carea' id='block_1_78' title="bbox 2185 697 3844 770">
    <p class='ocr_par' dir='ltr' id='par_1_78' title="bbox 2185 697 3844 770">
     <span class='ocr_line' id='line_1_80' title="bbox 2185 697 3844 770; baseline 0.004 -22"><span class='ocrx_word' id='word_1_582' title='bbox 2185 697 2515 766; x_wconf 76' lang='lat' dir='ltr'><strong>prohiberet</strong></span> <span class='ocrx_word' id='word_1_583' title='bbox 2544 700 2636 767; x_wconf 89' lang='lat' dir='ltr'><strong>(a).</strong></span> <span class='ocrx_word' id='word_1_584' title='bbox 2674 697 2777 752; x_wconf 84' lang='lat' dir='ltr'><strong>Per</strong></span> <span class='ocrx_word' id='word_1_585' title='bbox 2807 715 2874 752; x_wconf 92' lang='lat' dir='ltr'><strong>ea</strong></span> <span class='ocrx_word' id='word_1_586' title='bbox 2903 706 3165 769; x_wconf 88' lang='lat' dir='ltr'><strong>tempora</strong></span> <span class='ocrx_word' id='word_1_587' title='bbox 3189 704 3432 754; x_wconf 87' lang='lat' dir='ltr'><strong>Perseus</strong></span> <span class='ocrx_word' id='word_1_588' title='bbox 3463 707 3518 755; x_wconf 88' lang='lat' dir='ltr'><strong>et</strong></span> <span class='ocrx_word' id='word_1_589' title='bbox 3545 715 3684 755; x_wconf 82' lang='lat' dir='ltr'><strong>uxor</strong></span> <span class='ocrx_word' id='word_1_590' title='bbox 3706 703 3844 770; x_wconf 84' lang='lat' dir='ltr'><strong>ejus</strong></span> 
     </span>
    </p>
   </div>
   <div class='ocr_carea' id='block_1_79' title="bbox 2187 780 3842 850">
    <p class='ocr_par' dir='ltr' id='par_1_79' title="bbox 2187 780 3842 850">
     <span class='ocr_line' id='line_1_81' title="bbox 2187 780 3842 850; baseline 0.005 -22"><span class='ocrx_word' id='word_1_591' title='bbox 2187 780 2551 832; x_wconf 80' lang='lat' dir='ltr'><strong>Andromeda</strong></span> <span class='ocrx_word' id='word_1_592' title='bbox 2603 785 2982 850; x_wconf 85' lang='lat' dir='ltr'><strong>posteaquam</strong></span> <span class='ocrx_word' id='word_1_593' title='bbox 3041 785 3179 834; x_wconf 89' lang='lat' dir='ltr'><strong>sunt</strong></span> <span class='ocrx_word' id='word_1_594' title='bbox 3221 781 3459 843; x_wconf 90' lang='lat' dir='ltr'><strong>mortui,</strong></span> <span class='ocrx_word' id='word_1_595' title='bbox 3502 780 3583 835; x_wconf 90' lang='lat' dir='ltr'><strong>sic</strong></span> <span class='ocrx_word' id='word_1_596' title='bbox 3623 796 3727 835; x_wconf 88' lang='lat' dir='ltr'><strong>eos</strong></span> <span class='ocrx_word' id='word_1_597' title='bbox 3779 782 3842 836; x_wconf 91' lang='lat' dir='ltr'><strong>in</strong></span> 
     </span>
    </p>
   </div>
   <div class='ocr_carea' id='block_1_80' title="bbox 2183 857 3838 932">
    <p class='ocr_par' dir='ltr' id='par_1_80' title="bbox 2183 857 3838 932">
     <span class='ocr_line' id='line_1_82' title="bbox 2183 857 3838 932; baseline 0.004 -21"><span class='ocrx_word' id='word_1_598' title='bbox 2183 857 2394 912; x_wconf 65' lang='lat' dir='ltr'><strong>coelum</strong></span> <span class='ocrx_word' id='word_1_599' title='bbox 2437 864 2693 929; x_wconf 86' lang='lat' dir='ltr'><strong>receptos</strong></span> <span class='ocrx_word' id='word_1_600' title='bbox 2723 875 2852 914; x_wconf 89' lang='lat' dir='ltr'><strong>esse</strong></span> <span class='ocrx_word' id='word_1_601' title='bbox 2883 859 3274 926; x_wconf 86' lang='lat' dir='ltr'><strong>crediderunt,</strong></span> <span class='ocrx_word' id='word_1_602' title='bbox 3313 866 3376 914; x_wconf 91' lang='lat' dir='ltr'><strong>ut</strong></span> <span class='ocrx_word' id='word_1_603' title='bbox 3406 860 3696 932; x_wconf 86' lang='lat' dir='ltr'><strong>imagines</strong></span> <span class='ocrx_word' id='word_1_604' title='bbox 3725 877 3838 917; x_wconf 83' lang='lat' dir='ltr'><strong>eo—</strong></span> 
     </span>
    </p>
   </div>
   <div class='ocr_carea' id='block_1_81' title="bbox 2185 937 3844 1012">
    <p class='ocr_par' dir='ltr' id='par_1_81' title="bbox 2185 937 3844 1012">
     <span class='ocr_line' id='line_1_83' title="bbox 2185 937 3844 1012; baseline 0.004 -22"><span class='ocrx_word' id='word_1_605' title='bbox 2185 953 2313 994; x_wconf 91' lang='lat' dir='ltr'><strong>rum</strong></span> <span class='ocrx_word' id='word_1_606' title='bbox 2344 937 2532 995; x_wconf 90' lang='lat' dir='ltr'><strong>stellis</strong></span> <span class='ocrx_word' id='word_1_607' title='bbox 2552 941 2877 1010; x_wconf 89' lang='lat' dir='ltr'><strong>designare,</strong></span> <span class='ocrx_word' id='word_1_608' title='bbox 2910 957 3230 1012; x_wconf 91' lang='lat' dir='ltr'><strong>eorumque</strong></span> <span class='ocrx_word' id='word_1_609' title='bbox 3263 939 3553 1012; x_wconf 88' lang='lat' dir='ltr'><strong>appellare</strong></span> <span class='ocrx_word' id='word_1_610' title='bbox 3577 941 3844 996; x_wconf 85' lang='lat' dir='ltr'><strong>nomini-</strong></span> 
     </span>
    </p>
   </div>
   <div class='ocr_carea' id='block_1_82' title="bbox 2184 1017 3432 1086">
    <p class='ocr_par' dir='ltr' id='par_1_82' title="bbox 2184 1017 3432 1086">
     <span class='ocr_line' id='line_1_84' title="bbox 2184 1017 3432 1086; baseline 0.002 -15"><span class='ocrx_word' id='word_1_611' title='bbox 2184 1017 2294 1073; x_wconf 90' lang='lat' dir='ltr'><strong>bus</strong></span> <span class='ocrx_word' id='word_1_612' title='bbox 2327 1034 2442 1074; x_wconf 90' lang='lat' dir='ltr'><strong>non</strong></span> <span class='ocrx_word' id='word_1_613' title='bbox 2473 1019 2903 1086; x_wconf 89' lang='lat' dir='ltr'><strong>erubescerent,</strong></span> <span class='ocrx_word' id='word_1_614' title='bbox 2936 1037 3052 1076; x_wconf 89' lang='lat' dir='ltr'><strong>non</strong></span> <span class='ocrx_word' id='word_1_615' title='bbox 3085 1021 3360 1076; x_wconf 87' lang='lat' dir='ltr'><strong>timerent</strong></span> <span class='ocrx_word' id='word_1_616' title='bbox 3392 1020 3432 1074; x_wconf 78' lang='grc' dir='ltr'><strong>ί.</strong></span> 
     </span>
    </p>
   </div>
   <div class='ocr_carea' id='block_1_83' title="bbox 2410 1173 3601 1250">
    <p class='ocr_par' dir='ltr' id='par_1_83' title="bbox 2410 1173 3601 1250">
     <span class='ocr_line' id='line_1_85' title="bbox 2410 1173 3601 1250; baseline 0.005 -22"><span class='ocrx_word' id='word_1_617' title='bbox 2410 1173 2640 1230; x_wconf 89' lang='lat' dir='ltr'><strong>CAPUT</strong></span> <span class='ocrx_word' id='word_1_618' title='bbox 2673 1173 2815 1230; x_wconf 89' lang='lat' dir='ltr'><strong>XIV.</strong></span> <span class='ocrx_word' id='word_1_619' title='bbox 2848 1205 2918 1216; x_wconf 92' lang='lat'><em>—</em></span> <span class='ocrx_word' id='word_1_620' title='bbox 2955 1175 3027 1231; x_wconf 90' lang='lat' dir='ltr'><strong>De</strong></span> <span class='ocrx_word' id='word_1_621' title='bbox 3055 1175 3381 1250; x_wconf 60' lang='lat' dir='ltr'><strong>theologica</strong></span> <span class='ocrx_word' id='word_1_622' title='bbox 3408 1180 3601 1248; x_wconf 71' lang='lat' dir='ltr'><strong>poetis.</strong></span> 
     </span>
    </p>
   </div>
   <div class='ocr_carea' id='block_1_84' title="bbox 2255 1292 3851 1366">
    <p class='ocr_par' dir='ltr' id='par_1_84' title="bbox 2255 1292 3851 1366">
     <span class='ocr_line' id='line_1_86' title="bbox 2255 1292 3851 1366; baseline 0.003 -20"><span class='ocrx_word' id='word_1_623' title='bbox 2255 1292 2362 1346; x_wconf 89' lang='lat' dir='ltr'><strong>Per</strong></span> <span class='ocrx_word' id='word_1_624' title='bbox 2392 1292 2540 1346; x_wconf 90' lang='lat' dir='ltr'><strong>idem</strong></span> <span class='ocrx_word' id='word_1_625' title='bbox 2566 1292 2838 1364; x_wconf 89' lang='lat' dir='ltr'><strong>temporis</strong></span> <span class='ocrx_word' id='word_1_626' title='bbox 2869 1292 3241 1348; x_wconf 90' lang='lat' dir='ltr'><strong>intervallum</strong></span> <span class='ocrx_word' id='word_1_627' title='bbox 3266 1295 3607 1350; x_wconf 85' lang='lat' dir='ltr'><strong>exstiterunt</strong></span> <span class='ocrx_word' id='word_1_628' title='bbox 3629 1304 3851 1366; x_wconf 68' lang='lat' dir='ltr'><strong>poeta,</strong></span> 
     </span>
    </p>
   </div>
   <div class='ocr_carea' id='block_1_85' title="bbox 2183 1372 3854 1446">
    <p class='ocr_par' dir='ltr' id='par_1_85' title="bbox 2183 1372 3854 1446">
     <span class='ocr_line' id='line_1_87' title="bbox 2183 1372 3854 1446; baseline 0.003 -19"><span class='ocrx_word' id='word_1_629' title='bbox 2183 1374 2283 1444; x_wconf 91' lang='lat' dir='ltr'><strong>qui</strong></span> <span class='ocrx_word' id='word_1_630' title='bbox 2314 1372 2485 1427; x_wconf 87' lang='lat' dir='ltr'><strong>etiam</strong></span> <span class='ocrx_word' id='word_1_631' title='bbox 2511 1372 2766 1445; x_wconf 86' lang='lat' dir='ltr'><strong>theologi</strong></span> <span class='ocrx_word' id='word_1_632' title='bbox 2797 1373 3151 1437; x_wconf 84' lang='lat' dir='ltr'><strong>dicerentur,</strong></span> <span class='ocrx_word' id='word_1_633' title='bbox 3175 1376 3452 1446; x_wconf 90' lang='lat' dir='ltr'><strong>quoniam</strong></span> <span class='ocrx_word' id='word_1_634' title='bbox 3480 1374 3552 1430; x_wconf 90' lang='lat' dir='ltr'><strong>de</strong></span> <span class='ocrx_word' id='word_1_635' title='bbox 3575 1375 3690 1431; x_wconf 88' lang='lat' dir='ltr'><strong>diis</strong></span> <span class='ocrx_word' id='word_1_636' title='bbox 3717 1393 3854 1432; x_wconf 80' lang='lat' dir='ltr'><strong>car-</strong></span> 
     </span>
    </p>
   </div>
   <div class='ocr_carea' id='block_1_86' title="bbox 2185 1453 3849 1528">
    <p class='ocr_par' dir='ltr' id='par_1_86' title="bbox 2185 1453 3849 1528">
     <span class='ocr_line' id='line_1_88' title="bbox 2185 1453 3849 1528; baseline 0.002 -18"><span class='ocrx_word' id='word_1_637' title='bbox 2185 1455 2347 1510; x_wconf 90' lang='lat' dir='ltr'><strong>mina</strong></span> <span class='ocrx_word' id='word_1_638' title='bbox 2369 1454 2654 1510; x_wconf 83' lang='lat' dir='ltr'><strong>faciebant</strong></span> <span class='ocrx_word' id='word_1_639' title='bbox 2679 1470 2692 1509; x_wconf 89' lang='lat'><strong>:</strong></span> <span class='ocrx_word' id='word_1_640' title='bbox 2717 1455 2815 1510; x_wconf 91' lang='lat' dir='ltr'><strong>sed</strong></span> <span class='ocrx_word' id='word_1_641' title='bbox 2844 1453 3059 1510; x_wconf 90' lang='lat' dir='ltr'><strong>talibus</strong></span> <span class='ocrx_word' id='word_1_642' title='bbox 3082 1455 3216 1523; x_wconf 90' lang='lat' dir='ltr'><strong>diis,</strong></span> <span class='ocrx_word' id='word_1_643' title='bbox 3240 1455 3337 1526; x_wconf 91' lang='lat' dir='ltr'><strong>qui</strong></span> <span class='ocrx_word' id='word_1_644' title='bbox 3361 1455 3496 1510; x_wconf 86' lang='lat' dir='ltr'><strong>licet</strong></span> <span class='ocrx_word' id='word_1_645' title='bbox 3517 1458 3714 1528; x_wconf 82' lang='lat' dir='ltr'><strong>magni</strong></span> <span class='ocrx_word' id='word_1_646' title='bbox 3735 1459 3849 1514; x_wconf 86' lang='lat' dir='ltr'><strong>ho-</strong></span> 
     </span>
    </p>
   </div>
   <div class='ocr_carea' id='block_1_87' title="bbox 2185 1534 3848 1608">
    <p class='ocr_par' dir='ltr' id='par_1_87' title="bbox 2185 1534 3848 1608">
     <span class='ocr_line' id='line_1_89' title="bbox 2185 1534 3848 1608; baseline 0.002 -19"><span class='ocrx_word' id='word_1_647' title='bbox 2185 1535 2392 1601; x_wconf 90' lang='lat' dir='ltr'><strong>mines,</strong></span> <span class='ocrx_word' id='word_1_648' title='bbox 2424 1538 2619 1590; x_wconf 89' lang='lat' dir='ltr'><strong>tamen</strong></span> <span class='ocrx_word' id='word_1_649' title='bbox 2659 1534 2925 1590; x_wconf 86' lang='lat' dir='ltr'><strong>homines</strong></span> <span class='ocrx_word' id='word_1_650' title='bbox 2957 1535 3194 1590; x_wconf 89' lang='lat' dir='ltr'><strong>fuerunt</strong></span> <span class='ocrx_word' id='word_1_651' title='bbox 3228 1553 3242 1602; x_wconf 89' lang='lat'><strong>;</strong></span> <span class='ocrx_word' id='word_1_652' title='bbox 3274 1543 3372 1590; x_wconf 93' lang='lat' dir='ltr'><strong>aut</strong></span> <span class='ocrx_word' id='word_1_653' title='bbox 3403 1536 3612 1591; x_wconf 90' lang='lat' dir='ltr'><strong>mundi</strong></span> <span class='ocrx_word' id='word_1_654' title='bbox 3639 1538 3848 1608; x_wconf 80' lang='lat' dir='ltr'><strong>hujus,</strong></span> 
     </span>
    </p>
   </div>
   <div class='ocr_carea' id='block_1_88' title="bbox 2185 1615 3850 1688">
    <p class='ocr_par' dir='ltr' id='par_1_88' title="bbox 2185 1615 3850 1688">
     <span class='ocr_line' id='line_1_90' title="bbox 2185 1615 3850 1688; baseline 0.002 -18"><span class='ocrx_word' id='word_1_655' title='bbox 2185 1631 2360 1688; x_wconf 90' lang='lat' dir='ltr'><strong>quem</strong></span> <span class='ocrx_word' id='word_1_656' title='bbox 2383 1631 2556 1670; x_wconf 87' lang='lat' dir='ltr'><strong>verus</strong></span> <span class='ocrx_word' id='word_1_657' title='bbox 2587 1615 2738 1671; x_wconf 86' lang='lat' dir='ltr'><strong>Deus</strong></span> <span class='ocrx_word' id='word_1_658' title='bbox 2762 1617 2912 1682; x_wconf 89' lang='lat' dir='ltr'><strong>fecit,</strong></span> <span class='ocrx_word' id='word_1_659' title='bbox 2937 1617 3227 1671; x_wconf 89' lang='lat' dir='ltr'><strong>elementa</strong></span> <span class='ocrx_word' id='word_1_660' title='bbox 3248 1621 3423 1683; x_wconf 90' lang='lat' dir='ltr'><strong>sunt;</strong></span> <span class='ocrx_word' id='word_1_661' title='bbox 3455 1623 3559 1671; x_wconf 86' lang='lat' dir='ltr'><strong>aut</strong></span> <span class='ocrx_word' id='word_1_662' title='bbox 3581 1617 3638 1672; x_wconf 91' lang='lat' dir='ltr'><strong>in</strong></span> <span class='ocrx_word' id='word_1_663' title='bbox 3676 1620 3850 1688; x_wconf 86' lang='lat' dir='ltr'><strong>prin-</strong></span> 
     </span>
    </p>
   </div>
   <div class='ocr_carea' id='block_1_89' title="bbox 2184 1695 3847 1766">
    <p class='ocr_par' dir='ltr' id='par_1_89' title="bbox 2184 1695 3847 1766">
     <span class='ocr_line' id='line_1_91' title="bbox 2184 1695 3847 1766; baseline 0.002 -16"><span class='ocrx_word' id='word_1_664' title='bbox 2184 1695 2474 1766; x_wconf 88' lang='lat' dir='ltr'><strong>cipatibus</strong></span> <span class='ocrx_word' id='word_1_665' title='bbox 2503 1700 2562 1750; x_wconf 92' lang='lat' dir='ltr'><strong>et</strong></span> <span class='ocrx_word' id='word_1_666' title='bbox 2596 1697 2976 1766; x_wconf 87' lang='lat' dir='ltr'><strong>potestatibus</strong></span> <span class='ocrx_word' id='word_1_667' title='bbox 3009 1712 3109 1766; x_wconf 92' lang='lat' dir='ltr'><strong>pro</strong></span> <span class='ocrx_word' id='word_1_668' title='bbox 3141 1695 3439 1751; x_wconf 91' lang='lat' dir='ltr'><strong>voluntate</strong></span> <span class='ocrx_word' id='word_1_669' title='bbox 3461 1696 3750 1752; x_wconf 87' lang='lat' dir='ltr'><strong>Creatoris</strong></span> <span class='ocrx_word' id='word_1_670' title='bbox 3785 1704 3847 1753; x_wconf 88' lang='lat' dir='ltr'><strong>et</strong></span> 
     </span>
    </p>
   </div>
   <div class='ocr_carea' id='block_1_90' title="bbox 2185 1776 3849 1848">
    <p class='ocr_par' dir='ltr' id='par_1_90' title="bbox 2185 1776 3849 1848">
     <span class='ocr_line' id='line_1_92' title="bbox 2185 1776 3849 1848; baseline 0.001 -15"><span class='ocrx_word' id='word_1_671' title='bbox 2185 1779 2308 1833; x_wconf 86' lang='lat' dir='ltr'><strong>suis</strong></span> <span class='ocrx_word' id='word_1_672' title='bbox 2341 1776 2565 1831; x_wconf 90' lang='lat' dir='ltr'><strong>meritis</strong></span> <span class='ocrx_word' id='word_1_673' title='bbox 2586 1776 2608 1810; x_wconf 78' lang='grc'><strong>²</strong></span> <span class='ocrx_word' id='word_1_674' title='bbox 2635 1777 2879 1831; x_wconf 83' lang='lat' dir='ltr'><strong>ordinati</strong></span> <span class='ocrx_word' id='word_1_675' title='bbox 2912 1793 2924 1831; x_wconf 88' lang='lat'><strong>:</strong></span> <span class='ocrx_word' id='word_1_676' title='bbox 2956 1783 3013 1832; x_wconf 91' lang='lat' dir='ltr'><strong>et</strong></span> <span class='ocrx_word' id='word_1_677' title='bbox 3043 1777 3091 1831; x_wconf 89' lang='lat' dir='ltr'><strong>si</strong></span> <span class='ocrx_word' id='word_1_678' title='bbox 3126 1777 3262 1848; x_wconf 92' lang='lat' dir='ltr'><strong>quid</strong></span> <span class='ocrx_word' id='word_1_679' title='bbox 3303 1779 3373 1832; x_wconf 90' lang='lat' dir='ltr'><strong>de</strong></span> <span class='ocrx_word' id='word_1_680' title='bbox 3411 1794 3524 1831; x_wconf 92' lang='lat' dir='ltr'><strong>uno</strong></span> <span class='ocrx_word' id='word_1_681' title='bbox 3555 1793 3693 1832; x_wconf 88' lang='lat' dir='ltr'><strong>vero</strong></span> <span class='ocrx_word' id='word_1_682' title='bbox 3727 1778 3849 1834; x_wconf 89' lang='lat' dir='ltr'><strong>Deo</strong></span> 
     </span>
    </p>
   </div>
   <div class='ocr_carea' id='block_1_91' title="bbox 2185 1862 3844 1932">
    <p class='ocr_par' dir='ltr' id='par_1_91' title="bbox 2185 1862 3844 1932">
     <span class='ocr_line' id='line_1_93' title="bbox 2185 1862 3844 1932; baseline 0.002 -15"><span class='ocrx_word' id='word_1_683' title='bbox 2185 1863 2336 1918; x_wconf 90' lang='lat' dir='ltr'><strong>inter</strong></span> <span class='ocrx_word' id='word_1_684' title='bbox 2368 1863 2546 1917; x_wconf 89' lang='lat' dir='ltr'><strong>multa</strong></span> <span class='ocrx_word' id='word_1_685' title='bbox 2578 1879 2725 1918; x_wconf 85' lang='lat' dir='ltr'><strong>vana</strong></span> <span class='ocrx_word' id='word_1_686' title='bbox 2755 1868 2812 1918; x_wconf 92' lang='lat' dir='ltr'><strong>et</strong></span> <span class='ocrx_word' id='word_1_687' title='bbox 2855 1862 3001 1918; x_wconf 87' lang='lat' dir='ltr'><strong>falsa</strong></span> <span class='ocrx_word' id='word_1_688' title='bbox 3031 1867 3388 1932; x_wconf 81' lang='lat' dir='ltr'><strong>cecinerunt,</strong></span> <span class='ocrx_word' id='word_1_689' title='bbox 3425 1862 3673 1918; x_wconf 88' lang='lat' dir='ltr'><strong>colendo</strong></span> <span class='ocrx_word' id='word_1_690' title='bbox 3704 1881 3844 1920; x_wconf 92' lang='lat' dir='ltr'><strong>cum</strong></span> 
     </span>
    </p>
   </div>
   <div class='ocr_carea' id='block_1_92' title="bbox 2183 1943 3851 2016">
    <p class='ocr_par' dir='ltr' id='par_1_92' title="bbox 2183 1943 3851 2016">
     <span class='ocr_line' id='line_1_94' title="bbox 2183 1943 3851 2016; baseline 0.001 -18"><span class='ocrx_word' id='word_1_691' title='bbox 2183 1943 2282 1998; x_wconf 92' lang='lat' dir='ltr'><strong>illo</strong></span> <span class='ocrx_word' id='word_1_692' title='bbox 2305 1943 2450 1998; x_wconf 89' lang='lat' dir='ltr'><strong>alios</strong></span> <span class='ocrx_word' id='word_1_693' title='bbox 2475 1944 2571 2013; x_wconf 91' lang='lat' dir='ltr'><strong>qui</strong></span> <span class='ocrx_word' id='word_1_694' title='bbox 2602 1943 2680 1998; x_wconf 89' lang='lat' dir='ltr'><strong>dii</strong></span> <span class='ocrx_word' id='word_1_695' title='bbox 2704 1961 2817 1998; x_wconf 92' lang='lat' dir='ltr'><strong>non</strong></span> <span class='ocrx_word' id='word_1_696' title='bbox 2837 1953 2992 2010; x_wconf 89' lang='lat' dir='ltr'><strong>sunt,</strong></span> <span class='ocrx_word' id='word_1_697' title='bbox 3018 1944 3222 2016; x_wconf 91' lang='lat' dir='ltr'><strong>eisque</strong></span> <span class='ocrx_word' id='word_1_698' title='bbox 3245 1945 3572 1999; x_wconf 83' lang='lat' dir='ltr'><strong>exhibendo</strong></span> <span class='ocrx_word' id='word_1_699' title='bbox 3597 1945 3851 2000; x_wconf 83' lang='lat' dir='ltr'><strong>famula-</strong></span> 
     </span>
    </p>
   </div>
   <div class='ocr_carea' id='block_1_93' title="bbox 2183 2025 3850 2097">
    <p class='ocr_par' dir='ltr' id='par_1_93' title="bbox 2183 2025 3850 2097">
     <span class='ocr_line' id='line_1_95' title="bbox 2183 2025 3850 2097; baseline 0.001 -16"><span class='ocrx_word' id='word_1_700' title='bbox 2183 2030 2311 2081; x_wconf 85' lang='lat' dir='ltr'><strong>tum</strong></span> <span class='ocrx_word' id='word_1_701' title='bbox 2343 2026 2442 2096; x_wconf 91' lang='lat' dir='ltr'><strong>qui</strong></span> <span class='ocrx_word' id='word_1_702' title='bbox 2473 2025 2575 2080; x_wconf 93' lang='lat' dir='ltr'><strong>uni</strong></span> <span class='ocrx_word' id='word_1_703' title='bbox 2601 2031 2828 2082; x_wconf 89' lang='lat' dir='ltr'><strong>tantum</strong></span> <span class='ocrx_word' id='word_1_704' title='bbox 2852 2026 3096 2081; x_wconf 89' lang='lat' dir='ltr'><strong>debetur</strong></span> <span class='ocrx_word' id='word_1_705' title='bbox 3120 2031 3250 2094; x_wconf 87' lang='lat' dir='ltr'><strong>Deo,</strong></span> <span class='ocrx_word' id='word_1_706' title='bbox 3285 2043 3401 2080; x_wconf 91' lang='lat' dir='ltr'><strong>non</strong></span> <span class='ocrx_word' id='word_1_707' title='bbox 3431 2025 3481 2080; x_wconf 91' lang='lat' dir='ltr'><strong>ei</strong></span> <span class='ocrx_word' id='word_1_708' title='bbox 3507 2027 3713 2097; x_wconf 88' lang='lat' dir='ltr'><strong>utique</strong></span> <span class='ocrx_word' id='word_1_709' title='bbox 3737 2028 3850 2083; x_wconf 89' lang='lat' dir='ltr'><strong>rite</strong></span> 
     </span>
    </p>
   </div>
   <div class='ocr_carea' id='block_1_94' title="bbox 2186 2105 3906 2171">
    <p class='ocr_par' dir='ltr' id='par_1_94' title="bbox 2186 2105 3906 2171">
     <span class='ocr_line' id='line_1_96' title="bbox 2186 2105 3906 2171; baseline -0.003 -8"><span class='ocrx_word' id='word_1_710' title='bbox 2186 2107 2534 2171; x_wconf 88' lang='lat' dir='ltr'><strong>servierunt,</strong></span> <span class='ocrx_word' id='word_1_711' title='bbox 2559 2122 2660 2160; x_wconf 89' lang='lat' dir='ltr'><strong>nec</strong></span> <span class='ocrx_word' id='word_1_712' title='bbox 2683 2123 2717 2161; x_wconf 91' lang='lat' dir='ltr'><strong>a</strong></span> <span class='ocrx_word' id='word_1_713' title='bbox 2745 2105 3008 2162; x_wconf 82' lang='lat' dir='ltr'><strong>fabuloso</strong></span> <span class='ocrx_word' id='word_1_714' title='bbox 3029 2107 3269 2161; x_wconf 90' lang='lat' dir='ltr'><strong>deorum</strong></span> <span class='ocrx_word' id='word_1_715' title='bbox 3296 2123 3537 2161; x_wconf 89' lang='lat' dir='ltr'><strong>suorum</strong></span> <span class='ocrx_word' id='word_1_716' title='bbox 3558 2106 3851 2163; x_wconf 86' lang='lat' dir='ltr'><strong>dedecore</strong></span> <span class='ocrx_word' id='word_1_717' title='bbox 3897 2154 3906 2158; x_wconf 88' lang='lat'><strong>-</strong></span> 
     </span>
    </p>
   </div>
   <div class='ocr_carea' id='block_1_95' title="bbox 2187 2186 3855 2259">
    <p class='ocr_par' dir='ltr' id='par_1_95' title="bbox 2187 2186 3855 2259">
     <span class='ocr_line' id='line_1_97' title="bbox 2187 2186 3855 2259; baseline 0 -16"><span class='ocrx_word' id='word_1_718' title='bbox 2187 2188 2364 2243; x_wconf 90' lang='lat' dir='ltr'><strong>etiam</strong></span> <span class='ocrx_word' id='word_1_719' title='bbox 2379 2187 2484 2259; x_wconf 91' lang='lat' dir='ltr'><strong>ipsi</strong></span> <span class='ocrx_word' id='word_1_720' title='bbox 2509 2201 2570 2241; x_wconf 91' lang='lat' dir='ltr'><strong>se</strong></span> <span class='ocrx_word' id='word_1_721' title='bbox 2585 2187 2874 2242; x_wconf 84' lang='lat' dir='ltr'><strong>abstinere</strong></span> <span class='ocrx_word' id='word_1_722' title='bbox 2893 2193 3205 2257; x_wconf 83' lang='lat' dir='ltr'><strong>potuerunt</strong></span> <span class='ocrx_word' id='word_1_723' title='bbox 3223 2189 3244 2222; x_wconf 79' lang='grc'><strong>³</strong></span> <span class='ocrx_word' id='word_1_724' title='bbox 3261 2186 3544 2256; x_wconf 81' lang='lat' dir='ltr'><strong>Orpheus,</strong></span> <span class='ocrx_word' id='word_1_725' title='bbox 3563 2187 3855 2256; x_wconf 71' lang='lat' dir='ltr'><strong>Musa-us,</strong></span> 
     </span>
    </p>
   </div>
   <div class='ocr_carea' id='block_1_96' title="bbox 2188 2266 3846 2338">
    <p class='ocr_par' dir='ltr' id='par_1_96' title="bbox 2188 2266 3846 2338">
     <span class='ocr_line' id='line_1_98' title="bbox 2188 2266 3846 2338; baseline -0.001 -14"><span class='ocrx_word' id='word_1_726' title='bbox 2188 2269 2384 2324; x_wconf 89' lang='lat' dir='ltr'><strong>Linus.</strong></span> <span class='ocrx_word' id='word_1_727' title='bbox 2411 2269 2621 2322; x_wconf 87' lang='lat' dir='ltr'><strong>Verum</strong></span> <span class='ocrx_word' id='word_1_728' title='bbox 2653 2266 2750 2322; x_wconf 90' lang='lat' dir='ltr'><strong>isti</strong></span> <span class='ocrx_word' id='word_1_729' title='bbox 2785 2267 3031 2338; x_wconf 87' lang='lat' dir='ltr'><strong>theologi</strong></span> <span class='ocrx_word' id='word_1_730' title='bbox 3063 2268 3205 2322; x_wconf 89' lang='lat' dir='ltr'><strong>deos</strong></span> <span class='ocrx_word' id='word_1_731' title='bbox 3227 2268 3548 2333; x_wconf 90' lang='lat' dir='ltr'><strong>coluerunt,</strong></span> <span class='ocrx_word' id='word_1_732' title='bbox 3583 2283 3698 2322; x_wconf 92' lang='lat' dir='ltr'><strong>non</strong></span> <span class='ocrx_word' id='word_1_733' title='bbox 3734 2284 3846 2338; x_wconf 87' lang='lat' dir='ltr'><strong>pro</strong></span> 
     </span>
    </p>
   </div>
   <div class='ocr_carea' id='block_1_97' title="bbox 2186 2347 3851 2418">
    <p class='ocr_par' dir='ltr' id='par_1_97' title="bbox 2186 2347 3851 2418">
     <span class='ocr_line' id='line_1_99' title="bbox 2186 2347 3851 2418; baseline -0.002 -12"><span class='ocrx_word' id='word_1_734' title='bbox 2186 2349 2300 2406; x_wconf 89' lang='lat' dir='ltr'><strong>diis</strong></span> <span class='ocrx_word' id='word_1_735' title='bbox 2330 2347 2470 2403; x_wconf 91' lang='lat' dir='ltr'><strong>culti</strong></span> <span class='ocrx_word' id='word_1_736' title='bbox 2504 2352 2681 2402; x_wconf 90' lang='lat' dir='ltr'><strong>sunt:</strong></span> <span class='ocrx_word' id='word_1_737' title='bbox 2713 2347 2980 2418; x_wconf 89' lang='lat' dir='ltr'><strong>quamvis</strong></span> <span class='ocrx_word' id='word_1_738' title='bbox 3004 2347 3304 2418; x_wconf 77' lang='lat' dir='ltr'><strong>Orpheum</strong></span> <span class='ocrx_word' id='word_1_739' title='bbox 3330 2347 3527 2402; x_wconf 89' lang='lat' dir='ltr'><strong>nescio</strong></span> <span class='ocrx_word' id='word_1_740' title='bbox 3549 2348 3851 2418; x_wconf 90' lang='lat' dir='ltr'><strong>quomodo</strong></span> 
     </span>
    </p>
   </div>
   <div class='ocr_carea' id='block_1_98' title="bbox 2185 2425 3848 2497">
    <p class='ocr_par' dir='ltr' id='par_1_98' title="bbox 2185 2425 3848 2497">
     <span class='ocr_line' id='line_1_100' title="bbox 2185 2425 3848 2497; baseline -0.001 -14"><span class='ocrx_word' id='word_1_741' title='bbox 2185 2428 2430 2484; x_wconf 88' lang='lat' dir='ltr'><strong>infernis</strong></span> <span class='ocrx_word' id='word_1_742' title='bbox 2461 2427 2664 2494; x_wconf 88' lang='lat' dir='ltr'><strong>sacris,</strong></span> <span class='ocrx_word' id='word_1_743' title='bbox 2698 2426 2786 2482; x_wconf 90' lang='lat' dir='ltr'><strong>vel</strong></span> <span class='ocrx_word' id='word_1_744' title='bbox 2821 2428 3015 2497; x_wconf 89' lang='lat' dir='ltr'><strong>potius</strong></span> <span class='ocrx_word' id='word_1_745' title='bbox 3046 2425 3396 2496; x_wconf 88' lang='lat' dir='ltr'><strong>sacrilegiis,</strong></span> <span class='ocrx_word' id='word_1_746' title='bbox 3430 2427 3724 2496; x_wconf 64' lang='lat' dir='ltr'><strong>prmﬁcere</strong></span> <span class='ocrx_word' id='word_1_747' title='bbox 3757 2444 3848 2482; x_wconf 84' lang='lat' dir='ltr'><strong>so-</strong></span> 
     </span>
    </p>
   </div>
   <div class='ocr_carea' id='block_1_99' title="bbox 2187 2506 3849 2577">
    <p class='ocr_par' dir='ltr' id='par_1_99' title="bbox 2187 2506 3849 2577">
     <span class='ocr_line' id='line_1_101' title="bbox 2187 2506 3849 2577; baseline -0.002 -13"><span class='ocrx_word' id='word_1_748' title='bbox 2187 2508 2306 2564; x_wconf 85' lang='lat' dir='ltr'><strong>leat</strong></span> <span class='ocrx_word' id='word_1_749' title='bbox 2333 2507 2537 2563; x_wconf 91' lang='lat' dir='ltr'><strong>civitas</strong></span> <span class='ocrx_word' id='word_1_750' title='bbox 2572 2507 2904 2577; x_wconf 90' lang='lat' dir='ltr'><strong>impiorum.</strong></span> <span class='ocrx_word' id='word_1_751' title='bbox 2939 2506 3089 2562; x_wconf 87' lang='lat' dir='ltr'><strong>Uxor</strong></span> <span class='ocrx_word' id='word_1_752' title='bbox 3121 2512 3317 2562; x_wconf 92' lang='lat' dir='ltr'><strong>autem</strong></span> <span class='ocrx_word' id='word_1_753' title='bbox 3344 2506 3499 2577; x_wconf 90' lang='lat' dir='ltr'><strong>regis</strong></span> <span class='ocrx_word' id='word_1_754' title='bbox 3523 2507 3849 2562; x_wconf 84' lang='lat' dir='ltr'><strong>Athaman-</strong></span> 
     </span>
    </p>
   </div>
   <div class='ocr_carea' id='block_1_100' title="bbox 2188 2585 3846 2658">
    <p class='ocr_par' dir='ltr' id='par_1_100' title="bbox 2188 2585 3846 2658">
     <span class='ocr_line' id='line_1_102' title="bbox 2188 2585 3846 2658; baseline -0.002 -14"><span class='ocrx_word' id='word_1_755' title='bbox 2188 2589 2305 2644; x_wconf 72' lang='lat' dir='ltr'><strong>tis‘</strong></span> <span class='ocrx_word' id='word_1_756' title='bbox 2352 2603 2482 2658; x_wconf 58' lang='lat' dir='ltr'><strong>qua)</strong></span> <span class='ocrx_word' id='word_1_757' title='bbox 2529 2589 2845 2642; x_wconf 91' lang='lat' dir='ltr'><strong>vocabatur</strong></span> <span class='ocrx_word' id='word_1_758' title='bbox 2877 2590 2998 2653; x_wconf 89' lang='lat' dir='ltr'><strong>Ino,</strong></span> <span class='ocrx_word' id='word_1_759' title='bbox 3041 2592 3098 2642; x_wconf 89' lang='lat' dir='ltr'><strong>et</strong></span> <span class='ocrx_word' id='word_1_760' title='bbox 3127 2588 3252 2656; x_wconf 88' lang='lat' dir='ltr'><strong>ejus</strong></span> <span class='ocrx_word' id='word_1_761' title='bbox 3303 2585 3460 2641; x_wconf 89' lang='lat' dir='ltr'><strong>ﬁlius</strong></span> <span class='ocrx_word' id='word_1_762' title='bbox 3519 2585 3846 2640; x_wconf 86' lang='lat' dir='ltr'><strong>Melicertss</strong></span> 
     </span>
    </p>
   </div>
   <div class='ocr_carea' id='block_1_101' title="bbox 2189 2666 3846 2742">
    <p class='ocr_par' dir='ltr' id='par_1_101' title="bbox 2189 2666 3846 2742">
     <span class='ocr_line' id='line_1_103' title="bbox 2189 2666 3846 2742; baseline -0.002 -18"><span class='ocrx_word' id='word_1_763' title='bbox 2189 2667 2504 2742; x_wconf 63' lang='lat' dir='ltr'><strong>precipitio</strong></span> <span class='ocrx_word' id='word_1_764' title='bbox 2535 2677 2853 2739; x_wconf 87' lang='lat' dir='ltr'><strong>spontaneo</strong></span> <span class='ocrx_word' id='word_1_765' title='bbox 2879 2669 2938 2722; x_wconf 93' lang='lat' dir='ltr'><strong>in</strong></span> <span class='ocrx_word' id='word_1_766' title='bbox 2972 2667 3116 2722; x_wconf 89' lang='lat' dir='ltr'><strong>mari</strong></span> <span class='ocrx_word' id='word_1_767' title='bbox 3141 2667 3455 2739; x_wconf 90' lang='lat' dir='ltr'><strong>perierunt,</strong></span> <span class='ocrx_word' id='word_1_768' title='bbox 3478 2671 3537 2721; x_wconf 87' lang='lat' dir='ltr'><strong>et</strong></span> <span class='ocrx_word' id='word_1_769' title='bbox 3565 2666 3846 2735; x_wconf 81' lang='lat' dir='ltr'><strong>Opinione</strong></span> 
     </span>
    </p>
   </div>
   <div class='ocr_carea' id='block_1_102' title="bbox 2191 2746 3846 2807">
    <p class='ocr_par' dir='ltr' id='par_1_102' title="bbox 2191 2746 3846 2807">
     <span class='ocr_line' id='line_1_104' title="bbox 2191 2746 3846 2807; baseline -0.002 0"><span class='ocrx_word' id='word_1_770' title='bbox 2191 2752 2488 2807; x_wconf 91' lang='lat' dir='ltr'><strong>hominum</strong></span> <span class='ocrx_word' id='word_1_771' title='bbox 2519 2749 2579 2805; x_wconf 94' lang='lat' dir='ltr'><strong>in</strong></span> <span class='ocrx_word' id='word_1_772' title='bbox 2631 2750 2770 2804; x_wconf 88' lang='lat' dir='ltr'><strong>deos</strong></span> <span class='ocrx_word' id='word_1_773' title='bbox 2812 2749 2971 2805; x_wconf 91' lang='lat' dir='ltr'><strong>relati</strong></span> <span class='ocrx_word' id='word_1_774' title='bbox 3018 2754 3197 2804; x_wconf 88' lang='lat' dir='ltr'><strong>sunt:</strong></span> <span class='ocrx_word' id='word_1_775' title='bbox 3234 2747 3389 2802; x_wconf 84' lang='lat' dir='ltr'><strong>sicut</strong></span> <span class='ocrx_word' id='word_1_776' title='bbox 3437 2747 3533 2802; x_wconf 89' lang='lat' dir='ltr'><strong>alii</strong></span> <span class='ocrx_word' id='word_1_777' title='bbox 3570 2746 3846 2803; x_wconf 85' lang='lat' dir='ltr'><strong>homines</strong></span> 
     </span>
    </p>
   </div>
   <div class='ocr_carea' id='block_1_103' title="bbox 2188 2825 3851 2900">
    <p class='ocr_par' dir='ltr' id='par_1_103' title="bbox 2188 2825 3851 2900">
     <span class='ocr_line' id='line_1_105' title="bbox 2188 2825 3851 2900; baseline -0.004 -12"><span class='ocrx_word' id='word_1_778' title='bbox 2188 2846 2380 2888; x_wconf 89' lang='lat' dir='ltr'><strong>eorum</strong></span> <span class='ocrx_word' id='word_1_779' title='bbox 2432 2837 2756 2900; x_wconf 91' lang='lat' dir='ltr'><strong>temporum</strong></span> <span class='ocrx_word' id='word_1_780' title='bbox 2780 2829 2822 2893; x_wconf 84' lang='grc'><strong>⁸,</strong></span> <span class='ocrx_word' id='word_1_781' title='bbox 2856 2829 3054 2884; x_wconf 82' lang='lat' dir='ltr'><strong>Castor</strong></span> <span class='ocrx_word' id='word_1_782' title='bbox 3101 2833 3160 2883; x_wconf 90' lang='lat' dir='ltr'><strong>et</strong></span> <span class='ocrx_word' id='word_1_783' title='bbox 3209 2827 3429 2883; x_wconf 83' lang='lat' dir='ltr'><strong>Pollux.</strong></span> <span class='ocrx_word' id='word_1_784' title='bbox 3479 2825 3652 2882; x_wconf 80' lang='lat' dir='ltr'><strong>Illam</strong></span> <span class='ocrx_word' id='word_1_785' title='bbox 3710 2843 3851 2882; x_wconf 85' lang='lat' dir='ltr'><strong>sane</strong></span> 
     </span>
    </p>
   </div>
   <div class='ocr_carea' id='block_1_104' title="bbox 2188 2906 3852 2975">
    <p class='ocr_par' dir='ltr' id='par_1_104' title="bbox 2188 2906 3852 2975">
     <span class='ocr_line' id='line_1_106' title="bbox 2188 2906 3852 2975; baseline -0.002 -10"><span class='ocrx_word' id='word_1_786' title='bbox 2188 2911 2490 2966; x_wconf 87' lang='lat' dir='ltr'><strong>Melicertis</strong></span> <span class='ocrx_word' id='word_1_787' title='bbox 2547 2916 2795 2965; x_wconf 90' lang='lat' dir='ltr'><strong>matrem</strong></span> <span class='ocrx_word' id='word_1_788' title='bbox 2849 2908 3235 2964; x_wconf 88' lang='lat' dir='ltr'><strong>Leucotheam</strong></span> <span class='ocrx_word' id='word_1_789' title='bbox 3290 2906 3490 2975; x_wconf 76' lang='lat' dir='ltr'><strong>Graeci,</strong></span> <span class='ocrx_word' id='word_1_790' title='bbox 3555 2908 3852 2962; x_wconf 82' lang='lat' dir='ltr'><strong>Matutam</strong></span> 
     </span>
    </p>
   </div>
   <div class='ocr_carea' id='block_1_105' title="bbox 2189 2987 3844 3059">
    <p class='ocr_par' dir='ltr' id='par_1_105' title="bbox 2189 2987 3844 3059">
     <span class='ocr_line' id='line_1_107' title="bbox 2189 2987 3844 3059; baseline -0.002 -13"><span class='ocrx_word' id='word_1_791' title='bbox 2189 2991 2372 3046; x_wconf 90' lang='lat' dir='ltr'><strong>Latini</strong></span> <span class='ocrx_word' id='word_1_792' title='bbox 2421 2993 2808 3046; x_wconf 89' lang='lat' dir='ltr'><strong>vocaverunt:</strong></span> <span class='ocrx_word' id='word_1_793' title='bbox 2844 2991 3078 3059; x_wconf 90' lang='lat' dir='ltr'><strong>utrique</strong></span> <span class='ocrx_word' id='word_1_794' title='bbox 3109 2992 3303 3043; x_wconf 88' lang='lat' dir='ltr'><strong>tamen</strong></span> <span class='ocrx_word' id='word_1_795' title='bbox 3344 2990 3616 3057; x_wconf 87' lang='lat' dir='ltr'><strong>putantes</strong></span> <span class='ocrx_word' id='word_1_796' title='bbox 3646 2987 3844 3042; x_wconf 87' lang='lat' dir='ltr'><strong>deam.</strong></span> 
     </span>
    </p>
   </div>
   <div class='ocr_carea' id='block_1_106' title="bbox 2189 3140 3854 3211">
    <p class='ocr_par' dir='ltr' id='par_1_106' title="bbox 2189 3140 3854 3211">
     <span class='ocr_line' id='line_1_108' title="bbox 2189 3140 3854 3211; baseline -0.003 -10"><span class='ocrx_word' id='word_1_797' title='bbox 2189 3145 2414 3201; x_wconf 84' lang='lat' dir='ltr'><strong>CAPUT</strong></span> <span class='ocrx_word' id='word_1_798' title='bbox 2443 3143 2557 3199; x_wconf 88' lang='lat' dir='ltr'><strong>XV.</strong></span> <span class='ocrx_word' id='word_1_799' title='bbox 2590 3174 2660 3184; x_wconf 89' lang='lat'><strong>—</strong></span> <span class='ocrx_word' id='word_1_800' title='bbox 2689 3143 2761 3198; x_wconf 79' lang='lat' dir='ltr'><strong>De</strong></span> <span class='ocrx_word' id='word_1_801' title='bbox 2781 3158 2972 3198; x_wconf 70' lang='lat' dir='ltr'><strong>occasu</strong></span> <span class='ocrx_word' id='word_1_802' title='bbox 3006 3141 3167 3211; x_wconf 82' lang='lat' dir='ltr'><strong>regni</strong></span> <span class='ocrx_word' id='word_1_803' title='bbox 3197 3140 3550 3210; x_wconf 80' lang='lat' dir='ltr'><strong>Argivorum,</strong></span> <span class='ocrx_word' id='word_1_804' title='bbox 3581 3155 3692 3211; x_wconf 82' lang='lat' dir='ltr'><strong>quo</strong></span> <span class='ocrx_word' id='word_1_805' title='bbox 3719 3145 3854 3196; x_wconf 81' lang='lat' dir='ltr'><strong>tem-</strong></span> 
     </span>
    </p>
   </div>
   <div class='ocr_carea' id='block_1_107' title="bbox 2259 3219 3856 3296">
    <p class='ocr_par' dir='ltr' id='par_1_107' title="bbox 2259 3219 3856 3296">
     <span class='ocr_line' id='line_1_109' title="bbox 2259 3219 3856 3296; baseline -0.004 -14"><span class='ocrx_word' id='word_1_806' title='bbox 2259 3241 2386 3296; x_wconf 88' lang='lat' dir='ltr'><strong>pore</strong></span> <span class='ocrx_word' id='word_1_807' title='bbox 2414 3225 2564 3296; x_wconf 82' lang='lat' dir='ltr'><strong>apud</strong></span> <span class='ocrx_word' id='word_1_808' title='bbox 2593 3227 2896 3279; x_wconf 76' lang='lat' dir='ltr'><strong>Laurente:</strong></span> <span class='ocrx_word' id='word_1_809' title='bbox 2925 3225 3087 3278; x_wconf 76' lang='lat' dir='ltr'><strong>Picus</strong></span> <span class='ocrx_word' id='word_1_810' title='bbox 3137 3219 3368 3278; x_wconf 77' lang='lat' dir='ltr'><strong>Saturni</strong></span> <span class='ocrx_word' id='word_1_811' title='bbox 3414 3223 3569 3292; x_wconf 74' lang='lat' dir='ltr'><strong>ﬁlius</strong></span> <span class='ocrx_word' id='word_1_812' title='bbox 3615 3236 3856 3293; x_wconf 78' lang='lat' dir='ltr'><strong>regnum</strong></span> 
     </span>
    </p>
   </div>
   <div class='ocr_carea' id='block_1_108' title="bbox 2259 3305 2948 3378">
    <p class='ocr_par' dir='ltr' id='par_1_108' title="bbox 2259 3305 2948 3378">
     <span class='ocr_line' id='line_1_110' title="bbox 2259 3305 2948 3378; baseline -0.007 -17"><span class='ocrx_word' id='word_1_813' title='bbox 2259 3307 2432 3378; x_wconf 76' lang='lat' dir='ltr'><strong>patris</strong></span> <span class='ocrx_word' id='word_1_814' title='bbox 2461 3305 2674 3376; x_wconf 79' lang='lat' dir='ltr'><strong>primus</strong></span> <span class='ocrx_word' id='word_1_815' title='bbox 2717 3305 2948 3375; x_wconf 80' lang='lat' dir='ltr'><strong>accepit.</strong></span> 
     </span>
    </p>
   </div>
   <div class='ocr_carea' id='block_1_109' title="bbox 2261 3435 3853 3512">
    <p class='ocr_par' dir='ltr' id='par_1_109' title="bbox 2261 3435 3853 3512">
     <span class='ocr_line' id='line_1_111' title="bbox 2261 3435 3853 3512; baseline -0.004 -14"><span class='ocrx_word' id='word_1_816' title='bbox 2261 3443 2371 3498; x_wconf 89' lang='lat' dir='ltr'><strong>Per</strong></span> <span class='ocrx_word' id='word_1_817' title='bbox 2397 3457 2466 3497; x_wconf 88' lang='lat' dir='ltr'><strong>ea</strong></span> <span class='ocrx_word' id='word_1_818' title='bbox 2494 3445 2753 3510; x_wconf 85' lang='lat' dir='ltr'><strong>tempora</strong></span> <span class='ocrx_word' id='word_1_819' title='bbox 2796 3454 3041 3512; x_wconf 90' lang='lat' dir='ltr'><strong>regnum</strong></span> <span class='ocrx_word' id='word_1_820' title='bbox 3074 3438 3306 3493; x_wconf 80' lang='lat' dir='ltr'><strong>finitum</strong></span> <span class='ocrx_word' id='word_1_821' title='bbox 3347 3441 3436 3493; x_wconf 89' lang='lat' dir='ltr'><strong>est</strong></span> <span class='ocrx_word' id='word_1_822' title='bbox 3474 3435 3853 3507; x_wconf 84' lang='lat' dir='ltr'><strong>Argivorum,</strong></span> 
     </span>
    </p>
   </div>
   <div class='ocr_carea' id='block_1_110' title="bbox 2188 3519 3856 3592">
    <p class='ocr_par' dir='ltr' id='par_1_110' title="bbox 2188 3519 3856 3592">
     <span class='ocr_line' id='line_1_112' title="bbox 2188 3519 3856 3592; baseline -0.005 -13"><span class='ocrx_word' id='word_1_823' title='bbox 2188 3522 2543 3579; x_wconf 86' lang='lat' dir='ltr'><strong>translatum</strong></span> <span class='ocrx_word' id='word_1_824' title='bbox 2577 3521 2648 3576; x_wconf 85' lang='lat' dir='ltr'><strong>ad</strong></span> <span class='ocrx_word' id='word_1_825' title='bbox 2681 3521 2970 3592; x_wconf 86' lang='lat' dir='ltr'><strong>Mycenas,</strong></span> <span class='ocrx_word' id='word_1_826' title='bbox 3005 3521 3159 3574; x_wconf 90' lang='lat' dir='ltr'><strong>unde</strong></span> <span class='ocrx_word' id='word_1_827' title='bbox 3183 3519 3291 3574; x_wconf 87' lang='lat' dir='ltr'><strong>fuit</strong></span> <span class='ocrx_word' id='word_1_828' title='bbox 3319 3520 3728 3589; x_wconf 87' lang='lat' dir='ltr'><strong>Agamemnon</strong></span> <span class='ocrx_word' id='word_1_829' title='bbox 3761 3526 3856 3572; x_wconf 89' lang='lat' dir='ltr'><strong>:et</strong></span> 
     </span>
    </p>
   </div>
   <div class='ocr_carea' id='block_1_111' title="bbox 2191 3597 3850 3673">
    <p class='ocr_par' dir='ltr' id='par_1_111' title="bbox 2191 3597 3850 3673">
     <span class='ocr_line' id='line_1_113' title="bbox 2191 3597 3850 3673; baseline -0.005 -13"><span class='ocrx_word' id='word_1_830' title='bbox 2191 3609 2455 3661; x_wconf 84' lang='lat' dir='ltr'><strong>exortum</strong></span> <span class='ocrx_word' id='word_1_831' title='bbox 2485 3611 2567 3658; x_wconf 90' lang='lat' dir='ltr'><strong>est</strong></span> <span class='ocrx_word' id='word_1_832' title='bbox 2603 3617 2838 3673; x_wconf 83' lang='lat' dir='ltr'><strong>regnum</strong></span> <span class='ocrx_word' id='word_1_833' title='bbox 2874 3601 3247 3665; x_wconf 83' lang='lat' dir='ltr'><strong>Laurentum,</strong></span> <span class='ocrx_word' id='word_1_834' title='bbox 3282 3598 3382 3652; x_wconf 91' lang='lat' dir='ltr'><strong>ubi</strong></span> <span class='ocrx_word' id='word_1_835' title='bbox 3415 3597 3658 3652; x_wconf 90' lang='lat' dir='ltr'><strong>Saturni</strong></span> <span class='ocrx_word' id='word_1_836' title='bbox 3695 3597 3850 3652; x_wconf 90' lang='lat' dir='ltr'><strong>ﬁlius</strong></span> 
     </span>
    </p>
   </div>
   <div class='ocr_carea' id='block_1_112' title="bbox 2190 3677 3851 3752">
    <p class='ocr_par' dir='ltr' id='par_1_112' title="bbox 2190 3677 3851 3752">
     <span class='ocr_line' id='line_1_114' title="bbox 2190 3677 3851 3752; baseline -0.007 -11"><span class='ocrx_word' id='word_1_837' title='bbox 2190 3685 2364 3741; x_wconf 90' lang='lat' dir='ltr'><strong>Picus</strong></span> <span class='ocrx_word' id='word_1_838' title='bbox 2386 3698 2630 3752; x_wconf 86' lang='lat' dir='ltr'><strong>regnum</strong></span> <span class='ocrx_word' id='word_1_839' title='bbox 2666 3682 2892 3750; x_wconf 90' lang='lat' dir='ltr'><strong>primus</strong></span> <span class='ocrx_word' id='word_1_840' title='bbox 2925 3680 3168 3750; x_wconf 89' lang='lat' dir='ltr'><strong>accepit,</strong></span> <span class='ocrx_word' id='word_1_841' title='bbox 3198 3678 3495 3748; x_wconf 88' lang='lat' dir='ltr'><strong>judicanle</strong></span> <span class='ocrx_word' id='word_1_842' title='bbox 3525 3677 3684 3745; x_wconf 90' lang='lat' dir='ltr'><strong>apud</strong></span> <span class='ocrx_word' id='word_1_843' title='bbox 3737 3677 3851 3732; x_wconf 84' lang='lat' dir='ltr'><strong>He-</strong></span> 
     </span>
    </p>
   </div>
   <div class='ocr_carea' id='block_1_113' title="bbox 2191 3756 3851 3829">
    <p class='ocr_par' dir='ltr' id='par_1_113' title="bbox 2191 3756 3851 3829">
     <span class='ocr_line' id='line_1_115' title="bbox 2191 3756 3851 3829; baseline -0.005 -9"><span class='ocrx_word' id='word_1_844' title='bbox 2191 3765 2377 3820; x_wconf 65' lang='lat' dir='ltr'><strong>braeos</strong></span> <span class='ocrx_word' id='word_1_845' title='bbox 2411 3762 2623 3818; x_wconf 77' lang='lat' dir='ltr'><strong>femina</strong></span> <span class='ocrx_word' id='word_1_846' title='bbox 2654 3761 2914 3816; x_wconf 85' lang='lat' dir='ltr'><strong>Debbora</strong></span> <span class='ocrx_word' id='word_1_847' title='bbox 2946 3775 2959 3813; x_wconf 88' lang='lat'><strong>:</strong></span> <span class='ocrx_word' id='word_1_848' title='bbox 2991 3759 3089 3814; x_wconf 90' lang='lat' dir='ltr'><strong>sed</strong></span> <span class='ocrx_word' id='word_1_849' title='bbox 3127 3774 3223 3829; x_wconf 90' lang='lat' dir='ltr'><strong>per</strong></span> <span class='ocrx_word' id='word_1_850' title='bbox 3253 3756 3416 3812; x_wconf 90' lang='lat' dir='ltr'><strong>illam</strong></span> <span class='ocrx_word' id='word_1_851' title='bbox 3457 3757 3556 3812; x_wconf 88' lang='lat' dir='ltr'><strong>Dei</strong></span> <span class='ocrx_word' id='word_1_852' title='bbox 3589 3757 3851 3827; x_wconf 90' lang='lat' dir='ltr'><strong>Spiritus</strong></span> 
     </span>
    </p>
   </div>
   <div class='ocr_carea' id='block_1_114' title="bbox 2193 3837 3856 3916">
    <p class='ocr_par' dir='ltr' id='par_1_114' title="bbox 2193 3837 3856 3916">
     <span class='ocr_line' id='line_1_116' title="bbox 2193 3837 3856 3916; baseline -0.005 -16"><span class='ocrx_word' id='word_1_853' title='bbox 2193 3846 2247 3900; x_wconf 92' lang='lat' dir='ltr'><strong>id</strong></span> <span class='ocrx_word' id='word_1_854' title='bbox 2280 3844 2524 3916; x_wconf 85' lang='lat' dir='ltr'><strong>agebat:</strong></span> <span class='ocrx_word' id='word_1_855' title='bbox 2561 3859 2692 3896; x_wconf 82' lang='lat' dir='ltr'><strong>nam</strong></span> <span class='ocrx_word' id='word_1_856' title='bbox 2725 3841 2903 3896; x_wconf 87' lang='lat' dir='ltr'><strong>etiam</strong></span> <span class='ocrx_word' id='word_1_857' title='bbox 2937 3838 3310 3910; x_wconf 87' lang='lat' dir='ltr'><strong>prophetissa</strong></span> <span class='ocrx_word' id='word_1_858' title='bbox 3340 3843 3481 3902; x_wconf 82' lang='lat' dir='ltr'><strong>erat,</strong></span> <span class='ocrx_word' id='word_1_859' title='bbox 3521 3837 3697 3907; x_wconf 88' lang='lat' dir='ltr'><strong>cujus</strong></span> <span class='ocrx_word' id='word_1_860' title='bbox 3721 3853 3856 3907; x_wconf 86' lang='lat' dir='ltr'><strong>pro-</strong></span> 
     </span>
    </p>
   </div>
   <div class='ocr_carea' id='block_1_115' title="bbox 2192 3919 3858 3999">
    <p class='ocr_par' dir='ltr' id='par_1_115' title="bbox 2192 3919 3858 3999">
     <span class='ocr_line' id='line_1_117' title="bbox 2192 3919 3858 3999; baseline -0.005 -19"><span class='ocrx_word' id='word_1_861' title='bbox 2192 3924 2388 3999; x_wconf 88' lang='lat' dir='ltr'><strong>phetia</strong></span> <span class='ocrx_word' id='word_1_862' title='bbox 2419 3921 2696 3994; x_wconf 77' lang='lat' dir='ltr'><strong>(Iudicum</strong></span> <span class='ocrx_word' id='word_1_863' title='bbox 2725 3921 2782 3991; x_wconf 87' lang='lat' dir='ltr'><strong>v)</strong></span> <span class='ocrx_word' id='word_1_864' title='bbox 2814 3919 3008 3974; x_wconf 91' lang='lat' dir='ltr'><strong>minus</strong></span> <span class='ocrx_word' id='word_1_865' title='bbox 3038 3925 3237 3990; x_wconf 88' lang='lat' dir='ltr'><strong>aperta</strong></span> <span class='ocrx_word' id='word_1_866' title='bbox 3266 3923 3375 3999; x_wconf 85' lang='lat' dir='ltr'><strong>est,</strong></span> <span class='ocrx_word' id='word_1_867' title='bbox 3408 3932 3582 3999; x_wconf 80' lang='lat' dir='ltr'><strong>quam</strong></span> <span class='ocrx_word' id='word_1_868' title='bbox 3619 3923 3680 3999; x_wconf 69' lang='lat' dir='ltr'><strong>ut</strong></span> <span class='ocrx_word' id='word_1_869' title='bbox 3728 3933 3858 3999; x_wconf 87' lang='lat' dir='ltr'><strong>pos-</strong></span> 
     </span>
    </p>
   </div>
   <div class='ocr_carea' id='block_1_116' title="bbox 2194 3995 3857 4070">
    <p class='ocr_par' dir='ltr' id='par_1_116' title="bbox 2194 3995 3857 4070">
     <span class='ocr_line' id='line_1_118' title="bbox 2194 3995 3857 4070; baseline -0.007 -10"><span class='ocrx_word' id='word_1_870' title='bbox 2194 3995 2384 4061; x_wconf 76' lang='lat' dir='ltr'><strong>simus</strong></span> <span class='ocrx_word' id='word_1_871' title='bbox 2417 4019 2545 4058; x_wconf 89' lang='lat' dir='ltr'><strong>eam</strong></span> <span class='ocrx_word' id='word_1_872' title='bbox 2593 4003 2720 4056; x_wconf 91' lang='lat' dir='ltr'><strong>sine</strong></span> <span class='ocrx_word' id='word_1_873' title='bbox 2768 4002 3049 4054; x_wconf 91' lang='lat' dir='ltr'><strong>diuturna</strong></span> <span class='ocrx_word' id='word_1_874' title='bbox 3094 3997 3455 4070; x_wconf 80' lang='lat' dir='ltr'><strong>expositione</strong></span> <span class='ocrx_word' id='word_1_875' title='bbox 3496 3997 3569 4051; x_wconf 90' lang='lat' dir='ltr'><strong>de</strong></span> <span class='ocrx_word' id='word_1_876' title='bbox 3621 3995 3857 4051; x_wconf 89' lang='lat' dir='ltr'><strong>Christo</strong></span> 
     </span>
    </p>
   </div>
   <div class='ocr_carea' id='block_1_117' title="bbox 2194 4075 3860 4153">
    <p class='ocr_par' dir='ltr' id='par_1_117' title="bbox 2194 4075 3860 4153">
     <span class='ocr_line' id='line_1_119' title="bbox 2194 4075 3860 4153; baseline -0.007 -13"><span class='ocrx_word' id='word_1_877' title='bbox 2194 4087 2596 4140; x_wconf 88' lang='lat' dir='ltr'><strong>demonstrare</strong></span> <span class='ocrx_word' id='word_1_878' title='bbox 2653 4081 2955 4153; x_wconf 91' lang='lat' dir='ltr'><strong>prolatam.</strong></span> <span class='ocrx_word' id='word_1_879' title='bbox 2986 4079 3120 4135; x_wconf 89' lang='lat' dir='ltr'><strong>Jam</strong></span> <span class='ocrx_word' id='word_1_880' title='bbox 3152 4094 3288 4148; x_wconf 88' lang='lat' dir='ltr'><strong>ergo</strong></span> <span class='ocrx_word' id='word_1_881' title='bbox 3333 4077 3658 4148; x_wconf 89' lang='lat' dir='ltr'><strong>regnabant</strong></span> <span class='ocrx_word' id='word_1_882' title='bbox 3704 4075 3860 4131; x_wconf 84' lang='lat' dir='ltr'><strong>Lau-</strong></span> 
     </span>
    </p>
   </div>
   <div class='ocr_carea' id='block_1_118' title="bbox 2197 4156 3858 4234">
    <p class='ocr_par' dir='ltr' id='par_1_118' title="bbox 2197 4156 3858 4234">
     <span class='ocr_line' id='line_1_120' title="bbox 2197 4156 3858 4234; baseline -0.007 -14"><span class='ocrx_word' id='word_1_883' title='bbox 2197 4170 2392 4220; x_wconf 90' lang='lat' dir='ltr'><strong>rentes</strong></span> <span class='ocrx_word' id='word_1_884' title='bbox 2427 4166 2628 4234; x_wconf 91' lang='lat' dir='ltr'><strong>utique</strong></span> <span class='ocrx_word' id='word_1_885' title='bbox 2670 4163 2725 4216; x_wconf 91' lang='lat' dir='ltr'><strong>in</strong></span> <span class='ocrx_word' id='word_1_886' title='bbox 2762 4160 2946 4228; x_wconf 91' lang='lat' dir='ltr'><strong>Italia,</strong></span> <span class='ocrx_word' id='word_1_887' title='bbox 2979 4176 3046 4215; x_wconf 86' lang='lat' dir='ltr'><strong>ex</strong></span> <span class='ocrx_word' id='word_1_888' title='bbox 3087 4158 3306 4231; x_wconf 90' lang='lat' dir='ltr'><strong>quibus</strong></span> <span class='ocrx_word' id='word_1_889' title='bbox 3335 4156 3655 4212; x_wconf 79' lang='lat' dir='ltr'><strong>evidentior</strong></span> <span class='ocrx_word' id='word_1_890' title='bbox 3680 4157 3858 4210; x_wconf 84' lang='lat' dir='ltr'><strong>duci-</strong></span> 
     </span>
    </p>
   </div>
   <div class='ocr_carea' id='block_1_119' title="bbox 2197 4236 3860 4313">
    <p class='ocr_par' dir='ltr' id='par_1_119' title="bbox 2197 4236 3860 4313">
     <span class='ocr_line' id='line_1_121' title="bbox 2197 4236 3860 4313; baseline -0.005 -14"><span class='ocrx_word' id='word_1_891' title='bbox 2197 4251 2298 4300; x_wconf 90' lang='lat' dir='ltr'><strong>tur</strong></span> <span class='ocrx_word' id='word_1_892' title='bbox 2348 4244 2509 4313; x_wconf 84' lang='lat' dir='ltr'><strong>origo</strong></span> <span class='ocrx_word' id='word_1_893' title='bbox 2555 4243 2816 4297; x_wconf 83' lang='lat' dir='ltr'><strong>Romana</strong></span> <span class='ocrx_word' id='word_1_894' title='bbox 2847 4246 2976 4311; x_wconf 89' lang='lat' dir='ltr'><strong>post</strong></span> <span class='ocrx_word' id='word_1_895' title='bbox 3023 4239 3252 4295; x_wconf 68' lang='lat' dir='ltr'><strong>Graecos</strong></span> <span class='ocrx_word' id='word_1_896' title='bbox 3285 4257 3298 4292; x_wconf 90' lang='lat'><strong>:</strong></span> <span class='ocrx_word' id='word_1_897' title='bbox 3335 4241 3392 4292; x_wconf 91' lang='lat' dir='ltr'><strong>et</strong></span> <span class='ocrx_word' id='word_1_898' title='bbox 3420 4242 3617 4291; x_wconf 89' lang='lat' dir='ltr'><strong>tamen</strong></span> <span class='ocrx_word' id='word_1_899' title='bbox 3660 4236 3860 4291; x_wconf 86' lang='lat' dir='ltr'><strong>adhuc</strong></span> 
     </span>
    </p>
   </div>
   <div class='ocr_carea' id='block_1_120' title="bbox 2195 4315 3863 4392">
    <p class='ocr_par' dir='ltr' id='par_1_120' title="bbox 2195 4315 3863 4392">
     <span class='ocr_line' id='line_1_122' title="bbox 2195 4315 3863 4392; baseline -0.007 -12"><span class='ocrx_word' id='word_1_900' title='bbox 2195 4339 2445 4392; x_wconf 83' lang='lat' dir='ltr'><strong>regnum</strong></span> <span class='ocrx_word' id='word_1_901' title='bbox 2479 4322 2846 4392; x_wconf 84' lang='lat' dir='ltr'><strong>Assyriorum</strong></span> <span class='ocrx_word' id='word_1_902' title='bbox 2878 4317 3277 4391; x_wconf 84' lang='lat' dir='ltr'><strong>permanebat,</strong></span> <span class='ocrx_word' id='word_1_903' title='bbox 3303 4315 3400 4372; x_wconf 93' lang='lat' dir='ltr'><strong>ubi</strong></span> <span class='ocrx_word' id='word_1_904' title='bbox 3433 4321 3556 4371; x_wconf 85' lang='lat' dir='ltr'><strong>erat</strong></span> <span class='ocrx_word' id='word_1_905' title='bbox 3575 4331 3676 4370; x_wconf 85' lang='lat' dir='ltr'><strong>rex</strong></span> <span class='ocrx_word' id='word_1_906' title='bbox 3706 4315 3863 4369; x_wconf 81' lang='lat' dir='ltr'><strong>vice-</strong></span> 
     </span>
    </p>
   </div>
   <div class='ocr_carea' id='block_1_121' title="bbox 2198 4395 3859 4469">
    <p class='ocr_par' dir='ltr' id='par_1_121' title="bbox 2198 4395 3859 4469">
     <span class='ocr_line' id='line_1_123' title="bbox 2198 4395 3859 4469; baseline -0.006 -10"><span class='ocrx_word' id='word_1_907' title='bbox 2198 4404 2385 4459; x_wconf 90' lang='lat' dir='ltr'><strong>simus</strong></span> <span class='ocrx_word' id='word_1_908' title='bbox 2417 4400 2625 4456; x_wconf 88' lang='lat' dir='ltr'><strong>tertius</strong></span> <span class='ocrx_word' id='word_1_909' title='bbox 2671 4401 3002 4469; x_wconf 88' lang='lat' dir='ltr'><strong>Lampares,</strong></span> <span class='ocrx_word' id='word_1_910' title='bbox 3055 4414 3187 4454; x_wconf 90' lang='lat' dir='ltr'><strong>cum</strong></span> <span class='ocrx_word' id='word_1_911' title='bbox 3224 4398 3445 4463; x_wconf 90' lang='lat' dir='ltr'><strong>primus</strong></span> <span class='ocrx_word' id='word_1_912' title='bbox 3495 4395 3859 4450; x_wconf 88' lang='lat' dir='ltr'><strong>Laurentum</strong></span> 
     </span>
    </p>
   </div>
   <div class='ocr_carea' id='block_1_122' title="bbox 2202 4475 3861 4548">
    <p class='ocr_par' dir='ltr' id='par_1_122' title="bbox 2202 4475 3861 4548">
     <span class='ocr_line' id='line_1_124' title="bbox 2202 4475 3861 4548; baseline -0.006 -10"><span class='ocrx_word' id='word_1_913' title='bbox 2202 4484 2372 4538; x_wconf 90' lang='lat' dir='ltr'><strong>Picus</strong></span> <span class='ocrx_word' id='word_1_914' title='bbox 2403 4496 2530 4536; x_wconf 90' lang='lat' dir='ltr'><strong>esse</strong></span> <span class='ocrx_word' id='word_1_915' title='bbox 2571 4481 2863 4548; x_wconf 60' lang='lat' dir='ltr'><strong>coepisset.</strong></span> <span class='ocrx_word' id='word_1_916' title='bbox 2898 4479 2976 4536; x_wconf 89' lang='lat' dir='ltr'><strong>De</strong></span> <span class='ocrx_word' id='word_1_917' title='bbox 3026 4477 3200 4548; x_wconf 86' lang='lat' dir='ltr'><strong>hujus</strong></span> <span class='ocrx_word' id='word_1_918' title='bbox 3231 4477 3351 4533; x_wconf 91' lang='lat' dir='ltr'><strong>Pici</strong></span> <span class='ocrx_word' id='word_1_919' title='bbox 3397 4481 3558 4546; x_wconf 87' lang='lat' dir='ltr'><strong>patre</strong></span> <span class='ocrx_word' id='word_1_920' title='bbox 3605 4475 3861 4529; x_wconf 86' lang='lat' dir='ltr'><strong>Saturno</strong></span> 
     </span>
    </p>
   </div>
   <div class='ocr_carea' id='block_1_123' title="bbox 2203 4554 3860 4632">
    <p class='ocr_par' dir='ltr' id='par_1_123' title="bbox 2203 4554 3860 4632">
     <span class='ocr_line' id='line_1_125' title="bbox 2203 4554 3860 4632; baseline -0.006 -15"><span class='ocrx_word' id='word_1_921' title='bbox 2203 4562 2453 4617; x_wconf 81' lang='lat' dir='ltr'><strong>viderint</strong></span> <span class='ocrx_word' id='word_1_922' title='bbox 2483 4561 2621 4632; x_wconf 92' lang='lat' dir='ltr'><strong>quid</strong></span> <span class='ocrx_word' id='word_1_923' title='bbox 2655 4561 2912 4616; x_wconf 89' lang='lat' dir='ltr'><strong>sentiant</strong></span> <span class='ocrx_word' id='word_1_924' title='bbox 2942 4559 3146 4615; x_wconf 87' lang='lat' dir='ltr'><strong>talium</strong></span> <span class='ocrx_word' id='word_1_925' title='bbox 3171 4559 3414 4613; x_wconf 87' lang='lat' dir='ltr'><strong>deorum</strong></span> <span class='ocrx_word' id='word_1_926' title='bbox 3447 4555 3721 4620; x_wconf 90' lang='lat' dir='ltr'><strong>cultores,</strong></span> <span class='ocrx_word' id='word_1_927' title='bbox 3753 4554 3860 4625; x_wconf 92' lang='lat' dir='ltr'><strong>qui</strong></span> 
     </span>
    </p>
   </div>
   <div class='ocr_carea' id='block_1_124' title="bbox 2199 4633 3861 4715">
    <p class='ocr_par' dir='ltr' id='par_1_124' title="bbox 2199 4633 3861 4715">
     <span class='ocr_line' id='line_1_126' title="bbox 2199 4633 3861 4715; baseline -0.006 -17"><span class='ocrx_word' id='word_1_928' title='bbox 2199 4647 2412 4715; x_wconf 84' lang='lat' dir='ltr'><strong>negant</strong></span> <span class='ocrx_word' id='word_1_929' title='bbox 2441 4641 2741 4698; x_wconf 89' lang='lat' dir='ltr'><strong>hominem</strong></span> <span class='ocrx_word' id='word_1_930' title='bbox 2768 4640 2951 4696; x_wconf 85' lang='lat' dir='ltr'><strong>fuisse</strong></span> <span class='ocrx_word' id='word_1_931' title='bbox 2976 4655 2988 4694; x_wconf 90' lang='lat'><strong>:</strong></span> <span class='ocrx_word' id='word_1_932' title='bbox 3025 4640 3096 4695; x_wconf 91' lang='lat' dir='ltr'><strong>de</strong></span> <span class='ocrx_word' id='word_1_933' title='bbox 3126 4655 3239 4710; x_wconf 91' lang='lat' dir='ltr'><strong>quo</strong></span> <span class='ocrx_word' id='word_1_934' title='bbox 3261 4645 3314 4692; x_wconf 92' lang='lat' dir='ltr'><strong>et</strong></span> <span class='ocrx_word' id='word_1_935' title='bbox 3341 4635 3444 4692; x_wconf 88' lang='lat' dir='ltr'><strong>alii</strong></span> <span class='ocrx_word' id='word_1_936' title='bbox 3465 4633 3861 4705; x_wconf 88' lang='lat' dir='ltr'><strong>scripserunt,</strong></span> 
     </span>
    </p>
   </div>
   <div class='ocr_carea' id='block_1_125' title="bbox 2267 4801 3692 4869">
    <p class='ocr_par' dir='ltr' id='par_1_125' title="bbox 2267 4801 3692 4869">
     <span class='ocr_line' id='line_1_127' title="bbox 2267 4801 3692 4869; baseline -0.006 -10"><span class='ocrx_word' id='word_1_937' title='bbox 2267 4815 2279 4847; x_wconf 77' lang='lat' dir='ltr'><strong>I</strong></span> <span class='ocrx_word' id='word_1_938' title='bbox 2317 4809 2492 4860; x_wconf 89' lang='lat' dir='ltr'><strong>Codex</strong></span> <span class='ocrx_word' id='word_1_939' title='bbox 2523 4809 2638 4869; x_wconf 85' lang='lat'><strong>258,</strong></span> <span class='ocrx_word' id='word_1_940' title='bbox 2673 4809 2950 4864; x_wconf 80' lang='lat' dir='ltr'><strong>timerent,</strong></span> <span class='ocrx_word' id='word_1_941' title='bbox 2982 4807 3185 4857; x_wconf 83' lang='lat' dir='ltr'><strong>omissa</strong></span> <span class='ocrx_word' id='word_1_942' title='bbox 3209 4804 3420 4861; x_wconf 87' lang='lat' dir='ltr'><strong>vocula,</strong></span> <span class='ocrx_word' id='word_1_943' title='bbox 3457 4816 3592 4857; x_wconf 77' lang='lat' dir='ltr'><strong>non.</strong></span> <span class='ocrx_word' id='word_1_944' title='bbox 3622 4801 3692 4850; x_wconf 72' lang='grc' dir='ltr'><strong>Μ.</strong></span> 
     </span>
    </p>
   </div>
   <div class='ocr_carea' id='block_1_126' title="bbox 2263 4869 3860 4947">
    <p class='ocr_par' dir='ltr' id='par_1_126' title="bbox 2263 4869 3860 4947">
     <span class='ocr_line' id='line_1_128' title="bbox 2263 4869 3860 4947; baseline -0.006 -26"><span class='ocrx_word' id='word_1_945' title='bbox 2263 4879 2285 4912; x_wconf 71' lang='lat'><strong><em>3</em></strong></span> <span class='ocrx_word' id='word_1_946' title='bbox 2316 4874 2377 4947; x_wconf 76' lang='lat' dir='ltr'><strong>In</strong></span> <span class='ocrx_word' id='word_1_947' title='bbox 2407 4873 2578 4947; x_wconf 77' lang='lat' dir='ltr'><strong>editis,</strong></span> <span class='ocrx_word' id='word_1_948' title='bbox 2609 4880 2658 4919; x_wconf 88' lang='lat' dir='ltr'><strong>et</strong></span> <span class='ocrx_word' id='word_1_949' title='bbox 2707 4886 2822 4920; x_wconf 80' lang='lat' dir='ltr'><strong>non</strong></span> <span class='ocrx_word' id='word_1_950' title='bbox 2861 4871 2982 4919; x_wconf 71' lang='lat' dir='ltr'><strong>suis</strong></span> <span class='ocrx_word' id='word_1_951' title='bbox 3011 4869 3249 4918; x_wconf 77' lang='lat' dir='ltr'><strong>meritis.</strong></span> <span class='ocrx_word' id='word_1_952' title='bbox 3287 4869 3468 4926; x_wconf 79' lang='lat' dir='ltr'><strong>Abest,</strong></span> <span class='ocrx_word' id='word_1_953' title='bbox 3516 4880 3651 4913; x_wconf 80' lang='lat' dir='ltr'><strong>non.</strong></span> <span class='ocrx_word' id='word_1_954' title='bbox 3691 4877 3725 4913; x_wconf 72' lang='grc' dir='ltr'>ι</span> <span class='ocrx_word' id='word_1_955' title='bbox 3753 4875 3860 4913; x_wconf 81' lang='lat' dir='ltr'><strong>ma-</strong></span> 
     </span>
    </p>
   </div>
   <div class='ocr_carea' id='block_1_127' title="bbox 2201 4939 3863 5058">
    <p class='ocr_par' dir='ltr' id='par_1_127' title="bbox 2201 4939 3863 5058">
     <span class='ocr_line' id='line_1_129' title="bbox 2201 4939 2506 4998; baseline -0.01 -12"><span class='ocrx_word' id='word_1_956' title='bbox 2201 4939 2506 4998; x_wconf 87' lang='lat' dir='ltr'><strong>nuscriptis.</strong></span> 
     </span>
     <span class='ocr_line' id='line_1_130' title="bbox 2268 4989 3863 5058; baseline -0.007 -11"><span class='ocrx_word' id='word_1_957' title='bbox 2268 5000 2288 5033; x_wconf 81' lang='lat'><strong>3</strong></span> <span class='ocrx_word' id='word_1_958' title='bbox 2369 5000 2491 5048; x_wconf 89' lang='lat' dir='ltr'><strong>Post</strong></span> <span class='ocrx_word' id='word_1_959' title='bbox 2565 4997 2808 5054; x_wconf 86' lang='lat' dir='ltr'><strong>verbum,</strong></span> <span class='ocrx_word' id='word_1_960' title='bbox 2878 5003 3204 5058; x_wconf 79' lang='lat' dir='ltr'><strong>potuerunt.</strong></span> <span class='ocrx_word' id='word_1_961' title='bbox 3283 4993 3417 5058; x_wconf 65' lang='lat' dir='ltr'><strong>editi</strong></span> <span class='ocrx_word' id='word_1_962' title='bbox 3485 4989 3863 5058; x_wconf 69' lang='lat' dir='ltr'><strong>addnn_t,_E.1_r</strong></span> 
     </span>
    </p>
   </div>
   <div class='ocr_carea' id='block_1_128' title="bbox 2205 5051 3865 5135">
    <p class='ocr_par' dir='ltr' id='par_1_128' title="bbox 2205 5051 3865 5135">
     <span class='ocr_line' id='line_1_131' title="bbox 2205 5051 3865 5135; baseline -0.004 -27"><span class='ocrx_word' id='word_1_963' title='bbox 2205 5075 2698 5135; x_wconf 52' lang='lat' dir='ltr'><strong>quprumnr&#39;iutnero</strong></span> <span class='ocrx_word' id='word_1_964' title='bbox 2730 5051 2909 5120; x_wconf 63' lang='lat' dir='ltr'><strong>fuisse</strong></span> <span class='ocrx_word' id='word_1_965' title='bbox 2949 5057 3340 5122; x_wconf 78' lang='lat' dir='ltr'><strong>perhibentur.</strong></span> <span class='ocrx_word' id='word_1_966' title='bbox 3372 5055 3482 5105; x_wconf 85' lang='lat' dir='ltr'><strong>Hoc</strong></span> <span class='ocrx_word' id='word_1_967' title='bbox 3511 5067 3623 5103; x_wconf 90' lang='lat' dir='ltr'><strong>non</strong></span> <span class='ocrx_word' id='word_1_968' title='bbox 3662 5051 3865 5102; x_wconf 78' lang='lat' dir='ltr'><strong>habent</strong></span> 
     </span>
    </p>
   </div>
   <div class='ocr_carea' id='block_1_129' title="bbox 2205 5124 3094 5248">
    <p class='ocr_par' dir='ltr' id='par_1_129' title="bbox 2205 5124 3094 5248">
     <span class='ocr_line' id='line_1_132' title="bbox 2205 5124 2579 5172; baseline -0.003 0"><span class='ocrx_word' id='word_1_969' title='bbox 2205 5125 2411 5172; x_wconf 87' lang='lat' dir='ltr'><strong>veteres</strong></span> <span class='ocrx_word' id='word_1_970' title='bbox 2439 5124 2579 5171; x_wconf 90' lang='lat' dir='ltr'><strong>libri.</strong></span> 
     </span>
     <span class='ocr_line' id='line_1_133' title="bbox 2270 5184 3094 5248; baseline -0.001 -15"><span class='ocrx_word' id='word_1_971' title='bbox 2270 5185 2292 5219; x_wconf 70' lang='grc' dir='ltr'><strong><em>ι</em></strong></span> <span class='ocrx_word' id='word_1_972' title='bbox 2333 5187 2546 5248; x_wconf 88' lang='lat' dir='ltr'><strong>Aliquot</strong></span> <span class='ocrx_word' id='word_1_973' title='bbox 2575 5186 2716 5239; x_wconf 71' lang='lat' dir='ltr'><strong>Mss.</strong></span> <span class='ocrx_word' id='word_1_974' title='bbox 2748 5184 3094 5248; x_wconf 11' lang='lat' dir='ltr'><strong>Adamanl‘is.</strong></span> 
     </span>
    </p>
   </div>
   <div class='ocr_carea' id='block_1_130' title="bbox 2270 5238 3860 5308">
    <p class='ocr_par' dir='ltr' id='par_1_130' title="bbox 2270 5238 3860 5308">
     <span class='ocr_line' id='line_1_134' title="bbox 2270 5238 3860 5308; baseline -0.006 -11"><span class='ocrx_word' id='word_1_975' title='bbox 2270 5250 2290 5283; x_wconf 80' lang='grc'>⁵</span> <span class='ocrx_word' id='word_1_976' title='bbox 2322 5238 2511 5297; x_wconf 79' lang='grc' dir='ltr'><strong>Ηίο’ἱῐι</strong></span> <span class='ocrx_word' id='word_1_977' title='bbox 2549 5238 2713 5297; x_wconf 87' lang='lat' dir='ltr'><strong>editis</strong></span> <span class='ocrx_word' id='word_1_978' title='bbox 2745 5248 2976 5300; x_wconf 84' lang='lat' dir='ltr'><strong>additur,</strong></span> <span class='ocrx_word' id='word_1_979' title='bbox 3015 5246 3164 5295; x_wconf 79' lang='lat' dir='ltr'><strong>inter</strong></span> <span class='ocrx_word' id='word_1_980' title='bbox 3213 5258 3349 5308; x_wconf 75' lang='lat' dir='ltr'><strong>quos</strong></span> <span class='ocrx_word' id='word_1_981' title='bbox 3409 5243 3674 5302; x_wconf 78' lang='lat' dir='ltr'><strong>fuerunt,</strong></span> <span class='ocrx_word' id='word_1_982' title='bbox 3721 5238 3860 5302; x_wconf 85' lang='lat' dir='ltr'><strong>quod</strong></span> 
     </span>
    </p>
   </div>
   <div class='ocr_carea' id='block_1_131' title="bbox 2207 5312 3858 5436">
    <p class='ocr_par' dir='ltr' id='par_1_131' title="bbox 2207 5312 3858 5436">
     <span class='ocr_line' id='line_1_135' title="bbox 2207 5312 2563 5360; baseline -0.003 0"><span class='ocrx_word' id='word_1_983' title='bbox 2207 5312 2357 5360; x_wconf 88' lang='lat' dir='ltr'><strong>abest</strong></span> <span class='ocrx_word' id='word_1_984' title='bbox 2385 5325 2418 5360; x_wconf 88' lang='lat' dir='ltr'><strong>a</strong></span> <span class='ocrx_word' id='word_1_985' title='bbox 2446 5312 2563 5360; x_wconf 86' lang='lat' dir='ltr'><strong>Mss.</strong></span> 
     </span>
     <span class='ocr_line' id='line_1_136' title="bbox 2273 5365 3858 5436; baseline -0.002 -16"><span class='ocrx_word' id='word_1_986' title='bbox 2273 5376 2348 5436; x_wconf 88' lang='lat' dir='ltr'><strong>(a)</strong></span> <span class='ocrx_word' id='word_1_987' title='bbox 2404 5374 2508 5422; x_wconf 89' lang='lat' dir='ltr'><strong>Has</strong></span> <span class='ocrx_word' id='word_1_988' title='bbox 2563 5372 2943 5436; x_wconf 83' lang='lat' dir='ltr'><strong>turpitudines_</strong></span> <span class='ocrx_word' id='word_1_989' title='bbox 2973 5385 3082 5436; x_wconf 76' lang='lat' dir='ltr'><strong>non</strong></span> <span class='ocrx_word' id='word_1_990' title='bbox 3151 5371 3209 5419; x_wconf 90' lang='lat' dir='ltr'><strong>in</strong></span> <span class='ocrx_word' id='word_1_991' title='bbox 3264 5369 3440 5436; x_wconf 52' lang='lat' dir='ltr'><strong>{tome</strong></span> <span class='ocrx_word' id='word_1_992' title='bbox 3482 5367 3716 5436; x_wconf 51' lang='grc' dir='ltr'><strong>φυηρ,</strong></span> <span class='ocrx_word' id='word_1_993' title='bbox 3770 5365 3858 5436; x_wconf 51' lang='lat' dir='ltr'><strong>{ad</strong></span> 
     </span>
    </p>
   </div>
   <div class='ocr_carea' id='block_1_132' title="bbox 2206 5426 3852 5499">
    <p class='ocr_par' dir='ltr' id='par_1_132' title="bbox 2206 5426 3852 5499">
     <span class='ocr_line' id='line_1_137' title="bbox 2206 5426 3852 5499; baseline -0.008 -14"><span class='ocrx_word' id='word_1_994' title='bbox 2206 5426 2374 5486; x_wconf 73' lang='lat' dir='ltr'><strong>totam</strong></span> <span class='ocrx_word' id='word_1_995' title='bbox 2409 5450 2533 5499; x_wconf 15' lang='lat' dir='ltr'><strong>iper</strong></span> <span class='ocrx_word' id='word_1_996' title='bbox 2579 5426 2789 5484; x_wconf 80' lang='lat' dir='ltr'><strong>Italiam</strong></span> <span class='ocrx_word' id='word_1_997' title='bbox 2834 5434 3149 5499; x_wconf 71' lang='lat' dir='ltr'><strong>prohibitus</strong></span> <span class='ocrx_word' id='word_1_998' title='bbox 3175 5432 3340 5499; x_wconf 87' lang='lat' dir='ltr'><strong>tradit</strong></span> <span class='ocrx_word' id='word_1_999' title='bbox 3362 5429 3586 5499; x_wconf 67' lang='lat' dir='ltr'><strong>_Li\&#39;itls.</strong></span> <span class='ocrx_word' id='word_1_1000' title='bbox 3636 5427 3728 5475; x_wconf 86' lang='lat' dir='ltr'><strong>lib.</strong></span> <span class='ocrx_word' id='word_1_1001' title='bbox 3777 5426 3852 5499; x_wconf 58' lang='grc' dir='ltr'><strong>ξς),</strong></span> 
     </span>
    </p>
   </div>
   <div class='ocr_carea' id='block_1_133' title="bbox 2209 5491 3851 5560">
    <p class='ocr_par' dir='ltr' id='par_1_133' title="bbox 2209 5491 3851 5560">
     <span class='ocr_line' id='line_1_138' title="bbox 2209 5491 3851 5560; baseline -0.007 -12"><span class='ocrx_word' id='word_1_1002' title='bbox 2209 5513 2321 5560; x_wconf 90' lang='lat' dir='ltr'><strong>cap.</strong></span> <span class='ocrx_word' id='word_1_1003' title='bbox 2372 5491 2474 5551; x_wconf 58' lang='lat'><strong>18&#39;;</strong></span> <span class='ocrx_word' id='word_1_1004' title='bbox 2537 5499 2676 5546; x_wconf 90' lang='lat' dir='ltr'><strong>unde</strong></span> <span class='ocrx_word' id='word_1_1005' title='bbox 2723 5491 3078 5546; x_wconf 65' lang='lat' dir='ltr'><strong>Ter-Ennianus</strong></span> <span class='ocrx_word' id='word_1_1006' title='bbox 3137 5497 3193 5560; x_wconf 88' lang='lat' dir='ltr'><strong>in</strong></span> <span class='ocrx_word' id='word_1_1007' title='bbox 3208 5559 3213 5560; x_wconf 14' lang='grc' dir='ltr'>ί</span> <span class='ocrx_word' id='word_1_1008' title='bbox 3249 5493 3614 5560; x_wconf 78' lang='lat' dir='ltr'><strong>Apologetico,_</strong></span> <span class='ocrx_word' id='word_1_1009' title='bbox 3634 5503 3747 5552; x_wconf 86' lang='lat' dir='ltr'><strong>cap.</strong></span> <span class='ocrx_word' id='word_1_1010' title='bbox 3777 5491 3851 5538; x_wconf 88' lang='lat'><strong>6:</strong></span> 
     </span>
    </p>
   </div>
   <div class='ocr_carea' id='block_1_134' title="bbox 2213 5552 3853 5622">
    <p class='ocr_par' dir='ltr' id='par_1_134' title="bbox 2213 5552 3853 5622">
     <span class='ocr_line' id='line_1_139' title="bbox 2213 5552 3853 5622; baseline -0.004 -15"><span class='ocrx_word' id='word_1_1011' title='bbox 2213 5579 2237 5604; x_wconf 73' lang='grc' dir='ltr'><strong><em>α</em></strong></span> <span class='ocrx_word' id='word_1_1012' title='bbox 2269 5552 2515 5608; x_wconf 80' lang='lat' dir='ltr'><strong>Liberum</strong></span> <span class='ocrx_word' id='word_1_1013' title='bbox 2564 5565 2764 5620; x_wconf 88' lang='lat' dir='ltr'><strong>patrem</strong></span> <span class='ocrx_word' id='word_1_1014' title='bbox 2812 5569 2932 5608; x_wconf 90' lang='lat' dir='ltr'><strong>cum</strong></span> <span class='ocrx_word' id='word_1_1015' title='bbox 2979 5559 3248 5622; x_wconf 78' lang='lat' dir='ltr'><strong>mysteriis</strong></span> <span class='ocrx_word' id='word_1_1016' title='bbox 3294 5552 3406 5622; x_wconf 72' lang='lat' dir='ltr'><strong>suis</strong></span> <span class='ocrx_word' id='word_1_1017' title='bbox 3425 5552 3678 5622; x_wconf 68' lang='lat' dir='ltr'><strong>consules</strong></span> <span class='ocrx_word' id='word_1_1018' title='bbox 3699 5566 3853 5622; x_wconf 63' lang='lat' dir='ltr'><strong>sena-</strong></span> 
     </span>
    </p>
   </div>
   <div class='ocr_carea' id='block_1_135' title="bbox 2211 5615 3851 5673">
    <p class='ocr_par' dir='ltr' id='par_1_135' title="bbox 2211 5615 3851 5673">
     <span class='ocr_line' id='line_1_140' title="bbox 2211 5615 3851 5673; baseline -0.005 -3"><span class='ocrx_word' id='word_1_1019' title='bbox 2211 5642 2235 5665; x_wconf 85' lang='grc'><strong>«</strong></span> <span class='ocrx_word' id='word_1_1020' title='bbox 2279 5627 2364 5670; x_wconf 89' lang='lat' dir='ltr'><strong>tus</strong></span> <span class='ocrx_word' id='word_1_1021' title='bbox 2392 5615 2708 5672; x_wconf 74' lang='lat' dir='ltr'><strong>auctoritate</strong></span> <span class='ocrx_word' id='word_1_1022' title='bbox 2755 5635 2861 5671; x_wconf 91' lang='lat' dir='ltr'><strong>non</strong></span> <span class='ocrx_word' id='word_1_1023' title='bbox 2904 5615 3058 5671; x_wconf 78' lang='lat' dir='ltr'><strong>modo</strong></span> <span class='ocrx_word' id='word_1_1024' title='bbox 3104 5621 3259 5673; x_wconf 88' lang='lat' dir='ltr'><strong>Urbe.</strong></span> <span class='ocrx_word' id='word_1_1025' title='bbox 3308 5617 3672 5669; x_wconf 83' lang='lat' dir='ltr'><strong>seduniversa</strong></span> <span class='ocrx_word' id='word_1_1026' title='bbox 3699 5615 3851 5663; x_wconf 81' lang='lat' dir='ltr'><strong>Italia</strong></span> 
     </span>
    </p>
   </div>
   <div class='ocr_carea' id='block_1_136' title="bbox 2209 5677 3728 5748">
    <p class='ocr_par' dir='ltr' id='par_1_136' title="bbox 2209 5677 3728 5748">
     <span class='ocr_line' id='line_1_141' title="bbox 2209 5677 3728 5748; baseline -0.005 -14"><span class='ocrx_word' id='word_1_1027' title='bbox 2209 5704 2235 5729; x_wconf 85' lang='grc'><strong>«</strong></span> <span class='ocrx_word' id='word_1_1028' title='bbox 2267 5685 2696 5737; x_wconf 84' lang='lat' dir='ltr'><strong>eliminaverunt.</strong></span> <span class='ocrx_word' id='word_1_1029' title='bbox 2727 5702 2755 5730; x_wconf 82' lang='grc'><strong>»</strong></span> <span class='ocrx_word' id='word_1_1030' title='bbox 2791 5685 2920 5734; x_wconf 84' lang='lat' dir='ltr'><strong>Vide</strong></span> <span class='ocrx_word' id='word_1_1031' title='bbox 2955 5696 3132 5748; x_wconf 85' lang='lat' dir='ltr'><strong>supra,</strong></span> <span class='ocrx_word' id='word_1_1032' title='bbox 3167 5683 3260 5734; x_wconf 86' lang='lat' dir='ltr'><strong>lib.</strong></span> <span class='ocrx_word' id='word_1_1033' title='bbox 3289 5682 3339 5746; x_wconf 88' lang='lat'><strong>6,</strong></span> <span class='ocrx_word' id='word_1_1034' title='bbox 3369 5694 3487 5745; x_wconf 82' lang='lat' dir='ltr'><strong>cap.</strong></span> <span class='ocrx_word' id='word_1_1035' title='bbox 3519 5678 3570 5728; x_wconf 86' lang='lat'><strong>9.</strong></span> <span class='ocrx_word' id='word_1_1036' title='bbox 3599 5691 3656 5729; x_wconf 81' lang='grc' dir='ltr'><strong>ιι.</strong></span> <span class='ocrx_word' id='word_1_1037' title='bbox 3681 5677 3728 5727; x_wconf 86' lang='grc'><strong>1.</strong></span> 
     </span>
    </p>
   </div>
  </div>
