4110 6196
294 325 409 385 573

291 460 442 548 quod
477 462 838 548 anteHPicum
872 464 1056 523 ﬁlium
1089 484 1263 525 suum
1292 471 1350 527 in
1386 471 1552 529 Italia
1579 473 1705 544 ipse
1731 491 1936 548 regna-

289 539 430 593 verit
456 557 471 605 ;
505 547 560 596 et
590 541 866 614 Virgilius
913 548 1235 605 notioribus
1266 551 1476 609 litteris
1506 539 1644 610 dicit
1672 571 1685 610 :

379 669 440 737 I_n
469 683 637 732 genus
663 675 891 726 indocile
917 681 980 728 ac
1005 681 1304 737 dispersum
1331 685 1603 735 montibus
1631 688 1754 737 altis

379 732 705 809 Composuit,
739 740 984 809 legesque
1010 732 1172 809 dedit,
1202 732 1526 809 Latiumque
1547 732 1729 798 Maii

379 795 569 871 hlaluit
592 812 604 846 :
637 801 722 850 his
746 795 1003 871 quoniam
1031 795 1278 871 latuisset
1307 795 1539 859 tutusin
1565 795 1718 871 tiu-ig}

376 859 670 972 ἓξὲξ-ἕψε,
704 859 1088 928 ιιι“Ρθι·ιιὶῠθηι,
1119 870 1213 919 illo
1243 874 1343 921 sub
1370 887 1490 934 rege
1518 859 1664 925 fuere

506 937 541 972 u
566 938 615 972 a.

506 937 615 973 Illa.

827 1010 1074 1073 (Eneid.
1112 1013 1204 1065 lib.
1235 1013 1284 1077 8,
1315 1031 1454 1066 vers.
1486 1017 1744 1082 321-325.)

279 1126 389 1218 Sed
423 1127 543 1218 hinc
569 1133 793 1201 poetica
813 1135 1127 1218 opinentur
1147 1156 1276 1197 esse
1296 1143 1598 1215 ﬁgmenta,
1621 1153 1674 1201 et
1692 1146 1814 1202 Pici
1837 1163 1934 1218 pa-

276 1211 428 1298 trem
454 1209 688 1298 Stercen
715 1215 909 1298 potius
931 1216 1116 1275 fuisse
1137 1209 1492 1290 asseverant,
1515 1241 1549 1280 a
1569 1209 1682 1296 quo
1707 1209 1932 1298 peritis-

275 1287 430 1373 sim_o
461 1292 716 1360 agricola
756 1295 1054 1353 inventum
1089 1300 1302 1373 terunt,
1327 1312 1390 1359 ut
1439 1287 1555 1361 fine
1586 1287 1927 1364 animalium

269 1367 398 1439 agri
435 1370 923 1452 ‘fecundarentur,
955 1381 1109 1449 quod
1141 1382 1212 1436 ab
1251 1367 1381 1452 ejus
1421 1388 1660 1443 nomine
1703 1395 1926 1445 stercus

269 1452 360 1502 est
391 1448 644 1506 dictum:
683 1453 836 1510 hunc
873 1448 1110 1528 quidam
1143 1448 1492 1520 Stercutium
1545 1478 1812 1525 vocatum
1851 1471 1930 1526 fe-

268 1532 430 1620 runt.
464 1529 961 1620 Qualibetautem
994 1555 1064 1594 ex
1100 1555 1278 1598 causa
1309 1558 1439 1600 eum
1473 1547 1792 1605 Saturnum
1824 1566 1927 1620 ap-

269 1608 490 1678 pellare
541 1612 850 1683 voluerint,
883 1626 1032 1676 certe
1080 1626 1272 1679 tamen
1318 1624 1474 1682 hunc
1521 1629 1756 1687 Stercen
1806 1608 1927 1687 sive

270 1692 630 1749 Stercutium
665 1697 872 1753 merito
905 1702 1268 1771 agricultura
1301 1708 1563 1764 fecerunt
1603 1711 1797 1767 deum.
1832 1713 1927 1767 Pi-

265 1785 405 1826 cum
438 1788 666 1844 quoque
697 1775 968 1835 similiter
995 1783 1122 1852 ejus
1153 1784 1341 1841 filium
1367 1789 1426 1844 in
1450 1789 1655 1846 talium
1680 1793 1923 1848 deorum

265 1867 586 1944 numerum
631 1867 996 1932 receperunt,
1039 1880 1212 1934 quem
1251 1870 1596 1936 praeclarum
1637 1889 1924 1944 augurem

261 1936 324 1984 et.
379 1932 841 2005 belligeratorem
885 1932 1072 1999 fuisse
1107 1932 1401 2003 asserunt.
1455 1951 1627 2008 Picus
1657 1932 1921 2012 Fauunum

268 2012 510 2095 genuit,
561 2015 921 2076 Laurentum
964 2040 1159 2095 regem
1195 2031 1517 2086 secundum
1554 2051 1566 2088 :
1603 2037 1778 2090 etiam
1809 2036 1925 2092 iste

263 2090 416 2182 deus
456 2094 574 2182 illis
602 2097 689 2152 vel
714 2104 830 2182 est,
868 2102 952 2157 vel
984 2090 1112 2159 fuit.
1146 2107 1258 2162 Hos
1289 2114 1422 2164 ante
1451 2111 1768 2182 Trojanum
1800 2090 1926 2170 bal;

258 2170 389 2228 lum
441 2175 667 2233 divinos
713 2179 963 2238 honores
1009 2188 1253 2242 mortuis
1305 2170 1647 2249 hominibus
1697 2195 1924 2250 detule-

260 2257 429 2308 runt.

258 2394 508 2482 CA_PUT
537 2400 688 2457 XVI.
718 2431 784 2446 —
816 2409 894 2462 De
921 2408 1181 2465 Diomede
1207 2420 1325 2481 post
1357 2413 1537 2482 Troia
1563 2416 1842 2472 excidium
1863 2417 1922 2472 in

334 2475 463 2533 deos
491 2482 691 2550 relato,
719 2487 873 2557 cujus
899 2488 1037 2544 socii
1067 2475 1261 2547 traditi
1287 2500 1415 2548 sunt
1445 2475 1509 2550 in
1538 2497 1783 2552 volucres
1812 2513 1923 2554 esse

336 2572 434 2612 6οη
442 2574 558 2615 vers
563 2572 601 2616 τ.

335 2692 510 2762 Troja
539 2709 673 2782 vero
702 2712 920 2766 eversa,
955 2702 1178 2760 excidio
1207 2705 1309 2760 illo
1344 2723 1761 2782 usquequaque
1790 2728 1922 2767 can-

263 2773 396 2826 tato
430 2773 738 2859 puerisque
763 2781 1092 2849 notissimo,
1119 2786 1275 2855 quod
1306 2793 1363 2842 et
1395 2773 1800 2859 magnitudine
1829 2793 1918 2847 sui

261 2854 319 2941 et
353 2853 703 2941 scriptorum
736 2853 1154 2941 excellentibus
1197 2865 1417 2938 linguis
1456 2853 1768 2941 insigniter
1800 2873 1921 2928 dif-

258 2931 547 3022 famatum
580 2939 754 3022 atq_ue
783 2939 1084 3022 vulgatum
1117 2949 1224 3012 est,
1259 2931 1609 3020 gestumque
1639 2957 1918 3022 regnante

249 3011 379 3096 jam
419 3012 620 3096 Latino
650 3016 838 3096 iF‘auni
869 3020 1010 3085 ﬁlio,
1039 3038 1107 3078 ex
1145 3011 1624 3095 quovLatinorum
1671 3011 1916 3096 rcgnum

259 3090 405 3146 dicit
428 3093 618 3164 ccepit,
641 3095 1116 3173 Laurentumque
1138 3090 1414 3163 cessavit:
1443 3108 1621 3164 Graeci
1645 3090 1914 3181 victores,

261 3170 518 3226 deletam
564 3175 798 3260 Trojam
831 3170 1314 3252 derelinquentes,
1351 3193 1408 3243 et
1447 3190 1517 3244 ad
1551 3191 1787 3260 propria
1826 3170 1914 3247 re:

261 3260 550 3320 meantes,
584 3256 827 3314 diversis
871 3265 926 3316 et
956 3261 1263 3321 horrendis
1311 3256 1577 3324 cladibus
1617 3256 1914 3328 dilacerati

256 3336 438 3403 atque
486 3337 718 3391 contriti
767 3344 944 3396 sunt:
977 3351 1031 3398 et
1080 3348 1272 3401 tamen
1311 3349 1486 3403 etiam
1535 3367 1602 3405 ex
1651 3352 1736 3406 eis
1778 3353 1912 3407 deo-

257 3430 392 3469 rum
431 3431 670 3472 suorum
713 3436 1022 3477 numerum
1069 3433 1377 3482 auxerunt.
1409 3429 1548 3483 Nam
1583 3441 1633 3484 et
1688 3431 1912 3486 Diome-

257 3495 370 3550 den
409 3496 670 3554 fecerunt
706 3502 902 3568 deum,
928 3519 1103 3574 quem
1138 3523 1308 3576 poena
1347 3509 1628 3565 divinitus
1660 3511 1914 3582 irrogata

257 3575 575 3646 perhibent
614 3580 685 3635 ad
731 3597 872 3638 suos
904 3600 1019 3639 non
1065 3575 1408 3656 revertisse;
1451 3591 1694 3662 ejusque
1723 3575 1912 3646 socios

255 3655 317 3711 in
351 3656 616 3716 volucres
661 3661 841 3718 fuisse
885 3681 1212 3735 conversos,
1249 3686 1362 3724 non
1396 3655 1682 3726 fabuloso
1728 3671 1913 3742 poeti-

256 3751 444 3807 coque
474 3742 798 3810 mendacio,
829 3744 934 3800 sed
975 3745 1253 3805 historica
1284 3753 1655 3808 attestatione
1704 3752 1914 3808 conﬁr-

258 3821 469 3874 mant:
504 3821 717 3890 quibus
763 3839 868 3880 nec
912 3827 1075 3895 deus,
1114 3837 1174 3883 ut
1211 3837 1433 3899 putant,
1468 3833 1677 3899 factus,
1711 3833 1914 3890 huma-

259 3913 402 3953 nam
438 3915 702 3959 revocare
735 3910 1026 3976 naturam,
1059 3912 1140 3965 vel
1178 3911 1299 3980 ipse
1331 3914 1538 3983 potuit,
1569 3914 1655 3969 vel
1699 3919 1850 3971 certe
1881 3933 1915 3971 a

257 3975 408 4067 Jove
452 3996 560 4036 suo
601 3999 733 4055 rege
786 3990 1068 4058 tanquam
1120 3975 1380 4049 ccelicola
1426 3975 1680 4049 novitius
1728 3996 1915 4067 impe-

260 4057 460 4114 travit.
492 4059 639 4124 Quin
684 4064 863 4121 etiam
895 4057 1186 4140 templum
1220 4073 1346 4142 ejus
1375 4090 1500 4129 esse
1529 4074 1693 4130 aiunt
1733 4075 1791 4130 in
1817 4057 1914 4130 in-

261 4139 391 4194 sula
428 4139 758 4212 Diomedes,
793 4163 909 4202 non
958 4139 1128 4221 longe
1177 4169 1210 4207 a
1247 4139 1455 4209 imonte
1489 4155 1778 4226 Gargano,
1813 4157 1917 4228 qui

260 4228 342 4311 est
376 4224 438 4311 i_n
473 4225 705 4311 Apulia,
735 4237 791 4311 et
826 4231 930 4286 hoc
954 4235 1234 4305 templum
1270 4224 1704 4301 circumvolare.
1741 4224 1916 4311 atque

259 4303 516 4362 incolere
559 4307 662 4364 has
696 4310 864 4368 alites
895 4318 1013 4370 tam
1061 4303 1312 4374 mirabili
1343 4322 1643 4392 obsequio,
1680 4331 1739 4378 ut
1787 4303 1913 4377 ros-

258 4389 466 4470 trum_i
497 4404 650 4461 aqua
681 4391 962 4462 impleant
1000 4401 1057 4451 et
1087 4406 1396 4470 aSpergant
1419 4418 1432 4458 :
1458 4389 1519 4458 et
1553 4389 1700 4460 eosi
1733 4402 1914 4459 Graeci

260 4467 551 4555 venerint,
583 4472 672 4526 vel
714 4475 1047 4532 Graecorum
1092 4467 1278 4551 stirpe
1314 4483 1622 4555 progeniti,
1669 4501 1781 4540 non
1827 4499 1916 4538 so-

260 4537 387 4603 lum
439 4537 667 4620 quietas
719 4569 867 4623 esse,
908 4573 1110 4613 verum
1160 4537 1221 4616 et
1266 4537 1508 4634 insuper
1555 4567 1827 4633 adulare;
1863 4565 1912 4622 si

263 4634 462 4686 autem
503 4631 875 4718 alienigenas
910 4637 1179 4710 viderint,
1221 4631 1527 4700 subvolare
1576 4647 1646 4700 ab
1697 4631 1911 4718 capita,

262 4711 504 4780 tamque
528 4714 819 4796 gravibus
862 4716 1097 4789 ictibus,
1134 4727 1195 4776 ut
1236 4724 1408 4780 etiam
1446 4711 1913 4796 perimantfvul-v-

266 4805 493 4872 nerare.
527 4791 673 4848 Nam
725 4796 890 4852 duris
927 4808 980 4854 et
1027 4804 1348 4872 grandibus
1400 4791 1606 4862 rostris
1649 4791 1791 4862 satis
1840 4807 1911 4862 ad

269 4869 392 4926 haec
422 4874 620 4944 praalia
650 4869 1322 4947 perhibentur—armata).

268 4999 501 5060 CAPUT
529 5003 692 5062 XVII.
726 5039 794 5050 -—-
823 5011 898 5067 De
944 5013 1357 5073 incredibilibus
1399 5021 1914 5079 commutationibus

481 5085 766 5144 hominum
803 5092 935 5162 quid
971 5095 1144 5150 Varro
1182 5095 1496 5154 tradiderit.

337 5217 456 5276 Hoc
489 5221 665 5279 Varro
695 5229 759 5280 ut
789 5230 1038 5298 astruat,
1071 5240 1493 5290 commemorat
1517 5235 1633 5292 alia
1663 5254 1777 5293 non
1811 5241 1914 5297 mi-

266 5312 375 5353 nus
422 5300 784 5359 incredibilia
832 5307 903 5362 de
952 5325 1117 5380 maga
1162 5310 1260 5367 illa
1303 5314 1694 5371 famosissima
1727 5317 1910 5389 Circe,

265 5394 389 5466 quas
420 5381 608 5466 socios
652 5401 884 5458 quoque
935 5389 1145 5460 Ulyssis
1195 5395 1446 5451 mutavit
1494 5397 1552 5452 in
1585 5397 1820 5466 bestias,
1853 5381 1910 5456 et

265 5459 332 5551 de
363 5463 706 5532 Arcadibus,
739 5469 838 5536 qui
879 5459 1032 5525 sorte
1062 5473 1221 5528 ducti
1254 5478 1698 5534 transnatabant
1727 5459 1908 5551 quod-

261 5538 393 5594 dam
423 5548 719 5613 stagnum,
752 5553 926 5619 atque
973 5551 1050 5606 ibi
1084 5557 1572 5613 convertebantur
1618 5559 1677 5615 in
1710 5538 1901 5632 lupos,

326 5706 340 5738 ι
375 5702 503 5766 Vox,
534 5713 802 5766 rostrum,
833 5723 943 5764 non
967 5715 1050 5764 est
1073 5712 1133 5765 in
1158 5715 1282 5767 Mss.

1476 341 1699 402 LIBER
1741 343 2079 409 DECIMUS
2123 347 2506 415 OCTAVUS.

3570 364 3689 428 574

2047 485 2106 536 et
2150 498 2283 539 cum
2317 485 2614 544 similibus
2665 489 2800 545 feris
2845 508 2946 562 per
2977 491 3133 549 illius
3182 496 3433 568 regionis
3463 500 3693 559 deserta

2045 561 2336 620 vivebant.
2364 568 2420 621 Si
2454 575 2643 624 autem
2669 561 2984 628 carne’non
3007 561 3379 632 vescerentur
3410 581 3688 651 humana,

2046 657 2252 698 rursus
2302 653 2431 716 post
2481 665 2685 704 novem
2744 669 2928 707 annos
2978 655 3180 709 eodem
3234 666 3433 714 renato
3483 669 3687 734 stagno

2048 725 2518 784 reformabantur
2562 732 2618 784 in
2653 732 2939 790 homines.
2976 737 3233 806 Denique
3282 741 3452 795 etiam
3503 725 3689 798 noini-

2047 805 2232 860 natim
2273 811 2554 879 expressit
2588 815 2898 884 quemdam
2932 817 3348 887 Demaenetum,
3384 839 3512 878 cum
3555 842 3694 896 gus-

2046 891 2230 976 tasset
2258 890 2328 945 de
2349 893 2667 976 sacriﬁcio,
2694 899 2847 965 quod
2876 900 3127 955 Arcades
3158 902 3460 960 immolato
3488 890 3690 976 pu‘erO,

2046 967 2153 1024 deo
2193 986 2296 1024 suo
2346 972 2544 1044 Lycaeo
2594 976 2778 1031 facere
2826 979 3100 1047 solerent,
3151 981 3209 1036 in
3254 982 3455 1053 lupum
3488 967 3694 1042 .fuisee

2041 1055 2350 1121 mutatum,
2377 1059 2434 1108 et
2465 1071 2617 1110 anno
2641 1058 2867 1113 decimo
2889 1059 2947 1113 in
2983 1061 3224 1130 figuram
3259 1066 3550 1135 propriam
3577 1084 3696 1123 res-

2039 1129 2306 1217 titutum,
2351 1133 2616 1217 pugilatu
2643 1152 2790 1217 sese
2826 1129 3153 1196 exercuisse
3181 1146 3219 1210 ¹,
3252 1129 3307 1197 et
3351 1129 3689 1217 Clympiaco

2035 1209 2244 1292 vicisse
2273 1216 2608 1272 certamine.
2641 1215 2756 1272 Nec
2785 1219 2938 1274 idem
2984 1209 3216 1292 propter
3249 1223 3399 1279 aliud
3423 1209 3688 1282 arbitra—

2034 1292 2131 1344 tur
2161 1291 2478 1348 historicus
2511 1295 2567 1349 in
2599 1299 2840 1352 Arcadia
2870 1291 3220 1358 tale’nomen
3249 1306 3506 1361 al‘lictum
3543 1309 3685 1364 Pani

2030 1372 2228 1460 Lycaeo
2278 1378 2335 1428 et
2380 1375 2505 1430 Jovi
2556 1381 2778 1460 Lycaeo,
2823 1380 2937 1435 nisi
2971 1389 3204 1453 propter
3237 1385 3381 1440 hanc
3413 1388 3472 1442 in
3512 1387 3684 1460 lupos

2032 1449 2335 1509 hominum
2393 1458 2798 1526 mutationem,
2843 1449 2994 1530 quod
3046 1449 3172 1518 eam
3218 1466 3329 1520 nisi
3381 1468 3431 1521 vi
3486 1449 3685 1525 divina

2031 1532 2156 1587 ﬁeri
2189 1550 2304 1590 non
2330 1541 2617 1605 putarent.
2643 1539 2841 1610 Lupus
2865 1544 3022 1596 enim
3040 1561 3222 1612 graace
3247 1543 3414 1606 λύκος
3443 1549 3681 1614 dicitur,

2033 1614 2188 1669 unde
2237 1615 2419 1687 Lycei
2484 1634 2693 1674 nomen
2745 1632 2983 1692 apparet
3045 1625 3346 1682 inﬂexum.
3392 1630 3683 1686 Romanos

2030 1692 2204 1749 etiam
2239 1699 2528 1766 Lupercos
2565 1713 2633 1753 ex
2680 1699 2914 1756 illorum
2968 1708 3376 1774 mysteriorum
3410 1709 3562 1764 velut
3593 1726 3680 1764 se-

2032 1772 2214 1829 minet
2243 1774 2384 1830 dicit
2413 1786 2659 1834 exertos.

2030 1882 2265 1965 CAPUT
2294 1885 2488 1941 XVIII.
2521 1919 2589 1926 —
2620 1888 2770 1955 Quid
2816 1889 3144 1946 credendum
3180 1895 3252 1948 sit
3295 1893 3359 1949 de
3405 1900 3676 1965 transfor-

2099 1964 2461 2034 matiom'bus,
2493 1984 2618 2036 quas
2648 1972 2769 2025 arte
2796 1969 3109 2026 dmmonum
3141 1973 3454 2030 hominibus
3483 1964 3676 2033 viden-

2101 2048 2196 2096 tur
2236 2044 2497 2099 accidere.

2188 2143 2297 2224 sed
2334 2146 2403 2198 de
2435 2145 2544 2200 ista
2575 2150 2734 2201 tanta
2764 2148 3163 2207 ludificatione
3187 2153 3541 2224 daemonum,
3570 2174 3677 2213 nos

2030 2222 2187 2304 quid,
2221 2223 2510 2292 dicamus,
2563 2226 2664 2296 qui
2715 2226 2836 2283 hac
2883 2229 3097 2301 legent,
3143 2233 3402 2288 fortassis
3452 2222 3681 2304 exspec-

2027 2308 2147 2358 tent
2173 2303 2214 2358 ³.
2248 2304 2325 2387 Et
2360 2305 2496 2387 quid
2549 2307 2831 2376 dicemus,
2866 2312 2979 2364 nisi
3013 2313 3082 2365 de
3132 2313 3325 2368 medio
3369 2303 3679 2387 Babylonis

2027 2399 2169 2465 esse
2206 2384 2600 2455 fugiendum?
2647 2388 2811 2452 Quod
2863 2395 3216 2459 praeceptum
3274 2384 3674 2465 propheticum

2026 2463 2188 2532 (Isai.
2222 2481 2412 2531 XLVIII,
2444 2467 2535 2520 20‘
2565 2468 2646 2522 ita
2693 2469 3076 2540 spiritualiter
3107 2463 3477 2545 intelligitur,
3513 2488 3573 2532 ut
3603 2479 3674 2534 de

2025 2544 2206 2616 hujus
2237 2546 2434 2602 seaculi
2484 2547 2738 2618 civitate,
2771 2567 2893 2619 quae
2944 2553 3200 2620 profecto
3229 2558 3286 2609 et
3332 2555 3672 2627 angelorum

2025 2632 2085 2682 et
2125 2627 2431 2684 hominum
2463 2632 2712 2686 societas
2735 2632 3048 2703 impiorum
3079 2639 3186 2703 est,
3215 2636 3347 2690 ﬁdei
3379 2637 3675 2707 passibus,

2025 2723 2156 2779 quae
2205 2725 2303 2779 per
2357 2711 2725 2766 dilectionem
2778 2717 3067 2781 operatur,
3128 2715 3185 2770 in
3249 2716 3431 2772 Deum
3481 2719 3674 2774 vivum

2025 2788 2378 2858 proﬁciendo
2429 2791 2738 2863 fugiamus.
2773 2793 3000 2857 Quanto
3043 2795 3259 2867 quippe
3309 2796 3364 2852 in
3401 2797 3524 2854 haec
3557 2799 3676 2856 ima

2027 2872 2365 2937 potestatem
2410 2871 2734 2927 daemonum
2767 2874 3038 2942 majorem
3073 2876 3364 2944 videmus,
3397 2881 3559 2932 tanto
3592 2886 3675 2933 te—

2024 2949 2226 3003 nacius
2276 2949 2578 3006 Mediatori
2630 2956 2718 3007 est
2765 2952 3190 3021 inhaerendum,
3229 2973 3332 3027 per
3376 2975 3549 3028 quem
3601 2961 3673 3014 de

2021 3028 2155 3083 imis
2188 3029 2262 3084 ad
2292 3048 2520 3087 summa
2562 3034 3029 3091 conscendimus.
3063 3037 3120 3091 Si
3161 3039 3318 3094 enim
3351 3039 3672 3096 dixerimus

2021 3123 2085 3163 ea
2117 3125 2232 3164 non
2265 3125 2390 3166 esse
2419 3113 2724 3182 credenda,
2758 3130 2873 3168 non
2905 3118 3115 3170 desunt
3153 3117 3327 3174 etiam
3361 3135 3536 3186 nunc,
3570 3119 3669 3190 qui

2020 3190 2308 3259 ejusmodi
2385 3190 2674 3261 quaedam,
2734 3193 2822 3249 vel
2875 3196 3204 3252 certissima
3265 3199 3520 3268 audisse,
3579 3199 3665 3255 vel

2018 3269 2192 3325 etiam
2241 3278 2504 3342 expertos
2561 3290 2624 3329 se
2681 3291 2805 3330 esse
2863 3283 3214 3332 asseverant.
3274 3278 3418 3334 Nam
3479 3283 3535 3335 et
3565 3297 3668 3335 nos

2019 3363 2153 3402 cum
2187 3365 2451 3406 essemus
2481 3353 2539 3406 in
2589 3354 2776 3422 Italia,
2809 3354 3193 3411 audiebamus
3239 3358 3373 3411 talia
3423 3360 3493 3413 de
3523 3375 3665 3429 que-

2020 3429 2152 3482 dam
2189 3430 2418 3499 regione
2451 3431 2682 3485 illarum
2718 3434 2996 3501 partium,
3030 3435 3128 3488 ubi
3158 3436 3508 3492 stabularias
3534 3455 3665 3492 mu-

2015 3506 2187 3562 lieres
2219 3509 2480 3564 imbutas
2503 3511 2594 3564 his
2635 3511 2806 3566 malis
2839 3514 3084 3578 artibus,
3113 3515 3172 3568 in
3203 3532 3370 3570 caseo
3401 3519 3538 3573 dare
3569 3535 3665 3572 so-

2019 3588 2136 3643 lere
2186 3589 2477 3656 dicebant,
2513 3591 2729 3661 quibus
2760 3592 2974 3647 vellent
3024 3611 3125 3649 seu
3160 3601 3393 3664 possent
3435 3599 3665 3652 viatori-

2018 3669 2152 3735 bus,
2184 3672 2340 3725 unde
2379 3671 2434 3724 in
2472 3673 2731 3740 jumenta
2776 3671 2930 3727 illico
2963 3680 3341 3741 verterentur,
3383 3682 3441 3730 et
3472 3693 3668 3733 neces-

2017 3750 2172 3804 saria
2221 3766 2467 3820 quaeque
2519 3757 2829 3820 portarent,
2865 3757 3112 3823 postque
3161 3755 3458 3824 perfuncta
3489 3772 3664 3827 opera

2018 3829 2228 3884 iterum
2263 3829 2335 3884 ad
2369 3847 2430 3885 se
2478 3833 2772 3888 redirent:
2820 3848 2923 3886 nec
2958 3838 3153 3887 tamen
3188 3834 3245 3889 in
3288 3835 3372 3890 eis
3414 3846 3662 3893 mentem

2018 3902 2141 3964 fieri
2177 3911 2503 3972 bestialem.
2538 3912 2642 3968 sed
2691 3911 3033 3967 rationalem
3068 3913 3506 3986 humanamque
3557 3933 3671 3974 ser-

2019 3990 2160 4058 vari,
2181 3993 2334 4046 sicut
2365 3993 2635 4061 Apuleius
2658 3993 2716 4049 in
2748 3993 2915 4048 libris
2945 4010 3088 4062 quos
3119 3993 3284 4050 Asini
3316 3997 3472 4052 aurei
3503 3997 3668 4052 titulo

2019 4069 2342 4142 inscripsit,
2393 4073 2506 4127 sibi
2555 4073 2668 4144 ipsi
2714 4074 3020 4142 accidisse,
3054 4078 3115 4128 ut
3160 4085 3390 4145 accepto
3421 4091 3666 4145 veneno,

2025 4152 2276 4208 humano
2307 4153 2505 4209 animo
2538 4163 2913 4226 permanente
2943 4154 3146 4210 asinus
3170 4155 3350 4224 fieret,
3383 4164 3480 4211 aut
3511 4156 3662 4212 indi-

2021 4232 2190 4301 cavit,
2225 4239 2326 4290 aut
2355 4234 2544 4291 ﬁnxit.

2092 4317 2144 4369 2.
2178 4315 2308 4370 Haec
2338 4316 2425 4370 vel
2473 4316 2618 4372 falsa
2647 4321 2806 4385 sunt,
2841 4314 2926 4370 vel
2957 4318 3074 4370 tam
3105 4314 3406 4386 inusitata,
3440 4320 3504 4373 ut
3549 4333 3668 4376 me-

2019 4393 2131 4450 rita
2163 4412 2276 4450 non
2309 4399 2644 4453 credantur.
2680 4397 3040 4452 Firmissime
3081 4402 3275 4452 tamen
3308 4399 3664 4455 credendum

2018 4479 2126 4541 est,
2160 4477 2619 4547 omnipotentem
2665 4484 2850 4534 Deum
2884 4479 3071 4534 omnia
3116 4494 3282 4548 posse
3315 4479 3502 4535 facere
3541 4496 3664 4552 quae

2018 4554 2286 4623 voluerit,
2321 4557 2438 4612 sive
2469 4558 2839 4626 vindicando,
2882 4560 2999 4614 sive
3031 4561 3374 4629 praestando,
3408 4576 3512 4617 nec
3546 4560 3668 4615 dae-

2021 4649 2224 4690 mones
2253 4635 2472 4708 aliquid
2523 4641 2750 4710 operari
2791 4641 3117 4694 secundum
3169 4644 3386 4694 natura:
3417 4658 3534 4695 suae
3567 4658 3666 4711 po-

2018 4716 2257 4771 tentiam
2283 4717 2437 4788 (quia
2457 4726 2510 4772 et
2533 4720 2656 4788 ipsa
2677 4719 2937 4810 angelica
2959 4724 3227 4810 creatura
3245 4726 3352 4784 est,
3378 4720 3514 4810 licet
3537 4737 3665 4810 pro-

2021 4795 2145 4868 prio
2190 4797 2263 4851 sit
2304 4799 2439 4854 vitio
2489 4798 2926 4871 maligna),nisi
2967 4799 3120 4869 quod
3169 4799 3265 4852 ille
3315 4799 3666 4869 permiserit,

2019 4878 2190 4946 cujus
2232 4880 2450 4949 judicia
2503 4881 2727 4935 occulta
2770 4883 2907 4934 sunt
2965 4878 3168 4944 multa,
3210 4878 3432 4946 injuste
3479 4878 3663 4932 nulla.

2017 4959 2132 5014 Nec
2162 4976 2298 5016 sane
2342 4961 2634 5016 daemones
2679 4957 3256 5048 naturas-creant,‘s_i
3302 4957 3519 5028 aliquid
3541 4959 3667 5048 tale

2020 5039 2262 5103 faciunt,
2297 5041 2367 5096 de
2404 5041 2679 5114 qualibus
2725 5041 2890 5096 factis
2922 5040 3035 5094 ista
3080 5037 3322 5093 vertitur
3373 5037 3656 5109 quastio;

2019 5120 2118 5174 sed
2169 5122 2359 5189 specie
2419 5129 2609 5189 tenus,
2642 5139 2774 5194 quas
2829 5138 2864 5177 a
2911 5134 3048 5176 vero
3103 5120 3218 5173 Deo
3269 5123 3406 5172 sunt
3449 5122 3665 5182 creata,

2017 5205 2396 5269 commutant,
2433 5207 2493 5257 ut
2517 5204 2819 5257 videantur
2847 5217 2974 5256 esse
3005 5199 3158 5271 quod
3193 5213 3308 5252 non
3343 5200 3500 5252 sunt.
3541 5196 3666 5252 Non

2017 5278 2210 5351 itaque
2240 5282 2429 5337 solum
2452 5286 2738 5350 animum,
2772 5284 2872 5337 sed
2903 5297 3007 5337 nec
3036 5296 3248 5350 corpus
3279 5277 3512 5349 quidem
3543 5276 3665 5334 ulla

2082 5409 2099 5482 ξ
2129 5407 2282 5482 Editi,
2315 5411 2386 5458 ad
2407 5411 2737 5471 pugilatum
2767 5424 2879 5458 sese
2906 5406 3231 5482 exercuisse.
3301 5469 3316 5482 ‘
3337 5469 3352 5482 ‘
3578 5481 3584 5482 ί
3618 5467 3630 5478 θ

2078 5469 2100 5541 ἒ
2140 5471 2328 5543 .Post._
2357 5468 2636 5543 fo‘rtdssia
2679 5481 3004 5543 exspectent,
3065 5471 3194 5543 editi
3247 5469 3474 5543 addunt.
3525 5468 3666 5543 quid

2018 5531 2328 5582 Christiani
2357 5531 2521 5596 agere
2551 5531 2793 5592 debeant,
2813 5536 3032 5607 quando
3054 5534 3202 5607 ξηςςν
3238 5531 3388 5607 ίοῖρῖα
3404 5531 3666 5605 θετυίτέπι

2011 5596 2295 5644 miracula
2324 5600 2454 5659 ﬁeri
2502 5596 2854 5647 asseruntur.
2910 5596 3191 5670 adnota“?
3237 5597 3316 5670 (.38_t
3355 5607 3382 5642 θ
3425 5596 3661 5670 ιηειτξίηο

2010 5657 2272 5722 translata
2298 5657 2356 5709 in
2387 5664 2593 5712 textum
2625 5677 2638 5722 ;
2670 5676 2795 5710 nam
2824 5675 2888 5710 ea
2916 5664 3094 5710 textus
3122 5660 3267 5708 ca‘ret
3292 5657 3351 5706 in
3392 5657 3661 5707 veteribus
