4124 6188
413 301 530 361 575

421 436 645 492 ratione
676 438 1014 495 crediderim
1050 440 1375 496 daemonum
1411 447 1535 498 arte
1564 443 1650 497 vel
1691 447 1972 514 potestate
2004 445 2062 499 in

420 519 686 574 membra
733 524 790 575 et
845 521 1204 577 lineamenta
1246 522 1514 578 bestialia
1553 526 1837 580 veraciter
1895 543 2065 597 posse

419 599 677 652 converti
708 617 721 653 :
755 601 853 654 sed
907 600 1336 669 phantasticum
1390 601 1664 669 hominis,
1698 604 1852 674 quod
1887 605 2062 660 etiam

420 680 726 749 cogitando
771 682 893 736 sive
942 685 1291 738 somniando
1337 701 1437 755 per
1485 700 1679 739 rerum
1731 685 2065 744 innumera-

411 759 553 814 bilia
583 776 800 832 genera
826 765 1106 829 variatur,
1139 772 1196 820 et
1227 783 1358 820 cum
1407 783 1622 837 corpus
1646 784 1761 823 non
1802 769 1894 836 sit,
1930 786 2064 824 cor-

408 855 614 910 porum
649 846 844 898 tamen
877 845 1104 900 similes
1139 849 1284 901 mira
1316 846 1608 902 celeritate
1639 849 1855 904 formas
1885 849 2058 922 capit,

407 920 613 990 sopitis
647 927 748 976 aut
797 925 1092 994 oppressis
1127 927 1420 997 corporeis
1459 927 1712 982 hominis
1759 920 2056 994 sensibus,

407 999 478 1052 ad
529 999 777 1057 aliorum
830 1021 1072 1060 sensum
1138 1009 1332 1062 nescio
1378 1023 1493 1077 quo
1553 1009 1831 1064 ineiiabili
1884 1012 2057 1065 modo

409 1077 595 1162 {igura
628 1097 903 1152 corporea
935 1101 1104 1156 posse
1138 1087 1370 1155 perduci
1397 1104 1409 1142 :
1456 1087 1537 1142 ita
1571 1093 1630 1142 ut
1660 1106 1904 1159 corpora
1935 1091 2060 1162 ipsa

411 1155 713 1216 hominum
765 1155 980 1219 alicubi
1029 1167 1286 1236 jaceant,
1336 1167 1588 1224 viventia
1647 1155 1908 1241 quidem,
1956 1155 2055 1226 sed

408 1241 590 1296 multo
643 1245 878 1309 gravius
925 1251 1098 1317 atque
1163 1248 1568 1307 vehementius
1630 1267 1803 1321 quam
1851 1269 2057 1308 somno

407 1321 532 1375 suis
565 1324 836 1379 sensibus
859 1328 1183 1395 obseratis;
1224 1330 1652 1396 pbantasticum
1686 1339 1878 1387 autem
1909 1333 2057 1389 illud

401 1401 580 1456 veluti
612 1411 952 1474 coporatum
985 1407 1040 1461 in
1067 1407 1318 1478 alicujus
1349 1411 1624 1466 animalis
1654 1413 1843 1484 el‘iigie
1873 1430 2056 1484 appa-

405 1487 528 1536 reat
549 1486 820 1540 sensibus
853 1487 1079 1554 alienis,
1107 1491 1356 1561 talisque
1387 1493 1557 1547 etiam
1592 1494 1698 1548 sibi
1727 1496 1898 1549 homo
1930 1511 2057 1550 esse

411 1562 690 1630 videatur,
724 1568 879 1621 sicut
926 1568 1064 1623 talis
1113 1571 1224 1624 sibi
1261 1572 1436 1625 videri
1471 1579 1669 1644 posset
1701 1575 1758 1628 in
1808 1576 2054 1643 somnis,

410 1647 466 1698 et
499 1650 725 1713 portare
748 1663 960 1704 onera:
995 1666 1120 1719 quae
1153 1667 1350 1713 onera,
1383 1652 1430 1706 si
1466 1669 1592 1707 vera
1622 1661 1760 1709 sunt
1788 1673 2054 1726 corpora,

404 1730 708 1806 portantur
747 1743 780 1780 a
818 1729 1200 1797 daemonibus,
1243 1737 1306 1784 ut
1357 1731 1636 1787 iiludatur
1685 1734 2054 1806 hominibus,

407 1803 619 1871 partim
661 1820 790 1858 vera
835 1822 1078 1862 onerum
1121 1825 1383 1878 corpora,
1420 1811 1621 1880 partim
1652 1803 2055 1882 jumentorum

408 1882 548 1938 falsa
598 1887 987 1941 cernentibus.
1018 1887 1163 1943 Nam
1210 1892 1448 1960 quidam
1498 1894 1735 1950 nomine
1773 1895 2056 1951 Praestan-

405 1962 524 2016 tius
575 1968 725 2033 patri
777 1982 883 2020 suo
932 1969 1248 2040 contigisse
1292 1971 1609 2039 indicabat,
1655 1979 1719 2028 ut
1770 1991 2057 2031 venenum

404 2040 544 2096 illud
581 2059 682 2114 per
710 2061 942 2102 caseum
990 2049 1048 2103 in
1090 2053 1262 2105 domo
1295 2068 1400 2106 sua
1446 2059 1723 2122 sumeret,
1755 2061 1813 2108 et
1835 2058 2060 2126 jaceret

409 2122 466 2178 in
519 2122 665 2180 lecto
723 2143 826 2182 suo
895 2129 1063 2197 quasi
1122 2131 1441 2198 dormiens,
1492 2134 1591 2204 qui
1641 2122 1853 2190 tamen'
1901 2136 2058 2192 nullo

407 2203 578 2258 modo
635 2212 862 2276 poterat
906 2211 1164 2265 excitari.
1219 2211 1356 2267 Post
1407 2203 1631 2284 aliquot
1689 2222 1884 2271 autem
1934 2218 2059 2271 dies

410 2297 539 2338 eum
574 2287 731 2340 velut
759 2288 1061 2358 evigilasse
1091 2291 1336 2356 dicebat,
1372 2301 1424 2346 et
1457 2295 1625 2363 quasi
1663 2296 1892 2350 somnia
1923 2314 2060 2352 nar-

408 2380 561 2420 rasse
589 2383 718 2437 quae
752 2385 962 2440 passus
993 2375 1102 2438 est,
1137 2372 1428 2428 caballum
1462 2391 1522 2428 se
1565 2375 1787 2432 scilicet
1817 2378 2056 2446 factum,

406 2459 700 2502 annonam
744 2448 898 2504 inter
943 2451 1060 2506 alia
1101 2452 1370 2522 jumenta
1413 2454 1705 2524 bajulasse
1744 2458 2056 2528 militibus,

408 2542 534 2597 quae
565 2527 778 2585 dicitur
828 2531 1046 2599 Retica,
1080 2535 1356 2604 quoniam
1390 2537 1460 2591 ad
1515 2537 1706 2594 Retias
1739 2542 1755 2575 ί
1789 2527 2058 2610 όθρονιειὲ

411 2611 525 2692 tur.
575 2611 737 2676 Quod
773 2613 872 2681 ita,
905 2617 969 2668 ut
1009 2617 1288 2683 narravit,
1324 2619 1536 2672 factum
1573 2619 1750 2675 fuisse
1793 2637 2055 2692 comper-

409 2691 532 2742 tum
563 2695 694 2745 est:
743 2709 876 2764 quae
916 2699 1111 2750 tamen
1157 2695 1210 2751 ei
1258 2713 1367 2752 sua
1413 2699 1640 2754 somnia
1686 2691 2052 2758 videbantur.

413 2766 698 2824 Indicavit
745 2777 801 2827 et
845 2772 992 2828 alius
1024 2791 1085 2830 se
1135 2776 1288 2831 domi
1322 2793 1439 2832 suae
1485 2795 1584 2847 per
1613 2785 1859 2846 noctem,
1894 2787 2055 2836 ante-

411 2863 588 2917 quam
624 2853 1032 2923 requiesceret,
1066 2856 1285 2912 vidisse
1305 2857 1630 2914 venientem
1664 2862 1730 2915 ad
1766 2877 1828 2916 se
1857 2878 2056 2933 quem-

409 2929 537 3014 dam
574 2930 986 3003 philosophum
1036 2937 1147 2991 sibi
1180 2939 1574 3004 notissimum,
1609 2941 1835 3010 sibique
1873 2929 2054 3014 expo-

404 3010 591 3065 suisse
616 3016 899 3069 nonnulla
925 3016 1236 3085 Platonica,
1262 3035 1388 3088 qua;
1419 3025 1590 3075 antea
1622 3026 1854 3092 rogatus
1887 3010 2055 3090 expc.

404 3105 537 3174 nere
569 3092 864 3174 noluisset.
901 3095 968 3150 Et
1016 3113 1128 3152 cun
1163 3097 1233 3152 ab
1277 3101 1480 3154 eodem
1533 3099 1878 3172 philosopho
1905 3118 2054 3174 quas-

405 3169 585 3225 situm
636 3173 861 3240 fuisset,
893 3191 998 3229 cur
1045 3177 1102 3230 in
1151 3181 1324 3232 domo
1376 3179 1500 3248 ejus
1537 3169 1940 3253 ’fecerit'quod
1991 3185 2051 3238 in

405 3251 579 3305 domo
621 3269 726 3308 sua
760 3256 973 3323 petenti
1010 3263 1356 3327 negaverat:
1391 3260 1509 3314 Non
1557 3261 1682 3328 feci,
1716 3251 1930 3332 inquit,
1961 3263 2052 3318 sed

404 3348 492 3384 me
509 3333 708 3400 fecisse
734 3337 1030 3391 somniavi.
1055 3339 1133 3392 Ac
1160 3354 1258 3406 per
1288 3338 1394 3393 hoc
1418 3338 1582 3394 alteri
1616 3357 1715 3411 per
1746 3343 2055 3412 imaginem

404 3411 828 3494 phantasticam
876 3417 1198 3472 exhibitum
1251 3424 1341 3474 est
1387 3419 1671 3492 vigilanti,
1704 3411 2051 3494 quodialter

401 3491 547 3548 vidit
576 3493 634 3549 in
665 3497 911 3553 somnis.

471 3574 524 3628 3.
559 3578 690 3631 Haec
722 3579 792 3633 ad
827 3595 930 3635 nos
963 3596 1074 3635 non
1115 3581 1602 3655 quibuscumque,
1637 3585 1912 3656 qualibus
1940 3603 2052 3642 cre-

402 3653 537 3708 dere
591 3663 934 3726 putaremus
990 3660 1324 3731 indignum,
1376 3653 1610 3718 sed'eis
1655 3653 2052 3722 referentibus

405 3745 814 3806 pervenerunt,
848 3757 990 3811 quos
1021 3743 1192 3798 nobis
1222 3760 1333 3799 non
1365 3744 1836 3803 existimaremus
1873 3749 2053 3804 fuisse

405 3816 697 3871 mentitos.
735 3821 980 3875 Proinde
1012 3822 1164 3891 quod
1195 3821 1465 3879 homines
1489 3825 1782 3893 dicuntur,
1816 3829 2051 3881 manda-

403 3900 639 3967 tumque
680 3903 768 3952 est
813 3899 1044 3968 litteris,
1079 3904 1149 3956 ab
1183 3903 1292 3957 diis
1336 3904 1420 3958 vel
1452 3906 1642 3976 potius
1688 3905 2051 3962 daemonibus

400 3977 718 4032 Arcadibus
749 3978 789 4046 ε,
825 3981 883 4034 in
918 3980 1089 4052 lupos
1122 3983 1307 4037 solere
1338 3986 1614 4050 converti,
1649 3990 1705 4041 et
1734 3987 1888 4058 quod

519 4128 856 4180 Carminibus
883 4131 1028 4181 Circe
1059 4132 1487 4200 socios‘mugtavit
1513 4137 1739 4200 Ulyssei,

1052 4195 1288 4256 (Virgil.
1321 4197 1506 4261 Eclog.
1539 4195 1597 4254 8;
1621 4216 1668 4250 υ.
1700 4199 1802 4262 70.)

401 4346 720 4398 secundum
781 4345 955 4399 istum
1013 4347 1247 4402 modum
1302 4352 1442 4405 mihi
1495 4351 1718 4406 videtur
1776 4355 1896 4411 fieri
1950 4374 2048 4426 p0-

403 4421 606 4484 tuisse,
633 4437 798 4488 quem
824 4424 937 4476 dixi
969 4441 980 4488 ;
1015 4423 1063 4476 si
1098 4428 1289 4480 tamen
1319 4429 1532 4483 factum
1566 4438 1672 4484 est.
1710 4421 2050 4490 Diomedeas

398 4504 588 4553 autem
643 4499 919 4570 volucres,
956 4503 1426 4570 quandoiuidem
1476 4527 1656 4574 genus
1700 4529 1898 4570 earum
1950 4533 2048 4586 per

396 4579 825 4634 successionem
879 4581 1214 4650 propaginis
1269 4588 1475 4642 durare
1528 4589 1882 4661 perhibetur,
1932 4579 2046 4651 non

395 4661 637 4715 mutatis
698 4661 1029 4716 hominibus
1090 4661 1293 4731 factas,
1339 4670 1439 4722 sed
1506 4669 1817 4724 subtractis
1874 4678 2046 4730 credo

393 4742 568 4798 fuisse
599 4744 970 4813 suppositas;
1007 4745 1161 4798 sicut
1203 4761 1365 4804 cerva
1411 4765 1513 4821 pro
1545 4750 1859 4818 iphigenia,
1896 4757 2045 4826 regis

393 4824 841 4889 Agamemnonis
867 4826 1005 4880 filia.
1032 4824 1225 4895 Neque
1247 4832 1402 4885 enim
1427 4830 1794 4885 daemonibus
1818 4824 2044 4903 judicio

394 4903 493 4958 Dei
529 4905 835 4976 permissis
881 4908 1218 4975 hujusmodi
1262 4912 1566 4982 praestigiae
1617 4911 1885 4970 difﬁciles
1915 4932 2044 4973 esse

393 4991 702 5055 potuerunt
731 5003 742 5040 :
777 4991 872 5040 sed
907 4987 1044 5058 quia
1079 4987 1175 5042 ilia
1215 4991 1375 5064 virgo
1421 4998 1625 5064 postea
1654 4993 1777 5049 viva
1817 5005 2044 5068 reperta

390 5074 491 5132 est,
527 5065 894 5135 suppositam
930 5085 1027 5136 pro
1060 5068 1158 5122 illa
1191 5085 1443 5136 cervam,
1477 5089 1604 5127 esse
1647 5074 1811 5131 facile
1842 5065 2038 5150 cogni-

391 5148 516 5199 tum
567 5152 655 5201 est
704 5145 802 5216 (a).
837 5146 988 5201 Socii
1030 5165 1157 5204 vero
1204 5151 1502 5208 Diomedis
1553 5156 1690 5224 quia
1752 5145 2038 5230 nusquam

460 5361 471 5392 ι
511 5360 658 5429 [ξων.-9
679 5359 766 5429 iui
791 5360 951 5409 retia.
986 5360 1172 5429 Melius
1200 5362 1328 5429 editi
1356 5364 1448 5429 alii
1478 5367 1530 5414 et
1557 5367 1698 5424 Mss.
1730 5372 1803 5420 ad
1829 5374 2036 5429 Retias,

390 5419 444 5494 id
473 5425 554 5494 est
582 5423 650 5470 ad
678 5423 949 5477 Retorum.
984 5437 1077 5472 seu
1106 5426 1166 5472 ut
1195 5424 1287 5471 alii
1306 5427 1567 5489 scribunt,
1588 5419 1905 5484 Ithaetorum
1927 5419 2040 5500 pro:

391 5495 484 5528 v1n
519 5498 528 5528 I
603 5521 610 5528 .

455 5496 595 5593 208?:
619 5559 801 5596 omnes
830 5549 950 5597 Mss.
983 5548 1139 5602 Editi.
1177 5547 1433 5597 Arcades.

449 5606 530 5674 (ᾳ)
552 5608 618 5674 _In
647 5610 1103 5674 confirmationem
1124 5611 1286 5672 hujus
1310 5612 1580 5665 doctrinae
1609 5619 1799 5671 similis
1818 5624 2042 5674 historia

391 5669 568 5716 exstat
597 5671 737 5729 apud
771 5672 1071 5736 Eusebium,
1108 5669 1368 5724 Historiae
1395 5669 1793 5735 ecclesiasticae
1819 5669 2036 5746 a687,

1467 305 1569 365 DE
1613 307 1981 370 CIVITATE
2025 310 2176 390 DEI,
2223 309 2286 373 S.
2333 313 2755 384 AUGUSTINI

3693 338 3811 400 516

2175 447 2368 504 subito
2397 462 2876 544 Icomparuerunt,
2909 463 2965 516 et
3015 469 3216 532 postea
3264 467 3421 526 nullo
3455 469 3578 526 loco
3625 489 3815 544 appa-

2175 536 2434 618 ruerunt,
2470 536 2844 600 perdentibus
2891 557 3007 625 eos“
3036 545 3320 602 ultoribus
3364 550 3587 620 angelis
3629 536 3818 625 malis,

2174 608 2231 689 in
2281 625 2380 665 eas
2425 627 2555 667 aves
2603 630 2730 685 quae
2777 635 2879 689 pro
2927 621 3046 678 illis
3101 633 3243 681 sunt
3291 608 3516 684 occulte
3575 647 3644 686 ex
3690 608 3822 689 aliis

2172 687 2335 754 locis,
2371 691 2467 746 ubi
2520 700 2604 748 est
2649 687 2988 770 hoc‘genu
3033 706 3249 773 avium,
3285 709 3355 762 ad
3404 725 3474 764 ea
3530 711 3656 765 loca
3689 729 3823 782 per-

2173 771 2358 856 ductae
2389 790 2455 856 ac
2498 783 2735 845 repente
2788 783 3128 856 suppositae,
3161 771 3474 844 creduntur
3521 809 3653 848 esse
3684 771 3823 849 eon-

2169 853 2340 945 versi.
2377 854 2537 945 Quod
2573 865 2760 915 autem
2805 861 3097 922 Diomedis
3115 853 3188 922 lin
3229 871 3514 940 templum
3551 876 3568 908 ί
3603 891 3824 945 aquam

2170 936 2370 1022 rostris
2414 937 2660 1022 afferunt
2722 946 2779 997 et
2832 954 3166 1019 aspergunt,
3217 936 3366 1022 quod
3437 936 3826 1012 blandiuntur

2167 1013 2538 1104 Gracigenis,
2582 1013 2942 1095 alienigenas
2993 1013 3444 1104 persequuntur,
3480 1038 3824 1094 mirandum

2165 1111 2278 1149 non
2311 1097 2542 1185 estﬁeri
2565 1103 2897 1160 daemonum
2928 1097 3204 1166 instinctu
3233 1131 3248 1180 ;
3275 1097 3524 1185 quorum
3552 1117 3821 1185 interest,

2163 1179 2514 1264 persuadere
2537 1183 2708 1264 deum
2745 1186 2957 1241 factum
2985 1205 3115 1246 esse
3145 1179 3510 1264 Diomedem,
3543 1198 3611 1251 ad
3656 1179 3822 1254 deci;

2164 1257 2725 1350 piendos‘homines,
2749 1274 2810 1321 ut
2840 1268 3016 1350 falsos
3048 1272 3185 1327 deos
3216 1289 3352 1330 cum
3386 1257 3508 1331 veri
3533 1279 3627 1332 Dei
3656 1279 3823 1350 inju-

2163 1335 2248 1388 ria
2282 1337 2498 1428 multos
2546 1342 2761 1410 colant,
2790 1352 2849 1401 et
2896 1347 3233 1406 hominibus
3277 1356 3542 1423 mortuis,
3577 1360 3682 1428 qui
3713 1335 3828 1415 nec

2161 1429 2290 1505 cura
2321 1419 2597 1489 viverent,
2631 1439 2761 1479 vere
2795 1427 3074 1496 vixerunt,
3109 1433 3359 1502 templis,
3390 1419 3696 1505 altaribus,
3729 1456 3829 1495 sa-

2163 1497 2420 1585 criﬁciis,
2455 1505 2851 1585 sacerdotibus
2884 1511 3032 1578 (qua:
3064 1497 3263 1566 omnia
3291 1529 3424 1569 cum
3469 1523 3627 1571 recta
3656 1497 3826 1585 sunt,

2166 1581 2396 1659 nonnisi
2437 1582 2537 1637 uni
2566 1589 2682 1640 Deo
2713 1587 2838 1641 vivo
2871 1596 2928 1644 et
2960 1607 3090 1648 vero
3133 1593 3442 1663 debentur)
3473 1581 3825 1655 inserviant.

2163 1745 2396 1805 CAPUT
2439 1750 2582 1806 XIX.
2615 1784 2684 1794 —
2716 1756 2868 1824 Quod
2897 1773 2957 1813 eo
2986 1764 3229 1831 tempore
3268 1763 3471 1819 Eneas
3503 1767 3562 1820 in
3595 1768 3828 1822 Italiam

2233 1833 2464 1896 venerit,
2491 1849 2594 1904 quo
2623 1836 2850 1893 Labdon.
2879 1841 3062 1896 ludes:
3081 1844 3413 1911 prandebat
3441 1847 3712 1904 Hebraeis.

2236 1967 2312 2024 Eo
2344 1973 2604 2043 tempore
2636 1978 3025 2054 postqcaptam
3070 1977 3299 2048 Trojam
3334 1985 3509 2052 atque
3541 1982 3820 2054 deletam,

2165 2047 2356 2130 Eneao
2413 2067 2542 2106 cum
2593 2053 2793 2124 viginti
2843 2057 3109 2128 navibus,
3157 2047 3370 2130 quibus
3414 2047 3826 2130 portabantur

2166 2128 2422 2201 reliquis:
2475 2133 2885 2204 Trojanorum,
2927 2137 2987 2192 in
3037 2128 3261 2195 Italiam
3313 2128 3490 2211 venit,
3535 2151 3823 2216 regnante

2281 2210 2498 2297 Latino,
2523 2219 2579 2267 et
2605 2217 2758 2297 apud
2787 2216 3172 2274 Athenienses
3223 2209 3550 2279 Menestheo
3579 2209 3625 2290 ’ξ
3654 2227 3816 2297 apud

2164 2289 2466 2358 Sicyonios
2526 2293 2857 2365 Poiyphide,
2920 2301 3072 2366 apud
3123 2300 3390 2371 Assyrios
3449 2289 3716 2360 Tantane
3751 2308 3822 2368 ³;

2163 2373 2316 2440 apud
2368 2375 2639 2430 Hebraeos
2675 2379 2867 2431 autem
2898 2379 3079 2434 Judes
3133 2380 3370 2437 Labdon
3417 2384 3546 2438 fuit.
3590 2388 3821 2443 Mortuo

2163 2461 2352 2508 autem
2389 2454 2592 2510 Latino
2620 2458 2878 2527 regnavit
2911 2460 3117 2515 Encas
3149 2463 3337 2518 tribus
3361 2465 3555 2532 annis,
3592 2467 3818 2524 eisdem

2163 2530 2223 2618 in
2255 2535 2604 2618 supradictis
2636 2537 2777 2592 locis
2811 2541 3184 2596 manentibus
3218 2545 3480 2614 regibus,
3519 2530 3634 2602 nisi
3668 2549 3820 2618 quod

2164 2612 2569 2692 Sicyoniorum
2614 2617 2733 2686 jam
2788 2619 3112 2692 Pelasgus‘
3150 2612 3308 2692 erat;
3336 2630 3392 2678 et
3439 2612 3818 2683 Hebraeorum

2159 2691 2347 2748 Judex
2378 2695 2655 2752 Samson:
2705 2697 2802 2768 qui
2851 2716 2982 2754 cum
3037 2701 3384 2758 mirabiliter
3428 2705 3596 2762 fortis
3642 2714 3818 2775 esset,

2161 2781 2398 2845 putatus
2419 2783 2507 2832 est
2527 2777 2824 2834 Hercules.
2848 2779 2958 2836 Sed
2990 2781 3251 2850 Eneam,
3273 2787 3552 2855 quoniam
3575 2789 3818 2858 quando

2162 2861 2425 2911 mortuus
2473 2864 2584 2922 est,
2619 2875 2731 2914 non
2783 2864 3129 2932 comparuit.
3163 2865 3338 2919 deum
3388 2867 3494 2920 sibi
3548 2868 3820 2923 fecerunt

2160 2935 2365 2990 Latini.
2390 2938 2585 2994 Sabini
2620 2939 2788 2995 etiam
2823 2957 3011 3011 regem
3037 2960 3209 2998 suum
3247 2945 3491 3014 primum
3526 2946 3818 3016 Sancum,

2159 3016 2280 3071 sive
2315 3021 2379 3070 ut
2417 3018 2597 3090 aliqui
2649 3021 2945 3091 appellant
2991 3022 3271 3080 Sanctum
3293 3025 3338 3090 ⁵,
3371 3027 3702 3083 retulerunt
3752 3030 3812 3084 in

2157 3097 2316 3152 deos.
2350 3099 2457 3154 Per
2486 3101 2639 3156 idem
2674 3110 2906 3173 tempus
2939 3103 3182 3174 Codrus,
3206 3123 3302 3161 rex
3335 3107 3808 3177 Atheniensium,

2159 3181 2693 3251 Peloponnensibus
2740 3185 3002 3255 ejusdem
3043 3187 3312 3242 hostibus
3344 3189 3597 3244 civitatis
3630 3206 3695 3245 se
3725 3192 3815 3244 in-

2153 3261 2558 3318 terficiendum
2604 3263 2835 3332 ignotus
2883 3267 3096 3336 objecit
3128 3284 3139 3322 :
3173 3273 3228 3322 et
3259 3268 3478 3323 factum
3531 3274 3640 3325 est.
3695 3271 3811 3326 Hoc

2157 3342 2477 3411 modoleum
2501 3345 2812 3413 praedicant
2836 3348 3084 3418 patriam
3111 3349 3408 3404 liberasse.
3434 3354 3808 3422 Responsum

2155 3423 2311 3479 enim
2345 3431 2682 3492 acceperant
2712 3425 3180 3495 Peloponnenses
3209 3434 3334 3484 tum
3356 3430 3594 3485 demum
3629 3449 3693 3486 se
3715 3449 3811 3486 su-

2156 3509 2477 3573 peraturos,
2502 3504 2551 3558 si
2584 3521 2782 3560 eorum
2814 3523 3007 3578 regem
3042 3525 3155 3563 non
3186 3509 3561 3565 occidissent.
3586 3510 3817 3566 Fefellit

2157 3601 2293 3656 ergo
2339 3600 2438 3640 eos
2486 3584 2691 3639 habitu
2741 3589 3014 3659 pauperis
3060 3593 3415 3660 appareodo,
3446 3597 3505 3644 et
3536 3591 3596 3644 in
3653 3609 3818 3646 suam

2158 3681 2358 3720 necem
2409 3681 2506 3734 per
2545 3666 2805 3736 jurgium
2857 3671 3246 3738 provocando.
3280 3668 3444 3724 Unde
3491 3670 3571 3724 ait
3621 3671 3816 3743 Virgi-

2156 3745 2320 3801 lius:
2372 3746 2487 3801 Et'
2521 3747 2720 3818 jurgia
2774 3747 2943 3803 Codri
2992 3750 3126 3821 (Ecl.
3178 3767 3230 3818 ν,
3276 3768 3327 3805 υ.
3383 3751 3492 3820 ii).
3545 3752 3616 3805 Et
3665 3751 3819 3808 hunc

2159 3825 2542 3882 Athenienses
2573 3832 2852 3898 tanquam
2903 3831 3075 3884 deum
3121 3830 3540 3886 sacrificiorum
3595 3831 3816 3888 honore

2158 3907 2484 3964 coluerunt.
2507 3907 2720 3970 Quarto
2773 3908 3108 3965 Latinorum
3141 3926 3276 3981 rege
3304 3911 3480 3966 Silvio
3520 3913 3713 3967 Emesa
3748 3913 3812 3966 ii-

2158 3985 2256 4053 iiu,
2291 4003 2403 4040 non
2437 3987 2508 4041 de
2538 3987 2774 4054 Creusa,
2809 3989 2878 4043 de
2905 4005 3019 4058 qua
3067 3989 3173 4044 fuit
3204 3991 3510 4058 Ascanius,
3544 3992 3645 4061 qui
3696 3997 3817 4046 ter-

2158 4066 2276 4121 tius
2306 4065 2386 4121 ibi
2419 4069 2705 4138 regnavit,
2739 4067 2843 4122 sed
2870 4069 2942 4122 de
2975 4069 3207 4124 Lavinio
3238 4069 3425 4125 Latini
3452 4070 3594 4134 ﬁlia,
3631 4087 3809 4143 quem

2158 4147 2543 4218 posthumum
2593 4148 2798 4204 Eneas
2829 4149 3045 4205 dicitur
3083 4149 3362 4206 habuisse
3393 4169 3407 4218 ;
3441 4151 3809 4223 Assyriorum

2155 4388 2267 4436 cap.
2301 4375 2376 4439 4}
2417 4393 2447 4439 «γ
2475 4375 2613 4439 Dum
2666 4379 2809 4439 apud
2860 4377 3169 4429 Caesaream
3201 4393 3235 4431 a
3269 4379 3529 4431 Gentibus
3563 4381 3818 4432 solemnis

2158 4458 2184 4505 ᾳ
2216 4436 2392 4505 hostia
2436 4436 2821 4505 immolaretur,
2851 4441 3050 4490 factum
3098 4445 3179 4492 est
3219 4446 3281 4492 ut
3331 4457 3494 4505 opera
3538 4445 3819 4494 daemonis

2154 4502 2308 4548 tanta
2339 4502 2478 4548 esset
2511 4502 2724 4550 sublata
2751 4505 3038 4559 celeritate.
3068 4507 3131 4554 ut
3184 4502 3456 4556 videretur
3513 4507 3572 4555 in
3617 4507 3814 4557 cceium

2154 4581 2180 4606 α
2212 4562 2353 4610 elata
2385 4563 2594 4632 iuisse_;_
2616 4566 2707 4632 sed
2725 4579 2846 4614 cum
2874 4567 3339 4632 quidamﬂnomine
3368 4571 3618 4632 Astyrins
3650 4571 3814 4619 Deum

2156 4643 2181 4668 «
2206 4627 2432 4685 rogaret,
2465 4640 2531 4676 ne
2549 4627 2639 4694 ita
2667 4628 2865 4694 sineret
2891 4627 3218 4680 'hominibus
3263 4632 3436 4682 illudi.
3467 4627 3659 4694 'aperti
3688 4635 3815 4682 sunt

2153 4705 2179 4731 α
2210 4700 2393 4736 eorum
2449 4689 2607 4741 oculi.
2663 4693 2725 4739 ut
2780 4692 3025 4742 viderent
3076 4694 3307 4743 hostiam
3384 4689 3540 4743 illam
3608 4695 3680 4744 ad
3735 4695 3814 4743 vi-

2151 4750 2356 4860 Ecinas
2414 4752 2632 4814 paludes
2686 4753 2852 4803 fuisse
2909 4755 3140 4805 delatam
3177 4760 3338 4820 atque
3392 4757 3468 4805 ibi
3512 4758 3752 4808 haerere.
3787 4774 3807 4804 ι

2190 4827 2408 4860 οουΑιηε.

2190 4827 2408 4866 OQUABUS.

2217 4879 2231 4912 ι
2293 4877 2465 4926 Nostri
2520 4877 2741 4934 codices,
2801 4879 2954 4939 Quod
3009 4889 3196 4930 autem
3241 4882 3522 4932 Diomedis
3585 4883 3806 4945 templo.

2213 5000 2249 5069 9_
2264 4999 2348 5050 Sic
2377 5002 2533 5069 Vind.
2566 5004 2682 5069 A_m.
2714 5004 2767 5052 et
2794 5004 3146 5069 manuscripti
3193 5020 3313 5056 cum
3349 5006 3593 5056 Eusebio.
3627 5007 3697 5057 At
3722 5006 3808 5055 Er.

2147 5065 2202 5112 et
2228 5064 2374 5116 Lov.,
2406 5065 2702 5114 Mnestheo.

2213 5126 2234 5191 ξ
2269 5125 2421 5191 Vind.
2453 5129 2552 5174 Am
2600 5131 2653 5178 et
2684 5129 2889 5191 aliquot
2914 5131 3020 5179 Mss
3046 5168 3059 5190 ,
3080 5131 3320 5181 Antane.
3351 5133 3456 5188 vel,
3488 5132 3729 5180 Autane.

2211 5189 2231 5256 ξ
2254 5190 2397 5256 Αωχν
2434 5191 2699 5256 Pelagus.
2732 5189 2924 5256 Magius
2947 5189 3075 5248 Ms.,
3101 5196 3352 5256 Pela/us.

2212 5250 2233 5283 ⁶
2254 5250 2406 5320 Vind.
2445 5250 2690 5320 Am_.’Er.,
2721 5250 3032 5320 Xanthum.
3063 5257 3178 5305 sive
3207 5250 3271 5307 ut
3303 5257 3492 5320 aliqui
3514 5257 3805 5320 appellant

2145 5314 2466 5382 ξςαηιήἰξιγη
2533 5317 2658 5364 Lov.
2702 5318 2875 5379 priore
2915 5319 3049 5373 loco.
3100 5314 3518 5382 Sangumfubi
3545 5314 3802 5382 plerique

2145 5377 2288 5435 Mss,
2349 5379 2594 5426 Sancum
2653 5377 2774 5436 ;'et
2850 5382 3115 5438 nonnulli,
3178 5377 3481 5432 Senonum.
3533 5377 3798 5432 Sanctum

2145 5441 2590 5505 vocat__07vidius.
2629 5441 2786 5505 iFast.
2845 5445 2938 5492 lib.
2999 5444 3047 5505 6,
3104 5459 3245 5494 vers.
3277 5446 3387 5497 217.
3449 5444 3562 5493 218.
3604 5446 3664 5494 In
3713 5446 3801 5493 La-

2145 5502 2362 5571 ctantii_
2389 5504 2464 5551 lib
2546 5503 2820 5571 1_lnstitg..
2879 5502 3150 5571 _cap.'715.
3209 5508 3236 5571 §
3291 5509 3340 5562 8.
3403 5509 3601 5569 legitur
3654 5512 3800 5556 San-

2145 5579 2290 5631 gam.
2343 5565 2402 5612 In
2435 5567 2692 5631 _quadam
2747 5565 2983 5631 ejusdem
3042 5565 3306 5620 Lactantii
3371 5565 3602 5621 editione
3644 5571 3799 5620 Vives

2144 5626 2258 5674 Sari
2267 5640 2402 5689 gum
2435 5629 2658 5689 legebat.

2213 5689 2232 5720 ⁶
2263 5687 2348 5737 Sic
2376 5687 2545 5738 nostri
2571 5691 2791 5742 codices.
2820 5692 2883 5742 In
2915 5694 2989 5754 B.,
3028 5693 3159 5744 Aut.
3189 5697 3256 5746 Μ.
