4110 6196
295 344 411 402 577

291 480 486 532 autem
517 473 794 531 vicesimo
823 475 878 530 et
908 488 1056 528 nono
1092 472 1248 529 Oneo
1278 475 1336 528 et
1364 470 1660 528 Melantho
1693 471 1938 530 Atheni-

291 557 524 613 ensium
579 562 739 612 sexto
787 555 1030 620 decimo,
1075 554 1280 610 Judice
1327 561 1516 609 autem
1570 554 1940 609 Hebraeorum

290 636 417 692 Heli
448 636 770 703 sacerdote,
805 651 1044 703 regnum
1086 633 1491 706 Sicyoniorum
1527 640 1940 704 consumptum

291 725 396 783 est,
426 716 580 787 quod
607 731 708 786 per
736 732 922 770 annos
955 723 1278 783 nongentos
1309 715 1729 786 quinquaginta
1758 721 1812 769 et
1844 731 1938 769 no-

291 813 422 854 vem
455 796 702 852 traditur
733 796 916 852 fuisse
946 800 1297 867 porrectum.

291 932 527 990 CAPUT
559 933 681 989 XX.
715 965 781 974 —
840 934 913 988 De
958 935 1291 989 successione
1337 931 1550 988 ordinis
1596 932 1740 1003 regii
1785 933 1941 1004 apud

603 1013 886 1069 Israelilas
913 1017 1030 1086 post
1058 1013 1336 1070 Iudicium
1371 1018 1635 1085 tempora.

365 1141 497 1196 Mox
528 1140 747 1195 eisdem
783 1154 884 1211 per
914 1139 1040 1195 loca
1072 1145 1396 1196 memorata
1426 1140 1828 1209 regnantibus,
1862 1139 1944 1194 Is-

292 1219 630 1276 raelitarum
686 1237 956 1292 regnum,
1018 1221 1180 1276 linito
1239 1226 1501 1292 tempore
1557 1221 1853 1289 Judicum,
1913 1237 1948 1275 a

290 1300 464 1356 Saule
495 1316 628 1372 rege
667 1301 920 1372 sumpsit
965 1301 1264 1356 exordium
1301 1319 1313 1357 :
1363 1318 1476 1372 quo
1529 1307 1790 1372 tempore
1836 1299 1948 1355 l'uit

287 1380 524 1437 Samuel
557 1381 862 1454 propheta.
893 1382 980 1437 Ab
1031 1381 1132 1437 illo
1175 1382 1355 1453 igitur
1403 1389 1664 1454 tempore
1693 1381 1752 1436 bi
1787 1397 1944 1452 reges

290 1465 632 1522 Latinorum
665 1483 792 1522 esse
818 1470 1135 1537 coeperunt,
1170 1483 1314 1537 quos
1346 1465 1800 1538 cogominabant
1827 1465 1944 1519 Sil-

285 1546 414 1602 vios
447 1563 460 1601 :
494 1546 569 1600 ab
597 1563 665 1602 eo
692 1547 910 1618 quippe
941 1546 1042 1617 qui
1084 1546 1242 1601 ﬁlius
1271 1547 1461 1602 Ensis
1495 1547 1716 1617 primus
1752 1547 1943 1600 dictus

288 1635 375 1684 est
406 1625 642 1693 Silvius,
675 1627 896 1682 caeteris
946 1629 1275 1683 subsecutis
1323 1633 1378 1683 et
1421 1628 1652 1698 propria
1705 1627 1943 1682 nomina

286 1707 767 1778 imponebantur,
800 1712 856 1763 et
900 1706 1008 1763 hoc
1057 1724 1172 1763 non
1213 1707 1397 1762 defuit
1444 1713 1938 1780 cognomentum;

285 1788 442 1844 sicut
471 1788 643 1861 longe
690 1795 890 1860 postea
919 1790 1170 1845 Caesares
1211 1790 1603 1862 cognominati
1642 1794 1796 1856 sunt,
1840 1789 1940 1860 qui

286 1877 698 1926 successerunt
755 1871 960 1926 Caesari
1024 1874 1301 1941 Augusto.
1362 1871 1685 1941 Reprobato
1743 1875 1938 1926 autem

285 1950 486 2020 Saiile,
520 1967 590 2006 ne
622 1951 928 2022 quisquam
961 1967 1029 2006 ex
1059 1953 1186 2020 ejus
1217 1954 1399 2022 stirpe
1432 1956 1721 2022 regnaret,
1753 1966 1940 2022 eoque

294 2031 595 2100 defuncto,
629 2032 807 2087 David
840 2034 1120 2087 successit
1148 2032 1206 2087 in
1259 2048 1500 2102 regnum
1537 2038 1664 2102 post
1695 2049 1880 2087 annos
1908 2048 1941 2086 a

286 2112 489 2168 Saulis
519 2114 764 2184 imperio
796 2113 1184 2184 quadraginta
1213 2114 1313 2182 (ιι).
1344 2112 1508 2168 Tunc
1554 2112 1940 2168 Athenienses

285 2191 504 2248 habere
534 2193 740 2247 deinde
788 2209 953 2263 reges
987 2197 1118 2263 post
1163 2193 1333 2248 Codri
1367 2192 1660 2246 interitum
1701 2192 1939 2246 destite-

288 2279 453 2339 runt,
514 2277 571 2327 et
623 2273 994 2342 magistratus
1050 2272 1264 2328 habere
1320 2277 1622 2342 coeperunt
1659 2271 1941 2327 adminis-

293 2352 519 2406 trandas
567 2351 900 2422 reipublicae
939 2351 1035 2423 (b).
1072 2352 1203 2407 Post
1236 2355 1431 2421 David,
1465 2352 1564 2422 qui
1609 2353 1781 2406 etiam
1817 2352 1942 2422 ipse

283 2433 682 2504 quadraginta
729 2435 988 2504 regnavit
1035 2449 1241 2499 annos,
1279 2434 1434 2488 filius
1481 2435 1607 2504 ejus
1666 2431 1940 2488 Salomon

279 2528 386 2566 rex
418 2513 813 2568 Israelitarum
844 2515 968 2581 fuit,
1003 2514 1098 2584 qui
1131 2514 1409 2584 templum
1452 2514 1597 2569 illud
1631 2514 1939 2569 nobilissi-

283 2610 450 2648 mum
472 2593 571 2647 Dei
595 2593 1146 2666 Jerosolymitanum
1169 2597 1453 2652 condidit.
1474 2596 1653 2665 Cujus
1685 2602 1941 2664 tempore

280 2673 448 2745 apud
503 2673 737 2730 Latinos
785 2676 1017 2729 condita
1064 2680 1149 2730 est
1197 2675 1364 2743 Alba,
1399 2692 1467 2730 ex
1505 2693 1619 2747 qua
1669 2677 1942 2746 deinceps

291 2770 415 2809 non
452 2753 812 2819 Latinorum,
837 2757 933 2810 sed
967 2755 1319 2811 Albanorum
1355 2772 1514 2825 reges
1546 2756 1848 2824 appellari,
1882 2759 1940 2811 in

283 2838 494 2890 eodem
528 2843 718 2890 tamen
755 2835 937 2901 Latio,
980 2843 1298 2906 coeperunt.
1339 2837 1635 2892 Salomoni
1668 2835 1943 2891 successit

285 2915 454 2970 ﬁlius
483 2915 608 2986 ejus
640 2914 924 2981 Roboam,
957 2918 1068 2971 sub
1100 2934 1212 2985 quo
1247 2918 1302 2970 in
1333 2918 1448 2970 duo
1485 2933 1661 2987 regna
1693 2917 1942 2987 populus

277 2994 386 3051 ille
420 2997 638 3050 divisus
686 3001 796 3065 est,
836 3001 893 3051 et
951 2996 1195 3068 singulae
1255 3004 1448 3068 partes
1501 3013 1640 3052 suos
1680 2997 1941 3067 singulos

284 3091 464 3147 reges
497 3075 710 3131 habere
738 3081 1054 3148 cmperunt.

287 3201 524 3258 CAPUT
553 3201 692 3258 XXI.
735 3231 803 3243 —
855 3203 924 3259 De
969 3203 1186 3273 regibus
1243 3203 1412 3269 Latii,
1461 3220 1694 3275 quorum
1730 3205 1945 3275 primus

380 3284 603 3350 lineas,
633 3287 686 3338 et
713 3282 1064 3339 duodecimae
1094 3284 1391 3339 Aventinus
1420 3284 1502 3338 dii
1528 3285 1670 3355 [acti
1695 3288 1844 3339 sunt.

363 3406 599 3463 Latium
625 3413 755 3478 post
785 3409 1043 3475 Eneam,
1066 3425 1238 3479 quem
1267 3409 1437 3463 deum
1467 3409 1738 3476 fecerant,
1767 3410 1948 3463 unde-

290 3491 409 3545 cim
455 3505 620 3560 reges
667 3490 890 3556 habuit,
924 3506 1166 3561 quorum
1201 3489 1396 3544 nullus
1441 3490 1585 3545 deus
1617 3491 1804 3543 factus
1835 3494 1942 3544 est.

291 3571 612 3624 Aventinus
652 3576 843 3625 autem
898 3572 999 3640 qui
1034 3569 1381 3625 duodecimo
1421 3568 1545 3624 loco
1586 3569 1824 3624 [Eneam
1859 3585 1947 3624 se-

292 3651 518 3721 quitur,
549 3665 683 3705 cum
716 3655 870 3706 esset
915 3655 1238 3720 prostratus
1287 3649 1346 3703 in
1390 3648 1561 3715 bello,
1596 3655 1651 3703 et
1681 3647 1950 3718 sepultus

293 3729 354 3786 in
407 3745 473 3784 eo
526 3739 738 3799 monte,
779 3731 879 3801 qui
938 3730 1114 3785 etiam
1149 3745 1303 3784 nunc
1332 3730 1464 3798 ejus
1514 3731 1749 3784 nomine
1794 3745 1951 3783 nun-

296 3812 570 3879 cupatur,
613 3809 854 3865 deorum
927 3810 1155 3878 talium,
1214 3808 1413 3881 quales
1462 3809 1573 3863 sibi
1642 3809 1948 3880 faciebant,

298 3906 550 3945 numero
581 3899 668 3945 est
698 3891 954 3946 additus.
1007 3890 1116 3945 Alii
1176 3907 1313 3946 sane
1364 3889 1681 3945 noluerunt
1719 3906 1853 3944 eum
1894 3889 1952 3944 in

302 3969 508 4042 praelio
560 3971 810 4027 scribere
871 3972 1154 4038 occisum,
1213 3972 1314 4026 sed
1381 3988 1494 4026 non
1558 3971 1954 4040 comparuisse

302 4054 628 4110 dixerunt:
688 4054 783 4107 sed
846 4069 952 4108 nec
985 4068 1052 4107 ex
1082 4052 1211 4122 ejus
1258 4051 1536 4107 vocabulo
1592 4050 1954 4120 appellatum

306 4139 596 4200 montem,
647 4136 748 4188 sed
797 4150 865 4188 ex
914 4133 1168 4187 adventu
1221 4133 1412 4187 avium
1457 4132 1678 4186 dictum
1719 4130 1957 4184 Aventi-

305 4230 452 4267 num
487 4214 579 4282 (ε).
615 4211 750 4267 Post
778 4212 934 4267 hunc
969 4229 1079 4266 non
1114 4216 1203 4266 est
1249 4215 1391 4265 deus
1435 4211 1621 4265 lactus
1667 4209 1724 4264 in
1776 4209 1956 4274 Latio,

306 4295 424 4350 nisi
461 4295 742 4348 Romulus
787 4293 1052 4349 conditor
1106 4293 1317 4348 Romae.
1352 4292 1505 4346 lnter
1550 4293 1726 4345 istum
1759 4296 1957 4344 autem

307 4382 363 4429 et
396 4375 567 4427 illum
618 4390 781 4444 reges
837 4374 1209 4443 reperiuntur
1237 4375 1351 4427 duo
1385 4389 1398 4427 :
1433 4387 1681 4442 quorum
1732 4371 1960 4441 primus

307 4459 422 4520 est,
457 4458 522 4507 ut
551 4452 865 4523 Virgiliano
897 4469 1028 4506 eum
1063 4469 1226 4507 versu
1263 4452 1502 4522 eloquar
1535 4453 1576 4517 ¹,

402 4549 685 4601 Proximus
712 4550 804 4600 ille
831 4550 1038 4607 Procas,
1069 4550 1326 4613 Troianae
1356 4550 1532 4613 gloria
1558 4549 1749 4613 gentis.

984 4613 1224 4676 (dineid.
1265 4611 1433 4670 lia—6,
1467 4627 1608 4659 vers.
1638 4611 1773 4672 767).

313 4707 497 4777 Cujus
532 4712 788 4778 tempore
837 4706 972 4777 quia
995 4706 1118 4775 jam
1152 4707 1580 4776 quodammodo
1615 4705 1797 4760 Roma
1830 4721 1967 4774 par-

315 4789 666 4856 turiebatur,
696 4788 844 4843 illud
873 4790 1134 4842 omnium
1170 4801 1475 4856 regnorum
1512 4786 1830 4840 maximum
1866 4787 1968 4840 As-

319 4869 613 4936 syriorum
674 4869 850 4924 ﬁnem
911 4872 1081 4922 tanta!
1129 4865 1529 4920 diuturnitatis
1587 4866 1831 4936 accepit.
1881 4867 1965 4920 Ad

321 4947 524 5004 Medos
585 4950 801 5020 quippe
859 4947 1204 5004 translalum
1255 4954 1334 5001 est
1386 4949 1517 5016 post
1564 4962 1748 5000 annos
1791 4946 1968 5001 ferme

323 5029 484 5084 mille
514 5035 805 5085 trecentos
835 5029 1114 5099 quinque,
1141 5031 1205 5080 ut
1234 5027 1407 5080 etiam
1437 5025 1578 5092 Beli,
1609 5025 1706 5095 qui
1756 5023 1970 5082 Ninum

319 5109 544 5182 genuit,
577 5114 634 5165 et
689 5108 810 5165 illic
850 5125 1025 5180 parvo
1073 5112 1382 5163 contentus
1442 5106 1684 5178 imperio
1742 5108 1970 5178 primus

322 5283 401 5390 M1
432 5279 518 5329 Sic
545 5281 714 5330 nostri
741 5293 924 5331 omnes
955 5280 1076 5330 Mss.
1112 5280 1174 5328 In
1221 5279 1298 5334 B.,
1340 5277 1560 5340 loquar,
1607 5277 1786 5324 minus
1813 5279 1968 5327 recte.

379 5380 462 5465 ‘(a)
496 5406 592 5454 Tot
637 5407 778 5456 enim
835 5408 990 5456 annis
1017 5405 1261 5467 regnavit
1299 5403 1426 5452 Saul
1449 5416 1515 5451 ex
1544 5402 1709 5451 sacris
1742 5401 1971 5467 Litteris,

320 5467 388 5531 ΙΙ,
419 5469 524 5528 Reg
571 5483 625 5524 ll.
659 5469 736 5528 1ο,
779 5472 834 5519 et
859 5484 926 5518 ex
965 5464 1208 5531 Josepho.
1240 5467 1566 5531 Eupolemus
1587 5479 1730 5531 vero.
1761 5464 1852 5526 qui
1882 5464 1974 5515 He-

323 5530 603 5596 braeorum
632 5533 946 5596 conscripsit
972 5528 1266 5586 historiam,
1286 5532 1496 5578 tantum
1519 5528 1777 5590 vigintiet
1804 5541 1972 5576 unum

324 5593 490 5654 ponit.
524 5595 638 5642 Lm).
674 5595 834 5644 VIYBB.

392 5655 459 5712 ib)
489 5657 682 5712 Nempe
709 5659 1014 5708 Archontes.
1048 5657 1113 5706 M.

398 5718 457 5780 (ο)
489 5715 939 5774 γίᾱΝαι-ιιοιιοω.
975 5722 1040 5774 de
1065 5721 1267 5782 Lingua
1296 5716 1486 5780 latina,
1514 5716 1610 5766 lib.
1640 5715 1689 5773 5,
1722 5720 1746 5774 ς
1780 5715 1858 5767 43.

1492 339 1722 400 LIBER
1766 339 2110 423 DECIMUS
2154 341 2534 408 OCTAVUS.

3578 375 3696 435 578

2051 489 2149 530 rex
2182 475 2308 566 fuit,
2335 481 2599 566 tempora
2629 492 3080 566 computentur.
3125 495 3334 555 Procas
3374 508 3570 560 autem
3605 523 3700 562 re-

2051 563 2253 649 gnavit
2299 563 2785 649 antenAmulium.
2821 570 2995 626 Porro
3043 577 3320 635 Amulius
3373 584 3568 640 fratris
3611 587 3702 643 sui

2050 634 2375 729 Numitoris
2421 641 2879 729 rfiliamﬂRbeam
2922 657 3177 724 nomine,
3211 634 3341 729 quas

2050 718 2386 813 vocabatur,
2420 719 2652 813 Romuli
2686 735 2951 795 matrem,
2987 718 3272 794 Vestalem
3304 718 3587 813 virginem
3602 718 3702 802 is:

2048 803 2226 898 ce‘rat,
2257 805 2663 898 quain‘volunt
2711 807 2780 864 de
2813 811 2995 868 Marte
3024 821 3289 885 geminos
3338 803 3696 898 councepisse,

2049 881 2161 967 isto
2195 881 2367 967 modo
2397 888 2695 967 stroprum
2728 893 2854 959 ejus
2887 881 3258 967 honorantes,
3294 905 3377 958 vel
3419 881 3707 964 excusati,-

2050 963 2249 1051 testet
2279 963 2622 1051 adhibentes
2664 984 3104 1046 argumentum,
3136 963 3291 1051 quod
3325 963 3580 1043 infantes
3612 963 3707 1045 ex-

2056 1041 2277 1131 positos
2308 1041 2448 1131 lupa
2480 1051 2804 1131 nutriverit.
2842 1053 2958 1110 Hoc
2989 1041 3366 1131 enim-genus
3399 1041 3597 1123 bestiis

2056 1119 2299 1222 lidatlte‘m
2323 1129 2661 1222 existimant
2685 1135 2994 1222 pertinere,
3017 1145 3081 1194 ut
3110 1119 3382 1200 videlicet
3558 1119 3701 1222 lupa

2055 1205 2323 1297 credatur
2349 1205 2681 1297 admovisse
2719 1216 2898 1271 ubera
2929 1222 3208 1289 parvulis,
3241 1228 3382 1296 quia
3413 1229 3565 1285 ﬁlios
3597 1205 3709 1286 ὀιο-

2054 1287 2325 1383 sui
2361 1287 2563 1345 Martis
2595 1296 2830 1383 agnovit
2865 1314 2877 1350 :
2909 1287 3200 1383 quamvis
3234 1287 3345 1361 n-on
3381 1308 3574 1366 desint
3605 1313 3707 1383 qui

2053 1361 2443 1457 dicant,.cum
2495 1375 2738 1457 expositi
2793 1361 3088 1448 vagientes
3130 1384 3416 1457 jacerent,
3449 1406 3482 1443 a
3514 1361 3707 1448 nescio

2051 1459 2165 1540 qua
2204 1455 2453 1538 primum
2499 1455 2804 1540 meretrice
2865 1461 3046 1516 fuisse
3077 1464 3368 1534 collectos,
3400 1455 3456 1524 et
3489 1473 3707 1540 primas

2050 1532 2177 1620 ejus
2209 1532 2438 1620 suxisse
2471 1532 2760 1620 mamillae
2791 1540 3148 1602 (meretrices
3176 1532 3368 1601 autem
3404 1532 3574 1620 lupas
3605 1567 3708 1606 vo-

2049 1606 2284 1698 cabant,
2321 1611 2474 1665 unde
2524 1612 2700 1703 etiam
2736 1633 2888 1673 nunc
2918 1623 3110 1693 turpia
3140 1624 3265 1680 loca
3307 1606 3507 1685 earum
3541 1631 3707 1703 lupa-

2049 1696 2212 1742 naria
2245 1696 2708 1779 nuncupantur),
2743 1708 2794 1752 et
2841 1716 2938 1756 eos
2988 1709 3190 1770 postea
3231 1709 3301 1763 ad
3361 1696 3702 1770 Faustulum

2050 1782 2394 1860 pervenisse
2431 1779 2740 1844 pastorem,
2784 1785 2958 1850 atque
3015 1784 3087 1838 ab
3147 1787 3276 1856 ejus
3328 1792 3479 1846 Acca
3529 1809 3704 1850 uxore

2049 1853 2324 1906 nutritos.
2359 1853 2726 1937 Quamquam
2773 1861 2819 1914 si
2872 1864 2939 1917 ad
2995 1853 3352 1937 arguendum
3403 1871 3702 1931 hominem

2047 1947 2264 2026 regem,
2434 1954 2536 2026 eos
2568 1939 2624 1993 in
2659 1958 2872 2012 aquam
2907 1936 3113 2016 projici
3166 1952 3480 2008 crudeliter
3503 1955 3706 2024 jusse-

2048 2018 2156 2094 rat,
2189 2018 2272 2069 eis
2304 2018 2630 2074 infantibus
2665 2038 2765 2090 per
2796 2040 2944 2094 quos
2976 2031 3137 2084 tanta
3168 2031 3369 2088 civitas
3401 2018 3706 2092 condenda

2048 2091 2361 2181 fuerat,de
2402 2113 2575 2181 aqua
2601 2091 2883 2160 divinitus
2925 2105 3210 2177 liberatis,
3243 2127 3345 2181 per
3386 2091 3702 2172 iactantem

2047 2168 2240 2259 feram.
2280 2179 2434 2230 Deus
2493 2178 2670 2234 voluit
2727 2184 3054 2255 subvenire,
3108 2168 3258 2259 quid.
3309 2191 3524 2248 mirum

2045 2251 2281 2344 Amulio
2312 2259 2594 2344 successit
2624 2261 2682 2344 in
2709 2279 2951 2334 regnum
2981 2251 3203 2324 Latiale
3227 2271 3398 2328 frater
3428 2275 3554 2344 ejus
3583 2275 3703 2330 Nu-

2047 2337 2242 2422 mitor,
2277 2337 2700 2422 avus_Romuli,
2743 2345 2911 2413 cujus
2943 2346 3274 2406 Numitoris
3307 2337 3494 2422 primo
3544 2372 3700 2411 anno

2047 2413 2395 2507 condila‘est
2429 2417 2640 2507 Bome;
2681 2439 2747 2477 ac
2794 2441 2894 2494 per
2941 2425 3053 2483 hoc
3101 2445 3233 2486 cum
3267 2413 3373 2489 suo
3405 2433 3698 2507 deinceps,

2045 2491 2106 2547 id
2137 2499 2226 2548 est
2257 2494 2523 2567 Romulo,
2550 2507 2757 2572 nepote
2789 2491 3065 2577 regnavit.

2048 2636 2281 2695 CAPUT
2321 2641 2490 2698 ΧΧΙῘ.
2522 2677 2591 2686 -
2622 2647 2772 2716 Quod
2797 2666 2857 2705 eo
2887 2661 3122 2721 tempore
3151 2657 3320 2712 Roma
3354 2659 3426 2714 sit
3455 2660 3699 2728 condita,

2119 2736 2220 2790 quo
2260 2737 2486 2809 regnum
2515 2728 2861 2809 Assyriorum
2892 2735 3192 2803 intercidit,
3225 2741 3277 2792 ei
3305 2753 3407 2809 quo
3442 2742 3702 2797 Ezechias

2119 2801 2387 2870 regnabat
2416 2806 2474 2858 in
2503 2807 2648 2864 Iuda
2682 2810 2722 2864 ί.

2047 2922 2128 3012 Ne
2161 2927 2362 3012 multis
2397 2947 2606 3012 morer.
2640 2936 2874 2992 condita
2904 2943 2992 2994 est
3039 2939 3248 2998 civitas
3300 2943 3500 3012 Roma,
3532 2944 3693 3000 velut

2048 3003 2228 3059 altera
2263 3006 2543 3096 Cabylen,
2575 3019 2632 3096 et
2663 3015 2812 3070 velut
2845 3020 3054 3085 prioris
3083 3021 3200 3075 lilia
3233 3003 3562 3095 Babylonis,
3598 3041 3698 3096 per

2049 3100 2225 3154 quam
2263 3086 2375 3173 Deo
2409 3091 2625 3160 placuit
2655 3097 2850 3152 orbem
2886 3099 3178 3158 debellare
3209 3086 3519 3173 terrarum,
3550 3086 3615 3161 et
3640 3109 3698 3160 in

2048 3183 2226 3257 unam
2246 3171 2589 3257 societatem
2625 3179 2960 3250 reipublicae
3000 3182 3315 3256 legumque
3355 3171 3700 3257 perductum

2047 3249 2473 3341 longelateque
2507 3249 2732 3326 pacare.
2765 3266 2943 3319 Erant
2989 3249 3144 3319 enim
3197 3249 3322 3336 jam
3355 3249 3571 3340 lpopuli
3603 3287 3700 3325 va-

2050 3329 2242 3418 lidiuet
2274 3334 2469 3418 fortes,
2501 3344 2558 3391 et
2588 3341 2767 3395 armis
2797 3349 3002 3412 gentes
3043 3329 3388 3413 exercitatae;
3420 3329 3543 3414 quae
3584 3367 3701 3405 non

2053 3408 2221 3498 facile
2252 3413 2626 3498 cederent,_et
2674 3408 2826 3488 quas
2863 3438 3009 3490 opus
3052 3431 3207 3479 esset
3234 3408 3574 3496 ingentibus
3609 3443 3703 3496 pe-

2054 3489 2337 3574 riculiset
2369 3496 2686 3549 vastatione
2714 3489 3008 3568 utrimque
3035 3519 3146 3556 non
3175 3489 3345 3572 parva
3369 3512 3539 3574 atque
3572 3489 3705 3560 bor-

2055 3567 2236 3653 reudo
2270 3570 2462 3625 labore
2494 3578 2778 3644 superari.
2811 3567 2952 3632 Nam
2982 3567 3217 3650 quando
3251 3567 3491 3652 regnum
3526 3586 3710 3653 Assy-

2057 3649 2276 3733 riorum
2312 3655 2486 3706 totam
2515 3670 2656 3723 pene
2674 3657 2869 3713 Asiam
2904 3649 3256 3733 subjugavit,
3285 3649 3415 3718 licet
3440 3649 3708 3721 bellando

2058 3729 2135 3813 sit
2166 3729 2409 3813 factum,
2447 3749 2559 3788 non
2595 3737 2785 3791 tamen
2829 3729 3334 3813 multum'asperis
3363 3749 3420 3798 et
3449 3744 3708 3800 difﬁcili-

2059 3811 2168 3865 bus
2200 3811 2368 3866 bellis
2401 3813 2522 3868 lieri
2558 3818 2762 3886 potuit,
2805 3821 2944 3890 quia
2977 3824 3150 3878 rudes
3185 3811 3385 3880 adhuc
3417 3826 3487 3880 ad
3521 3825 3708 3881 resis-

2060 3891 2299 3944 tendum
2360 3899 2560 3962 gentes
2591 3902 2781 3965 erant,
2835 3915 2936 3953 nec
2993 3906 3112 3955 tam
3174 3904 3392 3970 multis,
3441 3905 3529 3958 vel
3587 3910 3707 3960 tam

2063 3986 2288 4054 magna)
2323 3987 2344 4054 :7
2370 3973 2661 4054 siquidem
2688 3983 2816 4046 post
2845 3978 2987 4035 illud
3023 3982 3346 4038 maximum
3377 3988 3551 4054 atque
3581 3984 3710 4038 uni-

2061 4049 2284 4105 versale
2315 4051 2624 4120 diluvium,
2652 4073 2786 4113 cum
2821 4059 2878 4114 in
2910 4078 3044 4116 arca
3074 4066 3191 4118 Noe
3221 4069 3348 4119 octo
3395 4049 3500 4119 soli
3535 4063 3718 4118 homi-

2065 4147 2185 4215 nes
2221 4144 2548 4202 evaserunt,
2600 4140 2738 4192 anni
2789 4157 2903 4196 non
2957 4142 3138 4198 multo
3169 4144 3190 4177 ²
3229 4143 3484 4214 amplius
3542 4160 3717 4215 quam

2065 4210 2225 4266 mille
2255 4215 2625 4283 transierant,
2659 4221 2892 4288 quando
2918 4221 3104 4277 Ninus
3154 4210 3348 4278 Asiam
3379 4210 3584 4293 totam,
3617 4241 3718 4279 ex-

2067 4297 2232 4376 cepta
2274 4293 2842 4376 lndia,isubjugavit.
2879 4300 3062 4358 Roma
3105 4320 3235 4360 vero
3281 4309 3364 4359 tot
3406 4312 3610 4376 gentes
3659 4309 3716 4360 et

2067 4371 2321 4454 Orientis
2354 4380 2409 4428 et
2441 4375 2793 4446 Occidentis,
2827 4398 2969 4452 quas
2997 4383 3240 4454 imperio
3281 4371 3539 4442 Romano
3571 4387 3717 4441 sub-

2068 4453 2220 4538 ditas
2248 4457 2564 4538 cernimus,
2600 4476 2712 4514 non
2746 4477 2812 4517 ea
2851 4453 3143 4519 celeritate
3182 4482 3248 4521 ac
3281 4466 3557 4524 facilitate
3589 4483 3720 4538 per-

2069 4533 2328 4602 domuit;
2363 4539 2639 4606 quoniam
2666 4542 2942 4612 paulatim
2977 4549 3286 4602 crescendo
3320 4533 3719 4604 robustas-eas

2071 4624 2128 4672 et
2169 4618 2496 4686 bellicosas,
2540 4639 3008 4693 quaquaversum
3054 4628 3428 4694 dilatabatur,
3480 4629 3718 4685 invenit.

2069 4697 2351 4768 Tempore
2383 4699 2560 4767 igitur
2587 4719 2700 4770 quo
2745 4707 2927 4759 Roma
2958 4707 3192 4760 condita
3223 4712 3328 4774 est,
3364 4708 3610 4777 populus
3636 4707 3723 4762 ls-

2073 4777 2191 4833 rael
2225 4778 2547 4836 habebatin
2577 4787 2729 4837 terra
2754 4786 3162 4854 promissionis
3185 4803 3368 4841 annos
3392 4789 3725 4857 septingen-

2076 4864 2163 4914 tos
2195 4859 2390 4915 decem
2417 4866 2473 4917 et
2501 4867 2648 4918 octo.
2687 4863 2761 4917 Ex
2792 4865 3004 4934 quibus
3041 4866 3242 4935 viginti
3278 4871 3499 4935 septem
3544 4868 3722 4934 perti-

2077 4945 2217 4994 nent
2247 4941 2318 4995 ad
2366 4941 2564 4997 Jesum
2598 4945 2772 5012 Nave,
2806 4945 3016 4998 deinde
3071 4946 3143 5000 ad
3186 4949 3415 5017 tempus
3443 4947 3722 5002 Judicum

2077 5020 2310 5074 trecenti
2346 5022 2546 5092 viginti
2582 5041 2810 5080 novem.
2837 5025 2915 5079 Ex
2938 5041 3052 5095 quo
3077 5029 3270 5080 autem
3299 5025 3377 5081 ibi
3411 5042 3576 5098 reges
3595 5042 3726 5082 esse

2077 5110 2386 5170 coeperant,
2411 5105 2548 5158 anni
2575 5111 2743 5160 erant
2774 5106 3016 5161 trecenti
3047 5105 3348 5178 sexaginta
3368 5107 3504 5162 duo.
3532 5107 3600 5161 Et
3629 5123 3727 5163 rex

2078 5184 2220 5234 tunc
2251 5187 2376 5236 erat
2425 5183 2482 5236 in
2531 5185 2699 5254 Juda,
2753 5187 2920 5257 cujus
2960 5202 3171 5241 nomen
3204 5192 3327 5242 erat
3367 5187 3580 5254 Acbaz,
3612 5187 3724 5257 vel,

2078 5261 2231 5316 sicut
2279 5260 2376 5315 alii
2426 5271 2783 5334 computant,
2827 5266 2926 5338 qui
2986 5266 3036 5322 ei
3095 5267 3376 5324 successit
3433 5267 3725 5339 Ezechias,

2079 5360 2253 5415 quem
2287 5345 2525 5415 quidem
2577 5355 2797 5404 constat
2847 5352 3132 5419 optimum
3163 5355 3220 5406 et
3269 5349 3598 5420 piissimum
3637 5366 3724 5405 re-

2078 5441 2207 5497 gem
2242 5425 2470 5480 Romuli
2519 5444 2794 5499 regnasse
2829 5433 3210 5501 lemporibus.
3252 5433 3306 5486 In
3342 5447 3410 5485 ea
3459 5447 3589 5486 vero
3622 5431 3726 5487 He-

2080 5656 2092 5667 .
2361 5591 2585 5670 ghgicglin
2630 5595 2866 5670 ΣΙιιάαεςξ.
2910 5598 2980 5670 Ant
3019 5598 3160 5653 Mss.,
3211 5597 3271 5644 in
3314 5597 3508 5645 Juda:
3556 5599 3609 5647 et
3653 5597 3731 5650 sio

2077 5655 2180 5750 ipsai
2208 5655 2337 5702 editi
2359 5655 2424 5730 in.
2445 5655 2681 5730 subjecto
2709 5659 2880 5734 capite
2909 5657 2987 5706 22.

2195 5715 2319 5766 Sola
2345 5718 2505 5767 editio
2534 5719 2660 5771 Lov.
2691 5723 2908 5779 omittit,
2940 5722 3136 5772 multo.
