4110 6196
417 307 532 366 579

409 438 596 504 ,δι-αἱαὶ
629 434 828 508 pepuli
851 437 1010 503 parte
1031 448 1159 504 qua
1177 432 1577 504 appellabatur
1593 437 1791 507 Israel,
1818 454 2058 509 regnare

415 527 663 588 coeperat
691 515 834 571 Osee
863 514 956 585 (a).

414 624 648 680 CAPUT
680 621 888 678 XXIII.
922 652 992 660 —
1025 621 1094 676 De
1140 621 1355 692 Sibylla
1396 623 1702 694 Erythrae,
1741 641 1866 696 quae
1912 628 2060 681 inter

483 705 625 759 alias
645 701 883 773 Sibyllas
902 705 1253 771 cognoscitur
1271 702 1336 757 de
1356 701 1566 758 Christo
1587 705 1861 760 evidentia
1882 707 2060 761 multa

483 799 762 841 οεειηῑδιςε.

486 874 536 928 1.
571 873 777 928 Eodem
811 876 1072 942 tempore
1103 870 1370 926 nonnulli
1400 873 1677 945 Sibyllam
1709 876 2061 949 Erythraam

411 954 781 1008 vaticinatam
834 953 1045 1007 ferunt.
1083 951 1330 1020 Sibyllas
1359 963 1550 1009 autem
1599 954 1774 1010 Varro
1808 957 2062 1026 prodidit

411 1033 605 1104 plures
655 1034 850 1092 fuisse,
885 1049 998 1086 non
1051 1048 1224 1086 unam
1271 1033 1366 1104 (b).
1403 1032 1532 1088 Hac
1581 1051 1722 1090 sane
1771 1036 2063 1108 Erythrae.

409 1113 627 1186 Sibylla
660 1113 921 1183 quadam
949 1113 1020 1167 de
1051 1112 1279 1168 Christo
1330 1114 1637 1169 manifesta
1669 1117 2012 1187 conscripsit
2043 1135 2057 1174 :

412 1195 566 1265 quod
591 1195 763 1249 etiam
789 1209 894 1248 nos
916 1193 1073 1264 prius
1107 1193 1163 1245 in
1189 1192 1370 1247 latina
1393 1192 1592 1265 lingua
1614 1197 1878 1251 versibus
1911 1198 2063 1255 male

410 1275 608 1338 latinis
651 1279 708 1329 et
738 1291 851 1328 non
884 1274 1171 1328 stantibus
1217 1273 1488 1344 legimus,
1524 1292 1623 1346 per
1653 1277 1847 1332 nescio
1895 1281 2064 1349 cujus

412 1355 744 1426 interpretis
767 1353 1141 1424 imperitiam,
1167 1354 1305 1408 sicut
1341 1361 1467 1424 post
1489 1357 1890 1427 cognovimus.
1915 1359 2062 1415 Nam

409 1435 494 1489 vir
514 1435 880 1490 clarissimus
899 1433 1262 1498 Flaccianus,
1283 1438 1379 1505 qui
1403 1437 1577 1490 etiam
1598 1438 1908 1507 proconsul
1932 1442 2061 1507 fuit,

409 1513 584 1570 homo
610 1514 897 1569 facillima
935 1515 1240 1580 facundia,
1268 1516 1585 1586 multaque
1605 1519 1904 1586 doctrina,
1927 1535 2060 1575 cum

397 1595 478 1648 de
508 1596 732 1648 Christo
782 1593 1274 1664 colloqueremur,
1304 1611 1553 1666 gracum
1590 1597 1756 1652 nobis
1803 1599 2059 1655 codicem

408 1674 668 1744 protulit,
693 1675 951 1728 carmina
973 1675 1100 1727 esse
1124 1675 1323 1729 dicens
1357 1675 1586 1746 Sibylla
1609 1677 1935 1748 Erythraa,
1961 1681 2059 1734 ubi

406 1754 656 1807 ostendit
699 1753 946 1823 quodam
993 1752 1118 1808 loco
1149 1754 1207 1806 in
1241 1754 1528 1823 capitibus
1577 1773 1852 1812 versuum
1903 1760 2059 1815 ordi-

406 1848 537 1888 nem
571 1832 898 1888 litterarum
934 1834 1012 1887 ita
1041 1849 1098 1888 se
1141 1833 1468 1898 habentem,
1502 1840 1564 1888 ut
1595 1835 1716 1890 hac
1744 1837 1798 1891 in
1833 1855 1897 1894 eo
1928 1855 2056 1895 ver-

404 1913 478 1969 ba
527 1912 855 1985 legerentur
902 1912 1112 1980 Ἰησοῦς
1162 1914 1417 1985 Χρειστὸς
1447 1918 1579 1968 Θεοῦ
1633 1915 1753 1977 Υἱὸς
1807 1920 2052 1990 Σωτήρε

401 1996 551 2064 quod
605 2002 683 2049 est
714 1993 914 2058 latine,
947 1995 1097 2048 Jesus
1145 1993 1392 2050 Christus
1443 1996 1536 2049 Dei
1567 1997 1739 2051 Filius
1784 1998 2053 2057 Salvator.

400 2073 467 2128 Hi
499 2079 693 2129 autem
724 2089 921 2129 versus
951 2091 1194 2144 quorum
1231 2077 1430 2146 prima
1475 2077 1676 2132 littera
1708 2079 1885 2135 istum
1920 2099 2056 2138 sen-

397 2169 553 2222 sum,
605 2169 772 2224 quem
829 2153 1106 2221 diximus,
1154 2156 1422 2221 reddunt,
1465 2156 1614 2211 sicut
1661 2173 1760 2214 eos
1810 2162 2052 2231 quidam

395 2231 596 2288 latinis
627 2237 682 2287 et
713 2234 1002 2287 stantibus
1025 2232 1043 2266 ί
1070 2235 1336 2290 versibus
1364 2240 1452 2289 est
1483 2236 1915 2306 interpretatus,
1943 2241 2051 2297 hoc

393 2313 696 2368 continent
722 2327 736 2367 :

499 2442 541 2458 ι-
578 2421 770 2469 Judicii
807 2421 1018 2482 signum
1045 2421 1066 2454 ²
1099 2421 1256 2470 tellus
1286 2423 1476 2472 sudore
1505 2424 1786 2476 madescet.

498 2500 540 2536 ω
576 2483 614 2530 E
643 2485 777 2532 cmlo
808 2485 916 2532 Rex
944 2484 1194 2533 adveniet
1225 2499 1314 2546 per
1343 2487 1515 2535 saecla
1542 2488 1757 2537 futurus
1789 2501 1800 2536 :

495 2557 536 2591 ιο)
571 2547 782 2610 Scilicet
809 2549 864 2594 in
895 2561 1053 2595 carne
1083 2562 1333 2608 praesens
1358 2552 1418 2596 ut
1437 2550 1635 2610 judicet
1655 2553 1854 2599 orbem.

496 2629 540 2666 ο
573 2608 719 2673 Unde
749 2609 913 2658 Deum
942 2615 1161 2659 cernant
1187 2608 1493 2659 incredulus
1523 2616 1682 2673 atque
1712 2615 1888 2663 fidelis

419 2673 450 2720 5
496 2688 540 2725 -ις
572 2671 782 2740 Celsum
817 2686 939 2720 cum
967 2675 1182 2729 sanctis,
1215 2675 1331 2740 aevi
1364 2675 1475 2734 jam
1505 2671 1731 2740 termino
1760 2677 1817 2725 in
1846 2679 1980 2740 ipso.

490 2753 536 2788 [4
572 2733 655 2805 Sic
667 2735 876 2805 animae
889 2749 1191 2805 cum_carne
1206 2733 1450 2805 aderunt,
1472 2750 1606 2805 quas
1625 2738 1830 2805 iudicat
1850 2733 1885 2774 3-
1900 2743 2038 2805 ipse:

495 2803 538 2840 re
570 2795 698 2860 Cum
718 2798 864 2860 jacet
887 2797 1121 2846 incultus
1151 2799 1328 2846 densis
1357 2799 1411 2846 in
1444 2795 1693 2860 vepribus
1721 2803 1881 2850 orbis.

494 2870 536 2900 τ
564 2856 824 2926 itejicient
853 2861 1138 2926 simulacra
1159 2861 1279 2915 viri,
1305 2856 1551 2909 cunctam
1581 2877 1790 2926 quoque
1823 2879 2039 2926 gazam:

491 2937 533 2970 tr!
564 2918 761 2988 lixas-et
789 2924 959 2971 terras
986 2924 1143 2988 ignis,
1175 2926 1500 2988 pontumque
1529 2918 1814 2988 polumque

1445 302 1547 362 DE
1591 302 1956 365 CIVITATE
1999 304 2153 376 DEI,
2202 306 2266 366 S.
2319 307 2738 372 AUGUSTINI

3705 329 3811 390 580

2169 438 2266 527 tis,
2294 441 2372 496 ibi
2403 458 2518 499 non
2543 444 2734 515 potuit
2761 445 2858 501 ille
2877 463 3090 505 sensus
3122 463 3442 522 occurrere,
3466 456 3567 527 qui
3599 457 3668 513 fit
3687 468 3809 519 cum

2168 519 2395 589 littera,
2428 539 2556 593 qua
2595 531 2732 580 sunt
2777 527 2836 582 in
2867 544 3070 585 eorum
3120 519 3435 602 capitibus,
3460 519 3809 597 c-onnectun-

2167 605 2284 664 tur,
2310 605 2409 692 ubi
2441 607 2480 655 Υ
2508 604 2787 692 litterain
2816 623 3000 692 graeco
3034 613 3218 692 posita
3247 620 3334 669 est
3359 633 3373 682 ;
3403 617 3543 686 quia
3575 635 3690 675 non
3724 638 3811 692 po-

2167 688 2404 763 tuerunt
2433 686 2608 740 verba
2629 686 2811 743 latina
2841 689 3106 758 inveniri,
3133 708 3258 763 qua
3288 696 3358 750 ab
3380 697 3584 752 eadem
3633 686 3813 758 littera

2166 762 2519 834 inciperunt,
2543 771 2599 822 et
2627 771 2922 825 sententia
2944 762 3336 829 convenirent.
3357 775 3422 830 Hi
3454 784 3649 835 autem
3683 787 3814 838 sunt

2167 859 2373 899 versus
2423 850 2561 915 tres,
2594 849 2837 916 quintus
2868 856 2923 905 et
2953 861 3190 908 octavus
3239 855 3503 912 decimus
3535 864 3593 914 et
3628 877 3811 919 nonus

2168 924 2454 1012 decimus.
2488 925 2750 1000 Denique
2779 931 2824 984 si
2858 930 3082 1007 litteras
3114 951 3240 1005 qua
3271 947 3405 991 sunt
3436 939 3495 993 in
3528 943 3814 1012 capitibus

2169 1005 2429 1092 omnium
2454 1023 2723 1065 versuum
2757 1005 3183 1081 connectentes,
3207 1015 3414 1073 horum
3451 1005 3632 1077 trium
3659 1023 3670 1056 '
3698 1041 3813 1092 qua

2166 1084 2396 1172 scripta
2427 1094 2568 1172 sunt
2595 1106 2710 1172 non
2757 1091 3039 1163 legamus,
3071 1095 3168 1150 sed
3205 1113 3308 1167 pro
3353 1099 3437 1154 eis
3473 1105 3507 1152 Γ
3537 1084 3813 1172 litteram,

2167 1168 2439 1237 tanquam
2477 1169 2536 1223 in
2580 1171 2799 1226 eisdem
2850 1173 2990 1229 locis
3039 1175 3166 1245 ipsa
3213 1176 3290 1232 sit
3323 1179 3527 1247 posita,
3552 1168 3814 1240 recorde;

2168 1261 2320 1312 mur,
2353 1249 2697 1320 exprimitur
2730 1252 2786 1306 in
2819 1254 3075 1326 quinque
3121 1257 3334 1324 verbis,
3363 1260 3519 1317 Iesus
3569 1263 3818 1320 Christus

2167 1328 2271 1383 Dei
2297 1329 2470 1415 Filius
2524 1332 2822 1397 Salvator;
2855 1336 2955 1390 sed
3005 1353 3140 1393 cum
3189 1355 3372 1410 grace
3420 1341 3530 1398 hoc
3582 1345 3817 1415 dicitur,

2168 1426 2284 1464 non
2333 1411 2532 1467 latine.
2565 1415 2803 1497 Etsunt
2849 1433 3053 1497 versus
3100 1419 3305 1497 viginti
3349 1426 3689 1497 etseptem,
3725 1411 3818 1497 qui

2169 1497 2444 1538 numerus
2500 1487 2852 1555 quadratum
2909 1487 3230 1546 ternarium
3288 1487 3543 1551 solidum
3605 1487 3816 1556 reddit.

2166 1561 2300 1617 Tria
2328 1564 2482 1618 enim
2508 1569 2596 1619 ter
2625 1567 2800 1622 ducta
2830 1567 2980 1624 fiunt
3009 1586 3214 1626 novem
3249 1588 3262 1626 :
3296 1578 3353 1629 et
3382 1574 3512 1646 ipsa
3541 1594 3745 1634 novem
3770 1582 3813 1635 si

2169 1647 2255 1730 ter
2284 1644 2592 1730 ducantur,
2617 1651 2681 1701 ut
2713 1663 2781 1702 ex
2809 1647 2923 1703 lato
2957 1649 3013 1703 in
3037 1651 3222 1706 altum
3256 1644 3446 1723 ﬁgura
3474 1664 3813 1730 consurgat,

2165 1725 2233 1778 ad
2269 1726 2467 1809 viginti
2491 1736 2708 1797 septem
2745 1731 3107 1800 perveniunt.
3131 1732 3351 1790 Horum
3383 1742 3580 1793 autem
3605 1725 3816 1809 gracc-

2165 1820 2293 1858 rum
2318 1807 2570 1876 quinque
2611 1809 2938 1878 verborum,
2963 1828 3091 1882 qua
3130 1819 3286 1879 sunt,
3307 1815 3521 1882 Ἰησοῦς
3557 1807 3818 1891 xpeto-:6:

2163 1887 2295 1936 Θεοῦ
2328 1885 2447 1946 Υἱὸς
2479 1886 2684 1961 Σῶτερ,
2715 1891 2867 1959 quod
2900 1897 2988 1946 est
3029 1891 3222 1962 latine,
3257 1895 3412 1950 Jesus
3445 1885 3697 1954 Christus
3732 1903 3820 1957 Dei

2161 1964 2338 2054 bilius
2361 1965 2702 2054 Salvator,_ei
2730 1971 2947 2041 primas
2968 1970 3448 2054 litterasjungas,
3475 1979 3590 2034 erit
3615 1978 3816 2054 1195;,

2167 2045 2222 2099 id
2261 2053 2348 2101 est
2394 2047 2594 2108 Piscis,
2628 2049 2689 2103 in
2737 2067 2853 2121 quo
2903 2053 3135 2108 nomine
3185 2045 3426 2127 mystice
3470 2045 3821 2131 intelligitur

2159 2125 2442 2210 Christus,
2465 2145 2530 2184 eo
2561 2130 2799 2199 quodin
2831 2132 3006 2200 hujus
3033 2125 3404 2192 mortalitatis
3425 2138 3636 2210 abysso
3664 2125 3822 2196 velut

2157 2207 2216 2261 in
2245 2225 2532 2280 aquarum
2567 2211 2963 2281 profunditate
2992 2214 3175 2282 vivus,
3202 2214 3306 2271 hoc
3339 2221 3425 2272 est
3453 2207 3575 2275 sine
3609 2237 3812 2290 pecca-

2159 2296 2232 2357 to,
2266 2305 2394 2344 esse
2430 2291 2701 2361 potuerit.

2331 2370 2460 2427 Hac
2508 2377 2700 2453 autem
2757 2371 2974 2442 Sybilla
3021 2374 3142 2431 sive
3189 2376 3507 2447 Erythras,
3563 2382 3704 2453 sive,
3748 2388 3812 2438 ut

2156 2449 2395 2520 quidam
2445 2451 2627 2519 magis
2665 2453 2928 2517 credunt,
2961 2453 3213 2524 Cumae,
3247 2457 3328 2512 ita
3359 2460 3501 2515 nihil
3543 2449 3724 2518 habet
3755 2465 3810 2519 in

2155 2534 2270 2584 toto
2307 2531 2564 2586 carmine
2601 2548 2729 2596 suo,
2761 2534 2930 2602 cujus
2960 2533 3167 2606 exigua
3212 2535 3329 2592 ista
3361 2541 3650 2610 particula
3702 2549 3811 2611 est,

2151 2611 2305 2680 quod
2353 2613 2423 2665 ad
2457 2612 2690 2666 deorum
2744 2611 3022 2669 falsorum
3068 2616 3188 2671 sive
3237 2618 3533 2675 factorum
3585 2623 3810 2678 cultum

2151 2689 2436 2760 pertineat
2467 2710 2480 2758 ;
2515 2692 2655 2762 quin
2690 2693 2806 2746 imo
2839 2693 2921 2748 ita
2949 2694 3126 2749 etiam
3158 2702 3362 2752 contra
3390 2715 3491 2755 eos
3521 2709 3576 2756 et
3608 2711 3810 2759 contra

2148 2770 2401 2827 cultores
2444 2789 2641 2828 eorum
2677 2772 2956 2844 loquitur,
2990 2785 3050 2830 ut
3080 2776 3138 2830 in
3172 2793 3368 2833 eorum
3424 2797 3673 2838 numero
3709 2785 3811 2839 de-

2152 2853 2398 2938 putanda
2443 2851 2726 2938 videatur,
2761 2853 2856 2938 qui
2903 2855 3196 2924 pertinent
3226 2858 3294 2912 ad
3348 2859 3643 2915 civitatem
3681 2862 3809 2938 Dei,

2147 2929 2356 2986 Inserit
2377 2931 2552 2986 etiam
2582 2932 2915 2989 Lactantius
2937 2936 3096 3005 operi
3126 2952 3226 2992 suo
3248 2941 3501 3008 quadam
3535 2941 3606 2996 de
3639 2929 3814 2998 Chri;

383 2982 442 3030 10
489 3003 530 3021 ι-
561 2982 858 3046 inquirens,
891 2982 1221 3046 tetri—portas
1248 2982 1493 3046 effringet
1521 2982 1712 3035 Averni

486 3061 527 3096 te
563 3044 877 3095 Sanctorum
905 3049 996 3096 sed
1025 3044 1166 3095 enim
1195 3044 1428 3096 cunctae
1447 3049 1541 3096 lux
1569 3049 1734 3098 libera
1765 3053 1911 3100 carni

487 3121 530 3155 -ι
565 3107 840 3163 Tradetur.
877 3113 1056 3158 sontes
1085 3113 1302 3158 aeterna
1333 3113 1351 3143 ⁶
1381 3111 1602 3159 flamma
1635 3114 1907 3164 cremabit.

485 3186 528 3222 ο
560 3169 802 3237 Qccultos
830 3174 979 3220 actus
995 3174 1263 3237 _retegens.
1294 3176 1421 3237 tunc
1439 3174 1664 3236 quisque
1695 3176 1942 3237 loquetur

475 3254 520 3291 Μ
560 3231 774 3297 Secreta
802 3237 962 3297 atque
994 3231 1141 3282 Deus
1158 3235 1418 3283 reserabit
1449 3231 1661 3297 pectora
1691 3231 1813 3287 luci.

380 3296 438 3344 15
482 3307 524 3345 Φ
559 3296 707 3344 Tunc
739 3296 840 3344 erit
863 3298 916 3345 et
943 3297 1136 3352 luctus,
1168 3296 1467 3346 stridebant
1499 3300 1747 3349 dentibus
1781 3314 1982 3352 omnes.

2145 3018 2231 3094 sto
2260 3012 2529 3094 vaticinia
2557 3012 2817 3094 Sibylla,
2842 3017 3109 3086 quamvis
3139 3034 3252 3073 non
3283 3019 3570 3088 esprimat
3601 3023 3804 3094 cujus.

2141 3093 2249 3147 Sed
2306 3109 2431 3163 qua
2481 3093 2603 3162 ipse
2653 3092 2994 3165 singillatim
3047 3097 3261 3168 posuit,
3292 3115 3426 3171 ergo
3477 3092 3803 3159 arbitratus

2139 3189 2266 3227 sum
2311 3175 2624 3242 conjuncta
2657 3188 2781 3228 esse
2816 3177 3103 3244 ponenda,
3158 3185 3432 3250 tauquam
3487 3199 3674 3238 unum
3727 3186 3807 3240 sit

2138 3254 2448 3324 prolixum,
2483 3270 2609 3324 qua
2646 3254 2740 3308 ille
2773 3255 2940 3325 plura
2979 3262 3464 3316 commemoravit
3493 3271 3545 3316 et
3577 3264 3798 3320 brevia.

481 3332 522 3412 ᾧ
559 3332 1467 3422 sFiBitﬁi‘étiis‘EBiTJr'."digitis;
1487 3332 2099 3422 ίῗιῖἓέἷῖἓῷξξῗξ-
2138 3337 2430 3422 (ηβηαῗταδ
2450 3332 2719 3422 ,ίηίσέιαδν
2753 3333 2968 3422 inqu"!
2994 3337 3302 3422 ίηθᾴθίίαῖη
3334 3349 3520 3409 Pam“
3570 3346 3753 3399 υθήίεί
3782 3367 3802 3405 -'

484 3441 526 3477 ο
553 3421 816 3485 _Volvetur
846 3424 864 3455 ⁵
897 3427 1111 3474 emtum.
1143 3421 1441 3485 lunaﬁﬁﬁ

481 3506 524 3542 ..ς
552 3483 767 3544 Dejiciet
795 3485 972 3540 colles.
1004 3485 1174 3533 valles
1201 3483 1427 3534 extollet
1448 3487 1516 3534 ab
1544 3488 1667 3536 imo.

480 3566 522 3602 μς
555 3546 664 3594 Non
693 3549 794 3595 erit
823 3548 879 3595 in
910 3549 1068 3596 rebus
1097 3548 1372 3597 hominum
1403 3550 1628 3599 sublime
1647 3551 1733 3599 vel
1761 3552 1951 3600 altum.

374 3608 436 3656 20
479 3634 521 3648 -
556 3608 1004 3677 {amaequantur
1031 3612 1232 3677 campis
1263 3614 1485 3669 montes,
1519 3616 1572 3660 et
1605 3614 1817 3662 caerula
1845 3616 1995 3677 ponti

479 3683 523 3719 ς)
553 3670 742 3737 ania
763 3670 1070 3737 cessabunt,
1098 3670 1259 3721 tellus
1293 3677 1563 3723 confracta
1591 3677 1802 3737 peribit.

479 3748 521 3783 Μ
551 3731 860 3800 Sicpariter
888 3737 1060 3784 fontes
1090 3738 1376 3800 torrentur.
1409 3731 1740 3800 {lamin-aque
1768 3739 1878 3799 igni
1915 3774 1926 3786 .

387 3827 396 3833 ι
479 3812 520 3848 M
553 3795 814 3846 Sed'tuba
844 3801 956 3846 tum
986 3799 1221 3847 sonitum
1254 3800 1459 3848 tristem
1487 3795 1731 3849 demittet
1757 3795 1825 3848 ab
1853 3803 1962 3850 alto

479 3873 522 3913 ea
549 3856 704 3925 (_)rbe.
728 3874 938 3921 gemens
958 3861 1162 3909 facinus
1185 3862 1435 3910 miserum
1456 3863 1736 3925 variosque
1758 3864 1965 3913 labores
1987 3876 2000 3912 :

372 3920 432 3968 25
474 3943 517 3978 ...ι
549 3920 1164 3988 Ῐβπιδῐυὸυωᾳιιθᾷρὴειοξ,
1182 3925 1500 3988 monstrabit
1529 3920 1669 3973 terra
1697 3927 1989 3977 dehiscens.

389 3989 392 3994 ’
475 3996 517 4035 π
549 3984 612 4032 Et
640 3998 818 4033 coram
848 3984 934 4034 hic
963 3984 1184 4034 Domino
1212 4000 1357 4046 reges
1380 3987 1638 4035 sistentur
1665 3989 1732 4036 ad
1761 4003 1930 4037 unum

475 4056 516 4089 -υ
556 4047 767 4097 Recidet
797 4048 818 4082 ⁶
851 4062 879 4097 e
907 4050 1056 4098 caelis
1084 4049 1326 4110 ignisque
1355 4051 1408 4097 et
1436 4050 1710 4112 sulphuris
1739 4052 1929 4100 amnis.

1466 3437 1632 3472 6110οΓ
1651 3437 1840 3474 οοιῡιι.

368 4136 434 4189 In
469 4133 558 4188 his
590 4134 788 4192 latinis
820 4137 1082 4194 versibus
1114 4140 1181 4194 de
1211 4156 1394 4208 graco
1428 4143 1745 4210 utcumque
1773 4141 2021 4197 transla-

434 4261 638 4327 '_Editi,
692 4263 888 4312 latinis
939 4265 1294 4315 exstantibus.
1354 4266 1692 4327 Castigantur
1719 4281 1786 4316 ex
1835 4281 2022 4317 manu-

366 4323 597 4371 scribtis.

427 4385 447 4451 ξ
481 4385 604 4451 S__ola
626 4387 794 4451 editio
833 4388 980 4442 Lov.,
1011 4390 1190 4451 signa.

429 4445 579 4518 3‘_Sic
621 4448 782 4518 juxta
824 4445 1306 4518 manuscriptorum
1357 4454 1521 4502 fidem
1566 4455 1871 4517 reponimus
1909 4456 2015 4518 hic,

351 4507 598 4579 λ’μιιξσαι,
645 4511 812 4579 quod_
834 4513 1068 4579 quidem,
1097 4507 1325 4565 'verbum
1384 4507 1839 4579 usurpat‘auctor
1895 4507 2020 4568 Ora;

360 4570 523 4682 alienis
556 4570 740 4622 contra
784 4570 994 4633 Judeos,
1045 4578 1278 4642 Append.
1313 4582 1438 4629 tom.
1472 4570 1536 4642 8,.
1571 4582 1630 4629 In
1677 4584 1752 4640 B.,
1773 4581 2013 4640 judioet.

421 4696 444 4731 ι
474 4696 756 4760 Sequimur
783 4702 871 4751 hic
899 4706 1108 4753 nostros
1136 4717 1322 4754 omnes
1350 4705 1462 4753 Mss.
1498 4704 1559 4752 In
1587 4705 1664 4757 B.,
1696 4715 2009 4754 aeternum.

358 4760 512 4829 Apud
529 4768 812 4829 _auctorem
869 4764 1133 4816 Orationis
1185 4781 1348 4829 supra
1400 4769 1743 4822 memoratae,
1774 4768 2007 4829 Append.

361 4824 578 4893 tom._8_._
605 4829 808 4893 editum
837 4831 933 4885 est,
967 4824 1317 4893 aeternaque.
1353 4831 1418 4878 M.

421 4889 441 4954 5
489 4887 645 4954 Editj,
696 4893 970 4941 Solvetur.
1029 4896 1097 4942 At
1142 4887 1285 4951 Mss,
1341 4892 1639 4940 Volvetur:
1687 4904 1794 4954 quo
1843 4892 2013 4954 prima

354 4950 537 4998 littera
568 4952 618 5000 V
640 4956 956 5016 reSpondeat
989 4969 1204 5016 graecae
1233 4950 1405 5005 vOcali
1435 4955 1491 5016 Ο,
1515 4955 1652 5004 sicut
1680 4950 1922 5017 superius
1954 4954 2010 5003 in

356 5017 550 5074 quarto
578 5029 751 5066 versu.

367 5137 394 5149 ἢ
422 5076 568 5149 δεξιῇ.
619 5082 672 5127 et
719 5081 862 5149 Lov_.,
901 5080 1132 5149 peoidet.
1180 5081 1366 5149 Melius
1412 5080 1735 5149 VindL‘Am.
1785 5083 1837 5130 et
1865 5081 2007 5149 Ms_s.,

355 5137 564 5205 [ieci/let
591 5154 608 5186 :
654 5155 777 5190 nam
824 5142 985 5203 huius
1018 5156 1203 5191 versus
1250 5143 1478 5205 primam
1523 5143 1758 5192 litteram
1806 5137 2012 5205 oportet

356 5202 594 5265 eamdem
627 5217 740 5252 esse
769 5202 928 5265 atque
961 5206 1201 5252 ultimam
1233 5202 1464 5254 nominis
1491 5207 1664 5265 graeci
1695 5202 1868 5254 smmi.

1634 5271 1891 5330 pugnant.
1926 5269 2010 5317 Jo-

1669 5332 1844 5392 praeiu
1852 5333 2010 5380 erunt

421 5264 495 5323 (a)
523 5265 652 5312 Cum
683 5264 982 5314 rationibus
1037 5267 1419 5328 chronologicis
1465 5264 1594 5316 haec

355 5338 448 5373 sue
492 5328 723 5387 praefuit
750 5343 920 5378 annos
954 5329 1029 5388 14,
1049 5328 1291 5378 Seniores
1321 5331 1406 5376 vel
1429 5331 1637 5379 Judices

356 5399 523 5437 annos
553 5389 658 5438 410.
698 5392 824 5441 Saul
872 5392 975 5440 fuit
1019 5391 1217 5440 electus
1259 5406 1352 5440 rex
1381 5405 1522 5441 anno
1552 5389 1826 5443 1068_ante
1853 5393 2006 5441 Chri-

354 5450 512 5497 stum.
549 5451 683 5502 Urbs
713 5457 877 5502 Roma
907 5453 1007 5502 fuit
1036 5455 1249 5502 condita
1282 5468 1423 5503 anno
1442 5453 1535 5503 753
1565 5459 1690 5504 ante
1718 5457 2002 5506 Christum.

354 5511 525 5581 actias
560 5528 666 5581 non
695 5520 810 5566 erat
838 5530 926 5566 rex
954 5517 1011 5564 in
1044 5517 1198 5575 Juda,
1231 5518 1426 5581 nedum
1449 5518 1722 5581 Ezechias.
1757 5520 1851 5581 qui
1881 5522 2008 5569 tunc

355 5573 605 5632 temporis
632 5580 868 5628 nondum
897 5582 1057 5630 natus
1086 5573 1216 5629 erat.
1267 5580 1539 5640 Regnabat
1577 5573 1826 5638 Joathaii,
1861 5581 2006 5632 filius

354 5632 523 5682 Oziae.
557 5636 795 5682 Lumnnn-

396 5647 523 5682 2186.
558 5647 774 5688 LARCHER
783 5678 795 5691 .

417 5695 756 5758 (b)_Sibyllas
798 5715 831 5749 a
874 5705 1108 5753 Varrone
1153 5706 1331 5755 decem
1380 5708 1686 5754 numeratae
1725 5706 1888 5753 tradit
1917 5707 2006 5752 La-

353 5756 604 5814 ctantius,
624 5756 726 5807 'lib.
761 5762 783 5807 1
813 5764 1004 5820 lnstit.,
1036 5779 1149 5828 cap.
1179 5767 1232 5816 6.

2133 3412 2335 3468 dabunt
2368 3418 2550 3468 autem
2584 3415 2686 3468 Deo
2717 3415 2911 3484 alapas
2939 3417 3197 3472 manibus
3247 3420 3489 3486 incestis,
3522 3427 3574 3476 el
3607 3424 3800 3494 impu-

2133 3499 2256 3548 rato
2299 3508 2394 3549 ore
2420 3502 2685 3564 exspuent
2730 3499 3011 3551 venenatos
3059 3503 3251 3567 sputus
3281 3515 3300 3552 .·
3353 3501 3506 3556 dabit
3555 3519 3682 3558 vero
3732 3503 3801 3559 ad

2135 3577 2358 3629 verbera
2402 3575 2738 3644 simpliciter
2765 3584 3016 3630 sanctum
3061 3578 3288 3632 dorsum
3311 3579 3411 3650 (a).
3446 3582 3509 3635 Et
3539 3583 3798 3654 colaphos

2131 3656 2406 3725 accipiens
2452 3653 2673 3720 tacebit,
2699 3669 2765 3709 ne
2794 3654 2916 3725 quis
2948 3667 3219 3727 agnoscat,
3252 3660 3392 3730 quod
3426 3653 3672 3729 verbum,
3705 3664 3798 3720 vel

2130 3736 2274 3790 unde
2299 3735 2449 3791 venit
2473 3744 2532 3790 ut
2564 3738 2761 3802 inieris
2795 3735 3079 3807 loquatur,
3102 3747 3154 3794 el
3180 3755 3381 3795 corona
3410 3744 3608 3811 spinea
3629 3760 3787 3800 ocro-

2130 3825 2291 3872 netur
2325 3817 2518 3888 (b).rAd
2547 3816 2728 3870 cibum
2755 3821 2943 3872 autem
2969 3818 3067 3888 fel,
3099 3825 3153 3874 et
3184 3819 3254 3875 ad
3275 3821 3428 3877 sitim
3457 3831 3679 3879 acetum
3707 3826 3797 3882 de-

2129 3888 2326 3944 derunt
2365 3907 2384 3942 :
2417 3887 2878 3957 inhospitalitalis
2926 3887 3069 3946 hanc
3107 3895 3493 3948 monstrabunt
3544 3913 3792 3952 mensam

2131 3971 2219 4038 (c).
2257 3969 2372 4040 Ipsa
2404 3970 2552 4023 enim
2584 3970 2851 4037 incipiens
2897 3975 3050 4024 tuum
3083 3971 3251 4026 Deum
3281 3989 3389 4027 non
3429 3973 3791 4047 intellexisti,

2132 4049 2402 4103 ludentem
2431 4049 2753 4104 mortalium
2803 4051 3073 4104 mentibus
3107 4066 3120 4116 ;
3149 4053 3245 4106 sed
3272 4053 3450 4123 spinis
3489 4059 3788 4126 caronasli,

2127 4134 2179 4184 et
2211 4129 2495 4185 horridum
2513 4129 2595 4196 fel
2623 4128 2895 4185 miscuisti
2917 4131 3015 4200 (d).
3042 4131 3243 4203 Templi
3271 4149 3394 4189 vero
3422 4136 3610 4190 velum
3638 4139 3790 4192 scin-

2193 4281 2209 4312 1
2242 4278 2395 4339 Apud
2424 4277 2507 4324 Er.
2539 4278 2591 4325 et
2618 4277 2762 4332 Lov.,
2795 4275 2999 4339 harum
3031 4276 3229 4326 trium.
3278 4280 3340 4327 In
3381 4280 3539 4329 editis
3584 4282 3710 4331 aliis
3737 4286 3794 4332 et

2128 4338 2504 4402 manuScriptis
2548 4339 2747 4397 verius,
2810 4338 3012 4386 horum
3062 4339 3259 4400 trium,
3316 4356 3574 4392 versuum
3634 4345 3792 4394 vide-

2124 4403 2252 4476 licet
2292 4401 2467 4476 paulo.
2496 4404 2620 4450 ante
2661 4401 2942 4458 dictorum,
2973 4402 3150 4463 quinti
3197 4406 3250 4453 et
3296 4406 3474 4454 octavi
3516 4407 3710 4456 decimi
3738 4411 3793 4458 et

2129 4465 2257 4513 noni
2285 4463 2490 4512 decimi.

2187 4528 2258 4588 (α)
2291 4525 2613 4593 Lactantius,
2644 4527 2737 4576 lib.
2769 4527 2798 4574 4
2827 4527 3023 4590 lnstit.,
3057 4540 3170 4590 cap.
3217 4526 3294 4587 18,
3330 4529 3461 4579 haec
3490 4531 3570 4580 ita
3599 4544 3790 4593 graece

2123 4592 2494 4639 commemorat
2525 4602 2537 4638 :

2195 4659 2289 4722 Εἲς
2319 4660 2558 4732 avdiich
2587 4662 2776 4732 χεῖρας
2807 4657 2897 4732 xui
2931 4657 3171 4712 ἃπίστων
3211 4657 3431 4732 ὕστερον
3465 4661 3606 4732 ἥξει,

2194 4728 2464 4808 Adsecuqu
2490 4728 2546 4784 δὲ
2578 4728 2692 4801 eaq;
2724 4730 3033 4808 ραπῖσματρι
3065 4747 3252 4805 γερσιν
3284 4728 3553 4808 ἀκὲὰγνᾳίξ,

2193 4805 2289 4858 Καὶ
2323 4803 2582 4876 στόμασιν
2629 4800 3636 4890 μιαροῖσιέπξύσμςιὲαὶφαῆμάκόεντα.

2205 4885 2213 4890 .
2257 4879 2265 4890 .
2397 4874 2438 4890 ε.
2490 4874 2503 4890 .
2991 4878 3014 4888 -
3467 4881 3493 4890 -

2192 4879 2360 4930 Δώσει
2394 4873 2438 4930 8⁵
2461 4874 2534 4934 εἰς
2571 4873 2833 4947 μάστιγας
2868 4873 3056 4935 ἁπλῶς
3087 4873 3247 4948 ἁγνὸηὲ
3274 4873 3399 4931 trdits
3430 4881 3624 4933 νῶτον.

2182 4959 2250 5020 (b)
2283 4959 2419 5007 Haec
2445 4957 2643 5005 ibidem
2673 4956 2978 5005 Lactantius
3006 4956 3189 5019 paucis
3221 4956 3550 5019 interiectis:

2191 5030 2288 5105 Kal
2310 5029 2753 5105 γᾳλαφιζρμςῖος
2788 5027 3018 5105 ςιχήσειλ
3055 5027 3130 5098 μή
3158 5026 3473 5105 ῥίς-ἐπιγνῷ

2187 5099 2281 5174 Τίς
2310 5096 2492 5174 λόγος’,
2524 5097 2559 5168 ἤ
2596 5096 2752 5174 λιτόθςν
2780 5096 3080 5174 ἦΛνθΑΞνδίνᾲ
3112 5096 3418 5174 φθιμένοιξτι
3448 5096 3671 5174 λαλήσῃ

2197 5122 2275 5160 lt:
2311 5122 2374 5153 ΛΟ
2415 5122 2492 5165 ος,
2524 5122 2558 5168 η
2596 5122 2752 5152 πουεν
2780 5122 2964 5167 τδΛῠεν,
3001 5122 3080 5151 ινα
3115 5122 3275 5174 φυιμε

2192 5171 2288 5225 Καὶ
2321 5122 2574 5246 στῖφανον
2601 5168 2814 5248 φορέσει
2845 5171 2935 5223 τὸν
2970 5169 3275 5228 ἀκάνθινον.

2177 5253 2246 5317 (o)
2278 5253 2478 5302 Ibidem
2505 5252 2665 5315 paulo
2693 5253 2813 5313 post
2841 5250 3146 5300 Lactantius
3177 5264 3191 5300 :

2189 5323 2279 5386 Εἷς
2308 5321 2363 5378 δὲ
2393 5323 2455 5396 τρ
2493 5323 2687 5396 βρῷμα
2720 5320 3117 5396 χοΑλήνηκξμεὶς
3151 5317 3310 5396 δίψᾳν
3340 5316 3461 5392 ὅξος
3493 5318 3728 5388 ἔδωκαν,

2187 5400 2292 5466 Τῆς
2328 5388 2670 5471 ἂφιλοξὲνίῄς
2702 5388 2902 5462 {abripi
2927 5388 3156 5461 δείξουσι
3186 5388 3473 5465 τρἀπεςταν.

2181 5481 2255 5540 (d)
2297 5480 2401 5528 Hos
2446 5491 2633 5527 versus
2672 5477 2868 5525 ibidem
2907 5475 3214 5526 Lactantius
3261 5477 3482 5526 alterius
3532 5476 3770 5541 Sibyllae

2116 5556 2229 5592 esse
2258 5542 2386 5590 dicit
2407 5555 2420 5589 :

2188 5610 2335 5678 Αὐτὴ
2368 5607 2567 5684 γὰρᾼσὺ
2599 5609 2780 5684 ἄφρων
2814 5609 2906 5664 τὸν
2925 5608 3031 5684 cev
3063 5608 3308 5684 θεὸγλο-ὐκ
3332 5606 3586 5684 ἒν-ὁῃσᾳς)

2188 5678 2452 5749 Ιιαίζονῖτά
2482 5680 2533 5735 ἐν
2565 5678 2808 5752 θνὴσὲοῑσι
2840 5682 3127 5752 νρήμασιν,
3158 5679 3304 5752 ἀλλὰ
3341 5681 3391 5752 κ’
3421 5678 3678 5752 ᾁκάνθαις

2188 5747 2461 5826 Εστρεψας
2496 5747 2758 5828 στεφάνῳ,
2793 5747 3032 5829 φοϐερήν
3061 5747 3121 5807 τέ
3147 5749 3330 5826 χολὴν
3359 5748 3638 5828 ἐκέρασας.
