4124 6188
267 284 368 346 581

264 420 414 477 detur
443 433 461 467 :
488 415 540 468 et
566 407 749 465 medio
777 406 867 462 die
891 419 1011 460 non:
1050 403 1165 459 erit
1193 402 1474 458 tenebrosa
1502 403 1671 457 nimis
1698 399 1760 455 in
1788 398 1898 454 tri-

263 503 354 555 bus
381 493 526 551 horis
555 491 654 564 (a).
687 491 750 545 Et
779 491 950 544 morte
977 486 1250 541 morietur
1287 483 1468 540 tribus
1496 482 1685 537 diebus
1714 495 1899 536 somno

260 583 483 649 suscepto
512 591 531 630 :
562 582 616 628 et
659 580 789 626 tunc
816 569 884 624 ab
914 567 1113 638 inferis
1155 580 1430 649 regressus
1460 565 1531 618 ad
1571 565 1744 649 lucem
1772 565 1903 617 lue-

263 664 368 717 nict
392 647 628 730 primus,
649 649 1093 708 ressurrectionis
1123 647 1399 730 principio
1431 647 1701 730 revocatis
1727 652 1905 730 osten-

261 758 319 798 so
348 723 438 811 (b').
471 738 587 792 Ista
620 731 952 790 Lactantius
999 728 1242 799 carptim
1297 744 1396 797 per
1421 724 1743 811 intervalla
1787 723 1905 778 dis-

265 807 572 894 putationis
618 830 756 881 suae,
789 814 940 868 sicut
976 826 1072 894 ea“
1099 807 1906 894 poscere_videhantur,nquze

267 884 496 974 probare
547 897 895 958 intenderat,
922 891 1190 946 adhibuit
1236 888 1567 974 testimonia
1606 884 1908 974 Sibyllina,

267 965 382 1054 qua
413 994 518 1036 nos
551 975 699 1033 nihil
744 972 1332 1054 interponentes,_sed
1382 968 1440 1054 in
1471 984 1646 1022 unam
1696 965 1906 1054 seriem

266 1049 508 1120 connexa
539 1059 837 1131 ponentes,
862 1053 1003 1110 solis
1033 1050 1342 1131 capitibus,
1363 1049 1411 1104 si
1443 1054 1638 1131 tamen
1671 1049 1912 1131 scripto-

265 1159 352 1198 res
373 1124 645 1208 deinceps
665 1153 732 1192 ea
761 1148 990 1190 servare
1015 1147 1126 1186 non
1157 1130 1467 1202 negligant,
1493 1124 1910 1208 distinguenda

264 1207 615 1280 curavimus.
665 1214 944 1273 Nonnulli
1003 1229 1145 1268 sane
1192 1211 1547 1283 Erythraeam
1603 1207 1906 1278 Sibyllam,

263 1319 369 1359 non
401 1297 662 1369 Romuli,
693 1297 791 1354 sed
824 1293 964 1352 belli
992 1292 1228 1362 Trojani
1260 1296 1520 1361 tempore
1553 1289 1734 1343 fuisse
1764 1285 1910 1341 scri-

263 1388 516 1457 pserunt.

259 1527 480 1584 CAPUT
518 1522 724 1580 XXIV.
758 1552 823 1562 —
857 1519 1005 1588 Quod
1028 1524 1292 1586 regnante
1325 1515 1554 1570 Romulo
1584 1521 1784 1583 septem
1815 1511 1910 1568 Sa-

320 1610 534 1680 pientes
595 1605 923 1667 ctaruerint,
1001 1616 1109 1672 quo
1176 1605 1415 1668 tempore
1486 1596 1696 1680 decem_
1736 1594 1912 1680 tribus

326 1673 447 1760 uuae
473 1686 656 1743 Israel
697 1684 1042 1745 dicebantur,
1073 1681 1134 1734 in
1170 1679 1541 1760 captivitatem
1570 1693 1604 1730 a
1637 1673 1910 1760 Chaldzis

325 1755 500 1824 ductae
552 1770 705 1830 sunt,
764 1763 1017 1833 idemque
1087 1758 1349 1816 Romulus
1408 1761 1655 1813 mortuus
1719 1755 1906 1811 divino

327 1849 528 1906 honore
561 1846 797 1902 donatus
816 1853 914 1902 est.

326 1983 545 2038 Eodem
579 1978 826 2036 Romulo
870 1977 1144 2046 regnante
1181 1974 1394 2029 Thales
1436 1971 1697 2027 Milesius
1731 1969 1911 2025 fuisse

259 2063 602 2137 perhibetur
660 2061 749 2132 (ο),
811 2074 964 2114 unus
1014 2073 1045 2112 e
1094 2059 1316 2125 septem
1366 2051 1767 2137 Sapientibus,
1800 2049 1913 2137 -qui

261 2130 389 2217 post
419 2130 724 2213 theologus
757 2148 973 2211 poetas,
1008 2137 1068 2192 in
1114 2137 1326 2217 quibus
1357 2133 1622 2217 Orphe-us
1665 2130 1914 2217 maxime

262 2207 530 2278 omnium
558 2207 898 2276 nobilitatus
941 2225 1050 2283 est,
1082 2211 1252 2290 Σοφοί
1286 2211 1558 2282 appellati
1581 2215 1739 2275 sunt,
1760 2207 1913 2290 quod

260 2308 344 2359 est
376 2302 562 2358 latine
608 2301 934 2371 Sapientes.
966 2298 1074 2350 Per
1117 2289 1270 2349 idem
1317 2298 1548 2360 tempus
1587 2291 1787 2371 decem
1820 2289 1918 2371 tri-

259 2384 390 2449 bus,
425 2400 558 2455 qua:
610 2369 1008 2436 in‘divisione
1057 2373 1252 2446 populi
1295 2379 1506 2428 vocatae
1539 2377 1676 2455 sunt
1714 2369 1915 2455 Israel,

255 2452 563 2520 debellatae
597 2479 630 2516 a
658 2459 963 2524 Chaldaeis,
987 2462 1046 2512 et
1078 2456 1134 2510 in
1169 2470 1268 2510 eas
1299 2459 1484 2509 terras
1513 2452 1752 2520 captivae
1782 2452 1922 2506 duc-

254 2551 328 2601 tae
359 2550 509 2600 sunt
541 2543 641 2613 (ιι),
677 2539 1118 2596 remanentihus
1167 2536 1226 2590 in
1272 2535 1474 2590 Judzea
1503 2540 1655 2586 terra
1693 2532 1920 2587 duabus

249 2626 372 2680 illis
434 2623 737 2687 tribubus,
782 2636 910 2690 quin
942 2616 1175 2672 nomine
1203 2614 1370 2670 Judaa
1419 2614 1796 2679 vocabantur,
1832 2627 1920 2667 se-

249 2707 517 2774 demque
562 2703 721 2768 regni
763 2700 1060 2754 habebant
1100 2695 1445 2752 Jerusalem.
1483 2693 1771 2748 Mortuum
1808 2693 1921 2748 Ro-

250 2784 518 2845 mulum,
584 2797 716 2836 cum
771 2785 828 2834 et
858 2779 986 2848 ipse
1029 2793 1142 2831 non
1192 2774 1638 2844 comparuisset,
1671 2774 1726 2827 in
1760 2774 1918 2839 deos,

251 2864 410 2937 quod
448 2867 508 2917 et
562 2861 734 2932 vulgo
786 2858 1160 2913 notissimum
1194 2860 1301 2937 est,
1336 2853 1585 2937 retulere
1632 2853 1916 2922 Romani;

255 2935 416 3016 Quod
479 2957 671 3010 usque
717 2939 884 3007 adeo,
917 2937 1039 2991 fieri
1082 2937 1209 3005 jam
1249 2935 1530 3016 desierat,
1574 2948 1678 2987 nec
1725 2941 1923 3016 postea

260 3012 375 3082 nisi
411 3020 735 3087 adulando,
770 3035 882 3073 non
934 3018 1201 3084 errando,
1238 3015 1449 3068 factum
1501 3020 1592 3067 est
1641 3012 1923 3084 tempori-

261 3108 370 3160 bus
401 3103 729 3168 Csssarum,
762 3104 826 3153 ut
869 3098 1063 3153 Cicero
1106 3093 1337 3166 magnis
1383 3093 1613 3149 Romuli
1648 3093 1921 3148 laudibus

261 3184 488 3240 tribuat
520 3181 620 3252 (e),
645 3179 799 3251 quod
835 3194 947 3233 non
983 3177 1231 3232 rudibus
1262 3181 1318 3229 et
1357 3175 1610 3229 indoctis
1640 3173 1924 3244 tempori-

263 3265 393 3330 bus,
448 3265 689 3333 quando
725 3259 891 3313 facile
940 3256 1212 3312 homines
1253 3254 1626 3319 fallebantur,
1657 3256 1758 3310 sed
1794 3255 1920 3323 jam

261 3343 540 3417 expolitis
574 3345 632 3396 et
652 3339 898 3396 eruditis
941 3337 1216 3393 meruerit
1252 3335 1360 3417 hos
1392 3336 1682 3417 honores;
1708 3351 1922 3417 quam-

260 3414 348 3481 vis
380 3423 652 3480 nondum
700 3419 1053 3477 efferbuerat
1080 3417 1102 3450 ²
1133 3432 1200 3471 ac
1242 3414 1624 3486 pullulaverat
1666 3415 1925 3485 philoso-

263 3506 518 3575 phorum
583 3500 824 3557 subtilis
855 3503 913 3554 et
955 3502 1126 3553 acuta
1173 3495 1519 3566 loquacitas.
1554 3495 1662 3550 Sed
1694 3493 1923 3575 etiamsi

259 3574 590 3656 posteriora
627 3587 886 3652 tempora
917 3580 1054 3633 deos
1085 3577 1353 3631 homines
1376 3580 1636 3630 mortuos
1661 3591 1773 3656 non
1798 3574 1922 3628 ins-

261 3655 580 3733 tituerunt,
619 3669 816 3718 tamen
863 3661 935 3716 ab
986 3658 1242 3728 antiquis
1297 3657 1600 3712 institutos
1639 3655 1827 3711 colere
1858 3657 1924 3709 ut

260 3749 398 3802 deos
430 3755 488 3802 et
520 3743 746 3799 habere
778 3756 892 3796 non
924 3738 1274 3794 destiterunt
1307 3753 1319 3790 :
1355 3737 1498 3806 quin
1529 3735 1704 3790 etiam
1737 3735 1926 3789 simu-

255 3825 456 3893 lacris,
504 3839 644 3896 quae
700 3827 922 3877 veteres
981 3835 1094 3874 non
1158 3817 1444 3871 habebant
1493 3815 1579 3886 (Ι),
1631 3819 1927 3896 auxerunt

257 3923 419 3961 vana:
467 3893 661 3977 atque
724 3899 917 3971 impiis
961 3895 1402 3969 superstitionis
1461 3894 1816 3977 illecebram,
1865 3893 1925 3949 id

260 3974 661 4042 efﬁcientibus
693 3978 1017 4036 immundis
1040 3978 1095 4032 in
1120 3991 1323 4032 eorum
1348 3976 1520 4030 corde
1542 3974 1923 4041 daemonibus,

259 4083 359 4138 per
390 4065 640 4122 fallacia
670 4076 896 4134 quoque
926 4057 1161 4115 oracula
1191 4056 1640 4127 decipientibus,
1665 4061 1727 4110 ut
1755 4054 1924 4110 fabu-

322 4233 339 4266 1
371 4229 536 4278 Vind.
573 4228 696 4274 Am.
729 4226 784 4273 et
804 4224 886 4275 Er.
918 4223 1054 4284 post,
1086 4220 1158 4268 ad
1202 4220 1397 4268 lucem.
1446 4219 1668 4284 addunt,
1703 4219 1927 4267 laetam.

259 4293 380 4341 Lov.
412 4293 669 4339 laevam.
706 4283 958 4336 Neutrum
987 4286 1068 4332 est
1093 4284 1151 4331 in
1181 4284 1452 4332 veteribus
1479 4283 1646 4330 libris.

320 4354 342 4389 ²
371 4355 522 4412 Mss.,
556 4352 920 4414 eﬂervuerat,
952 4346 1037 4414 Sic
1063 4347 1223 4414 intra,
1254 4359 1366 4414 cap.
1398 4346 1477 4399 52,
1511 4358 1562 4392 n.
1584 4344 1633 4399 2,
1666 4344 1798 4414 loco,
1820 4343 1931 4403 fer-

259 4416 376 4467 buit
409 4407 734 4480 persecutio
765 4429 783 4471 ;
810 4413 989 4480 plures
1019 4407 1834 4480 habent,‘fervuitnpersecutio.

317 4469 771 4543 (afLactantius,
803 4469 1039 4536 ejusdem
1064 4472 1207 4543 libri,
1237 4472 1286 4529 4,
1315 4484 1430 4543 cap.
1447 4469 1558 4543 is:

328 4537 486 4605 Naou
523 4548 585 4602 δὲ
620 4546 983 4622 σχισθήσεται
1014 4542 1282 4622 nefa-cna,
1315 4542 1406 4622 θεαὶ
1436 4537 1831 4622 ἥμςιτιημεσσῳ

330 4621 444 4691 Νὺξ
478 4608 978 4674 inducunt-deccat
1007 4608 1281 4687 πελώρίοξ
1314 4611 1367 4666 ἐν
1397 4608 1575 4686 τρίσῖν
1608 4608 1802 4685 ὥραις.

263 4702 327 4763 (b)
359 4703 591 4763 Ibidem,
629 4699 906 4762 aliquanto
927 4698 1048 4762 post
1075 4710 1087 4744 :

334 4773 435 4827 Καὶ
471 4759 739 4826 θανᾶτου-
753 4759 948 4841 μοῖραῦ
980 4770 1189 4825 τελέσει
1219 4766 1400 4837 τρίτον
1434 4763 1584 4835 ἦμαρ
1615 4759 1885 4841 ὑτῇγώσαςο

332 4855 436 4907 Καὶ
466 4852 590 4906 τότ’
629 4849 733 4902 ἀπὸ
757 4838 1043 4923 γφθίμὲνων
1077 4845 1352 4917 ἀνακύψας
1387 4843 1462 4904 εἷς
1495 4842 1630 4923 φᾴος
1661 4838 1797 4910 ἥξει.

336 4936 578 5008 Πρῶτος
611 4919 958 4992 ἀναστᾶσὲως
989 4929 1191 5001 κλητοῐ
1221 4925 1400 5008 ἀρχὴν
1439 4919 1743 5008 ῥποδείξαῖς,

322 5004 400 5077 (c)
447 5013 716 5078 Rationes
744 5013 1166 5078 chronologicae,
1216 5007 1412 5078 mirum
1439 5005 1514 5078 _in
1552 5004 1938 5078 .mod‘umtur-

263 5067 443 5126 betae.
504 5076 705 5123 Thales
734 5077 895 5124 natus
934 5067 1032 5124 est'
1060 5071 1305 5123 Damasio
1349 5069 1617 5135 archonte.
1653 5069 1714 5114 ut
1759 5067 1939 5135 videre

263 5143 343 5190 est
370 5139 524 5202 apud
557 5138 843 5202 Diogenem
875 5139 1159 5202 Laertium,
1213 5135 1308 5202 lib.
1329 5132 1390 5202 _l,
1437 5132 1465 5194 §
1600 5142 1740 5178 anno
1771 5129 1939 5202 primo

265 5193 614 5266 Olympiadis
661 5193 847 5266 35,__i_1t
895 5201 947 5266 S.
997 5200 1230 5266 Cyrinus
1286 5193 1686 5266 Alexandrinus.
1749 5193 1942 5266 adver-

265 5253 356 5314 διιέ
412 5253 844 5321 inanimum).
907 5263 952 5317 1,
983 5253 1101 5325 pag.
1154 5260 1212 5307 12
1244 5273 1257 5316 ;
1289 5258 1467 5325 idest.
1503 5254 1744 5325 conditae
1788 5253 1941 5301 Urbis

263 5340 409 5376 anno
459 5327 577 5375 115.
622 5318 768 5374 huc
809 5318 1082 5386 regnabat'
1106 5325 1281 5371 Ancus
1308 5319 1545 5386 Martius.
1580 5318 1816 5386 Liacnaa.

329 5392 400 5450 td)
467 5387 752 5437 Israelitae
806 5381 897 5435 in'
919 5381 1526 5450 servitutemuabdncti
1542 5381 1725 5450 msunt
1800 5391 1942 5426 anno

263 5441 479 5515 quarto
514 5451 857 5515 olympiadis
905 5451 964 5499 14
998 5465 1009 5499 :
1051 5463 1192 5515 anno
1230 5443 1322 5495 721
1370 5446 1495 5515 ante
1537 5441 1803 5515 Christh
1848 5454 1943 5515 na.—

265 5504 403 5573 tnm,
436 5504 609 5562 Urbis
641 5504 884 5562 conditae
933 5527 1074 5562 anno
1101 5511 1180 5574 33,
1216 5509 1468 5568 regnante
1497 5506 1671 5554 adhuc
1700 5504 1938 5554 Romulo.

264 5579 512 5628 Laocon.

321 5643 394 5698 (el
427 5639 565 5685 Vide
595 5635 762 5690 intra.
795 5638 894 5686 lib.
930 5638 1009 5698 22,
1042 5651 1153 5699 cap.
1190 5633 1237 5699 6_.

316 5693 392 5763 (Γ)
425 5700 796 5764 Ῡὶάρέιιριδα,
825 5700 918 5751 lib.
950 5693 1007 5764 4,"
1043 5693 1157 5762 cap.
1205 5695 1285 5754 31,
1333 5708 1388 5745 n.
1427 5693 1476 5751 2,
1525 5704 1734 5742 necnon
1763 5693 1946 5742 notam

253 5757 355 5830 (6)",
373 5757 494 5817 'col.
525 5757 628 5812 138
647 5797 660 5812 .

1421 267 1652 328 LIBER
1696 263 2036 326 DECIMUS
2080 262 2440 327 OCTAVUS
2453 313 2466 327 .

3524 275 3644 335 582

2006 398 2133 454 losa
2187 401 2361 456 etiam
2419 400 2665 456 crimina
2693 401 2960 467 deorum,
2994 417 3126 473 quae
3168 404 3293 473 jam
3343 405 3650 464 urbaniore

2009 482 2218 538 saeculo
2251 501 2360 539 non
2388 484 2777 556 ﬁngebantur,
2817 501 2912 556 per
2936 485 3102 540 ludos
3123 491 3314 542 tamen
3343 490 3397 542 in
3426 505 3654 544 eorum-

2011 563 2141 616 dem
2195 563 2471 618 falsorum
2506 565 2816 619 numinum
2854 565 3191 635 obsequium
3238 569 3484 638 turpiter
3521 585 3655 638 age-

2013 648 2232 698 rentur.
2267 645 2541 715 Regnavit
2567 647 2775 701 deinde
2805 646 2996 701 Numa
3018 657 3144 718 post
3178 647 3517 716 Romulum,
3550 651 3652 722 qui

2015 739 2146 779 cum
2205 726 2366 780 illam
2427 726 2715 782 civitatem
2769 729 3057 798 putaverit
3105 730 3346 785 deorum
3399 732 3652 800 profecto

2016 803 2295 860 falsorum
2348 810 2765 862 numerositate
2819 807 3220 876 muniendam,
3281 810 3340 864 in
3391 811 3654 866 eamdem

2019 887 2251 941 turbam
2285 889 2484 944 referri
2515 895 2780 944 mortuus
2813 891 2937 960 ipse
2970 907 3083 944 non
3117 891 3346 958 meruit,
3381 900 3656 964 tanquam

2018 965 2096 1021 ita
2127 973 2370 1038 putatus
2403 969 2475 1024 sit
2506 969 2715 1025 ccelum
2751 969 3123 1026 multitudine
3154 972 3464 1026 numinum
3489 989 3662 1028 cons-

2018 1049 2257 1117 tipasse,
2292 1055 2357 1104 ut
2406 1049 2589 1104 locum
2627 1051 2702 1104 ibi
2739 1052 2984 1120 reperire
3017 1067 3129 1106 non
3170 1058 3382 1122 posset.
3418 1052 3533 1108 Hoc
3569 1069 3666 1109 re-

2017 1135 2232 1200 gnante
2266 1130 2480 1194 Roma,
2510 1136 2567 1186 et
2613 1132 2765 1202 apud
2817 1130 3082 1186 Hebreos
3132 1133 3296 1187 initio
3343 1133 3507 1204 regni
3540 1133 3666 1189 Ma-

2019 1225 2212 1274 nasse,
2237 1226 2268 1264 a
2290 1226 2402 1280 quo
2437 1210 2615 1281 impio
2653 1227 2785 1282 rege
2814 1212 3093 1283 prepheta
3114 1211 3295 1268 Isaias
3321 1213 3662 1284 perhibetur

2017 1290 2246 1345 occisus
2275 1291 2381 1360 (a),
2412 1291 2670 1346 Samiam
2707 1293 2884 1346 fuisse
2915 1293 3196 1364 Sibyllam
3230 1295 3446 1350 ferunt.

2015 1396 2244 1453 CAPUT
2267 1398 2438 1454 XXV.
2480 1430 2548 1439 —
2580 1400 2684 1468 Qui
2711 1399 3021 1471 philosophi
3058 1402 3362 1457 em‘tuerint
3392 1411 3660 1471 regnante

2085 1478 2235 1548 apud
2274 1482 2547 1536 Romanos
2602 1482 2907 1549 Tarquinio
2965 1483 3174 1550 Prisco,
3206 1483 3352 1552 apud
3410 1483 3657 1538 [ἰθὺν-«τος

2087 1556 2365 1626 Sedechia,
2398 1573 2522 1612 cum
2566 1559 2875 1614 Jerusalem
2927 1566 3090 1630 capta
3142 1565 3240 1630 est,
3293 1561 3663 1632 templumque

2082 1637 2423 1694 subversum.

2086 1740 2385 1808 Regnante
2414 1753 2547 1793 vero
2579 1739 2732 1809 apud
2773 1739 3043 1795 Hebraaos
3084 1739 3384 1803 Sedechia,
3418 1749 3470 1796 et
3510 1742 3666 1812 apud

2020 1817 2314 1874 Romanos
2355 1818 2670 1888 Tarquinio
2721 1818 2937 1880 Prisco,
2971 1820 3071 1890 qui
3114 1825 3475 1876 successerat
3503 1823 3662 1876 Anco

2020 1897 2247 1964 Martio,
2272 1899 2484 1952 ductus
2515 1902 2602 1954 est
2633 1898 2894 1969 captivus
2918 1901 2974 1954 in
2999 1899 3377 1970 Babyloniam
3411 1901 3662 1972 populus

2017 1975 2370 2044 Judaorum,
2403 1993 2602 2032 eversa
2629 1977 2952 2034 Jerusalem
2985 1989 3037 2034 et
3069 1979 3290 2050 templo
3313 1980 3412 2035 illo
3443 1997 3475 2035 a
3503 1981 3666 2036 Salo-

2023 2074 2194 2113 mone
2233 2062 2578 2112 constructo.
2621 2058 2991 2128 Increpantes
3033 2059 3188 2114 enim
3220 2076 3316 2114 eos
3366 2059 3662 2130 PrOphetm

2024 2140 2093 2193 de
2133 2137 2548 2208 iniquitatibus
2578 2141 2634 2192 et
2676 2138 3072 2208 impietatibus
3101 2139 3247 2205 suis,
3280 2139 3402 2194 haec
3434 2141 3517 2194 eis
3538 2155 3672 2196 ven-

2023 2222 2156 2272 tura
2224 2217 2627 2288 praedixerant,
2669 2219 2919 2272 maxime
2977 2219 3282 2284 Jeremias,
3334 2219 3432 2289 qui
3490 2220 3670 2274 etiam

2025 2312 2325 2352 numerum
2377 2295 2636 2351 deﬁnivit
2693 2313 2981 2352 annorum
3035 2298 3250 2367 (Jerem.
3279 2313 3411 2367 xxv,
3452 2298 3555 2370 11).
3594 2298 3673 2352 Eo

2028 2387 2285 2448 tempore
2335 2377 2594 2432 Pittacus
2643 2377 3018 2448 Mitylenaus,
3049 2378 3200 2432 alius
3231 2395 3261 2434 e
3301 2387 3523 2449 septem
3565 2378 3674 2433 Sa-

2028 2459 2347 2529 pientibus,
2394 2457 2568 2512 fuisse
2611 2458 2945 2528 perhibetur
2975 2459 3050 2529 (ὁ)
3109 2458 3174 2512 Et
3214 2459 3475 2528 quinque
3496 2465 3672 2514 czete-

2031 2555 2148 2606 ros,
2199 2542 2299 2608 qui
2356 2544 2419 2592 ut
2475 2543 2697 2608 septem
2757 2545 3158 2603 numerentur,
3201 2539 3444 2604 Thaleti,
3497 2555 3671 2610 quem

2029 2635 2203 2688 supra
2225 2618 2833 2685 commemoravimus,
2869 2626 2923 2674 et
2955 2619 3092 2673 huic
3115 2621 3334 2674 Pittace
3357 2621 3672 2686 adduntur,

2031 2714 2095 2753 eo
2137 2707 2393 2768 tempore
2449 2701 2628 2754 fuisse
2668 2700 2872 2754 scribit
2920 2699 3223 2766 Eusebius,
3258 2716 3373 2770 quo
3411 2700 3676 2767 captivus

2031 2779 2131 2835 Dei
2178 2780 2429 2852 populus
2462 2781 2519 2834 in
2556 2780 2874 2852 Babylonia
2938 2781 3261 2836 tenebatur.
3296 2780 3362 2834 Hi
3407 2785 3546 2834 sunt
3579 2797 3680 2834 au-

2030 2865 2172 2927 tem,
2231 2860 2406 2916 Solon
2453 2862 2848 2929 Atheniensis,
2909 2860 3121 2916 Chilo‘
3183 2861 3678 2929 Lacedaemonius,

2034 2942 2344 2997 Periander
2418 2942 2774 3010 Corinthius,
2832 2942 3146 2998 Cleobulus
3215 2942 3470 3009 Lindius,
3539 2941 3672 2997 Bias

2026 3022 2343 3078 Prieneaus.
2387 3021 2598 3078 Omnes
2640 3023 2699 3076 hi
2749 3031 2970 3093 septem
3035 3021 3310 3093 appellati
3369 3022 3675 3092 Sapientes

2030 3108 2159 3174 post
2191 3107 2388 3174 poetas
2419 3101 2715 3173 theologos
2745 3102 3102 3170 claruerunt,
3145 3103 3280 3173 quia
3309 3117 3518 3170 genere
3544 3102 3672 3156 vita;

2031 3183 2284 3252 quodam
2334 3181 2611 3237 laudabili
2655 3184 3012 3253 praestabant
3044 3183 3381 3238 hominibus
3428 3180 3672 3248 caeteris,

2031 3267 2087 3316 et
2141 3278 2365 3317 morum
2429 3262 2711 3317 nonnulla
2760 3269 3045 3332 praecepta
3083 3263 3510 3316 sententiarum
3551 3262 3676 3316 bre-

2030 3343 2207 3396 vitate
2255 3340 2541 3412 complexi
2599 3347 2756 3396 sunt.
2793 3341 2947 3396 Nihil
3006 3347 3201 3396 autem
3257 3346 3674 3396 monumento-

2033 3437 2182 3488 rum,
2213 3423 2366 3491 quod
2401 3423 2468 3474 ad
2513 3420 2734 3474 litteras
2767 3423 2993 3484 attinet,
3019 3421 3258 3488 posteris
3290 3420 3674 3490 reliquerunt,

2032 3501 2146 3556 nisi
2178 3502 2329 3572 quod
2368 3500 2537 3554 Solon
2573 3501 2856 3569 quasdam
2891 3499 3047 3570 leges
3090 3499 3548 3554 Atheniensibus
3581 3503 3681 3552 de-

2033 3583 2188 3637 disse
2248 3581 2620 3652 perbibetur;
2680 3579 2890 3634 Thales
2950 3595 3078 3635 vero
3131 3579 3407 3650 physicus
3463 3577 3590 3642 fuit,
3622 3581 3681 3632 et

2031 3677 2274 3717 suorum
2308 3663 2646 3731 dogmatum
2679 3658 2858 3714 libros
2892 3658 3126 3729 reliquit
3155 3660 3244 3730 (c).
3275 3661 3350 3714 Eo
3380 3656 3672 3729 captivita-

2030 3745 2106 3799 tis
2161 3743 2410 3798 Judaicae
2487 3740 2565 3812 (ά)
2625 3748 2901 3810 tempore,
2978 3745 3035 3794 et
3111 3741 3566 3804 Anaximander,
3621 3742 3678 3793 et

2030 3823 2439 3889 Anaximenes,
2472 3828 2528 3877 et
2585 3821 2974 3891 XenOphanes
3032 3820 3256 3892 physici
3317 3820 3673 3875 claruerunt.

2031 3906 2197 3962 Tunc
2255 3910 2309 3959 et
2369 3903 2745 3974 Pythagoras,
2778 3919 2848 3958 ex
2889 3917 3002 3973 quo
3044 3908 3344 3973 cmperunt
3392 3899 3674 3972 appellari

2034 3985 2361 4057 phiIOSOphi
2402 3985 2492 4055 (ε).

2033 4091 2261 4149 CAPUT
2316 4089 2505 4146 XXVI.
2539 4122 2607 4130 —
2657 4090 2810 4158 Quod
2863 4105 2922 4145 eo
2981 4097 3240 4161 tempore,
3281 4105 3388 4160 quo
3441 4088 3680 4158 impletis

2103 4175 2450 4244 septuaginta
2480 4173 2655 4227 annis
2699 4172 3015 4228 Iudaeorum
3053 4178 3131 4227 est
3175 4173 3413 4227 resoluta
3447 4169 3680 4240 captiui-

2103 4260 2211 4319 tas,
2246 4254 2478 4309 Romani
2507 4268 2714 4324 quoque
2733 4269 2767 4308 a
2797 4253 3082 4308 dominatu
3110 4257 3239 4307 sunt
3260 4253 3415 4322 regio
3437 4248 3680 4306 liberati.

2108 4368 2213 4423 Per
2240 4366 2394 4420 idem
2427 4371 2660 4435 tempus
2684 4365 2865 4436 Cyrus
2894 4381 2992 4419 rex
3014 4363 3344 4433 Persarum,
3369 4362 3470 4434 qui
3502 4362 3680 4416 etiam

2105 4497 2120 4529 ι
2178 4493 2322 4547 Mss.,
2377 4490 2622 4550 Chilon;
2675 4493 2727 4540 et
2781 4492 2940 4549 intra,
2991 4491 3359 4548 Periandrus,
3402 4489 3535 4546 loco,
3591 4489 3690 4536 Pe-

2038 4557 2287 4606 riander.

2101 4621 2180 4679 (α)
2232 4618 2520 4673 Manasses,
2551 4629 2643 4665 rex
2679 4617 2864 4672 Judae.
2922 4617 3080 4679 coepit
3138 4628 3358 4679 regnare
3405 4627 3575 4679 anno_
3595 4609 3688 4657 698

2038 4675 2168 4731 ante
2213 4680 2482 4729 Christum
2529 4682 2735 4729 natum.
2769 4693 2909 4728 anno
2967 4675 3023 4727 17
3083 4675 3232 4738 regni
3299 4677 3497 4738 Numae
3543 4675 3692 4720 Pom-

2039 4745 2169 4808 pilii.
2209 4745 2444 4793 Lucam.
2502 4767 2563 4778 —
2604 4742 2811 4808 Isaiam
2856 4744 3102 4808 senatum
3152 4737 3320 4808 luisse
3376 4750 3408 4784 a
3451 4737 3692 4808 Manasse

2040 4795 2188 4856 serra
2214 4807 2390 4868 lignea
2416 4818 2484 4854 ex
2510 4804 2805 4868 certissima
2850 4801 3536 4868 traditione_Hebraeor_u_m
3566 4795 3692 4868 seris

2041 4871 2120 4919 bit
2166 4870 2216 4918 S.
2256 4860 2620 4928 Hieronymus
2674 4865 2731 4912 in
2786 4867 2943 4928 caput
2982 4879 3104 4928 irit
3148 4862 3331 4928 Isaiae,
3358 4923 3371 4928 _
3394 4860 3644 4928 additque
3676 4867 3690 4906 :

2043 4952 2069 4978 «
2100 4933 2247 4985 Unde
2275 4933 2327 4979 et
2371 4921 2676 4977 nostrorum
2713 4921 2930 4988 plurimi
2975 4926 3110 4973 illud
3156 4924 3298 4986 quod
3343 4923 3406 4988 de
3449 4921 3697 4988 passione

2047 5015 2074 5041 α
2101 4996 2406 5044 sanctorum
2460 4991 2516 5036 in
2564 4985 2796 5049 Epistola
2845 4990 2911 5035 ad
2969 4985 3230 5037 Hebraeos
3284 4986 3517 5049 ponitur.
3559 4985 3696 5030 Ser-

2045 5077 2072 5102 «
2104 5059 2215 5104 rati
2271 5063 2424 5107 sunt,
2460 5047 2720 5118 adlsaiae
2749 5052 2984 5118 referunt
3009 5047 3335 5118 passionem.
3369 5067 3395 5093 »
3434 5047 3693 5118 Οοορλιρε.

2108 5120 2176 5178 (ὁ)
2208 5118 2442 5165 Pittacus
2462 5116 2620 5178 natus
2640 5127 2781 5161 anno
2810 5114 2901 5161 652
2931 5107 3055 5162 ante
3083 5114 3366 5178 Christum.
3399 5110 3541 5178 quod
3583 5107 3697 5178 etii-

2046 5169 2248 5233 cias'ex
2283 5179 2445 5227 Suida
2477 5191 2488 5225 :
2530 5177 2757 5224 donatus
2799 5189 2940 5225 anno
2970 5178 3062 5226 5ὂο
3094 5190 3106 5225 :
3139 5177 3261 5224 vide
3292 5169 3602 5226 Lucianum,
3633 5169 3697 5217 de

2045 5243 2340 5314 Macr-abiis,
2544 5239 2778 5314 Laecam.

2112 5293 2172 5371 (ὁ)
2205 5309 2315 5371 Imp
2333 5293 2479 5371 nihil
2509 5302 3065 5371 scriptisnmandavib
3081 5302 3269 5350 Thales
3299 5313 3312 5349 :
3349 5299 3471 5348 vide
3499 5293 3704 5344 Themi-

2048 5364 2228 5424 stium.
2265 5367 2511 5426 Oratione
2535 5364 2614 5422 26,
2644 5379 2694 5426 p.
2727 5364 2838 5423 3l7,
2871 5366 2923 5413 B.
2957 5366 3009 5414 C.
3044 5366 3278 5413 Lucana.

2107 5435 2182 5495 (τι)
2227 5433 2380 5495 Anno
2413 5421 2681 5495 _607_ant'e
2719 5421 3014 5495 Christum
3055 5432 3258 5495 natum
3297 5421 3706 5495 Nabuchodono-

2048 5484 2136 5547 sor
2167 5484 2574 5558 'Hierosolymis
2617 5491 2782 5558 captis
2837 5492 3107 5540 Joachimo
3155 5485 3496 5558 regihindicit

2048 5565 2197 5610 tum:
2237 5556 2362 5604 hinc
2411 5549 2750 5614 septuaginta
2795 5567 3062 5603 annorum
3098 5549 3425 5614 captivitatis
3467 5549 3704 5596 initium.

2049 5625 2285 5672 Laacnaa.

2136 5693 2180 5741 e)
2209 5679 2356 5730 Ocni.
2390 5691 2566 5742 supra,
2622 5677 2718 5726 lib.
2765 5677 2814 5736 8,
2862 5691 2974 5742 cap.
3009 5678 3056 5733 2.
3105 5680 3158 5727 et
3205 5678 3365 5738 intra,
3401 5687 3517 5738 cap.
3547 5671 3626 5729 37,
3658 5669 3712 5721 et
