4110 6196
431 315 546 374 583

430 443 714 499 ΟὴαΙόωὶε
744 446 800 497 et
830 441 1083 513 Assyriis
1117 439 1455 511 imperabat,
1491 440 1746 494 relaxata
1777 438 2078 510 aliquanta

431 524 764 596 captivitate
794 522 1152 588 Judteorum,
1199 521 1629 591 quinquaginta
1679 520 1865 574 millia
1897 519 2079 574 homi-

385 621 570 658 ~num
627 619 693 657 ex
745 603 828 657 eis
887 603 956 656 ad
1016 603 1461 656 instaurandum
1517 599 1799 671 templum
1853 602 2080 672 regredi

427 685 561 740 fecit
592 684 691 754 (a).
717 689 762 737 A
786 683 998 754 quibus
1027 689 1251 738 tantum
1281 684 1457 754 prima
1492 691 1678 751 empta
1713 682 2077 744 fundamina,

428 769 486 818 et
543 764 723 818 altare
784 769 1185 818 constructum
1243 771 1350 818 est.
1385 761 1833 817 Incursantibus
1885 767 2079 816 autem

430 843 720 910 hostibus,
760 860 1126 915 nequaquam
1181 843 1449 915 progredi
1499 842 1842 897 mdiﬁcando
1887 841 2078 896 value-

425 930 584 990 runt,
620 924 988 996 dilatumque
1019 941 1166 996 opus
1213 929 1303 978 est
1335 940 1518 993 usque
1558 924 1624 976 ad
1673 922 1932 976 Darium.
1968 922 2078 976 Per

425 1005 580 1058 idem
614 1009 844 1073 tempus
875 1007 1048 1060 etiam
1084 1004 1183 1058 illa
1211 1009 1346 1058 sunt
1375 1008 1558 1073 gesta,
1587 1019 1714 1072 quis
1747 1000 2078 1070 conscripta

428 1093 565 1138 sunt
624 1082 680 1137 in
735 1084 885 1139 libro
945 1084 1144 1139 Judith
1180 1083 1293 1155 (b):
1339 1099 1511 1153 quem
1558 1099 1699 1136 sane
1757 1082 1816 1135 in
1857 1096 2077 1136 canone

429 1165 857 1235 Scripturarum
907 1165 1097 1220 Judaei
1147 1181 1258 1219 non
1294 1163 1578 1233 recepisse
1625 1164 1920 1217 dicuntur.
1962 1160 2077 1216 Sub

431 1245 600 1300 Dario
659 1261 796 1317 ergo
854 1263 987 1318 rege
1045 1248 1352 1300 Persarum
1405 1244 1664 1315 impletis
1703 1243 2076 1314 septuaginta

425 1326 618 1393 annis,
652 1343 800 1396 quos
830 1326 1111 1381 Jeremias
1143 1328 1423 1397 pr0pheta
1457 1324 1822 1397 praedixerat,
1849 1323 2076 1378 reddita

425 1412 514 1461 est
572 1407 790 1461 Judaeis
848 1407 1035 1462 soluta
1091 1409 1424 1477 captivitate
1483 1405 1737 1472 libertas,
1804 1408 2075 1474 regnante

429 1488 824 1541 Romanorum
859 1489 1107 1558 septimo
1140 1503 1275 1557 rege
1307 1486 1646 1556 Tarquinio.
1682 1487 1802 1550 Quo
1835 1483 2075 1555 expulso

424 1569 598 1621 etiam
666 1568 775 1636 ipsi
835 1586 868 1622 a
927 1584 1125 1637 regum
1182 1584 1416 1621 suorum
1470 1566 1866 1621 dominatione
1910 1563 2075 1618 liberi

423 1662 549 1700 esse
607 1653 928 1718 cmperunt.
965 1648 1152 1717 Usque
1207 1649 1277 1702 11d
1332 1647 1441 1702 hoc
1483 1653 1715 1718 tempus
1755 1647 2074 1718 Prophetas

423 1727 633 1782 habuit
691 1728 941 1798 populus
1001 1728 1230 1783 Israel:
1282 1728 1379 1798 qui
1441 1745 1572 1782 cum
1625 1727 1793 1782 multi
1841 1727 2073 1793 fuerint,

426 1823 746 1878 paucorum
796 1815 847 1864 et
898 1809 1051 1879 apud
1083 1808 1318 1863 Judaaos
1357 1811 1412 1861 et
1451 1809 1604 1878 apud
1648 1825 1752 1862 nos
1801 1806 2076 1860 canonica

425 1889 639 1958 scripta
669 1892 685 1923 ¹
738 1889 1083 1944 retinentur.
1114 1894 1186 1943 De
1237 1889 1451 1958 quibus
1499 1905 1584 1943 me
1627 1888 1822 1959 aliqua
1850 1887 2073 1958 positu-

425 1983 551 2024 rum
583 1984 711 2023 esse
743 1969 972 2040 promisi
998 1969 1056 2022 in
1091 1969 1197 2024 hoc
1229 1968 1400 2035 libro,
1440 1985 1568 2023 cum
1605 1968 1933 2023 clauderem
1967 1983 2070 2022 su-

427 2045 737 2117 periorem,
772 2047 925 2118 quod
951 2049 1077 2118 jam
1109 2047 1274 2103 video
1305 2064 1434 2103 esse
1468 2047 1814 2102 faciendum.

432 2211 658 2268 CAPUT
721 2210 947 2267 XXVII.
997 2242 1062 2252 —
1120 2214 1195 2266 De
1257 2213 1587 2280 temporibus
1651 2210 2072 2280 Prophetarum,

497 2309 732 2364 quorum
774 2293 996 2347 oracula
1046 2292 1321 2346 habentur
1363 2293 1424 2345 in
1466 2289 1624 2344 libris
1651 2307 1672 2351 ;
1700 2289 1902 2361 quique
1946 2293 2077 2344 tunc

495 2378 566 2429 de
624 2374 902 2430 vocatione
958 2372 1205 2428 Gentium
1264 2373 1436 2426 multa
1481 2371 1814 2436 cecinerunt,
1848 2371 2075 2441 'quando

497 2456 800 2511 Romanum
822 2471 1050 2524 regnum
1071 2458 1250 2521 coepit,
1286 2454 1677 2523 Assyriumque
1711 2452 1927 2519 defecit.

498 2622 790 2691 Tempora
842 2619 1022 2689 igitur
1062 2634 1264 2673 eorum
1317 2623 1380 2671 ut
1426 2615 1722 2686 possimus
1753 2616 2073 2680 advertere,

427 2705 485 2758 in
520 2703 809 2756 anteriora
852 2700 1154 2769 paululum
1190 2715 1582 2753 recurremus.
1615 2699 1673 2750 In
1711 2696 1894 2766 capite
1945 2696 2076 2751 libri

427 2785 571 2838 Osee
605 2781 916 2851 prophetae,
953 2779 1044 2848 qui
1101 2779 1326 2849 primus
1371 2778 1428 2832 in
1475 2778 1780 2832 duodecim
1819 2776 2074 2845 ponitur,

430 2863 510 2914 ita
542 2861 821 2929 scriptum
857 2865 941 2911 est
975 2876 987 2911 :
1030 2859 1272 2913 Verbum
1314 2859 1531 2914 Domini
1561 2857 1702 2928 quad
1746 2860 1963 2924 factum
1998 2861 2074 2911 est

432 2939 503 2994 ad
557 2940 686 2993 Osee
724 2939 781 2992 in.
837 2938 1023 2991 diebus
1081 2938 1244 3002 Ome,
1276 2943 1325 2992 et
1375 2938 1628 3001 Joathcn,
1679 2945 1728 2991 et
1784 2937 1982 2999 Achaz,
2023 2940 2076 2991 et

432 3019 676 3073 Ezechiae
708 3032 901 3083 regum
937 3018 1078 3071 Juda
1108 3016 1257 3083 (Osee
1287 3033 1326 3084 1,
1362 3017 1435 3086 1).
1469 3020 1643 3070 Amos
1685 3032 1910 3085 quoque
1950 3015 2073 3071 die-

435 3099 544 3152 bus
577 3097 728 3164 regis
758 3097 913 3149 ()zise
945 3094 1320 3164 prophetasse
1353 3101 1414 3149 se
1445 3096 1678 3149 scribit:
1711 3095 1866 3149 addit
1899 3096 2073 3151 etiam

433 3177 743 3233 Jeroboam
788 3191 980 3244 regem
1029 3173 1225 3237 Israel,
1260 3175 1358 3245 qui
1413 3191 1511 3245 per
1551 3176 1784 3228 eosdem
1818 3174 1938 3229 dies
1971 3176 2076 3230 fuit

433 3259 675 3326 (AmosI,
711 3254 783 3322 1).
811 3253 1044 3308 Necnon
1079 3255 1257 3308 Isaias
1288 3253 1445 3308 filius
1477 3257 1675 3317 Amos.
1709 3256 1826 3309 sive
1871 3271 2074 3326 supra-

431 3335 568 3392 dicti
606 3336 918 3407 prophetae,
952 3335 1088 3402 sive,
1123 3335 1274 3405 quod
1313 3334 1500 3405 magis
1535 3335 1890 3403 perhibetur,
1935 3336 2074 3390 alte-

431 3420 552 3474 rius
585 3418 682 3489 qui
734 3433 844 3471 non
881 3416 1161 3487 prepheta
1205 3417 1407 3470 eodem
1452 3416 1686 3470 nomine
1735 3417 2072 3484 vocabatur,

429 3498 662 3553 eosdem
698 3512 859 3565 reges
889 3501 1141 3566 quatuor
1172 3513 1314 3565 quos
1358 3497 1553 3566 posuit
1585 3495 1749 3562 Osee,
1795 3497 1853 3551 in
1887 3497 2074 3568 capite

426 3579 556 3634 libri
608 3579 697 3632 sui
761 3579 944 3648 ponit,
998 3593 1242 3646 quorum
1304 3577 1508 3630 diebus
1578 3593 1638 3631 se
1699 3579 2073 3648 prophetasse

428 3657 820 3730 praeloquitur.
858 3656 1129 3711 Michteas
1160 3657 1331 3711 etiam
1365 3657 1567 3711 eadem
1610 3673 1724 3710 suae
1762 3657 2070 3728 prophetia:

425 3742 838 3795 commemorat
894 3744 1156 3807 tempora
1215 3743 1341 3806 post
1390 3739 1512 3791 dies
1565 3737 1734 3792 Ozias.
1769 3740 1910 3792 Nam
1952 3743 2070 3794 tres

428 3819 524 3891 qui
557 3822 882 3889 sequuntur
913 3833 1076 3887 reges
1111 3818 1394 3881 nominat,
1427 3834 1574 3887 quos
1605 3822 1662 3872 et
1703 3822 1842 3873 Osee
1875 3818 2071 3873 nomi-

426 3903 605 3965 navit,
639 3899 912 3966 Joathan,
931 3904 985 3951 et
1008 3899 1218 3964 Achaz,
1242 3904 1297 3952 et
1325 3898 1626 3953 Ezechiam
1659 3899 1970 3968 (ΜίιῖΙικῐει,
1995 3902 2067 3971 1).

426 3981 488 4034 Hi
523 3984 661 4035 sunt
684 3995 826 4049 quos
859 3978 1056 4032 eodem
1091 3983 1348 4047 tempore.
1381 3978 1557 4032 simul
1597 3979 1972 4050 prophetasse
2002 3998 2070 4037 ex

423 4077 623 4116 eorum
685 4058 889 4113 lilteris
967 4058 1280 4113 invenitur.
1343 4057 1442 4112 His
1499 4060 1837 4129 adiungitur
1890 4061 2067 4117 Jonas

421 4143 622 4196 eodem
658 4139 791 4194 Ozia
824 4155 952 4209 rege
985 4149 1281 4209 regnante,
1316 4144 1372 4192 et
1403 4137 1522 4193 Joel
1549 4156 1680 4194 cum
1711 4143 1826 4208 jam
1862 4158 2068 4212 regna-

421 4230 503 4275 ret
534 4220 809 4283 Joathan,
843 4221 942 4290 qui
995 4221 1272 4274 successit
1301 4223 1466 4273 Oziaz.
1509 4220 1616 4274 Sed
1667 4221 1906 4275 istorum
1943 4239 2069 4291 pro-

423 4303 728 4370 phetarum
784 4301 1035 4353 duorum
1085 4306 1344 4367 tempora
1395 4299 1453 4353 in
1501 4300 1820 4365 Chronicis,
1855 4319 1968 4356 non
2012 4305 2066 4358 in

424 4397 624 4435 eorum
668 4379 828 4433 libris
880 4379 1177 4447 potuimus
1224 4379 1498 4448 invenire,
1533 4381 1807 4451 quoniam
1845 4385 1914 4436 de
1945 4384 2067 4438 suis

425 4460 630 4514 diebus
690 4464 900 4513 tacent.
959 4458 1300 4513 Tenduntur
1352 4467 1544 4515 autem
1603 4462 1655 4515 hi
1700 4462 1824 4517 dies
1863 4481 1893 4517 a
1933 4481 2067 4534 rege

423 4538 751 4592 Latinorum
797 4536 992 4603 Proca,
1036 4538 1152 4593 sive
1202 4541 1498 4608 superiore
1541 4542 1843 4609 Aventino,
1884 4560 2066 4614 usque

422 4619 490 4674 ad
526 4633 719 4688 regem
755 4617 1065 4672 Romulum
1093 4620 1216 4689 jam
1263 4619 1656 4676 Romanorum
1692 4623 1734 4690 ²,
1768 4624 1852 4676 vel
1887 4625 2062 4679 etiam

422 4691 708 4763 usquead
743 4690 902 4758 regni
938 4690 1253 4763 primordia
1294 4709 1650 4747 successoris
1692 4696 1819 4763 ejus
1863 4695 2063 4750 Numas

421 4761 740 4836 Pompilii:
805 4762 1069 4818 Ezechias
1129 4763 1343 4834 quippe
1402 4781 1498 4819 rex
1553 4761 1822 4820 Judaieo
1883 4782 2064 4836 usque

422 4842 717 4914 regnavit;
773 4860 838 4898 ac
893 4859 994 4914 per
1046 4844 1154 4898 hoc
1217 4859 1317 4914 per
1371 4860 1438 4899 ea
1481 4848 1746 4915 tempora
1784 4844 1881 4900 isti
1911 4847 2066 4902 velut

421 4924 609 4979 fontes
677 4923 991 4994 prophetia;
1037 4925 1248 4994 pariter
1296 4930 1634 4995 eruperunt,
1691 4927 1925 4997 quando
1975 4943 2066 4983 re-

421 5020 603 5076 gnum
637 5003 844 5059 defecit
891 5004 1207 5073 Assyrium,
1258 5007 1544 5077 coepitque
1592 5004 1916 5062 Romanum
1954 5024 1967 5063 :
2002 5011 2066 5064 ut

484 5304 499 5337 ι
532 5301 748 5364 Aliquot
775 5298 917 5355 Mss,
940 5300 1255 5363 Scriptura.

483 5364 503 5397 ²
535 5363 688 5419 Editi,
718 5366 1054 5412 Romanum.
1087 5365 1153 5410 At
1180 5363 1236 5411 in
1270 5363 1413 5422 Mss,
1445 5365 1846 5416 Romanorum.

486 5428 559 5487 (a)
577 5431 728 5476 Anno
758 5425 850 5473 538
878 5429 1000 5474 ante
1033 5426 1300 5490 Christum
1329 5429 1515 5474 natum
1559 5427 1728 5490 Cyrus
1773 5432 1942 5482 edicto
1969 5435 2063 5483 Ju-

419 5488 561 5537 daeis
593 5491 648 5552 in
680 5490 905 5552 patriam
936 5489 1160 5537 reditum
1192 5490 1464 5552 concessit.
1497 5488 1730 5538 LARCBEIL

480 5552 549 5604 (b)
581 5550 737 5601 Gesta
764 5553 946 5600 Judith
977 5552 1043 5599 ad
1073 5564 1274 5599 annum
1315 5551 1406 5599 634
1454 5554 1578 5601 ante
1619 5553 1886 5606 Christum
1927 5561 2061 5610 rete-

419 5615 752 5676 rendaisunt,
778 5618 837 5662 ut
865 5615 1101 5676 probavit
1130 5613 1534 5663 Montiauconus
1562 5615 1618 5662 in
1647 5616 1782 5666 libro
1812 5622 1894 5669 cui
1938 5623 2062 5673 titu-

417 5672 520 5731 lus,
553 5674 798 5722 Histoire
833 5672 896 5723 ἀὲ
923 5677 1142 5726 Judith.
1171 5677 1406 5725 Lucana.

1490 309 1590 366 DE
1638 305 2006 368 CIVITA'I‘E
2053 307 2203 380 DEI,
2250 305 2313 366 S.
2360 305 2788 370 AUGUSTINI

3720 319 3840 379 584

2193 439 2434 508 scilicet,
2465 441 2961 510 quemadmodum
3010 442 3175 512 regni
3218 444 3595 516 Assyriorum
3648 447 3832 517 primo

2193 524 2452 591 tempore
2482 522 2705 576 exstitit
2733 522 3053 587 Abraham,
3086 523 3180 578 cui
3215 525 3628 591 promissiones
3671 546 3838 600 aper-

2192 600 2435 655 tissima
2495 601 2695 656 tierent
2743 602 2801 656 in
2847 608 2971 672 ejus
3003 605 3227 659 semine
3259 607 3683 665 benedictionis
3714 627 3840 665 om-

2191 682 2353 736 nium
2387 682 2646 753 gentium
2678 699 2691 748 ;
2718 683 2794 737 ita
2827 684 3207 740 occidentalis
3237 687 3551 759 Babylonis
3583 694 3844 761 exordio,

2189 777 2324 843 qua,
2364 763 2553 818 fuerat
2600 763 2866 843 Christus
2909 766 3234 835 imperante
3281 774 3585 832 venturus.
3620 771 3678 826 in
3735 790 3852 843 quo

2192 841 2569 912 implerentur
2616 842 2716 897 illa
2763 845 3051 913 promissa
3101 847 3338 903 oracula
3389 841 3842 921 Prophetarum,

2189 938 2305 977 non
2337 923 2527 978 solum
2560 923 2946 994 loquentium,
2983 941 3179 982 verum
3229 930 3406 984 etiam
3451 933 3842 990 scribentium

2189 1003 2250 1057 in
2324 1008 2501 1058 tanta:
2559 1005 2638 1059 rei
2717 1005 2924 1060 futurae
2982 1009 3384 1066 testimonium
3452 1012 3844 1072 solverentur.

2188 1087 2328 1138 Cum
2363 1085 2518 1139 enim
2552 1085 2844 1156 prophetas
2877 1104 3179 1158 nunquam
3224 1090 3338 1145 fere
3380 1092 3711 1148 defuissent
3741 1112 3843 1164 po-

2188 1165 2323 1235 pulo
2383 1165 2580 1233 Israel,
2623 1181 2692 1220 ex
2750 1183 2868 1237 quo
2917 1167 2995 1222 ibi
3039 1184 3198 1236 reges
3242 1187 3372 1227 esse
3428 1181 3755 1244 ccsperuot,
3789 1178 3844 1231 in

2188 1260 2354 1300 usum
2403 1248 2813 1302 tantummodo
2875 1263 3079 1302 eorum
3142 1249 3320 1317 fuere,
3375 1269 3490 1307 non
3539 1255 3844 1322 gentium:

2186 1327 2421 1395 quando
2452 1331 2646 1381 autem
2681 1341 2744 1379 ea
2775 1327 3064 1398 scriptura
3097 1330 3468 1387 manifestius
3500 1334 3847 1403 prOpbetica

2187 1407 2566 1472 condebatur,
2608 1422 2735 1477 quas
2783 1407 3060 1478 gentibus
3109 1413 3464 1482 quandoque
3516 1415 3841 1483 prodesset,

2185 1492 2322 1542 tunc
2348 1490 2651 1558 oportebat
2681 1489 2963 1555 inciperet
2993 1487 3035 1553 ί,
3069 1490 3305 1560 quando
3335 1493 3695 1550 condebatur
3722 1496 3842 1552 hec

2185 1568 2406 1636 civitas,
2441 1585 2566 1640 quis
2598 1569 2874 1639 gentibus
2903 1568 3234 1638 imperaret.

2185 1729 2415 1784 CAPUT
2479 1729 2725 1785 XXVIII.
2786 1760 2856 1770 —
2913 1737 2989 1786 De
3047 1734 3133 1787 his
3191 1749 3309 1804 qum
3359 1734 3430 1790 ad
3481 1739 3837 1808 Bvangetium

2259 1810 2464 1946 σξιῖίπὶ
2513 1813 2816 1881 pertinent,
2849 1812 2984 1884 quid
3031 1812 3161 1870 Osee
3190 1819 3241 1870 et
3271 1816 3431 1871 Amos
3473 1819 3844 1890 praphetane-

2255 1909 2345 1946 rm
2381 1933 2393 1946 .

2256 2015 2400 2072 Osee
2432 2016 2610 2089 igitur
2641 2017 2944 2089 propheta,
2969 2024 3188 2091 quanto
3217 2023 3561 2093 profundius
3595 2027 3838 2097 quidem

2187 2096 2464 2166 loquitur,
2497 2101 2657 2152 tanto
2707 2099 3006 2168 operosius
3056 2105 3413 2171 penetratur.
3449 2104 3560 2160 Sed
3611 2096 3839 2176 aliquid

2185 2178 2319 2232 inde
2351 2179 2702 2232 sumendum
2727 2183 2836 2237 est.
2869 2182 2926 2234 et
2963 2180 3052 2235 hic
3101 2197 3167 2237 ex
3219 2189 3417 2238 nostra
3448 2186 3844 2254 promissione

2184 2259 2543 2329 ponendum.
2586 2259 2645 2311 Et
2677 2258 2806 2324 erit,
2879 2261 3094 2331 inquit,
3119 2262 3179 2316 in
3225 2263 3337 2319 loco
3375 2281 3477 2335 quo
3510 2266 3715 2321 dictum
3754 2277 3855 2324 est

2184 2338 2285 2404 eis,
2329 2340 2440 2394 Non
2486 2339 2726 2408 populus
2773 2356 2922 2395 meus
2954 2357 3064 2410 vos,
3117 2344 3454 2400 vocabuntur
3499 2353 3550 2401 et
3589 2347 3697 2418 ipsi
3729 2348 3851 2404 lilii

2186 2421 2280 2474 Dei
2308 2421 2418 2474 vivi
2449 2418 2593 2474 (Osee
2622 2437 2660 2485 1,
2694 2421 2800 2491 l0).
2839 2423 2952 2476 Hoc
2983 2424 3388 2480 testimonium
3433 2427 3839 2497 prOpheticum

2186 2502 2256 2556 de
2278 2501 2574 2556 vocatione
2624 2502 2820 2572 populi
2873 2501 3170 2572 Gentium,
3221 2505 3320 2575 qui
3356 2507 3514 2575 prius
3544 2525 3656 2563 non
3700 2525 3842 2580 per-

2186 2583 2406 2637 tinebat
2428 2583 2497 2636 ad
2523 2582 2723 2650 Deum,
2749 2583 2922 2638 etiam
2949 2585 3206 2653 Apostoli
3232 2585 3840 2659 intellexerunt(Rom.

2185 2680 2262 2733 1x,
2292 2664 2402 2733 26).
2443 2663 2507 2718 Et
2537 2665 2673 2733 quia
2719 2664 2840 2733 ipse
2874 2681 3102 2736 quoque
3135 2667 3382 2739 populus
3419 2669 3691 2726 Gentium
3723 2671 3846 2738 spi-

2187 2743 2472 2798 ritualiter
2517 2749 2606 2798 est
2652 2744 2711 2798 in
2761 2743 2900 2798 ﬁliis
2953 2745 3210 2813 Abraha,
3273 2764 3339 2803 ac
3373 2764 3473 2819 per
3522 2749 3632 2805 hoc
3683 2757 3843 2807 recte

2185 2823 2401 2878 dicitur
2432 2824 2623 2887 Israel,
2657 2829 2958 2893 pr0pterea
2988 2827 3274 2896 sequitur,
3301 2833 3356 2883 et
3386 2829 3524 2883 dicit
3555 2846 3569 2884 :
3603 2833 3672 2885 Et
3701 2847 3846 2886 con-

2184 2907 2566 2972 gregabantur
2601 2903 2711 2973 ﬁlii
2739 2905 2882 2959 Juda
2921 2912 2972 2960 et
3025 2907 3135 2976 ﬁlii
3167 2909 3340 2962 Israel
3380 2910 3439 2962 in
3469 2909 3735 2978 idipsum,
3787 2919 3844 2967 et

2183 2987 2381 3052 ponent
2418 2985 2634 3039 sibimet
2675 2985 3049 3055 principatum
3118 3004 3307 3052 unum,
3360 2992 3410 3043 et
3452 2991 3746 3046 ascenderat
3794 3011 3840 3048 α

2183 3066 2329 3119 terra
2363 3063 2512 3133 (Osee
2540 3081 2579 3130 1,
2633 3067 2742 3134 11).
2777 3065 2896 3122 Hoc
2927 3066 2974 3121 si
3026 3067 3217 3123 adhuc
3252 3067 3496 3124 velimus
3522 3085 3846 3141 eXponere,

2183 3143 2397 3214 eloquii
2460 3145 2777 3215 prophetici
2851 3146 3205 3202 obtundetur
3279 3165 3470 3220 sapor.
3524 3151 3848 3209 Recolatur

2184 3228 2381 3280 tamen
2413 3225 2674 3296 lapisille
2696 3226 3014 3297 angularis,
3049 3234 3100 3284 et
3134 3229 3248 3284 duo
3272 3231 3357 3284 illi
3383 3231 3650 3302 parietes,
3677 3250 3840 3290 unus

2185 3320 2252 3360 ex
2280 3306 2516 3371 Iudaeis,
2550 3306 2696 3361 alter
2720 3323 2787 3361 ex
2827 3306 3111 3363 Gentibus
3143 3310 3357 3380 (Ephes.
3395 3327 3456 3378 ιι,
3494 3313 3574 3378 14,
3613 3314 3698 3380 i5,
3727 3315 3838 3368 2οο

2183 3387 2274 3457 22)
2303 3404 2316 3453 ;
2351 3385 2446 3441 ille
2495 3387 2729 3441 nomine
2762 3387 3016 3443 liliorum
3046 3389 3217 3454 Juda,
3266 3391 3374 3445 iste
3415 3393 3652 3448 nomine
3686 3393 3840 3448 ﬁlio-

2186 3483 2315 3521 rum
2350 3467 2546 3533 Israel,
2571 3468 2787 3522 eisdem
2815 3468 2914 3521 uni
2940 3469 3291 3539 principatui
3315 3488 3422 3527 suo
3473 3471 3532 3527 in
3571 3473 3834 3545 idipsum

2184 3549 2520 3615 innitentes,
2552 3552 2608 3602 et
2638 3549 3018 3603 ascendentes
3057 3557 3453 3620 agnoscantur
3482 3569 3512 3606 a
3545 3562 3714 3608 terra.
3747 3554 3840 3609 ls-

2184 3636 2268 3681 los
2299 3634 2489 3680 autem
2549 3627 2809 3681 carnales
2861 3627 2880 3660 ²
2933 3628 3246 3694 Israelitas,
3280 3631 3377 3700 qui
3435 3648 3588 3686 nunc
3625 3634 3842 3691 nolunt

2182 3708 2414 3762 credere
2443 3707 2497 3760 in
2521 3707 2839 3774 Christum,
2870 3717 3058 3779 postea
3081 3710 3430 3778 credituros,
3456 3711 3511 3767 id
3533 3719 3646 3781 est,
3681 3714 3839 3772 filios

2181 3803 2380 3841 eorum
2413 3789 2570 3857 (nam
2614 3792 2817 3858 utique
2851 3789 2944 3844 isti
2980 3790 3037 3843 in
3085 3806 3260 3846 suum
3303 3789 3494 3846 locum
3530 3794 3838 3852 moriendo

2183 3867 2561 3938 transibunt),
2587 3867 2739 3922 idem
2776 3869 3058 3939 propheta
3091 3875 3352 3937 testatur,
3387 3873 3587 3929 dicens
3633 3892 3646 3929 :
3680 3876 3839 3943 Quo—

2178 3948 2339 4001 niam
2358 3947 2546 4002 diebus
2570 3949 2757 4002 multis
2781 3949 3041 4004 sedebant
3072 3951 3131 4019 ﬁt
3139 3953 3185 4005 ii
3203 3953 3372 4007 Israel
3394 3955 3514 4008 sine
3536 3972 3684 4024 rege,
3706 3959 3835 4013 sine

2177 4029 2444 4098 principe,
2486 4028 2606 4084 sine
2639 4030 2899 4099 sacri/ilo,
2943 4032 3065 4085 sine
3111 4031 3312 4100 altari,
3343 4035 3462 4089 sine
3499 4039 3831 4107 sacerdotio,

2176 4111 2299 4162 sine
2338 4108 2897 4178 manifestationibus.
2951 4111 3091 4176 Quis
3150 4129 3262 4167 non
3314 4115 3520 4182 videat,
3560 4133 3712 4172 nunc
3743 4119 3832 4175 sic

2179 4203 2307 4242 esse
2353 4190 2584 4243 Juda-os
2631 4188 2659 4241 ?
2703 4188 2808 4242 Sed
2852 4189 2988 4259 quid
3039 4191 3340 4262 adjungat,
3373 4195 3725 4251 audiamus:
3764 4200 3836 4254 Et

2178 4275 2384 4338 postea,
2418 4269 2629 4338 inquit,
2672 4275 3010 4324 revertentur
3056 4270 3166 4339 ﬁlii
3213 4273 3406 4341 Israel,
3442 4284 3497 4328 et
3543 4277 3838 4347 inquirent

2180 4350 2469 4403 Dominum
2501 4350 2666 4403 Deum
2695 4366 2876 4413 suum,
2908 4357 2962 4404 et
2995 4351 3164 4405 David
3195 4369 3374 4421 regem
3396 4371 3598 4410 suum:
3630 4364 3680 4412 et
3713 4363 3840 4415 slu-

2177 4431 2389 4498 pescent
2443 4430 2500 4482 in
2541 4429 2789 4496 Domino,
2821 4436 2869 4485 et
2899 4430 2962 4485 in
3006 4432 3158 4487 bonis
3188 4432 3382 4502 ipsius,
3414 4436 3474 4488 in
3511 4437 3839 4497 novissimis

2176 4509 2364 4564 diebus
2394 4508 2545 4578 (Osee
2581 4527 2664 4577 111,
2700 4511 2751 4577 4,
2791 4511 2845 4578 5,
2877 4527 2980 4567 see.
3020 4512 3176 4582 LXX)
3236 4513 3393 4569 Nihil
3425 4521 3514 4571 est
3555 4518 3666 4572 ista
3701 4536 3840 4590 pro-

2179 4590 2372 4659 pbetia
2418 4591 2956 4658 maniiestius,cum
2989 4591 3165 4646 David
3203 4595 3351 4663 regis
3382 4597 3618 4652 nomine
3649 4601 3842 4671 signi-

2179 4669 2384 4724 ﬁcatus
2415 4669 2779 4741 intelligatur
2826 4672 3092 4727 Christus
3122 4671 3163 4740 ³,
3198 4677 3294 4744 qui
3319 4681 3496 4745 factus
3537 4686 3642 4745 est,
3677 4669 3842 4737 sicut

2178 4751 2317 4804 dicit
2347 4750 2679 4820 Apostolus,
2720 4767 2792 4805 ea:
2819 4754 3026 4808 semine
3059 4753 3230 4808 David
3267 4757 3563 4812 secundum
3602 4775 3838 4818 carnem

2178 4831 2346 4902 (Rom.
2381 4847 2420 4895 1,
2462 4830 2961 4896 3).Przenuntiavit
2991 4834 3100 4888 iste
3132 4835 3412 4906 propheta
3439 4838 3614 4895 etiam
3651 4844 3836 4898 tertio

2175 4911 2266 4964 die
2297 4910 2510 4965 Christi
2544 4913 3019 4967 resurrectionem
3060 4914 3497 4984 futuram,sicut
3527 4935 3654 4974 eam
3688 4939 3835 4991 pro-

2178 4991 2403 5063 phetica
2440 4992 2744 5047 altitudine
2792 4996 3171 5063 prtenuntiari
3205 5001 3529 5068 oportebat,
3566 5003 3663 5056 ubi
3697 5003 3781 5058 ait
3815 5008 3833 5063 ε

2175 5073 2407 5128 Sanabit
2461 5089 2556 5130 nos
2584 5080 2705 5145 post
2747 5075 2994 5144 biduum,
3039 5079 3099 5132 in
3147 5079 3236 5134 die
3275 5083 3434 5136 tertio
3475 5098 3836 5154 resurgemus

2177 5154 2330 5225 (Osee
2367 5171 2444 5220 v1,
2481 5155 2556 5224 3).
2579 5157 2911 5212 Secundum
2936 5157 3044 5214 hoc
3075 5159 3230 5215 enim
3263 5161 3436 5217 nobis
3468 5163 3610 5219 dicit
3636 5168 3838 5236 Apos-

2242 5438 2256 5471 1
2289 5431 2443 5486 Editi,
2477 5427 2737 5489 incipere.
2770 5429 2956 5478 Melius
2983 5429 3126 5491 Msa,
3160 5429 3443 5489 inciperet.

2239 5497 2260 5529 ‘3
2293 5496 2430 5543 Vind
2481 5494 2596 5540 Am.
2628 5495 2680 5541 et
2707 5492 2887 5555 plures
2931 5493 3036 5541 Mss
3061 5530 3074 5552 ,
3122 5493 3449 5543 carnaliter.
3499 5519 3562 5530 -
3609 5495 3692 5545 Sic
3733 5510 3837 5547 no-

2176 5561 2268 5608 stri
2301 5569 2497 5606 omnes.
2531 5556 2596 5603 M.

2239 5624 2260 5654 ³
2290 5620 2372 5668 Sic
2401 5618 2763 5679 manuscripti.
2811 5617 2947 5665 Editi
2995 5631 3139 5680 vero,
3180 5633 3294 5682 qua
3331 5619 3566 5669 David...
3603 5621 3835 5672 intelli-

2174 5684 2334 5748 gitur
2365 5682 2638 5731 Christus.
