4110 6196
276 260 392 320 585

276 393 458 465 tolus,
487 392 549 450 Si
592 393 977 452 resurrexistis
995 412 1122 452 cum
1152 394 1384 467 Christo,
1416 402 1536 471 qum
1555 415 1776 456 sursum
1803 404 1931 457 sunt

276 474 517 548 quaerite
549 474 778 547 (Coloss.
810 493 897 546 ιιι,
922 477 993 548 1).
1025 477 1200 533 Amos
1231 496 1466 552 quoque
1496 480 1567 536 de
1598 482 1771 538 rebus
1802 481 1929 537 tali-

276 557 389 611 bus
420 555 506 612 sic
536 562 840 628 prOpbetal
873 573 886 612 :
920 563 1207 629 Praspara,
1240 561 1455 631 inquit,
1494 567 1568 632 te,
1618 567 1678 618 ut
1716 562 1931 619 invoces

277 636 449 692 Deum
471 642 629 690 tuum
650 636 854 699 Israel;
877 638 1005 709 quia
1033 654 1149 695 ecce
1167 655 1261 710 ego
1281 641 1512 709 ﬁrmans
1533 645 1857 711 tonitruum,
1881 650 1931 699 et

279 733 472 774 creans
499 718 779 787 spiritum,
811 723 863 772 et
901 722 1247 776 annuntians
1288 720 1350 776 in
1388 722 1707 779 hominibus
1751 724 1932 779 Chris-

280 806 396 853 tum
426 812 590 852 suum
616 797 800 869 (Amos
832 814 910 868 ιν,
939 802 1003 853 12
1023 808 1073 854 et
1098 800 1186 870 13,
1205 816 1311 857 sec.
1338 801 1596 869 LXX).Et
1622 802 1734 858 alio
1762 802 1888 860 loco
1914 821 1926 859 :

278 880 343 934 1n
376 878 480 933 illa
520 878 634 942 die,
678 877 900 949 inquit,
931 881 1261 937 resuscitabo
1300 883 1716 938 tabernaculum
1756 884 1932 940 David

282 957 429 1032 quod
483 959 700 1026 cecidit,
753 963 804 1013 et
851 960 1197 1029 remdiﬁcabo
1253 978 1371 1034 qua:
1426 963 1735 1020 ceciderunt
1789 966 1928 1035 ejus,

280 1044 334 1096 et
364 1037 637 1094 destructa
666 1038 787 1110 ejus
819 1042 1170 1109 resuscitabo,
1213 1047 1261 1096 et
1291 1043 1636 1113 reaediﬁcabo
1670 1061 1756 1114 ea,
1786 1046 1932 1101 sicut

280 1119 405 1176 dies
423 1121 613 1174 seculi
634 1137 651 1184 ;
672 1118 755 1175 ita
786 1123 846 1173 ut
866 1120 1167 1191 exquirant
1208 1138 1294 1178 me
1316 1123 1526 1179 residui
1554 1125 1857 1192 hominum,
1882 1129 1932 1181 et

281 1215 471 1256 omnes
490 1203 672 1269 gentes
701 1199 764 1255 in
812 1200 1006 1272 quibus
1037 1203 1351 1258 invocatum
1389 1209 1468 1260 est
1516 1221 1714 1262 nomen
1745 1223 1932 1262 meum

279 1295 599 1432 διιρεὶἕέξό
620 1279 754 1335 dicit
776 1280 1039 1337 Dominus
1065 1284 1275 1353 faciens
1299 1284 1414 1340 haec
1434 1284 1533 1358 (ld.
1559 1302 1638 1353 ιι,
1674 1287 1728 1341 11
1757 1293 1809 1343 et
1842 1288 1930 1353 12,

281 1375 392 1417 sec.
606 1400 620 1415 .

281 1375 392 1417 886.
420 1375 620 1417 ΙλᾸᾹ).

282 1524 518 1582 CAPUT
547 1523 740 1581 XXIX.
771 1555 841 1567 —
875 1525 1007 1594 Quae
1036 1528 1104 1583 ab
1135 1527 1283 1583 Isaia
1323 1527 1388 1584 de
1419 1527 1630 1586 Christo
1668 1538 1719 1587 et
1751 1531 1931 1588 Eccle-

839 1607 928 1663 sia
950 1608 1063 1663 sint
1084 1607 1382 1679 pradicta.

356 1742 409 1799 1.
434 1741 615 1798 Isaias
647 1742 925 1815 propheta
957 1760 1071 1801 non
1101 1744 1263 1801 estin
1297 1745 1446 1803 libro
1476 1748 1781 1804 duodecim
1806 1748 1939 1805 Pro-

281 1823 615 1894 phetarum,
667 1824 766 1895 qui
816 1829 1116 1898 prOpterea
1163 1826 1440 1884 dicuntur
1488 1828 1764 1898 minores,
1798 1829 1939 1902 quia

284 1919 595 1960 sermones
623 1919 822 1961 eorum
871 1910 1011 1962 sunt
1058 1905 1276 1976 breves,
1308 1907 1369 1963 in
1400 1924 1602 1966 eorum
1629 1926 1937 1982 compara-

282 1984 446 2040 tione
476 1986 574 2056 qui
607 1986 861 2056 majores
908 1987 1037 2044 ideo
1068 1994 1369 2054 vocantur,
1416 1991 1551 2060 quia
1582 1990 1808 2061 prolixa
1836 2007 1939 2047 vo-

285 2064 513 2120 lumina
569 2066 1000 2122 condiderunt:
1058 2083 1127 2122 ex
1184 2067 1400 2139 quibus
1453 2074 1539 2125 est
1595 2071 1689 2126 hic
1737 2071 1940 2140 Isaias,

286 2163 469 2219 quem
504 2152 736 2220 propter
766 2148 968 2203 eadem
1003 2149 1324 2220 prophetiae
1353 2154 1619 2221 tempora
1648 2152 1941 2222 subjungo

286 2229 653 2300 supradictis
684 2228 933 2284 duobus.
982 2229 1166 2284 Isaias
1197 2245 1334 2301 ergo
1366 2230 1518 2287 inter
1547 2231 1647 2287 illa
1677 2249 1807 2303 quas
1847 2249 1946 2288 ar-

288 2309 420 2380 guit
448 2307 668 2378 iniqua,
699 2316 757 2363 et
794 2309 952 2378 justa
1000 2312 1287 2379 praecepit,
1322 2315 1379 2365 et
1408 2313 1691 2381 peccatori
1733 2311 1944 2384 populo

287 2387 453 2442 mela
478 2388 673 2443 futura
704 2389 987 2460 prmdixit,
1019 2389 1188 2444 etiam
1222 2391 1294 2445 de
1323 2390 1552 2447 Christo
1582 2397 1639 2447 et
1666 2392 1941 2458 Ecclesia,

284 2466 405 2523 hoc
463 2473 551 2524 est
615 2469 686 2524 de
743 2468 897 2541 Rege
944 2473 1000 2524 et
1055 2484 1122 2524 ea
1162 2486 1338 2543 quam
1398 2472 1660 2529 condidit
1696 2473 1945 2541 civitate,

282 2548 477 2604 multo
554 2547 723 2619 pluro
776 2565 950 2619 quam
1007 2554 1195 2605 cisteri
1247 2552 1650 2624 prophetarit:
1688 2554 1764 2609 ita
1807 2558 1870 2608 ut
1918 2570 1950 2607 a

281 2627 652 2699 quibusdam
693 2628 1047 2700 evangelista
1072 2646 1245 2701 quam
1278 2633 1548 2702 prepheta
1581 2634 1772 2704 potius
1803 2632 1951 2688 dice-

283 2713 454 2764 retur
484 2706 584 2779 (a).
619 2708 729 2763 Sed
764 2715 1001 2781 propter
1030 2711 1313 2767 rationem
1358 2714 1548 2784 operis
1578 2714 1947 2782 terminandi,

282 2804 483 2844 unum
541 2789 613 2843 de
671 2788 872 2844 multis
930 2789 1039 2845 hoc
1096 2790 1221 2847 loco
1275 2809 1505 2863 ponam.
1568 2794 1647 2849 Ex
1705 2809 1953 2864 persona

279 2869 510 2940 quippe
538 2868 641 2924 Dei
683 2869 872 2924 Patris
915 2867 1201 2941 loquens:
1235 2872 1385 2941 Ecce,
1436 2873 1648 2945 inquit,
1680 2874 1952 2943 intelliget

274 2964 435 3020 puer
487 2964 664 3015 meus,
722 2956 772 3003 et
816 2949 1179 3020 excitabitur,
1236 2958 1292 3007 et
1338 2952 1741 3022 gloriﬁcabitur
1772 2952 1950 3008 valde.

284 3028 766 3099 Quemadmodum
817 3035 1131 3098 stupescent
1159 3048 1326 3102 super
1362 3041 1411 3088 te
1436 3033 1618 3100 multi,
1668 3034 1747 3088 ita
1774 3033 1954 3104 gloria

278 3110 616 3184 privabitur
637 3111 703 3166 ab
743 3111 1056 3167 hominibus
1096 3115 1305 3183 species
1336 3117 1430 3168 tua
1464 3117 1517 3168 et
1545 3114 1723 3185 gloria
1758 3118 1854 3169 tua
1884 3114 1952 3168 ab

284 3193 616 3248 hominibus
636 3209 655 3248 :
686 3194 765 3249 ita
795 3194 1151 3250 mirabuntur
1180 3200 1369 3264 gentes
1399 3200 1586 3251 multa:
1607 3212 1773 3266 super
1804 3211 1953 3261 eum,

282 3278 339 3330 et
369 3273 731 3331 continebant
766 3291 917 3345 reges
947 3292 1005 3332 os
1043 3293 1205 3332 suum
1227 3293 1247 3331 :
1295 3279 1559 3348 quoniam
1604 3278 1803 3348 quibus
1845 3293 1956 3332 non

284 3363 376 3413 est
408 3358 804 3411 annuntiatum
833 3356 899 3412 de
930 3358 1052 3423 illo,
1085 3357 1343 3414 videbunt
1373 3376 1396 3423 ;
1426 3369 1477 3414 et
1510 3361 1605 3429 qui
1634 3375 1741 3413 non
1764 3357 1954 3411 audie-

284 3443 455 3502 runt,
513 3436 846 3507 intelligent.
929 3436 1175 3503 Domine,
1250 3440 1371 3509 quis
1439 3437 1673 3492 credidit
1738 3435 1960 3491 autlitui

286 3522 507 3585 nostro,
532 3521 581 3572 et
605 3515 893 3573 brachium
944 3519 1164 3574 Domini
1208 3518 1301 3573 cui
1342 3519 1643 3574 revelatum
1690 3521 1813 3573 est?
1844 3520 1961 3571 An-

282 3597 709 3654 nunliavimus‘
743 3616 932 3654 coram
963 3599 1080 3663 illo,
1114 3604 1173 3653 ut
1197 3599 1406 3669 infans,
1429 3603 1490 3654 ut
1520 3601 1693 3654 radix
1722 3601 1781 3654 in
1813 3604 1961 3654 terra

284 3677 555 3734 sitienti:
589 3694 698 3734 non
727 3685 807 3734 est
848 3678 1052 3751 species
1096 3677 1223 3749 illi,
1272 3695 1446 3750 neque
1475 3680 1672 3749 gloria.
1709 3681 1780 3733 Et
1818 3678 1963 3733 vidi-

285 3776 423 3817 mus
478 3776 623 3829 eum,
677 3767 726 3816 et
775 3776 885 3816 non
933 3760 1164 3816 habebat
1192 3763 1446 3830 speciem,
1477 3775 1650 3832 neque
1678 3760 1963 3815 decorem:

293 3841 397 3897 sed
449 3841 649 3911 species
697 3842 819 3911 ejus
852 3844 973 3897 sine
1017 3840 1240 3910 honore,
1286 3840 1543 3909 deﬁciens
1571 3857 1685 3912 pm
1713 3841 1965 3896 omnibus

296 3921 627 3979 hominibus
657 3924 755 3995 (b).
790 3924 955 3978 Homo
986 3925 1044 3977 in
1073 3923 1245 3993 plaga
1266 3925 1494 3993 positus,
1528 3924 1581 3977 et
1611 3925 1790 3978 sciens
1818 3924 1966 3992 ferre

296 4003 739 4074 infirmitatem:
770 4005 1028 4075 quoniam
1071 4018 1267 4058 aversa
1313 4010 1391 4058 est
1418 4004 1589 4073 [acies
1617 4004 1771 4073 ejus:
1806 4002 1969 4057 inho-

300 4092 549 4140 noratus
594 4087 693 4152 est,
743 4098 843 4138 nec
885 4085 1077 4152 magni
1130 4084 1428 4137 mstimatus
1469 4086 1567 4139 est.
1607 4084 1703 4138 Hic
1747 4089 1970 4154 peccata

295 4167 501 4221 nostra
518 4162 540 4197 ²
560 4167 762 4234 portat,
780 4167 830 4218 et
850 4180 946 4232 pro
960 4163 1116 4219 nobis
1131 4163 1269 4219 dolet
1290 4172 1369 4219 :ct
1382 4178 1474 4219 nos
1485 4163 1927 4218 existimavimus
1946 4161 1971 4196 3

298 4246 479 4302 illum
513 4259 628 4299 esse
674 4243 731 4298 in
782 4241 990 4311 dolore,
1023 4252 1074 4300 et
1120 4245 1181 4299 in
1228 4243 1413 4314 plaga,
1447 4253 1495 4299 et
1541 4245 1599 4298 in
1647 4241 1969 4315 afﬂictione.

300 4328 433 4398 Ipse
462 4329 647 4380 autem
678 4324 997 4380 vulneratus
1029 4330 1108 4381 est
1138 4334 1356 4395 prapter
1386 4324 1708 4396 iniquitates
1738 4329 1971 4393 nostras,

301 4410 361 4463 et
406 4405 729 4475 inﬁrmatus
785 4410 866 4460 est
910 4411 1133 4476 propter
1180 4414 1401 4475 peccata
1460 4411 1667 4460 nostra.
1720 4405 1976 4461 Eruditio

301 4485 473 4560 pacis
521 4490 727 4543 nostrae
778 4485 839 4540 in
887 4503 984 4540 eo:
1039 4485 1214 4541 livore
1256 4486 1373 4555 ejus
1422 4501 1516 4541 nos
1556 4488 1739 4541 sanati
1767 4502 1972 4541 sumus.

310 4568 523 4625 Omnes
544 4571 603 4621 ut
633 4582 755 4621 oves
787 4568 1112 4627 erravimus,
1145 4564 1303 4620 homo
1344 4583 1378 4620 a
1409 4565 1501 4621 via
1529 4583 1627 4621 sua
1654 4568 1897 4622 erravit:
1926 4570 1979 4621 et

309 4648 590 4705 Dominus
618 4647 853 4704 tradidit
898 4647 1065 4703 illum
1111 4663 1209 4719 pro
1238 4649 1469 4719 peccatis
1508 4647 1713 4704 nostris
1734 4665 1752 4702 :
1783 4654 1835 4704 et
1864 4650 1982 4718 ipse

386 4938 408 4973 1
457 4933 619 4991 Editi,
649 4932 1163 4981 Annuntiabimus.
1194 4935 1262 4982 At
1300 4932 1443 4989 Mss.
1477 4931 1984 4982 Annuntiavimus.

312 4999 531 5049 Graece
556 4996 616 5044 in
643 4996 769 5043 LXX
796 4996 901 5054 est,
936 4995 1398 5058 Anengeilamen.

387 5060 417 5094 2
446 5060 507 5108 In
543 5058 774 5107 editione
805 5058 931 5107 Lov.
963 5058 1218 5108 omissum
1248 5061 1345 5113 est.
1377 5064 1588 5109 nostra.

387 5124 416 5157 ³
448 5121 626 5171 Codex
651 5119 766 5174 258,
799 5120 1241 5169 aestimavimus.
1273 5121 1343 5170 M.

393 5187 474 5247 (a)
501 5183 666 5247 Utiab
690 5183 1053 5247 iHieronymo.
1083 5183 1329 5245 Epistolis
1361 5182 1466 5240 103,
1512 5184 1581 5232 ad
1607 5183 1908 5247 Paulinum,
1940 5185 1993 5231 et

314 5246 443 5301 117,
474 5248 545 5295 ad
575 5246 801 5295 Paulam
847 5246 1287 5300 et'Enstochium.
1324 5247 1382 5295 in
1419 5246 1691 5296 Prooemio
1719 5246 1991 5294 Commen-

316 5311 461 5373 tarii
486 5311 545 5358 in
573 5309 719 5373 hunc
755 5309 1082 5371 prophetam,
1116 5312 1168 5358 et
1195 5322 1228 5358 a
1269 5309 1486 5373 Cyrillo,
1518 5311 1572 5358 in
1602 5308 1848 5358 Oratione
1880 5309 1903 5355 1
1934 5308 1991 5356 in

316 5372 551 5424 Isaiam.
583 5372 847 5424 Coos/tros.

393 5435 472 5490 (ὁ)
503 5435 658 5507 Apud
688 5434 835 5492 LXX,
870 5449 1010 5495 prae
1038 5435 1189 5507 filiis
1219 5435 1512 5507 hominum
1548 5434 1850 5507 ltem'spud
1877 5444 1996 5507 eos-

316 5501 463 5549 dem
513 5497 675 5561 paulo
705 5510 883 5561 supra.
909 5496 1043 5561 pro,
1060 5498 1386 5561 privabitur
1425 5496 1493 5546 ab
1540 5496 1877 5556 hominibus,
1907 5496 2000 5546 ha-

318 5559 869 5623 betnr,’pricabitur
898 5559 933 5610 ᾰ
959 5560 1103 5624 filiis
1133 5560 1443 5610 hominum.

669 5716 939 5780 ΡΑι-ιιοι..
985 5717 1111 5779 XLI

1453 261 1686 325 LIBER
1728 264 2073 329 DECIMUS
2117 264 2505 327 OCTAVUS.

3567 266 3690 330 586

2039 408 2267 474 propter
2295 398 2435 473 quod
2481 400 2721 470 afﬂictus
2763 403 2861 468 est,
2910 414 3020 455 non
3048 398 3270 471 aperuit
3299 414 3357 456 os
3374 403 3593 457 suum’.
3630 403 3696 461 Ut

2042 483 2159 539 ovis
2209 482 2279 538 ad
2321 480 2722 537 immolandum
2764 479 2958 537 ductus
3004 485 3103 549 est,
3151 485 3205 537 et
3252 489 3310 537 ut
3356 499 3533 552 agnus
3571 491 3697 540 ante

2043 580 2168 620 eum
2223 564 2320 635 qui
2365 578 2423 618 se
2467 561 2667 629 tondet,
2730 561 2853 617 sine
2898 578 3048 630 vace,
3099 561 3181 619 sic
3224 578 3336 618 non
3376 566 3594 635 aperuit
3638 580 3698 620 os

2042 663 2223 703 suum.
2258 646 2319 700 In
2349 644 2667 700 humilitate
2688 643 2964 714 judicium
3010 645 3130 714 ejus
3156 644 3430 700 sublatum
3463 651 3559 701 est.
3590 645 3695 700 Ge-

2043 728 2392 782 nerationem
2448 727 2564 791 eius
2621 726 2743 795 quis
2771 727 3101 780 enarrabit?
3150 725 3419 794 Quoniam
3460 723 3699 781 tolletur

2044 806 2108 862 de
2137 816 2283 861 terra
2314 808 2424 860 vita
2454 806 2596 875 ejus.
2629 803 2706 858 Ab
2739 802 3121 875 iniquitatibus
3149 804 3342 875 populi
3368 806 3477 859 mei
3505 805 3697 859 ductus

2044 892 2122 943 est
2148 887 2219 942 ad
2250 892 2499 943 mortem.
2540 886 2605 940 Et
2635 884 2773 941 dabo
2814 884 3086 955 malignos
3113 901 3213 956 pro
3242 886 3530 956 sepultura
3560 886 3695 955 ejus,

2044 972 2094 1024 et
2123 968 2319 1023 divites
2357 982 2464 1038 pro
2502 970 2683 1021 morte
2729 967 2864 1038 ejus.
2899 966 3171 1034 Quoniam
3200 964 3559 1037 iniquitatem
3591 980 3700 1019 non

2041 1050 2196 1120 fecit,
2227 1064 2325 1104 nec
2353 1048 2538 1104 dolum
2569 1049 2630 1102 in
2659 1062 2751 1103 ore
2779 1062 2877 1102 suo
2903 1064 2922 1101 :
2953 1051 3005 1102 et
3035 1046 3298 1102 Dominus
3318 1047 3435 1101 vult
3462 1060 3703 1117 purgare

2045 1146 2176 1185 eum
2200 1128 2265 1184 de
2293 1129 2480 1198 plaga.
2514 1126 2575 1183 Si
2619 1125 2886 1182 dederitis
2914 1142 3013 1197 pro
3061 1134 3276 1196 peccato
3306 1125 3554 1180 animam
3582 1140 3702 1180 ves-

2046 1217 2212 1275 tram,
2271 1209 2535 1265 videbitis
2589 1224 2773 1262 semen
2822 1208 3128 1278 lonngum
3166 1207 3289 1277 (a):
3332 1209 3385 1260 et
3436 1208 3702 1261 Dominus

2044 1290 2164 1345 vult
2193 1294 2416 1360 auferre
2446 1306 2480 1343 a
2507 1286 2691 1343 dolore
2718 1286 2970 1342 animam
3011 1287 3148 1358 ejus,
3181 1285 3460 1341 ostendere
3489 1285 3579 1340 illi
3610 1287 3705 1340 tu-

2045 1386 2180 1436 cem,
2211 1379 2261 1425 et
2292 1369 2544 1442 formare
2591 1365 2960 1434 intellectum,
2977 1367 3070 1438 jus
3088 1366 3303 1436 tiﬁcare
3321 1365 3537 1435 justum
3570 1365 3703 1420 bene

2044 1451 2377 1506 servientem
2400 1447 2660 1521 pluribus
2681 1463 2700 1501 :
2732 1452 2785 1502 et
2815 1451 3032 1516 peccata
3051 1462 3241 1502 eorum
3271 1445 3385 1516 ipse
3402 1445 3700 1516 portabit’.

2046 1532 2345 1599 Propterea
2374 1531 2490 1600 ipse
2519 1527 2871 1585 hwreditabit
2901 1528 3106 1595 plures,
3139 1532 3191 1581 et
3227 1526 3465 1595 fortium
3494 1524 3704 1581 dividet

2047 1610 2279 1682 spolia:
2306 1618 2532 1682 propter
2579 1606 2717 1679 quod
2756 1606 2962 1663 tradita
3009 1614 3088 1662 est
3121 1606 3191 1662 ad
3237 1610 3471 1662 mortem
3513 1606 3707 1660 anima

2047 1692 2207 1764 ejus;
2237 1700 2290 1747 et
2320 1692 2464 1746 inter
2509 1692 2728 1759 iniquos
2776 1689 3080 1743 aestimatus
3123 1697 3224 1753 est,
3273 1695 3322 1743 at
3342 1687 3456 1757 ipse
3479 1692 3705 1758 peccata

2046 1774 2352 1829 multorum
2378 1772 2640 1843 portavit,
2672 1772 2725 1825 et
2744 1771 2968 1840 propter
2987 1771 3215 1835 peccata
3244 1783 3433 1823 eorum
3465 1768 3705 1822 traditus

2048 1860 2128 1910 est
2157 1854 2316 1924 (lsai,
2360 1867 2456 1918 ιιι,
2509 1850 2715 1917 13-15;
2749 1866 2860 1920 L111,
2917 1848 3074 1916 1-12,
3115 1863 3219 1904 sec.
3259 1847 3429 1919 LXX)
3473 1848 3605 1904 Haec
3636 1847 3706 1902 de

2050 1934 2303 1991 Christo.

2120 2018 2175 2068 2.
2208 2013 2340 2069 Jam
2390 2027 2520 2068 vero
2548 2012 2619 2067 de
2668 2010 2948 2077 Ecclesia,
3003 2010 3154 2081 quod
3187 2010 3471 2081 sequitur,
3502 2009 3707 2065 audia-

2053 2110 2221 2151 mus:
2256 2093 2488 2159 Laetarc,
2519 2091 2732 2161 inquit,
2762 2092 2987 2159 sterilis,
3019 2107 3142 2161 quae
3174 2106 3283 2145 non
3307 2091 3498 2161 paris;
3528 2106 3707 2146 erum-

2053 2178 2190 2248 peet
2219 2174 2420 2239 clama,
2450 2187 2569 2243 quae
2614 2187 2725 2227 non
2771 2172 3064 2241 parturis;
3105 2170 3367 2240 quoniam
3409 2170 3571 2225 multi
3599 2169 3708 2238 ﬁlii

2055 2256 2287 2312 desertae
2313 2254 2514 2322 magis,
2545 2269 2712 2325 quam
2759 2254 2875 2321 eius
2923 2268 3041 2323 quae
3093 2251 3253 2307 habet
3282 2250 3484 2306 virum.
3518 2250 3709 2306 Dilata

2058 2338 2237 2393 locum
2283 2332 2629 2390 tabernaculi
2673 2334 2777 2402 tui,
2809 2338 2860 2389 et
2898 2336 3217 2389 animarum
3258 2342 3521 2387 tuarum:
3550 2331 3708 2402 fige”,

2055 2417 2180 2474 noli
2205 2431 2454 2488 parcere,
2502 2415 2769 2487 prolonga
2813 2414 3092 2483 funiculos
3135 2421 3276 2479 tuos,
3307 2420 3358 2469 et
3397 2413 3559 2484 palos
3584 2423 3709 2467 tuos

2058 2495 2568 2568 conforta;adhuc
2624 2496 2684 2551 in
2735 2495 3023 2551 dexteram
3080 2497 3129 2549 et
3177 2492 3475 2549 sinistram
3499 2497 3711 2563 partem

2059 2580 2308 2637 extende.
2343 2579 2407 2632 Et
2435 2592 2616 2633 semen
2648 2580 2803 2631 tuum
2850 2573 3198 2629 haereditabit
3240 2580 3424 2642 gentes
3445 2588 3466 2634 ;
3497 2575 3546 2625 et
3575 2571 3710 2626 civi-

2063 2664 2199 2714 tates
2230 2657 2470 2714 desertas
2511 2654 2867 2711 inhabitabis.
2919 2655 2998 2709 Ne
3046 2652 3262 2718 timeas,
3294 2650 3553 2725 quoniam
3585 2665 3714 2705 con-

2058 2741 2185 2811 fusa
2216 2754 2307 2801 es;
2356 2752 2535 2807 neque
2571 2735 2898 2805 reverearis,
2926 2734 3060 2807 quia
3088 2732 3423 2800 exprobrata
3451 2747 3512 2787 es
3531 2747 3550 2786 .°
3575 2745 3712 2811 quo-5

2062 2809 2210 2875 niam
2244 2819 2619 2887 confusionem
2638 2826 2903 2873 aeternam
2934 2814 3287 2879 obliviscaris,
3337 2818 3390 2868 et
3433 2809 3719 2882 opprobrii

2061 2900 2346 2956 viduitatis
2376 2907 2479 2953 tua:
2498 2914 2609 2954 non
2638 2899 2747 2953 eris
2775 2911 3001 2951 memor.
3037 2892 3308 2963 Quoniam
3340 2892 3602 2947 Dominus
3630 2890 3753 2959 [αι-κ

2060 2982 2212 3035 ciens
2241 2984 2316 3042 te,
2350 2976 2614 3031 Dominus
2644 2976 2881 3032 Sabaoth
2928 2989 3123 3029 nomen
3172 2973 3288 3044 ejus
3311 2989 3332 3025 .·
3361 2974 3416 3026 et
3445 2971 3541 3041 qui
3569 2969 3720 3023 eruit

2063 3068 2131 3126 te,
2165 3062 2277 3132 ipse
2307 3059 2446 3113 Deus
2475 3058 2643 3113 Israel
2663 3058 2933 3112 universae
2962 3063 3129 3111 terra:
3157 3051 3446 3109 vocabitur
3473 3050 3573 3123 (Id.
3609 3065 3718 3132 ur,

2067 3129 2202 3213 1-5),
2230 3148 2287 3196 et
2338 3144 2563 3196 caetera.
2615 3137 2827 3194 Verum
2875 3137 2988 3191 ista
3038 3136 3158 3190 sint
3204 3134 3385 3189 satis:
3423 3136 3481 3186 et
3524 3132 3589 3213 in
3635 3129 3719 3185 eis

2065 3211 2200 3278 sunt
2248 3220 2588 3293 exponenda
2638 3216 2956 3282 nonnulla;
2999 3218 3102 3272 sed
3155 3215 3421 3270 sufficere
3469 3211 3721 3293 arbitror

2067 3318 2192 3372 quia
2225 3291 2332 3356 ita?
2358 3304 2498 3355 sunt
2535 3302 2757 3368 aperta,
2810 3303 2875 3351 ut
2921 3296 3098 3351 etiam
3145 3295 3367 3349 inimici
3398 3291 3721 3363 intelligere

2068 3384 2354 3451 cogantur
2383 3379 2529 3434 iviti.

2068 3487 2298 3544 CAPUT
2327 3485 2494 3540 XXX.
2522 3515 2590 3522 —
2634 3483 2766 3551 Quae
2794 3482 3073 3547 Michteas,
3105 3487 3154 3534 et
3182 3482 3348 3535 Jonas
3374 3484 3425 3531 et
3452 3476 3565 3531 Joel
3586 3490 3722 3530 novo

2286 3568 2622 3622 Testamento
2651 3563 3010 3634 congruentia
3045 3557 3507 3630 prophetaverint.

2146 3675 2195 3729 1.
2228 3672 2496 3728 Michaaas
2533 3668 2806 3741 propheta
2849 3666 3143 3721 Christum
3190 3665 3249 3718 in
3285 3662 3472 3734 ﬁgura
3504 3674 3726 3732 ponens

2074 3753 2268 3823 magni
2301 3751 2608 3823 cujusdam
2642 3748 2874 3816 montis,
2907 3747 3029 3802 haec
3059 3745 3359 3818 loquitur:
3392 3744 3513 3797 Erit
3534 3742 3592 3796 in
3627 3757 3725 3796 no-

2072 3837 2328 3893 vissimus
2374 3832 2566 3887 diebus
2614 3831 2949 3899 manifestus
2996 3843 3153 3881 mous
3212 3824 3435 3880 Domini
3497 3830 3728 3893 paratus

2075 3933 2242 3989 super
2273 3916 2498 3970 vertices
2531 3913 2805 3968 montium
2834 3927 2854 3975 ;
2883 3918 2931 3965 et
2971 3907 3321 3965 exattabilur
3360 3920 3525 3989 super
3569 3902 3733 3989 colles

2075 3983 2155 4054 Et.
2165 3997 2505 4067 festinabant
2535 3992 2603 4048 ad
2633 4008 2758 4048 eum
2793 3989 2993 4062 plebes,
3024 3992 3073 4044 et
3102 3989 3262 4044 ibunt
3306 3987 3489 4067 gentes
3519 3983 3728 4067 multas,

2074 4087 2125 4136 et
2153 4064 2373 4133 dicent:
2409 4075 2613 4141 Venite,
2646 4071 3008 4128 ascendamus
3030 4071 3086 4123 in
3119 4072 3356 4122 montem
3391 4064 3631 4133 Domini,
3682 4066 3734 4117 et

2079 4161 2139 4214 in
2166 4158 2383 4212 domum
2420 4157 2513 4211 Dei
2541 4153 2724 4217 Iacob,
2759 4161 2809 4208 et
2846 4150 3081 4205 ostendet
3103 4150 3261 4203 nobis
3292 4145 3437 4201 viam
3470 4160 3652 4205 suam,
3683 4147 3735 4197 et

2080 4241 2281 4296 ibimus
2316 4239 2371 4293 in
2401 4235 2613 4292 semitis
2644 4236 2765 4307 ejus
2787 4250 2805 4287 :
2834 4232 2963 4303 quia
2997 4247 3068 4285 ex
3094 4232 3229 4287 Sion
3258 4225 3508 4307 procedet
3542 4226 3739 4307 lex,_et

2079 4318 2303 4374 verbum
2337 4314 2553 4372 Domini
2584 4330 2653 4370 ex
2667 4303 3005 4368 Jerusalem.
3038 4310 3104 4366 Et
3150 4307 3413 4379 iudicabit
3445 4306 3590 4361 inter
3619 4303 3736 4371 ple-

2084 4401 2173 4455 bes
2228 4399 2452 4465 multas,
2485 4399 2534 4451 et
2590 4395 2886 4459 redarguet
2931 4399 3119 4462 gentes
3174 4392 3416 4458 potentes
3471 4400 3638 4458 usque
3680 4385 3738 4438 in

2084 4481 2449 4549 longinquum
2481 4475 2744 4548 (Michzw
2792 4491 2869 4541 ιν,
2906 4474 3040 4545 1-3).
3095 4471 3418 4528 Prmdicens
3464 4469 3573 4523 iste
3608 4482 3737 4535 pro-

2087 4560 2257 4633 pheta
2285 4563 2339 4612 et
2368 4556 2557 4611 locum
2608 4556 2667 4610 in
2715 4571 2828 4626 quo
2862 4559 3033 4608 natus
3079 4558 3168 4607 est
3201 4552 3487 4633 Christum
3519 4566 3531 4603 :
3570 4549 3629 4601 Et
3658 4556 3739 4611 tu,

2087 4632 2297 4713 inquit,
2328 4636 2638 4693 Bcthlehem
2667 4637 2861 4691 domus
2908 4633 3175 4703 Ephrata,
3206 4632 3548 4713 minima-es,
3577 4635 3638 4713 ut
3665 4640 3743 4713 sis

2089 4727 2147 4780 in
2169 4706 2418 4778 millibus
2438 4718 2575 4777 Juda
2596 4735 2615 4774 :
2645 4733 2715 4773 ex
2741 4723 2792 4771 te
2834 4715 2977 4771 mihi
3008 4712 3249 4785 prodiet,
3282 4719 3341 4764 ut
3368 4710 3416 4763 si
3442 4709 3500 4762 in
3530 4706 3746 4776 princi-

2160 4871 2174 4904 ί
2212 4867 2304 4915 Hic
2332 4865 2486 4912 Vind.
2517 4864 2633 4912 Am.
2662 4862 2747 4910 Er.
2793 4861 2846 4909 et
2874 4854 3221 4917 manuscripti
3248 4851 3522 4909 omittunt,
3554 4859 3742 4894 suum-

2092 4932 2155 4980 Et
2184 4930 2328 4977 intra
2356 4929 2490 4987 loco,
2523 4926 2736 4984 tondet;
2766 4922 2985 4974 habent.
3017 4919 3279 4987 tonderet.
3377 4984 3386 4987 Α
3431 4975 3446 4987 ¹
3469 4974 3480 4986 ο

2158 4971 2699 5051 ε”ἕᾶἧίξᾝόνὲάὁέιζ’
2725 4971 2799 5035 'At
2815 4971 3214 5044 iman'uscripti,
3259 4974 3522 5042 portabit.
3556 4971 3750 5022 Graece

2098 5057 2196 5110 est,
2229 5051 2459 5101 anoisei.

2159 5097 2378 5168 εἶ’
2477 5112 2638 5173 palos
2670 5111 2971 5161 caularum
3018 5116 3252 5173 tuarum
3280 5105 3406 5167 ﬁge.
3455 5097 3751 5173 Ermendan-

2094 5184 2184 5230 tur
2197 5193 2265 5229 ex
2291 5167 2667 5240 manuscriptis
2681 5174 3006 5240 quighabent,
3025 5178 3075 5218 et
3090 5167 3428 5240 aulaearum
3466 5172 3749 5240 tuarum:

2096 5226 2311 5299 omisso,
2342 5241 2514 5297 palos,
2544 5226 2715 5300 juxta‘
2730 5237 2873 5292 LXX,
2918 5235 3009 5300 ubi
3057 5245 3238 5300 graece
3282 5226 3623 5300 legi_tur.‘kai
3658 5230 3751 5300 ton

2097 5287 2448 5357 nullaibn'sou
2492 5287 2636 5359 Quod
2652 5287 2870 5363 quidem
2888 5287 3318 5363 latineVertitur,
3341 5287 3392 5338 Et
3419 5287 3753 5363 aulaeorjuni

2099 5349 2362 5418 iactitat;
2389 5349 2822 5414 rSedvaulheam
2870 5360 3126 5411 feminino
3172 5358 3334 5407 etiam
3374 5363 3589 5418 genere.
3632 5349 3754 5406 dici,

2101 5413 2289 5482 notum
2330 5413 2411 5479 est
2455 5413 2526 5478 ex
2559 5427 2754 5486 Quinto
2799 5426 2998 5477 Curtio,
3034 5422 3126 5471 lib.
3180 5418 3228 5475 8.
3281 5418 3327 5467 si
3372 5416 3521 5465 locus
3577 5413 3756 5460 tamen

2102 5495 2295 5545 mendo
2320 5493 2490 5541 vacet.
3084 5548 3091 5549 κ
3474 5548 3477 5549 ν
3651 5535 3662 5549 .

2167 5562 2243 5617 (α)
2270 5556 2426 5619 Apud
2446 5554 2579 5619 LXX
2608 5554 2685 5602 sic
2712 5554 2792 5619 est
2821 5565 2835 5601 :
2867 5550 2934 5599 Si
2980 5548 3119 5597 detis
3157 5559 3262 5609 pro
3295 5548 3527 5606 peccato,
3562 5550 3759 5588 anima

2107 5615 2288 5669 vestra
2318 5615 2516 5667 {videbit
2543 5630 2727 5665 semen
2762 5615 3113 5676 longaevum.

3059 5696 3441 5777 (Dix-neuf.)
