4110 6196
455 294 570 356 58⁸7

446 445 574 502 pem
602 425 808 484 Israel:
838 432 888 481 et
916 438 1162 491 egressus
1201 421 1317 502 eius
1358 422 1427 476 ab
1472 418 1651 489 initio,
1702 424 1754 502 et
1802 435 1871 475 ea:
1899 419 2097 475 diebus

446 500 804 568 aeternitatis.
839 508 1141 573 Propterea
1170 501 1319 557 dabit
1348 516 1433 556 eos
1463 500 1713 573 usquead
1744 508 1952 570 tempus
1976 516 2100 570 par-

448 589 710 644 turientis
736 584 973 655 pariet',
1004 588 1053 638 et
1083 582 1293 637 residui
1321 584 1532 651 fratres
1564 582 1683 651 ejus
1714 583 2101 636 convertentur

450 669 522 726 ad
550 670 692 739 ﬁlios
735 666 928 723 Israel.
979 666 1041 719 Et
1087 664 1271 729 stabit,
1313 667 1365 718 et
1413 662 1637 728 videbit,
1669 670 1719 716 et
1768 670 1946 731 pascet
1974 676 2098 729 gre-

446 766 570 822 gem
597 764 759 804 suum
806 749 862 800 in
906 744 1112 800 virtute
1160 744 1394 805 Domini,
1444 750 1495 797 et
1538 747 1598 796 in
1627 742 1830 796 honore
1857 741 2102 822 nominis

448 819 673 885 Domini
706 828 806 883 Dei
858 827 949 881 sui
985 828 1182 880 erunt:
1232 826 1489 895 quoniam
1530 839 1679 876 nunc
1709 819 2098 896 magniﬁcabi-

444 916 536 966 tur
588 925 759 981 usque
812 907 883 963 ad
929 921 1205 961 summum
1254 909 1414 960 terra:
1464 903 1639 975 (Mieh.
1695 919 1747 970 ν,
1796 902 1919 970 2-4,
1991 916 2097 956 see.

510 990 804 1126 gulones
864 1075 1060 1122 autem
1120 1064 1401 1136 propheta
1461 1081 1573 1119 non
1638 1072 1750 1117 tam
1830 1075 2098 1117 sermone

440 1151 763 1219 Christum,
794 1165 968 1220 quam
1020 1163 1125 1201 sua
1175 1147 1429 1218 quadarn
1474 1143 1746 1215 passione
1786 1142 2099 1213 propheta—

440 1234 540 1298 vit,
575 1233 830 1304 profecto
862 1227 1145 1300 apertius,
1189 1242 1364 1297 quam
1396 1225 1445 1281 si
1477 1227 1605 1295 ejus
1639 1229 1888 1279 mortem
1921 1231 1974 1276 et
2008 1236 2099 1276 re-

446 1314 864 1370 surrectionem
890 1325 1024 1364 voce
1055 1307 1353 1363 clamaret.
1392 1306 1603 1376 thuid
1634 1305 1788 1359 enim
1821 1309 2095 1374 exceptus

445 1401 533 1452 est
562 1400 760 1449 ventre
804 1391 1082 1453 belluino,
1116 1393 1172 1443 et
1220 1389 1313 1443 die
1367 1389 1534 1442 tertio
1576 1386 1853 1454 redditus,
1888 1384 1997 1438 nisi
2030 1387 2097 1438 ut

443 1478 795 1540 signiﬁcaret
842 1473 1134 1527 Christum
1167 1470 1236 1525 de
1269 1468 1554 1539 profundo
1603 1467 1812 1521 interni
1856 1465 1946 1520 die
1977 1470 2095 1519 ter-

444 1557 525 1610 tio
557 1555 881 1609 rediturum
906 1550 934 1605 ‘?

510 1637 563 1689 3.
596 1636 713 1690 Joel
739 1633 934 1688 omnia
965 1648 1091 1701 qua-
1128 1630 1453 1701 prepbetat,
1487 1628 1687 1682 multis
1720 1626 1907 1681 verbis
1939 1642 2092 1681 com-

441 1714 599 1788 pellit
631 1713 862 1786 exponi,
887 1718 948 1766 ut
982 1727 1107 1780 quas
1141 1712 1428 1779 pertinent
1468 1711 1536 1763 ad
1570 1709 1866 1788 Christum
1899 1713 1956 1761 et
1982 1707 2091 1788 Ἐο-

376 1808 390 1821 ”
438 1785 674 1850 clesiam
711 1785 1116 1846 dilucescant.
1180 1793 1371 1844 Unum
1434 1792 1647 1852 tamen,
1706 1785 1862 1857 quod
1922 1785 2092 1840 etiam

437 1872 697 1946 Apostoli
731 1876 1355 1933 commemoraverunt,
1391 1868 1625 1940 quando
1677 1868 2092 1946 inicongrega-

434 1945 527 2009 tos
558 1953 857 2007 credentes
889 1949 1147 2021 Spiritus
1179 1953 1441 2011 sanctus,
1475 1948 1623 2002 sicut
1652 1964 1683 2000 a
1704 1945 1931 2001 Christo
1965 1961 2095 2016 pro-

434 2033 652 2089 missus
684 2029 897 2090 fuerat,
949 2029 1201 2099 desuper
1241 2028 1398 2082 venit
1441 2027 1578 2096 (Act.
1612 2042 1676 2094 ll,
1711 2026 1798 2091 17,
1834 2026 1944 2094 18),
1975 2040 2090 2079 non

433 2111 895 2185 printermittam.
930 2111 996 2164 Et
1024 2108 1155 2173 erit,
1191 2108 1407 2179 inquit,
1438 2112 1555 2177 post
1584 2106 1719 2175 haec,
1752 2105 2093 2178 eleﬂundam

432 2194 496 2247 de
523 2193 741 2263 Spiritu
768 2204 886 2245 meo
935 2205 1100 2257 super
1146 2204 1362 2244 omnem
1405 2203 1668 2243 carnem:
1700 2191 1750 2241 et
1796 2186 2089 2257 praphetu-

432 2272 565 2328 bunt
594 2270 704 2342 ﬁlii
723 2271 891 2326 vestri
910 2278 960 2325 et
988 2269 1128 2339 ﬁliae
1156 2274 1381 2337 vestrm;
1415 2278 1465 2323 et
1493 2267 1733 2322 seniores
1767 2266 1935 2322 vestri
1957 2281 2092 2321 soni.

428 2352 528 2407 nia
569 2351 952 2416 somniabunt,
983 2359 1032 2406 et
1062 2350 1293 2420 juvenes
1351 2351 1512 2404 vestri
1559 2350 1679 2403 visa
1729 2346 2016 2402 videbunt:
2038 2352 2090 2402 et

426 2434 655 2505 quidem
684 2435 743 2489 in.
774 2448 951 2488 servos
982 2446 1123 2487 meos
1150 2440 1200 2487 et
1220 2429 1460 2486 ancillas
1488 2446 1636 2485 meas
1670 2431 1728 2484 in
1751 2429 1864 2484 illis
1896 2427 2090 2483 diebus

424 2515 704 2587 eﬂuudam
734 2514 798 2569 de
829 2512 1040 2584 Spiritu
1070 2528 1186 2569 meo
1216 2512 1351 2582 (Joel
1381 2528 1444 2580 ιι,
1466 2511 1536 2564 28
1566 2516 1617 2565 et
1642 2510 1757 2582 29).

427 2678 659 2735 CAPUT
682 2678 885 2734 XXXI.
925 2710 987 2719 —
1032 2678 1165 2746 Quae
1194 2678 1254 2733 in
1304 2677 1507 2743 Abdia,
1540 2678 1599 2731 in
1644 2677 1842 2745 Naum,
1872 2684 1921 2731 et
1953 2676 2087 2730 Am-

499 2760 641 2815 baeu
671 2760 736 2813 de
763 2759 952 2814 salute
980 2760 1186 2814 mundi
1232 2758 1292 2813 in
1326 2758 1541 2813 Christo
1570 2759 1949 2830 praenuntiata
1996 2772 2083 2811 re-

501 2837 811 2908 periantur.

498 2974 553 3029 1.
588 2977 727 3030 Tres
776 2972 1070 3044 prephetm
1119 2974 1190 3028 de
1223 2974 1570 3041 minoribus,
1604 2974 1838 3041 Abdias,
1872 2974 2080 3040 Naum,

431 3053 814 3123 Ambacum’,
857 3070 959 3109 nec
1007 3070 1115 3108 sua
1163 3062 1425 3123 tempora
1468 3055 1669 3108 dicunt
1716 3053 1850 3125 ipsi,
1884 3069 1988 3109 nec
2021 3054 2081 3108 in

430 3134 730 3191 Chronicis
760 3133 989 3190 Eusebii
1017 3142 1073 3189 et
1101 3134 1455 3206 Hieronymi,
1496 3135 1728 3204 quando
1768 3133 2078 3204 prepbeta~

431 3214 641 3280 verint,
672 3214 967 3270 invenitur
996 3213 1093 3286 (a).
1130 3214 1345 3269 Abdias
1377 3214 1532 3270 enim
1566 3213 1795 3285 positus
1834 3218 1921 3268 est
1952 3214 2078 3283 qui-

429 3296 562 3351 dem
595 3297 668 3353 ab
699 3294 780 3352 eis
813 3311 947 3351 cum
979 3294 1242 3362 Michtea,
1273 3297 1371 3351 sed
1405 3311 1519 3351 non
1553 3312 1618 3351 eo
1666 3294 1814 3363 loco,
1848 3295 1946 3350 ubi
1978 3311 2078 3351 no-

425 3380 629 3433 tantur
658 3382 939 3449 tempore,
987 3377 1220 3449 quando
1271 3375 1570 3433 Michaeam
1605 3375 1981 3449 prophetasse
2010 3393 2078 3431 ex

422 3458 548 3515 eius
577 3456 789 3514 litteris
819 3463 1084 3515 constat:
1119 3456 1277 3529 quod
1305 3472 1497 3514 errore
1545 3455 1902 3529 negligenter
1945 3456 2075 3512 des-

420 3536 768 3594 cribentium
829 3537 1059 3594 labores
1126 3537 1348 3594 alienos
1410 3537 1683 3593 existimo
1742 3535 2071 3607 contigisse.

416 3618 576 3676 Duos
602 3635 733 3675 vero
763 3619 910 3675 alios
931 3624 1422 3675 commemoratos
1473 3619 1531 3673 in
1564 3617 1859 3674 codicibus
1889 3617 2069 3673 Chro-

419 3698 683 3755 nicorum
715 3716 863 3772 quos
895 3700 1232 3766 habuimus,
1285 3716 1399 3755 non
1444 3698 1739 3769 potuimus
1768 3697 2067 3753 invenire:

416 3783 612 3836 tamen
645 3781 781 3853 quia
823 3798 1044 3837 canone
1092 3780 1488 3849 continentur,
1541 3795 1643 3833 nec
1696 3778 1808 3847 ipsi
1846 3784 2070 3849 oportet

413 3865 828 3931 praetereantur
860 3879 894 3918 a
922 3861 1111 3918 nobis.
1164 3862 1403 3928 Abdias,
1451 3866 1730 3933 quantum
1765 3860 1834 3914 ad
1881 3861 2065 3933 scrip-

414 3949 604 3999 turam
639 3944 767 4014 ejus
793 3943 1021 4014 attinet,
1054 3944 1316 4000 omnium
1351 3941 1729 3998 brevissimus
1759 3941 2068 4010 Propheta-

412 4039 567 4092 rum,
607 4023 890 4079 adversus
920 4023 1229 4079 ldumasam
1269 4023 1547 4095 loquitur,
1582 4026 1812 4094 gentem
1845 4020 2067 4078 scilicet

410 4102 580 4172 Esau,
613 4120 678 4160 ex
724 4104 985 4160 duobus8
1033 4103 1283 4176 geminis
1331 4104 1467 4159 filiis
1518 4105 1698 4171 Isaac,
1752 4102 2063 4172 nepotibus

409 4184 671 4254 Abrahte,
704 4185 945 4255 majoris
976 4184 1136 4240 illius
1181 4184 1491 4256 reprobati.
1526 4183 1699 4239 Porro
1729 4182 1780 4237 si
1812 4182 2062 4238 Idume:-

409 4279 503 4317 am
536 4266 705 4318 modo
726 4262 1060 4331 locutionis,
1090 4281 1203 4335 quo
1233 4263 1580 4336 intelligitur
1600 4279 1634 4317 a
1657 4266 1820 4334 parte
1851 4266 2060 4328 totum,

407 4341 768 4412 accipiamus
799 4342 1049 4413 positam
1080 4358 1209 4399 esse
1241 4358 1342 4414 pro
1374 4342 1685 4414 gentibus:
1724 4341 1791 4395 de
1831 4340 2058 4397 Christo

402 4436 713 4492 agnoscere
767 4438 1085 4492 possumus
1139 4424 1292 4494 quod
1366 4425 1446 4478 ait
1504 4424 1655 4479 inter
1710 4426 1934 4489 caetera,
1996 4424 2057 4478 In

402 4499 640 4561 monte‘.
672 4509 858 4558 autem
907 4502 1037 4559 Sion
1081 4508 1188 4560 erit
1232 4504 1406 4572 salus,
1439 4513 1489 4559 et
1526 4505 1637 4559 erit
1684 4511 1950 4559 sanctum.
1987 4505 2056 4559 Et

468 4651 484 4687 1
518 4647 602 4699 Sic
628 4650 980 4714 manuscripti
1008 4652 1297 4702 secundum
1326 4651 1468 4700 LXX.
1499 4652 1567 4699 At
1594 4649 1739 4705 editi,
1773 4663 1948 4711 usque
1981 4649 2054 4697 ad

399 4721 615 4776 tempus
646 4728 751 4776 quo
771 4714 1108 4776 parturiens
1135 4714 1338 4776 pariet.

460 4776 482 4810 ²
512 4776 573 4825 In
601 4776 776 4833 editis,
806 4777 1041 4827 Abaeue.
1071 4779 1139 4826 At
1166 4778 1313 4837 Mss.,
1353 4776 1678 4825 Ambacum.

460 4839 483 4873 ³
516 4839 674 4896 Editi,
704 4840 971 4889 adversus
1005 4836 1322 4891 Idumaeam
1375 4848 1591 4902 gentem
1622 4837 1925 4902 loquitur,
1948 4836 2048 4885 sci-

396 4901 524 4951 licet
549 4902 721 4959 Esau,
774 4904 947 4953 unius
986 4918 1056 4953 ex
1084 4904 1312 4962 duobus,
1345 4900 1444 4952 etc.
1493 4901 1833 4963 Castigantur
1864 4900 1931 4948 ad
1964 4914 2050 4950 ve-

391 4966 532 5015 teres
554 4966 776 5015 codices.

455 5026 479 5061 ι
507 5027 591 5078 Sic
618 5029 966 5091 manuscripti
993 5029 1148 5089 juxta
1176 5029 1315 5076 LXX.
1353 5029 1421 5076 At
1448 5028 1593 5078 editi.
1625 5028 1691 5077 In
1718 5035 1977 5091 montem.

454 5092 533 5155 (α)
560 5089 929 5155 Hieronymus,
961 5091 1349 5155 Commentario
1378 5092 1434 5155 in
1468 5090 1712 5155 Abdiam,
1746 5089 1976 5155 «_Hunc_,
2017 5110 2039 5134 ι)

390 5152 582 5215 inquit,
616 5172 642 5198 α
676 5151 791 5203 esse
832 5154 985 5202 aiunt
1027 5153 1267 5210 Hebraei,
1316 5153 1411 5215 qui
1458 5153 1556 5202 sub
1601 5164 1721 5213 rege
1773 5151 2042 5201 Samariae

389 5231 413 5262 ς
443 5215 622 5265 Achab
678 5219 730 5266 et
779 5215 1097 5277 impiissima
1165 5216 1375 5265 Jezabel
1434 5215 1585 5278 pavit
1656 5216 1865 5263 centum
1921 5228 2039 5275 pro-

385 5293 413 5323 α
440 5278 630 5342 phetes
658 5278 714 5327 in
760 5278 1038 5342 Specubus,
1086 5278 1180 5340 qui
1208 5292 1315 5327 non
1356 5279 1885 5342 curvaverantgenu
1915 5279 2039 5325 ante

388 5353 411 5385 ε
441 5340 584 5399 Baal,
618 5360 642 5384 »
673 5344 770 5392 etc.
790 5340 921 5390 ‘Fuit
948 5354 1069 5401 ergo
1091 5343 1265 5389 aetate
1279 5342 1530 5402 Josaphat
1543 5341 1679 5399 regis
1716 5340 1869 5394 Juda,
1919 5353 2037 5399 rego

383 5402 693 5465 Latinorum
751 5404 973 5453 Tiberio.
1045 5402 1217 5450 Naum
1287 5408 1463 5452 autem
1530 5404 1839 5465 prophetam
1894 5403 2033 5451 Jose~

383 5464 538 5526 phus,
585 5467 680 5515 lib.
728 5465 758 5514 9
803 5466 981 5527 Antiq.
1032 5465 1172 5515 Jud..
1224 5479 1335 5525 cap.
1390 5466 1463 5519 11,
1514 5465 1539 5527 §
1578 5464 1639 5517 5.7
1664 5466 1843 5515 scribit
1874 5465 2035 5515 fuisse

380 5528 707 5591 temporibus
762 5529 990 5578 Joathan
1068 5530 1210 5591 regis
1251 5529 1429 5591 _Juda.
1507 5528 1739 5591 Denique
1801 5529 1865 5576 de
1919 5541 2035 5591 pro-

381 5587 541 5659 pheta
569 5589 812 5640 Habacuc
851 5587 1315 5659 dicitur_D_an_ielis
1360 5605 1467 5659 xiv,
1710 5591 1851 5659 quod
1882 5587 2033 5659 pran-

382 5648 532 5698 dium
565 5664 721 5700 suum
767 5666 834 5700 ex
873 5653 1011 5702 Juda
1040 5651 1363 5714 Babylonem
1392 5652 1575 5703 tulerit
1617 5653 1683 5700 ad
1717 5648 1986 5702 Danielem
2014 5668 2027 5713 ;

1508 285 1609 346 DE
1651 284 2010 346 CIVITA'I‘E
2052 282 2205 359 DEI,
2255 283 2319 343 S.
2366 281 2787 347 AUGUSTINI

3739 280 3853 342 588

2208 419 2379 489 paulo
2410 426 2539 492 post
2566 422 2619 476 in
2666 422 2779 477 ﬁne
2828 420 3017 492 ipsius
3050 419 3402 492 prophetiae:
3437 421 3511 476 Et
3547 419 3855 496 ascenderit,

2204 500 2416 572 inquit,
2451 501 2720 557 resalrati
2757 518 2826 557 ex
2862 505 3046 558 monte
3088 501 3246 570 Sion,
3280 512 3341 555 ut
3378 500 3675 570 defendant
3705 516 3857 557 mon-

2202 586 2307 635 tem
2341 582 2499 651 Esau,
2528 587 2577 636 ct
2607 586 2711 638 erit
2742 583 2968 637 Domino
2999 598 3228 649 regnum
3274 581 3483 653 (Abdiae
3516 583 3602 651 17,
3629 582 3720 649 21,
3752 599 3852 637 sec.

2201 661 2397 733 LXX).
2445 670 2698 733 Apparet
2752 666 2969 733 quippe
3021 662 3079 717 id
3126 677 3253 718 esse
3299 661 3679 733 completum,
3714 676 3846 718 cum

2203 743 2470 797 resalwti
2505 760 2573 798 ex
2625 750 2819 799 monte
2869 743 3028 810 Sion,
3062 743 3118 797 id
3150 752 3238 798 est
3267 760 3334 798 ex
3365 743 3584 810 Judasa,
3618 743 3856 799 creden-

2200 829 2288 878 tes
2320 824 2377 879 in
2411 825 2731 892 Christum,
2783 826 2879 898 qui
2932 826 3220 895 praecipue
3245 830 3649 895 agnoscuntur
3675 827 3856 896 Apos-

2202 903 2325 970 toli,
2379 906 2791 973 ascenderunt,
2848 911 2909 961 ut
2956 904 3327 961 defenderent
3374 909 3632 961 montem
3688 905 3854 962 Esau.

2202 984 2501 1048 Quomodo
2533 985 2927 1052 defenderent,
2965 984 3072 1039 nisi
3104 1001 3206 1056 per
3234 983 3532 1056 Evangelii
3570 983 3858 1055 praedica-

2202 1064 2420 1118 tionem
2478 1066 2667 1120 salvos
2726 1065 2990 1120 iaciendo
3046 1081 3146 1121 eos
3203 1066 3301 1135 qui
3354 1063 3755 1129 crediderunt,
3798 1070 3860 1120 ut

2202 1148 2548 1200 eruerentur
2592 1146 2663 1202 de
2714 1150 3002 1218 potestate
3052 1146 3444 1214 tenebrarum,
3476 1151 3534 1201 et.
3572 1146 3854 1200 transfer~

2203 1229 2406 1279 rentur
2436 1226 2491 1279 in
2527 1242 2773 1298 regnum
2806 1226 2947 1282 Dei?
2985 1227 3142 1293 Quod
3172 1228 3604 1296 consequentur
3628 1242 3860 1296 expres-

2201 1310 2279 1359 sit
2308 1306 2599 1375 addendo,
2627 1308 2698 1363 Et
2745 1311 2854 1362 erit
2901 1309 3126 1363 Domino
3169 1323 3427 1378 regnum.
3481 1305 3652 1362 Mons
3702 1308 3856 1363 enim

2202 1385 2340 1440 Sion
2371 1389 2657 1456 Judaaam,
2704 1388 3017 1459 signiﬁcat,
3066 1388 3164 1442 ubi
3216 1388 3408 1442 futura
3462 1385 3744 1457 praedicta
3773 1396 3863 1447 est

2203 1468 2382 1538 salus,
2418 1478 2470 1525 el
2504 1475 2795 1537 sanctum,
2829 1470 2981 1542 quod
3017 1473 3105 1526 est
3141 1469 3406 1525 Christus
3435 1468 3651 1525 Jesus:
3688 1486 3854 1526 mons

2202 1564 2332 1604 vero
2383 1555 2550 1613 Esau.
2593 1552 2845 1606 ldumasa
2888 1556 2992 1619 est,
3043 1567 3143 1622 per
3189 1565 3360 1621 quam
3413 1550 3746 1620 signiﬁcata
3776 1558 3859 1606 est

2202 1629 2454 1685 Ecclesia
2499 1631 2783 1700 gentium,
2838 1647 3014 1701 quam
3047 1630 3452 1695 defenderunt,
3488 1631 3645 1684 sicut
3674 1646 3857 1702 expo-

2201 1708 2313 1773 sui,
2354 1709 2617 1764 resalvati
2651 1727 2719 1765 ex
2771 1717 2965 1765 monte
2996 1711 3154 1776 Sion,
3191 1716 3253 1765 ut.
3300 1719 3452 1765 esset
3482 1708 3733 1765 Domino
3766 1726 3858 1765 re-

2199 1805 2403 1857 gnum.
2442 1791 2556 1845 lloc
2606 1793 2918 1846 obscurum
2970 1794 3115 1861 erat,
3164 1792 3475 1860 antequam
3519 1789 3720 1859 ﬁeret;
3757 1790 3856 1846 sed

2204 1869 2415 1922 factum
2450 1870 2581 1938 quis
2614 1886 2728 1924 nou
2768 1868 2968 1925 fidelis
3000 1873 3279 1941 agnoscat
3302 1868 3329 1922 ‘l

2268 1951 2323 2003 2.
2357 1950 2544 2005 Naum
2594 1967 2727 2006 vero
2780 1951 3078 2023 propheta,
3134 1952 3250 2004 imo
3301 1966 3403 2021 per
3448 1947 3619 2004 illum
3663 1947 3856 2005 Deus:

2202 2031 2613 2098 Exterminabo,
2639 2030 2857 2103 inquit,
2880 2031 3165 2102 sculptilia
3184 2034 3239 2085 et
3268 2027 3581 2099 eonﬂatilia
3603 2045 3623 2084 :
3649 2044 3857 2100 ponam

2198 2112 2545 2182 sepulturam
2589 2115 2742 2166 tuam
2780 2129 2797 2165 :
2838 2111 2969 2183 quia
3017 2111 3216 2167 veloces
3264 2126 3378 2166 esse
3431 2124 3598 2182 super
3644 2113 3856 2166 montes

2196 2192 2355 2263 pedes
2386 2192 2842 2262 euangelizantis,
2865 2198 2914 2248 el
2936 2192 3336 2248 annuntiantis
3364 2205 3573 2263 pacem.
3606 2189 3855 2259 Celebra,

2197 2273 2360 2333 Juda,
2394 2275 2506 2327 dies
2534 2276 2693 2342 festos
2725 2283 2863 2336 tuos,
2896 2273 3058 2328 redde
3107 2282 3231 2329 vota
3262 2278 3358 2327 tua
3379 2290 3401 2326 .·
3447 2270 3575 2343 quia
3596 2272 3710 2340 iam
3738 2288 3855 2328 non

2198 2353 2457 2424 adjicient
2490 2353 2655 2420 ultra,
2708 2357 2767 2408 ut
2796 2358 3080 2409 transeant
3112 2355 3169 2408 in
3206 2357 3548 2408 vetustatem.
3582 2350 3855 2407 Consum-

2195 2439 2405 2488 malum
2453 2442 2550 2501 est,
2582 2445 2961 2505 consumptum
2992 2442 3091 2500 est,
3123 2434 3372 2488 ablatum
3410 2435 3540 2487 esti.
3574 2433 3850 2499 Ascendit,

2196 2515 2293 2584 qui
2321 2514 2571 2583 insufﬂat
2603 2516 2662 2569 in
2688 2515 2887 2582 [aciem
2919 2521 3093 2584 tuam,
3140 2515 3381 2584 eripiens
3411 2516 3462 2568 te
3503 2528 3578 2568 ea:
3603 2511 3851 2568 tribula-

2197 2596 2345 2650 tione
2373 2594 2570 2665 (Naum
2603 2611 2644 2666 ι,
2684 2595 2743 2648 lli
2774 2599 2821 2649 et
2854 2594 2955 2661 15;
2989 2611 3051 2662 ll,
3088 2595 3137 2659 1,
3170 2610 3275 2650 sec.
3332 2592 3510 2665 LXX).
3564 2592 3710 2659 Quis
3757 2609 3853 2650 as-

2196 2676 2455 2732 cenderit
2500 2676 2568 2731 ab
2618 2678 2843 2745 inferis,
2889 2681 2945 2731 et
2996 2677 3381 2732 insuttlaverit
3428 2675 3486 2730 in
3521 2676 3724 2731 faciem
3754 2675 3855 2731 Ju-

2195 2757 2303 2817 dar,
2365 2757 2472 2812 hoc
2529 2766 2611 2813 est
2669 2757 3007 2812 Judazorum
3062 2757 3504 2825 discipulorum,
3567 2755 3851 2827 Spiritum

2195 2843 2477 2905 sanctum,
2504 2837 2719 2893 recolat
2742 2837 2761 2871 ²
2788 2838 2884 2908 qui
2919 2838 3183 2893 meminit
3214 2835 3603 2909 Evangelium.
3628 2837 3715 2891 Ad
3754 2853 3853 2892 uo-

2194 2934 2327 2972 vum
2381 2918 2534 2974 enim
2592 2918 3032 2974 Testamentum
3066 2917 3371 2988 pertinent,
3421 2931 3663 2987 quorum
3718 2916 3852 2971 dies

2196 3001 2323 3056 festi
2355 3001 2434 3055 ita
2466 3002 2852 3073 spiritualiter
2883 3003 3253 3068 innovantur,
3302 3006 3367 3056 ut
3402 3000 3460 3055 in
3493 3003 3849 3055 vetustatem

2192 3082 2441 3137 transire
2473 3098 2584 3135 non
2620 3083 2866 3152 possint.
2897 3082 3071 3137 Porro
3102 3097 3204 3153 per
3248 3078 3619 3150 Evangelium
3655 3084 3848 3135 exter-

2192 3162 2417 3216 minata
2466 3161 2762 3232 sculptilia
2807 3168 2862 3216 et
2911 3161 3247 3227 conﬂatilis,
3300 3161 3356 3215 id
3387 3168 3471 3216 est
3516 3158 3674 3214 idola
3706 3160 3850 3215 deo—

2191 3259 2320 3297 rum
2354 3241 2659 3310 falsorum,
2693 3247 2748 3298 et
2779 3241 3052 3297 oblivioni
3087 3247 3364 3313 tanquam
3392 3239 3710 3307 sepultura:
3734 3244 3850 3295 tra-

2190 3324 2309 3379 dita
2334 3325 2452 3395 jam
2487 3324 2749 3380 videmus
2778 3348 2794 3391 ;
2819 3332 2870 3379 et
2900 3324 3049 3379 hanc
3079 3324 3255 3379 etiam
3280 3324 3339 3379 in
3372 3321 3478 3377 hac
3510 3338 3571 3377 re
3594 3322 3847 3393 prophe-

2187 3405 2328 3460 tiam
2360 3403 2706 3476 completam
2741 3421 2866 3460 esse
2892 3404 3316 3474 cognoscimus.

2258 3486 2309 3540 3.
2344 3488 2666 3542 Ambacum
2719 3486 2788 3540 de
2829 3502 2944 3557 quo
2993 3486 3127 3552 alio,
3162 3502 3337 3557 quam
3390 3485 3459 3540 de
3498 3485 3715 3540 Christi
3747 3484 3846 3539 ad-

2186 3571 2381 3633 ventu,
2434 3568 2534 3638 qui
2581 3568 2813 3621 iuturus
2863 3567 3071 3637 fuerat,
3122 3565 3468 3638 intelligitur
3508 3565 3726 3632 dicere,
3780 3565 3848 3619 El

2183 3651 2462 3719 respondit
2518 3649 2781 3703 Dominus
2837 3650 2916 3703 ad
2973 3664 3076 3715 me,
3126 3658 3179 3704 et
3231 3647 3397 3713 dixit,
3446 3646 3633 3702 Scribe
3663 3648 3843 3702 visum

2181 3740 2367 3801 aperte
2420 3732 2479 3784 iu
2529 3731 2707 3791 buxo;
2763 3738 2823 3785 ut
2864 3733 3186 3802 assequatur
3233 3731 3331 3802 qui
3381 3728 3512 3800 legit
3566 3744 3632 3784 ea
3651 3746 3671 3783 :
3706 3728 3843 3799 quia

2179 3810 2357 3865 adhuc
2398 3810 2535 3866 visio
2567 3810 2636 3864 ad
2682 3815 2912 3881 tempus,
2945 3815 2993 3866 et
3039 3812 3247 3866 orietur
3287 3811 3347 3865 in
3396 3810 3525 3880 ﬁne,
3557 3816 3611 3864 et
3636 3824 3749 3863 non
3781 3812 3842 3862 in

2178 3907 2441 3945 vacuum:
2492 3890 2543 3944 si
2604 3892 2933 3959 tardaverit,
2971 3894 3180 3946 sustine
3224 3906 3391 3951 eum;
3430 3888 3564 3961 quia
3614 3890 3839 3944 veniens

2178 3973 2371 4037 veniet,
2412 3976 2461 4025 et
2492 3986 2599 4025 non
2627 3972 2936 4026 morabitur
2968 3971 3258 4042 (Habacue,
3284 3987 3344 4039 ιι,
3384 3970 3420 4024 2
3443 3977 3495 4025 et
3521 3967 3616 4041 3)?

2175 4131 2403 4188 CAPUT
2425 4132 2650 4188 XXXII.
2683 4163 2745 4172 —
2772 4133 2846 4187 De
2876 4132 3167 4203 prophetia
3199 4148 3324 4204 qum
3344 4136 3398 4187 in
3421 4134 3688 4190 Oratione
3709 4133 3839 4188 Am-

2582 4214 2720 4269 bacu
2750 4222 2798 4269 et
2830 4212 3050 4270 Cantica
3081 4213 3412 4269 continetur.

2241 4355 2302 4407 In
2328 4349 2596 4406 Oratione
2629 4355 2822 4407 autem
2856 4368 2964 4406 sua
2994 4367 3121 4406 cum
3155 4350 3417 4420 Cantico,
3450 4350 3544 4408 cui
3568 4350 3684 4407 nisi
3716 4350 3829 4407 Doo

2171 4433 2329 4487 mino
2368 4432 2611 4488 Christo
2691 4433 2856 4500 dicit,
2919 4433 3161 4500 Domine,
3229 4432 3421 4489 audivi
3477 4430 3835 4489 auditionem

2169 4519 2341 4582 tuam,
2373 4524 2424 4571 et
2473 4516 2635 4569 timui
2656 4533 2677 4579 ;
2724 4515 2978 4582 Domine,
3023 4514 3367 4571 consideravi
3409 4527 3574 4585 opera
3622 4520 3739 4580 tua,
3773 4520 3835 4569 et

2167 4595 2405 4665 expavit
2435 4596 2573 4667 quid
2607 4595 2762 4650 enim
2795 4595 2904 4651 hoc
2935 4600 3041 4660 est,
3077 4595 3188 4650 nisi
3221 4596 3605 4667 praecognita,
3636 4609 3829 4663 nova,

2164 4692 2229 4731 ac
2258 4678 2570 4744 repentium
2616 4675 2821 4730 salutis
2865 4675 3169 4731 hominum
3217 4675 3530 4731 inell'abilis
3559 4673 3831 4729 admira-

2164 4755 2282 4811 tio?
2312 4758 2374 4813 In.
2404 4756 2582 4810 medio
2627 4757 2856 4812 duorum
2897 4755 3232 4811 animalium
3280 4755 3642 4827 cognosceris,
3674 4754 3826 4828 quid

2160 4841 2271 4903 est,
2306 4837 2412 4892 nisi
2460 4839 2561 4892 aut
2616 4836 2674 4890 in
2735 4836 2925 4893 medio
2985 4837 3230 4892 duorum
3276 4837 3822 4903 Testamenlorum,

2160 4922 2262 4973 aut
2292 4917 2349 4972 in
2383 4917 2569 4972 medio
2597 4917 2846 4972 duorum
2878 4917 3190 4987 latronum,
3221 4926 3317 4973 aut
3349 4917 3408 4974 in
3440 4917 3634 4974 medio
3662 4916 3827 4990 Moy-

2159 4997 2206 5051 si
2240 5001 2293 5051 et
2325 4996 2457 5051 Elite
2490 5013 2624 5052 cum
2657 5014 2723 5052 eo
2754 4997 2813 5052 in
2846 5005 3040 5055 monte
3071 4997 3593 5055 sermocinantium
3615 4997 3645 5051 τ
3673 4997 3825 5052 Dum

2156 5077 2600 5149 appropinquant
2633 5078 2793 5148 anni,
2825 5081 3205 5149 cognosceris,-
3236 5078 3295 5135 in
3328 5079 3569 5134 adventu
3600 5083 3826 5150 tempo-

2221 5235 2238 5296 ιγ
2268 5232 2419 5293 Apud
2448 5234 2596 5290 Lov.,
2627 5233 2912 5291 omittitur,
2943 5233 3194 5282 ablatum
3225 5242 3304 5283 est
3332 5249 3351 5292 ;
3378 5232 3524 5296 quod
3568 5232 3629 5281 in
3657 5231 3825 5283 editis

2152 5294 2273 5343 aliis
2302 5298 2351 5344 et
2382 5295 2759 5358 manuscriptis
2786 5296 3031 5346 habetur.

2214 5358 2234 5390 2
2290 5358 2445 5409 Editi.
2484 5358 2761 5420 Spiritum
2814 5359 3021 5408 recolat
3071 5359 3201 5420 (vel.
3254 5358 3471 5413 recolit)
3508 5366 3821 5408 sanetum:

2151 5434 2317 5480 prava
2348 5435 2535 5471 vocum
2567 5422 2937 5483 interpunctio,
2968 5424 3021 5472 et
3045 5436 3111 5472 ex
3140 5422 3261 5475 Mss.
3292 5422 3593 5471 emendata.

2147 5530 2199 5577 et
2241 5542 2361 5577 eum
2408 5533 2641 5592 tempore
2688 5531 3015 5594 captivitatis
3061 5531 3415 5594 Babylonicae
3452 5531 3818 5594 vaticinatum

2145 5594 2440 5705 εῗῖξοῖιὲἱὲιι
2469 5591 2840 5657 Hieronymus,
2871 5598 3032 5658 atque
3054 5593 3113 5644 in
3141 5591 3471 5657 Babylonem
3499 5592 3660 5655 dirigi
3686 5591 3816 5654 eius
