  <div class='ocr_page' id='page_1' title='image "/cluster/home/n/w/nwhite01/storage/ocr_20150623/41/hvd.32044096580634/300.png"; bbox 0 0 4110 6196; ppageno 0'>
   <div class='ocr_carea' id='block_1_1' title="bbox 260 310 374 369">
    <p class='ocr_par' dir='ltr' id='par_1_1' title="bbox 260 310 374 369">
     <span class='ocr_line' id='line_1_1' title="bbox 260 310 374 369; baseline -0.018 0"><span class='ocrx_word' id='word_1_1' title='bbox 260 310 374 369; x_wconf 86' lang='grc'><strong>589</strong></span> 
     </span>
    </p>
   </div>
   <div class='ocr_carea' id='block_1_2' title="bbox 257 437 1905 514">
    <p class='ocr_par' dir='ltr' id='par_1_2' title="bbox 257 437 1905 514">
     <span class='ocr_line' id='line_1_2' title="bbox 257 437 1905 514; baseline -0.005 -14"><span class='ocrx_word' id='word_1_2' title='bbox 257 444 334 500; x_wconf 89' lang='lat' dir='ltr'><strong>ris</strong></span> <span class='ocrx_word' id='word_1_3' title='bbox 361 439 722 514; x_wconf 67' lang='lat' dir='ltr'><strong>ostenderis‘,</strong></span> <span class='ocrx_word' id='word_1_4' title='bbox 754 457 859 498; x_wconf 91' lang='lat' dir='ltr'><strong>nec</strong></span> <span class='ocrx_word' id='word_1_5' title='bbox 880 438 1283 513; x_wconf 87' lang='lat' dir='ltr'><strong>exponendum</strong></span> <span class='ocrx_word' id='word_1_6' title='bbox 1303 440 1406 496; x_wconf 85' lang='lat' dir='ltr'><strong>est.</strong></span> <span class='ocrx_word' id='word_1_7' title='bbox 1441 438 1498 493; x_wconf 84' lang='lat' dir='ltr'><strong>In</strong></span> <span class='ocrx_word' id='word_1_8' title='bbox 1519 452 1583 494; x_wconf 91' lang='lat' dir='ltr'><strong>eo</strong></span> <span class='ocrx_word' id='word_1_9' title='bbox 1614 437 1752 493; x_wconf 86' lang='lat' dir='ltr'><strong>dum</strong></span> <span class='ocrx_word' id='word_1_10' title='bbox 1781 452 1905 493; x_wconf 86' lang='lat' dir='ltr'><strong>con-</strong></span> 
     </span>
    </p>
   </div>
   <div class='ocr_carea' id='block_1_3' title="bbox 257 517 1911 594">
    <p class='ocr_par' dir='ltr' id='par_1_3' title="bbox 257 517 1911 594">
     <span class='ocr_line' id='line_1_3' title="bbox 257 517 1911 594; baseline -0.004 -15"><span class='ocrx_word' id='word_1_11' title='bbox 257 523 475 581; x_wconf 90' lang='lat' dir='ltr'><strong>turbata</strong></span> <span class='ocrx_word' id='word_1_12' title='bbox 518 524 695 594; x_wconf 82' lang='lat' dir='ltr'><strong>fuerit</strong></span> <span class='ocrx_word' id='word_1_13' title='bbox 744 524 934 578; x_wconf 87' lang='lat' dir='ltr'><strong>anima</strong></span> <span class='ocrx_word' id='word_1_14' title='bbox 980 536 1121 588; x_wconf 88' lang='lat' dir='ltr'><strong>mea,</strong></span> <span class='ocrx_word' id='word_1_15' title='bbox 1152 520 1213 575; x_wconf 89' lang='lat' dir='ltr'><strong>in</strong></span> <span class='ocrx_word' id='word_1_16' title='bbox 1240 522 1325 576; x_wconf 87' lang='lat' dir='ltr'><strong>ira</strong></span> <span class='ocrx_word' id='word_1_17' title='bbox 1371 517 1776 575; x_wconf 74' lang='lat' dir='ltr'><strong>misericordiae</strong></span> <span class='ocrx_word' id='word_1_18' title='bbox 1800 535 1911 573; x_wconf 85' lang='lat' dir='ltr'><strong>me-</strong></span> 
     </span>
    </p>
   </div>
   <div class='ocr_carea' id='block_1_4' title="bbox 256 599 1910 675">
    <p class='ocr_par' dir='ltr' id='par_1_4' title="bbox 256 599 1910 675">
     <span class='ocr_line' id='line_1_4' title="bbox 256 599 1910 675; baseline -0.004 -14"><span class='ocrx_word' id='word_1_19' title='bbox 256 605 530 673; x_wconf 86' lang='lat' dir='ltr'><strong>moreris,</strong></span> <span class='ocrx_word' id='word_1_20' title='bbox 563 604 837 675; x_wconf 89' lang='lat' dir='ltr'><strong>quidest,</strong></span> <span class='ocrx_word' id='word_1_21' title='bbox 868 603 986 659; x_wconf 83' lang='lat' dir='ltr'><strong>nisi</strong></span> <span class='ocrx_word' id='word_1_22' title='bbox 1033 603 1182 672; x_wconf 88' lang='lat' dir='ltr'><strong>quod</strong></span> <span class='ocrx_word' id='word_1_23' title='bbox 1224 601 1450 657; x_wconf 73' lang='lat' dir='ltr'><strong>Jutlaeos</strong></span> <span class='ocrx_word' id='word_1_24' title='bbox 1482 601 1541 655; x_wconf 90' lang='lat' dir='ltr'><strong>in</strong></span> <span class='ocrx_word' id='word_1_25' title='bbox 1575 617 1636 656; x_wconf 91' lang='lat' dir='ltr'><strong>se</strong></span> <span class='ocrx_word' id='word_1_26' title='bbox 1669 599 1910 656; x_wconf 81' lang='lat' dir='ltr'><strong>transii-</strong></span> 
     </span>
    </p>
   </div>
   <div class='ocr_carea' id='block_1_5' title="bbox 256 680 1911 758">
    <p class='ocr_par' dir='ltr' id='par_1_5' title="bbox 256 680 1911 758">
     <span class='ocr_line' id='line_1_5' title="bbox 256 680 1911 758; baseline -0.003 -17"><span class='ocrx_word' id='word_1_27' title='bbox 256 685 499 758; x_wconf 85' lang='lat' dir='ltr'><strong>guravit,</strong></span> <span class='ocrx_word' id='word_1_28' title='bbox 554 701 800 756; x_wconf 87' lang='lat' dir='ltr'><strong>quorum</strong></span> <span class='ocrx_word' id='word_1_29' title='bbox 854 684 1043 757; x_wconf 81' lang='lat' dir='ltr'><strong>gentis</strong></span> <span class='ocrx_word' id='word_1_30' title='bbox 1075 682 1201 750; x_wconf 83' lang='lat' dir='ltr'><strong>fuit,</strong></span> <span class='ocrx_word' id='word_1_31' title='bbox 1235 681 1330 752; x_wconf 93' lang='lat' dir='ltr'><strong>qui</strong></span> <span class='ocrx_word' id='word_1_32' title='bbox 1384 696 1517 737; x_wconf 90' lang='lat' dir='ltr'><strong>cum</strong></span> <span class='ocrx_word' id='word_1_33' title='bbox 1562 697 1772 753; x_wconf 84' lang='lat' dir='ltr'><strong>magna</strong></span> <span class='ocrx_word' id='word_1_34' title='bbox 1824 680 1911 736; x_wconf 90' lang='lat' dir='ltr'><strong>ira</strong></span> 
     </span>
    </p>
   </div>
   <div class='ocr_carea' id='block_1_6' title="bbox 258 761 1908 838">
    <p class='ocr_par' dir='ltr' id='par_1_6' title="bbox 258 761 1908 838">
     <span class='ocr_line' id='line_1_6' title="bbox 258 761 1908 838; baseline -0.004 -15"><span class='ocrx_word' id='word_1_35' title='bbox 258 766 472 823; x_wconf 96' lang='lat' dir='ltr'><strong>turbati</strong></span> <span class='ocrx_word' id='word_1_36' title='bbox 504 766 909 838; x_wconf 79' lang='lat' dir='ltr'><strong>crucifigercnt</strong></span> <span class='ocrx_word' id='word_1_37' title='bbox 964 764 1287 832; x_wconf 76' lang='lat' dir='ltr'><strong>Christum,</strong></span> <span class='ocrx_word' id='word_1_38' title='bbox 1356 761 1454 817; x_wconf 87' lang='lat' dir='ltr'><strong>ille</strong></span> <span class='ocrx_word' id='word_1_39' title='bbox 1498 761 1908 818; x_wconf 80' lang='lat' dir='ltr'><strong>misericordiae</strong></span> 
     </span>
    </p>
   </div>
   <div class='ocr_carea' id='block_1_7' title="bbox 256 844 1910 918">
    <p class='ocr_par' dir='ltr' id='par_1_7' title="bbox 256 844 1910 918">
     <span class='ocr_line' id='line_1_7' title="bbox 256 844 1910 918; baseline -0.005 -13"><span class='ocrx_word' id='word_1_40' title='bbox 256 864 479 905; x_wconf 88' lang='lat' dir='ltr'><strong>memor</strong></span> <span class='ocrx_word' id='word_1_41' title='bbox 532 846 697 914; x_wconf 87' lang='lat' dir='ltr'><strong>dixit,</strong></span> <span class='ocrx_word' id='word_1_42' title='bbox 759 848 947 916; x_wconf 86' lang='lat' dir='ltr'><strong>Pater,</strong></span> <span class='ocrx_word' id='word_1_43' title='bbox 998 847 1224 918; x_wconf 75' lang='lat' dir='ltr'><strong>ignosce</strong></span> <span class='ocrx_word' id='word_1_44' title='bbox 1284 845 1422 908; x_wconf 80' lang='lat' dir='ltr'><strong>illis,</strong></span> <span class='ocrx_word' id='word_1_45' title='bbox 1474 844 1604 914; x_wconf 83' lang='lat' dir='ltr'><strong>quia</strong></span> <span class='ocrx_word' id='word_1_46' title='bbox 1659 844 1910 899; x_wconf 87' lang='lat' dir='ltr'><strong>nesciunt</strong></span> 
     </span>
    </p>
   </div>
   <div class='ocr_carea' id='block_1_8' title="bbox 252 923 1913 1001">
    <p class='ocr_par' dir='ltr' id='par_1_8' title="bbox 252 923 1913 1001">
     <span class='ocr_line' id='line_1_8' title="bbox 252 923 1913 1001; baseline -0.002 -18"><span class='ocrx_word' id='word_1_47' title='bbox 252 929 389 1001; x_wconf 80' lang='lat' dir='ltr'><strong>quid</strong></span> <span class='ocrx_word' id='word_1_48' title='bbox 434 926 646 997; x_wconf 71' lang='lat' dir='ltr'><strong>faciunt</strong></span> <span class='ocrx_word' id='word_1_49' title='bbox 691 926 842 998; x_wconf 89' lang='lat' dir='ltr'><strong>(Luc.</strong></span> <span class='ocrx_word' id='word_1_50' title='bbox 894 942 1057 993; x_wconf 85' lang='lat' dir='ltr'><strong>xxm,</strong></span> <span class='ocrx_word' id='word_1_51' title='bbox 1090 926 1228 997; x_wconf 63' lang='lat'><strong>34)?</strong></span> <span class='ocrx_word' id='word_1_52' title='bbox 1273 926 1410 980; x_wconf 90' lang='lat' dir='ltr'><strong>Deus</strong></span> <span class='ocrx_word' id='word_1_53' title='bbox 1453 925 1516 980; x_wconf 87' lang='lat' dir='ltr'><strong>de</strong></span> <span class='ocrx_word' id='word_1_54' title='bbox 1554 923 1790 978; x_wconf 83' lang='lat' dir='ltr'><strong>Theman</strong></span> <span class='ocrx_word' id='word_1_55' title='bbox 1822 939 1913 979; x_wconf 88' lang='lat' dir='ltr'><strong>ve—</strong></span> 
     </span>
    </p>
   </div>
   <div class='ocr_carea' id='block_1_9' title="bbox 252 1005 1908 1071">
    <p class='ocr_par' dir='ltr' id='par_1_9' title="bbox 252 1005 1908 1071">
     <span class='ocr_line' id='line_1_9' title="bbox 252 1005 1908 1071; baseline -0.002 -7"><span class='ocrx_word' id='word_1_56' title='bbox 252 1012 390 1071; x_wconf 85' lang='lat' dir='ltr'><strong>niet,</strong></span> <span class='ocrx_word' id='word_1_57' title='bbox 447 1012 498 1064; x_wconf 84' lang='lat' dir='ltr'><strong>et</strong></span> <span class='ocrx_word' id='word_1_58' title='bbox 555 1016 775 1063; x_wconf 87' lang='lat' dir='ltr'><strong>sanctus</strong></span> <span class='ocrx_word' id='word_1_59' title='bbox 829 1006 897 1062; x_wconf 90' lang='lat' dir='ltr'><strong>de</strong></span> <span class='ocrx_word' id='word_1_60' title='bbox 954 1015 1136 1063; x_wconf 89' lang='lat' dir='ltr'><strong>monte</strong></span> <span class='ocrx_word' id='word_1_61' title='bbox 1195 1007 1448 1062; x_wconf 87' lang='lat' dir='ltr'><strong>umbroso</strong></span> <span class='ocrx_word' id='word_1_62' title='bbox 1505 1009 1557 1061; x_wconf 87' lang='lat' dir='ltr'><strong>et</strong></span> <span class='ocrx_word' id='word_1_63' title='bbox 1620 1005 1908 1061; x_wconf 84' lang='lat' dir='ltr'><strong>condenso.</strong></span> 
     </span>
    </p>
   </div>
   <div class='ocr_carea' id='block_1_10' title="bbox 252 1083 1912 1158">
    <p class='ocr_par' dir='ltr' id='par_1_10' title="bbox 252 1083 1912 1158">
     <span class='ocr_line' id='line_1_10' title="bbox 252 1083 1912 1158; baseline -0.004 -12"><span class='ocrx_word' id='word_1_64' title='bbox 252 1089 417 1156; x_wconf 87' lang='lat' dir='ltr'><strong>Quod</strong></span> <span class='ocrx_word' id='word_1_65' title='bbox 477 1087 568 1144; x_wconf 88' lang='lat' dir='ltr'><strong>hic</strong></span> <span class='ocrx_word' id='word_1_66' title='bbox 626 1087 849 1144; x_wconf 90' lang='lat' dir='ltr'><strong>dictum</strong></span> <span class='ocrx_word' id='word_1_67' title='bbox 906 1092 1017 1158; x_wconf 89' lang='lat' dir='ltr'><strong>est,</strong></span> <span class='ocrx_word' id='word_1_68' title='bbox 1066 1087 1134 1143; x_wconf 85' lang='lat' dir='ltr'><strong>de</strong></span> <span class='ocrx_word' id='word_1_69' title='bbox 1212 1086 1447 1144; x_wconf 89' lang='lat' dir='ltr'><strong>Theman</strong></span> <span class='ocrx_word' id='word_1_70' title='bbox 1505 1086 1753 1148; x_wconf 86' lang='lat' dir='ltr'><strong>veniet;</strong></span> <span class='ocrx_word' id='word_1_71' title='bbox 1814 1083 1912 1141; x_wconf 86' lang='lat' dir='ltr'><strong>alii</strong></span> 
     </span>
    </p>
   </div>
   <div class='ocr_carea' id='block_1_11' title="bbox 254 1164 1913 1243">
    <p class='ocr_par' dir='ltr' id='par_1_11' title="bbox 254 1164 1913 1243">
     <span class='ocr_line' id='line_1_11' title="bbox 254 1164 1913 1243; baseline -0.003 -17"><span class='ocrx_word' id='word_1_72' title='bbox 254 1167 625 1243; x_wconf 81' lang='lat' dir='ltr'><strong>interpretati</strong></span> <span class='ocrx_word' id='word_1_73' title='bbox 668 1173 809 1224; x_wconf 89' lang='lat' dir='ltr'><strong>sunt</strong></span> <span class='ocrx_word' id='word_1_74' title='bbox 857 1169 924 1224; x_wconf 92' lang='lat' dir='ltr'><strong>ab</strong></span> <span class='ocrx_word' id='word_1_75' title='bbox 968 1169 1189 1235; x_wconf 78' lang='lat' dir='ltr'><strong>Austro,</strong></span> <span class='ocrx_word' id='word_1_76' title='bbox 1220 1167 1310 1223; x_wconf 89' lang='lat' dir='ltr'><strong>vel</strong></span> <span class='ocrx_word' id='word_1_77' title='bbox 1341 1169 1409 1223; x_wconf 89' lang='lat' dir='ltr'><strong>ab</strong></span> <span class='ocrx_word' id='word_1_78' title='bbox 1439 1168 1633 1238; x_wconf 69' lang='lat' dir='ltr'><strong>Africo</strong></span> <span class='ocrx_word' id='word_1_79' title='bbox 1666 1164 1743 1239; x_wconf 86' lang='grc' dir='ltr'><strong>(α)</strong></span> <span class='ocrx_word' id='word_1_80' title='bbox 1767 1183 1786 1222; x_wconf 91' lang='lat'><strong>:</strong></span> <span class='ocrx_word' id='word_1_81' title='bbox 1817 1182 1913 1236; x_wconf 87' lang='lat' dir='ltr'><strong>per</strong></span> 
     </span>
    </p>
   </div>
   <div class='ocr_carea' id='block_1_12' title="bbox 254 1246 1914 1320">
    <p class='ocr_par' dir='ltr' id='par_1_12' title="bbox 254 1246 1914 1320">
     <span class='ocr_line' id='line_1_12' title="bbox 254 1246 1914 1320; baseline -0.003 -14"><span class='ocrx_word' id='word_1_82' title='bbox 254 1249 410 1320; x_wconf 89' lang='lat' dir='ltr'><strong>quod</strong></span> <span class='ocrx_word' id='word_1_83' title='bbox 442 1247 811 1320; x_wconf 79' lang='lat' dir='ltr'><strong>signiﬁcatur</strong></span> <span class='ocrx_word' id='word_1_84' title='bbox 842 1247 1135 1316; x_wconf 81' lang='lat' dir='ltr'><strong>meridies,</strong></span> <span class='ocrx_word' id='word_1_85' title='bbox 1182 1248 1241 1303; x_wconf 92' lang='lat' dir='ltr'><strong>id</strong></span> <span class='ocrx_word' id='word_1_86' title='bbox 1274 1252 1363 1304; x_wconf 90' lang='lat' dir='ltr'><strong>est</strong></span> <span class='ocrx_word' id='word_1_87' title='bbox 1392 1249 1579 1304; x_wconf 86' lang='lat' dir='ltr'><strong>fervor</strong></span> <span class='ocrx_word' id='word_1_88' title='bbox 1609 1246 1914 1302; x_wconf 86' lang='lat' dir='ltr'><strong>cbaritatis</strong></span> 
     </span>
    </p>
   </div>
   <div class='ocr_carea' id='block_1_13' title="bbox 254 1328 1918 1402">
    <p class='ocr_par' dir='ltr' id='par_1_13' title="bbox 254 1328 1918 1402">
     <span class='ocr_line' id='line_1_13' title="bbox 254 1328 1918 1402; baseline -0.004 -15"><span class='ocrx_word' id='word_1_89' title='bbox 254 1336 317 1387; x_wconf 89' lang='lat' dir='ltr'><strong>et</strong></span> <span class='ocrx_word' id='word_1_90' title='bbox 347 1328 628 1402; x_wconf 90' lang='lat' dir='ltr'><strong>splendor</strong></span> <span class='ocrx_word' id='word_1_91' title='bbox 677 1329 957 1385; x_wconf 79' lang='lat' dir='ltr'><strong>veritatis.</strong></span> <span class='ocrx_word' id='word_1_92' title='bbox 993 1329 1241 1385; x_wconf 84' lang='lat' dir='ltr'><strong>Montem</strong></span> <span class='ocrx_word' id='word_1_93' title='bbox 1287 1344 1421 1384; x_wconf 89' lang='lat' dir='ltr'><strong>vero</strong></span> <span class='ocrx_word' id='word_1_94' title='bbox 1452 1328 1797 1384; x_wconf 90' lang='lat' dir='ltr'><strong>umbrosum</strong></span> <span class='ocrx_word' id='word_1_95' title='bbox 1829 1331 1918 1382; x_wconf 88' lang='lat' dir='ltr'><strong>at-</strong></span> 
     </span>
    </p>
   </div>
   <div class='ocr_carea' id='block_1_14' title="bbox 253 1405 1916 1483">
    <p class='ocr_par' dir='ltr' id='par_1_14' title="bbox 253 1405 1916 1483">
     <span class='ocr_line' id='line_1_14' title="bbox 253 1405 1916 1483; baseline -0.004 -16"><span class='ocrx_word' id='word_1_96' title='bbox 253 1426 370 1483; x_wconf 88' lang='lat' dir='ltr'><strong>que</strong></span> <span class='ocrx_word' id='word_1_97' title='bbox 400 1408 1068 1481; x_wconf 86' lang='lat' dir='ltr'><strong>condensum,quamvis</strong></span> <span class='ocrx_word' id='word_1_98' title='bbox 1092 1407 1292 1465; x_wconf 87' lang='lat' dir='ltr'><strong>multis</strong></span> <span class='ocrx_word' id='word_1_99' title='bbox 1316 1408 1506 1464; x_wconf 86' lang='lat' dir='ltr'><strong>modis</strong></span> <span class='ocrx_word' id='word_1_100' title='bbox 1536 1408 1721 1480; x_wconf 85' lang='lat' dir='ltr'><strong>possit</strong></span> <span class='ocrx_word' id='word_1_101' title='bbox 1748 1405 1916 1462; x_wconf 44' lang='lat' dir='ltr'><strong>intel‘</strong></span> 
     </span>
    </p>
   </div>
   <div class='ocr_carea' id='block_1_15' title="bbox 255 1487 1915 1565">
    <p class='ocr_par' dir='ltr' id='par_1_15' title="bbox 255 1487 1915 1565">
     <span class='ocr_line' id='line_1_15' title="bbox 255 1487 1915 1565; baseline -0.002 -19"><span class='ocrx_word' id='word_1_102' title='bbox 255 1491 384 1565; x_wconf 82' lang='lat' dir='ltr'><strong>ligi.</strong></span> <span class='ocrx_word' id='word_1_103' title='bbox 417 1490 696 1546; x_wconf 88' lang='lat' dir='ltr'><strong>libentius</strong></span> <span class='ocrx_word' id='word_1_104' title='bbox 728 1490 1047 1560; x_wconf 89' lang='lat' dir='ltr'><strong>acceperim</strong></span> <span class='ocrx_word' id='word_1_105' title='bbox 1078 1489 1506 1558; x_wconf 85' lang='lat' dir='ltr'><strong>Scripturarum</strong></span> <span class='ocrx_word' id='word_1_106' title='bbox 1553 1487 1915 1544; x_wconf 86' lang='lat' dir='ltr'><strong>altitudinem</strong></span> 
     </span>
    </p>
   </div>
   <div class='ocr_carea' id='block_1_16' title="bbox 258 1566 1919 1642">
    <p class='ocr_par' dir='ltr' id='par_1_16' title="bbox 258 1566 1919 1642">
     <span class='ocr_line' id='line_1_16' title="bbox 258 1566 1919 1642; baseline -0.004 -16"><span class='ocrx_word' id='word_1_107' title='bbox 258 1571 617 1640; x_wconf 86' lang='lat' dir='ltr'><strong>divinarum,</strong></span> <span class='ocrx_word' id='word_1_108' title='bbox 650 1570 866 1642; x_wconf 89' lang='lat' dir='ltr'><strong>quibus</strong></span> <span class='ocrx_word' id='word_1_109' title='bbox 915 1569 1291 1640; x_wconf 86' lang='lat' dir='ltr'><strong>prophetatus</strong></span> <span class='ocrx_word' id='word_1_110' title='bbox 1320 1573 1412 1625; x_wconf 87' lang='lat' dir='ltr'><strong>est</strong></span> <span class='ocrx_word' id='word_1_111' title='bbox 1451 1567 1734 1624; x_wconf 86' lang='lat' dir='ltr'><strong>Christus.</strong></span> <span class='ocrx_word' id='word_1_112' title='bbox 1767 1566 1919 1623; x_wconf 87' lang='lat' dir='ltr'><strong>Mul-</strong></span> 
     </span>
    </p>
   </div>
   <div class='ocr_carea' id='block_1_17' title="bbox 255 1649 1915 1723">
    <p class='ocr_par' dir='ltr' id='par_1_17' title="bbox 255 1649 1915 1723">
     <span class='ocr_line' id='line_1_17' title="bbox 255 1649 1915 1723; baseline -0.004 -15"><span class='ocrx_word' id='word_1_113' title='bbox 255 1655 320 1708; x_wconf 84' lang='lat' dir='ltr'><strong>ta</strong></span> <span class='ocrx_word' id='word_1_114' title='bbox 351 1650 565 1723; x_wconf 85' lang='lat' dir='ltr'><strong>quippe</strong></span> <span class='ocrx_word' id='word_1_115' title='bbox 608 1650 689 1706; x_wconf 85' lang='lat' dir='ltr'><strong>ibi</strong></span> <span class='ocrx_word' id='word_1_116' title='bbox 736 1651 1012 1706; x_wconf 89' lang='lat' dir='ltr'><strong>umbrosa</strong></span> <span class='ocrx_word' id='word_1_117' title='bbox 1061 1655 1233 1721; x_wconf 89' lang='lat' dir='ltr'><strong>atque</strong></span> <span class='ocrx_word' id='word_1_118' title='bbox 1273 1649 1570 1706; x_wconf 90' lang='lat' dir='ltr'><strong>condensa</strong></span> <span class='ocrx_word' id='word_1_119' title='bbox 1597 1655 1759 1718; x_wconf 91' lang='lat' dir='ltr'><strong>sunt,</strong></span> <span class='ocrx_word' id='word_1_120' title='bbox 1787 1662 1915 1719; x_wconf 66' lang='lat' dir='ltr'><strong>quis</strong></span> 
     </span>
    </p>
   </div>
   <div class='ocr_carea' id='block_1_18' title="bbox 257 1726 1916 1804">
    <p class='ocr_par' dir='ltr' id='par_1_18' title="bbox 257 1726 1916 1804">
     <span class='ocr_line' id='line_1_18' title="bbox 257 1726 1916 1804; baseline -0.005 -15"><span class='ocrx_word' id='word_1_121' title='bbox 257 1740 517 1789; x_wconf 86' lang='lat' dir='ltr'><strong>mentem</strong></span> <span class='ocrx_word' id='word_1_122' title='bbox 570 1730 878 1804; x_wconf 63' lang='lat' dir='ltr'><strong>querentis</strong></span> <span class='ocrx_word' id='word_1_123' title='bbox 936 1734 1259 1787; x_wconf 78' lang='lat' dir='ltr'><strong>exerceant.</strong></span> <span class='ocrx_word' id='word_1_124' title='bbox 1306 1730 1449 1786; x_wconf 89' lang='lat' dir='ltr'><strong>Inde</strong></span> <span class='ocrx_word' id='word_1_125' title='bbox 1496 1735 1687 1785; x_wconf 85' lang='lat' dir='ltr'><strong>autem</strong></span> <span class='ocrx_word' id='word_1_126' title='bbox 1738 1726 1916 1796; x_wconf 88' lang='lat' dir='ltr'><strong>venit,</strong></span> 
     </span>
    </p>
   </div>
   <div class='ocr_carea' id='block_1_19' title="bbox 256 1811 1917 1887">
    <p class='ocr_par' dir='ltr' id='par_1_19' title="bbox 256 1811 1917 1887">
     <span class='ocr_line' id='line_1_19' title="bbox 256 1811 1917 1887; baseline -0.004 -16"><span class='ocrx_word' id='word_1_127' title='bbox 256 1830 398 1871; x_wconf 88' lang='lat' dir='ltr'><strong>cum</strong></span> <span class='ocrx_word' id='word_1_128' title='bbox 430 1812 512 1869; x_wconf 89' lang='lat' dir='ltr'><strong>ibi</strong></span> <span class='ocrx_word' id='word_1_129' title='bbox 541 1828 698 1880; x_wconf 89' lang='lat' dir='ltr'><strong>eum,</strong></span> <span class='ocrx_word' id='word_1_130' title='bbox 732 1812 831 1883; x_wconf 91' lang='lat' dir='ltr'><strong>qui</strong></span> <span class='ocrx_word' id='word_1_131' title='bbox 892 1812 1182 1887; x_wconf 84' lang='lat' dir='ltr'><strong>intelligit,</strong></span> <span class='ocrx_word' id='word_1_132' title='bbox 1216 1813 1455 1869; x_wconf 82' lang='lat' dir='ltr'><strong>invenit.</strong></span> <span class='ocrx_word' id='word_1_133' title='bbox 1498 1811 1726 1883; x_wconf 79' lang='lat' dir='ltr'><strong>Operuit</strong></span> <span class='ocrx_word' id='word_1_134' title='bbox 1757 1811 1917 1867; x_wconf 65' lang='lat' dir='ltr'><strong>caelos</strong></span> 
     </span>
    </p>
   </div>
   <div class='ocr_carea' id='block_1_20' title="bbox 260 1889 1915 1966">
    <p class='ocr_par' dir='ltr' id='par_1_20' title="bbox 260 1889 1915 1966">
     <span class='ocr_line' id='line_1_20' title="bbox 260 1889 1915 1966; baseline -0.002 -18"><span class='ocrx_word' id='word_1_135' title='bbox 260 1894 437 1950; x_wconf 86' lang='lat' dir='ltr'><strong>virtus</strong></span> <span class='ocrx_word' id='word_1_136' title='bbox 466 1892 604 1966; x_wconf 86' lang='lat' dir='ltr'><strong>ejus,</strong></span> <span class='ocrx_word' id='word_1_137' title='bbox 643 1897 695 1948; x_wconf 89' lang='lat' dir='ltr'><strong>et</strong></span> <span class='ocrx_word' id='word_1_138' title='bbox 741 1892 926 1948; x_wconf 88' lang='lat' dir='ltr'><strong>laudis</strong></span> <span class='ocrx_word' id='word_1_139' title='bbox 955 1892 1073 1965; x_wconf 89' lang='lat' dir='ltr'><strong>ejus</strong></span> <span class='ocrx_word' id='word_1_140' title='bbox 1102 1893 1274 1959; x_wconf 83' lang='lat' dir='ltr'><strong>plena</strong></span> <span class='ocrx_word' id='word_1_141' title='bbox 1323 1896 1400 1948; x_wconf 89' lang='lat' dir='ltr'><strong>est</strong></span> <span class='ocrx_word' id='word_1_142' title='bbox 1430 1900 1599 1957; x_wconf 90' lang='lat' dir='ltr'><strong>terra,</strong></span> <span class='ocrx_word' id='word_1_143' title='bbox 1632 1889 1772 1962; x_wconf 91' lang='lat' dir='ltr'><strong>quid</strong></span> <span class='ocrx_word' id='word_1_144' title='bbox 1803 1894 1915 1955; x_wconf 88' lang='lat' dir='ltr'><strong>est,</strong></span> 
     </span>
    </p>
   </div>
   <div class='ocr_carea' id='block_1_21' title="bbox 258 1972 1920 2047">
    <p class='ocr_par' dir='ltr' id='par_1_21' title="bbox 258 1972 1920 2047">
     <span class='ocr_line' id='line_1_21' title="bbox 258 1972 1920 2047; baseline -0.004 -16"><span class='ocrx_word' id='word_1_145' title='bbox 258 1974 380 2031; x_wconf 88' lang='lat' dir='ltr'><strong>nisi</strong></span> <span class='ocrx_word' id='word_1_146' title='bbox 411 1976 565 2047; x_wconf 88' lang='lat' dir='ltr'><strong>quod</strong></span> <span class='ocrx_word' id='word_1_147' title='bbox 607 1973 778 2030; x_wconf 87' lang='lat' dir='ltr'><strong>etiam</strong></span> <span class='ocrx_word' id='word_1_148' title='bbox 812 1973 871 2029; x_wconf 91' lang='lat' dir='ltr'><strong>in</strong></span> <span class='ocrx_word' id='word_1_149' title='bbox 921 1972 1146 2029; x_wconf 84' lang='lat' dir='ltr'><strong>Psalmo</strong></span> <span class='ocrx_word' id='word_1_150' title='bbox 1197 1973 1425 2041; x_wconf 91' lang='lat' dir='ltr'><strong>dicitur,</strong></span> <span class='ocrx_word' id='word_1_151' title='bbox 1461 1972 1721 2027; x_wconf 75' lang='lat' dir='ltr'><strong>Exaltare</strong></span> <span class='ocrx_word' id='word_1_152' title='bbox 1752 1986 1920 2041; x_wconf 90' lang='lat' dir='ltr'><strong>super</strong></span> 
     </span>
    </p>
   </div>
   <div class='ocr_carea' id='block_1_22' title="bbox 254 2048 1920 2123">
    <p class='ocr_par' dir='ltr' id='par_1_22' title="bbox 254 2048 1920 2123">
     <span class='ocr_line' id='line_1_22' title="bbox 254 2048 1920 2123; baseline -0.004 -12"><span class='ocrx_word' id='word_1_153' title='bbox 254 2056 478 2122; x_wconf 68' lang='lat' dir='ltr'><strong>catos’,</strong></span> <span class='ocrx_word' id='word_1_154' title='bbox 531 2056 687 2118; x_wconf 87' lang='lat' dir='ltr'><strong>Deus,</strong></span> <span class='ocrx_word' id='word_1_155' title='bbox 748 2063 801 2110; x_wconf 85' lang='lat' dir='ltr'><strong>et</strong></span> <span class='ocrx_word' id='word_1_156' title='bbox 836 2048 1024 2123; x_wconf 63' lang='lat' dir='ltr'><strong>&#39;super</strong></span> <span class='ocrx_word' id='word_1_157' title='bbox 1079 2068 1292 2109; x_wconf 87' lang='lat' dir='ltr'><strong>omnem</strong></span> <span class='ocrx_word' id='word_1_158' title='bbox 1342 2063 1551 2108; x_wconf 84' lang='lat' dir='ltr'><strong>terram</strong></span> <span class='ocrx_word' id='word_1_159' title='bbox 1609 2052 1791 2120; x_wconf 71' lang='lat' dir='ltr'><strong>gloria</strong></span> <span class='ocrx_word' id='word_1_160' title='bbox 1825 2054 1920 2105; x_wconf 89' lang='lat' dir='ltr'><strong>tua</strong></span> 
     </span>
    </p>
   </div>
   <div class='ocr_carea' id='block_1_23' title="bbox 254 2132 1919 2208">
    <p class='ocr_par' dir='ltr' id='par_1_23' title="bbox 254 2132 1919 2208">
     <span class='ocr_line' id='line_1_23' title="bbox 254 2132 1919 2208; baseline -0.005 -16"><span class='ocrx_word' id='word_1_161' title='bbox 254 2136 441 2208; x_wconf 87' lang='lat' dir='ltr'><strong>(Psal.</strong></span> <span class='ocrx_word' id='word_1_162' title='bbox 469 2152 579 2203; x_wconf 81' lang='lat' dir='ltr'><strong>LVI,</strong></span> <span class='ocrx_word' id='word_1_163' title='bbox 610 2136 713 2206; x_wconf 87' lang='lat'><strong>6)?</strong></span> <span class='ocrx_word' id='word_1_164' title='bbox 753 2133 1021 2204; x_wconf 82' lang='lat' dir='ltr'><strong>Splendor</strong></span> <span class='ocrx_word' id='word_1_165' title='bbox 1049 2135 1163 2199; x_wconf 80' lang='lat' dir='ltr'><strong>eius</strong></span> <span class='ocrx_word' id='word_1_166' title='bbox 1195 2142 1252 2187; x_wconf 92' lang='lat' dir='ltr'><strong>ut</strong></span> <span class='ocrx_word' id='word_1_167' title='bbox 1283 2134 1464 2187; x_wconf 87' lang='lat' dir='ltr'><strong>lumen</strong></span> <span class='ocrx_word' id='word_1_168' title='bbox 1493 2134 1621 2197; x_wconf 89' lang='lat' dir='ltr'><strong>erit,</strong></span> <span class='ocrx_word' id='word_1_169' title='bbox 1649 2132 1783 2201; x_wconf 88' lang='lat' dir='ltr'><strong>quid</strong></span> <span class='ocrx_word' id='word_1_170' title='bbox 1809 2136 1919 2195; x_wconf 80' lang='lat' dir='ltr'><strong>est,</strong></span> 
     </span>
    </p>
   </div>
   <div class='ocr_carea' id='block_1_24' title="bbox 253 2210 1922 2286">
    <p class='ocr_par' dir='ltr' id='par_1_24' title="bbox 253 2210 1922 2286">
     <span class='ocr_line' id='line_1_24' title="bbox 253 2210 1922 2286; baseline -0.007 -13"><span class='ocrx_word' id='word_1_171' title='bbox 253 2218 406 2283; x_wconf 87' lang='lat' dir='ltr'><strong>nisi,</strong></span> <span class='ocrx_word' id='word_1_172' title='bbox 438 2215 611 2270; x_wconf 83' lang='lat' dir='ltr'><strong>Fama</strong></span> <span class='ocrx_word' id='word_1_173' title='bbox 658 2216 786 2286; x_wconf 89' lang='lat' dir='ltr'><strong>ejus</strong></span> <span class='ocrx_word' id='word_1_174' title='bbox 820 2215 1120 2269; x_wconf 84' lang='lat' dir='ltr'><strong>credentes</strong></span> <span class='ocrx_word' id='word_1_175' title='bbox 1169 2212 1571 2267; x_wconf 81' lang='lat' dir='ltr'><strong>illuminabit?</strong></span> <span class='ocrx_word' id='word_1_176' title='bbox 1613 2210 1831 2267; x_wconf 85' lang='lat' dir='ltr'><strong>Cornua</strong></span> <span class='ocrx_word' id='word_1_177' title='bbox 1862 2214 1922 2264; x_wconf 83' lang='lat' dir='ltr'><strong>in</strong></span> 
     </span>
    </p>
   </div>
   <div class='ocr_carea' id='block_1_25' title="bbox 251 2289 1923 2366">
    <p class='ocr_par' dir='ltr' id='par_1_25' title="bbox 251 2289 1923 2366">
     <span class='ocr_line' id='line_1_25' title="bbox 251 2289 1923 2366; baseline -0.005 -15"><span class='ocrx_word' id='word_1_178' title='bbox 251 2295 526 2352; x_wconf 86' lang='lat' dir='ltr'><strong>manibus</strong></span> <span class='ocrx_word' id='word_1_179' title='bbox 555 2296 675 2366; x_wconf 89' lang='lat' dir='ltr'><strong>ejus</strong></span> <span class='ocrx_word' id='word_1_180' title='bbox 704 2298 852 2357; x_wconf 89' lang='lat' dir='ltr'><strong>sunt,</strong></span> <span class='ocrx_word' id='word_1_181' title='bbox 885 2293 1022 2362; x_wconf 88' lang='lat' dir='ltr'><strong>quid</strong></span> <span class='ocrx_word' id='word_1_182' title='bbox 1064 2299 1176 2359; x_wconf 92' lang='lat' dir='ltr'><strong>est,</strong></span> <span class='ocrx_word' id='word_1_183' title='bbox 1229 2292 1342 2347; x_wconf 90' lang='lat' dir='ltr'><strong>nisi</strong></span> <span class='ocrx_word' id='word_1_184' title='bbox 1372 2297 1651 2362; x_wconf 72' lang='lat' dir='ltr'><strong>tropaeum</strong></span> <span class='ocrx_word' id='word_1_185' title='bbox 1684 2290 1875 2345; x_wconf 90' lang='lat' dir='ltr'><strong>crucis</strong></span> <span class='ocrx_word' id='word_1_186' title='bbox 1895 2289 1923 2343; x_wconf 86' lang='lat'><strong>?</strong></span> 
     </span>
    </p>
   </div>
   <div class='ocr_carea' id='block_1_26' title="bbox 248 2370 1923 2447">
    <p class='ocr_par' dir='ltr' id='par_1_26' title="bbox 248 2370 1923 2447">
     <span class='ocr_line' id='line_1_26' title="bbox 248 2370 1923 2447; baseline -0.004 -15"><span class='ocrx_word' id='word_1_187' title='bbox 248 2378 335 2433; x_wconf 87' lang='lat' dir='ltr'><strong>Et</strong></span> <span class='ocrx_word' id='word_1_188' title='bbox 378 2376 567 2447; x_wconf 79' lang='lat' dir='ltr'><strong>posuit</strong></span> <span class='ocrx_word' id='word_1_189' title='bbox 612 2377 941 2430; x_wconf 79' lang='lat' dir='ltr'><strong>charitatem</strong></span> <span class='ocrx_word' id='word_1_190' title='bbox 986 2374 1213 2445; x_wconf 82' lang='lat' dir='ltr'><strong>ﬁrmam</strong></span> <span class='ocrx_word' id='word_1_191' title='bbox 1258 2370 1605 2442; x_wconf 81' lang='lat' dir='ltr'><strong>fortitudinis</strong></span> <span class='ocrx_word' id='word_1_192' title='bbox 1647 2385 1786 2437; x_wconf 58' lang='lat' dir='ltr'><strong>sum,</strong></span> <span class='ocrx_word' id='word_1_193' title='bbox 1818 2385 1923 2426; x_wconf 88' lang='lat' dir='ltr'><strong>nec</strong></span> 
     </span>
    </p>
   </div>
   <div class='ocr_carea' id='block_1_27' title="bbox 249 2451 1924 2528">
    <p class='ocr_par' dir='ltr' id='par_1_27' title="bbox 249 2451 1924 2528">
     <span class='ocr_line' id='line_1_27' title="bbox 249 2451 1924 2528; baseline -0.004 -16"><span class='ocrx_word' id='word_1_194' title='bbox 249 2456 682 2528; x_wconf 85' lang='lat' dir='ltr'><strong>exponendum</strong></span> <span class='ocrx_word' id='word_1_195' title='bbox 729 2460 836 2510; x_wconf 87' lang='lat' dir='ltr'><strong>est.</strong></span> <span class='ocrx_word' id='word_1_196' title='bbox 871 2456 1023 2509; x_wconf 80' lang='lat' dir='ltr'><strong>Ante</strong></span> <span class='ocrx_word' id='word_1_197' title='bbox 1050 2453 1258 2525; x_wconf 82' lang='lat' dir='ltr'><strong>faciem</strong></span> <span class='ocrx_word' id='word_1_198' title='bbox 1296 2453 1415 2523; x_wconf 84' lang='lat' dir='ltr'><strong>ejus</strong></span> <span class='ocrx_word' id='word_1_199' title='bbox 1458 2451 1563 2507; x_wconf 84' lang='lat' dir='ltr'><strong>ibit</strong></span> <span class='ocrx_word' id='word_1_200' title='bbox 1604 2451 1849 2517; x_wconf 83' lang='lat' dir='ltr'><strong>verbum,</strong></span> <span class='ocrx_word' id='word_1_201' title='bbox 1873 2458 1924 2505; x_wconf 91' lang='lat' dir='ltr'><strong>et</strong></span> 
     </span>
    </p>
   </div>
   <div class='ocr_carea' id='block_1_28' title="bbox 244 2530 1922 2610">
    <p class='ocr_par' dir='ltr' id='par_1_28' title="bbox 244 2530 1922 2610">
     <span class='ocr_line' id='line_1_28' title="bbox 244 2530 1922 2610; baseline -0.005 -17"><span class='ocrx_word' id='word_1_202' title='bbox 244 2536 479 2610; x_wconf 83' lang='lat' dir='ltr'><strong>prodiet</strong></span> <span class='ocrx_word' id='word_1_203' title='bbox 527 2538 587 2592; x_wconf 90' lang='lat' dir='ltr'><strong>in</strong></span> <span class='ocrx_word' id='word_1_204' title='bbox 634 2551 889 2608; x_wconf 86' lang='lat' dir='ltr'><strong>campum</strong></span> <span class='ocrx_word' id='word_1_205' title='bbox 937 2538 1060 2605; x_wconf 84' lang='lat' dir='ltr'><strong>post</strong></span> <span class='ocrx_word' id='word_1_206' title='bbox 1088 2534 1248 2605; x_wconf 82' lang='lat' dir='ltr'><strong>pedes</strong></span> <span class='ocrx_word' id='word_1_207' title='bbox 1294 2535 1429 2602; x_wconf 78' lang='lat' dir='ltr'><strong>eius,</strong></span> <span class='ocrx_word' id='word_1_208' title='bbox 1482 2532 1624 2603; x_wconf 91' lang='lat' dir='ltr'><strong>quid</strong></span> <span class='ocrx_word' id='word_1_209' title='bbox 1654 2538 1764 2599; x_wconf 90' lang='lat' dir='ltr'><strong>est,</strong></span> <span class='ocrx_word' id='word_1_210' title='bbox 1809 2530 1922 2586; x_wconf 91' lang='lat' dir='ltr'><strong>nisi</strong></span> 
     </span>
    </p>
   </div>
   <div class='ocr_carea' id='block_1_29' title="bbox 247 2612 1919 2691">
    <p class='ocr_par' dir='ltr' id='par_1_29' title="bbox 247 2612 1919 2691">
     <span class='ocr_line' id='line_1_29' title="bbox 247 2612 1919 2691; baseline -0.005 -19"><span class='ocrx_word' id='word_1_211' title='bbox 247 2617 423 2691; x_wconf 89' lang='lat' dir='ltr'><strong>quod</strong></span> <span class='ocrx_word' id='word_1_212' title='bbox 455 2620 512 2672; x_wconf 88' lang='lat' dir='ltr'><strong>et</strong></span> <span class='ocrx_word' id='word_1_213' title='bbox 541 2621 862 2687; x_wconf 87' lang='lat' dir='ltr'><strong>antequam</strong></span> <span class='ocrx_word' id='word_1_214' title='bbox 904 2614 1022 2671; x_wconf 91' lang='lat' dir='ltr'><strong>huc</strong></span> <span class='ocrx_word' id='word_1_215' title='bbox 1051 2615 1292 2683; x_wconf 87' lang='lat' dir='ltr'><strong>veniret,</strong></span> <span class='ocrx_word' id='word_1_216' title='bbox 1332 2612 1762 2684; x_wconf 66' lang='lat' dir='ltr'><strong>prmnuntiatus</strong></span> <span class='ocrx_word' id='word_1_217' title='bbox 1793 2614 1919 2691; x_wconf 61' lang='lat' dir='ltr'><strong>est,</strong></span> 
     </span>
    </p>
   </div>
   <div class='ocr_carea' id='block_1_30' title="bbox 247 2688 1924 2768">
    <p class='ocr_par' dir='ltr' id='par_1_30' title="bbox 247 2688 1924 2768">
     <span class='ocr_line' id='line_1_30' title="bbox 247 2688 1924 2768; baseline -0.006 -14"><span class='ocrx_word' id='word_1_218' title='bbox 247 2688 313 2754; x_wconf 72' lang='lat' dir='ltr'><strong>et</strong></span> <span class='ocrx_word' id='word_1_219' title='bbox 350 2700 733 2768; x_wconf 84' lang='lat' dir='ltr'><strong>posteaquam</strong></span> <span class='ocrx_word' id='word_1_220' title='bbox 764 2693 902 2750; x_wconf 88' lang='lat' dir='ltr'><strong>hinc</strong></span> <span class='ocrx_word' id='word_1_221' title='bbox 934 2710 1202 2750; x_wconf 88' lang='lat' dir='ltr'><strong>reversus</strong></span> <span class='ocrx_word' id='word_1_222' title='bbox 1231 2698 1340 2762; x_wconf 91' lang='lat' dir='ltr'><strong>est,</strong></span> <span class='ocrx_word' id='word_1_223' title='bbox 1383 2692 1768 2748; x_wconf 90' lang='lat' dir='ltr'><strong>annuntiatus</strong></span> <span class='ocrx_word' id='word_1_224' title='bbox 1796 2688 1924 2746; x_wconf 77' lang='lat' dir='ltr'><strong>est?</strong></span> 
     </span>
    </p>
   </div>
   <div class='ocr_carea' id='block_1_31' title="bbox 246 2770 1921 2846">
    <p class='ocr_par' dir='ltr' id='par_1_31' title="bbox 246 2770 1921 2846">
     <span class='ocr_line' id='line_1_31' title="bbox 246 2770 1921 2846; baseline -0.006 -11"><span class='ocrx_word' id='word_1_225' title='bbox 246 2778 445 2846; x_wconf 88' lang='lat' dir='ltr'><strong>Stetit,</strong></span> <span class='ocrx_word' id='word_1_226' title='bbox 475 2779 527 2832; x_wconf 85' lang='lat' dir='ltr'><strong>et</strong></span> <span class='ocrx_word' id='word_1_227' title='bbox 557 2778 708 2831; x_wconf 88' lang='lat' dir='ltr'><strong>terra</strong></span> <span class='ocrx_word' id='word_1_228' title='bbox 741 2785 1011 2831; x_wconf 87' lang='lat' dir='ltr'><strong>commota</strong></span> <span class='ocrx_word' id='word_1_229' title='bbox 1049 2777 1148 2841; x_wconf 90' lang='lat' dir='ltr'><strong>est,</strong></span> <span class='ocrx_word' id='word_1_230' title='bbox 1181 2773 1317 2844; x_wconf 90' lang='lat' dir='ltr'><strong>quid</strong></span> <span class='ocrx_word' id='word_1_231' title='bbox 1370 2776 1479 2839; x_wconf 87' lang='lat' dir='ltr'><strong>est,</strong></span> <span class='ocrx_word' id='word_1_232' title='bbox 1532 2770 1640 2826; x_wconf 86' lang='lat' dir='ltr'><strong>nisi</strong></span> <span class='ocrx_word' id='word_1_233' title='bbox 1670 2772 1820 2827; x_wconf 88' lang='lat' dir='ltr'><strong>stetit</strong></span> <span class='ocrx_word' id='word_1_234' title='bbox 1849 2771 1921 2826; x_wconf 89' lang='lat' dir='ltr'><strong>ad</strong></span> 
     </span>
    </p>
   </div>
   <div class='ocr_carea' id='block_1_32' title="bbox 247 2850 1924 2922">
    <p class='ocr_par' dir='ltr' id='par_1_32' title="bbox 247 2850 1924 2922">
     <span class='ocr_line' id='line_1_32' title="bbox 247 2850 1924 2922; baseline -0.005 -8"><span class='ocrx_word' id='word_1_235' title='bbox 247 2855 752 2922; x_wconf 83' lang='lat' dir='ltr'><strong>subveniendum;</strong></span> <span class='ocrx_word' id='word_1_236' title='bbox 777 2861 827 2910; x_wconf 88' lang='lat' dir='ltr'><strong>et</strong></span> <span class='ocrx_word' id='word_1_237' title='bbox 856 2863 1004 2910; x_wconf 89' lang='lat' dir='ltr'><strong>terra</strong></span> <span class='ocrx_word' id='word_1_238' title='bbox 1033 2861 1296 2910; x_wconf 89' lang='lat' dir='ltr'><strong>commota</strong></span> <span class='ocrx_word' id='word_1_239' title='bbox 1324 2857 1401 2909; x_wconf 90' lang='lat' dir='ltr'><strong>est</strong></span> <span class='ocrx_word' id='word_1_240' title='bbox 1430 2853 1500 2907; x_wconf 86' lang='lat' dir='ltr'><strong>ad</strong></span> <span class='ocrx_word' id='word_1_241' title='bbox 1524 2851 1875 2907; x_wconf 88' lang='lat' dir='ltr'><strong>credendum</strong></span> <span class='ocrx_word' id='word_1_242' title='bbox 1897 2850 1924 2905; x_wconf 80' lang='lat' dir='ltr'><strong>‘I</strong></span> 
     </span>
    </p>
   </div>
   <div class='ocr_carea' id='block_1_33' title="bbox 254 2931 1920 3008">
    <p class='ocr_par' dir='ltr' id='par_1_33' title="bbox 254 2931 1920 3008">
     <span class='ocr_line' id='line_1_33' title="bbox 254 2931 1920 3008; baseline -0.005 -14"><span class='ocrx_word' id='word_1_243' title='bbox 254 2938 525 3008; x_wconf 72' lang='lat' dir='ltr'><strong>Respexit</strong></span> <span class='ocrx_word' id='word_1_244' title='bbox 551 2941 601 2992; x_wconf 87' lang='lat' dir='ltr'><strong>et</strong></span> <span class='ocrx_word' id='word_1_245' title='bbox 628 2936 929 2991; x_wconf 86' lang='lat' dir='ltr'><strong>tabuerunt</strong></span> <span class='ocrx_word' id='word_1_246' title='bbox 971 2941 1188 3008; x_wconf 84' lang='lat' dir='ltr'><strong>gentes:</strong></span> <span class='ocrx_word' id='word_1_247' title='bbox 1218 2933 1329 2989; x_wconf 89' lang='lat' dir='ltr'><strong>hoc</strong></span> <span class='ocrx_word' id='word_1_248' title='bbox 1364 2939 1471 3000; x_wconf 90' lang='lat' dir='ltr'><strong>est,</strong></span> <span class='ocrx_word' id='word_1_249' title='bbox 1505 2931 1781 2988; x_wconf 86' lang='lat' dir='ltr'><strong>misertus</strong></span> <span class='ocrx_word' id='word_1_250' title='bbox 1814 2933 1920 2998; x_wconf 89' lang='lat' dir='ltr'><strong>est,</strong></span> 
     </span>
    </p>
   </div>
   <div class='ocr_carea' id='block_1_34' title="bbox 248 3010 1922 3088">
    <p class='ocr_par' dir='ltr' id='par_1_34' title="bbox 248 3010 1922 3088">
     <span class='ocr_line' id='line_1_34' title="bbox 248 3010 1922 3088; baseline -0.007 -13"><span class='ocrx_word' id='word_1_251' title='bbox 248 3023 314 3075; x_wconf 86' lang='lat' dir='ltr'><strong>et</strong></span> <span class='ocrx_word' id='word_1_252' title='bbox 365 3018 505 3074; x_wconf 81' lang='lat' dir='ltr'><strong>fecit</strong></span> <span class='ocrx_word' id='word_1_253' title='bbox 554 3015 797 3088; x_wconf 91' lang='lat' dir='ltr'><strong>populos</strong></span> <span class='ocrx_word' id='word_1_254' title='bbox 839 3017 1207 3087; x_wconf 74' lang='lat' dir='ltr'><strong>pmnitentes.</strong></span> <span class='ocrx_word' id='word_1_255' title='bbox 1262 3010 1508 3070; x_wconf 84' lang='lat' dir='ltr'><strong>Contriti</strong></span> <span class='ocrx_word' id='word_1_256' title='bbox 1556 3013 1683 3065; x_wconf 85' lang='lat' dir='ltr'><strong>sunt</strong></span> <span class='ocrx_word' id='word_1_257' title='bbox 1712 3018 1922 3066; x_wconf 82' lang='lat' dir='ltr'><strong>montes</strong></span> 
     </span>
    </p>
   </div>
   <div class='ocr_carea' id='block_1_35' title="bbox 248 3088 1921 3162">
    <p class='ocr_par' dir='ltr' id='par_1_35' title="bbox 248 3088 1921 3162">
     <span class='ocr_line' id='line_1_35' title="bbox 248 3088 1921 3162; baseline -0.007 -8"><span class='ocrx_word' id='word_1_258' title='bbox 248 3098 532 3154; x_wconf 79' lang='lat' dir='ltr'><strong>violentia</strong></span> <span class='ocrx_word' id='word_1_259' title='bbox 556 3115 574 3151; x_wconf 94' lang='lat'><strong>:</strong></span> <span class='ocrx_word' id='word_1_260' title='bbox 607 3096 715 3151; x_wconf 88' lang='lat' dir='ltr'><strong>hoc</strong></span> <span class='ocrx_word' id='word_1_261' title='bbox 744 3099 853 3162; x_wconf 87' lang='lat' dir='ltr'><strong>est,</strong></span> <span class='ocrx_word' id='word_1_262' title='bbox 902 3096 1018 3150; x_wconf 88' lang='lat' dir='ltr'><strong>vim</strong></span> <span class='ocrx_word' id='word_1_263' title='bbox 1071 3093 1418 3149; x_wconf 87' lang='lat' dir='ltr'><strong>facientibus</strong></span> <span class='ocrx_word' id='word_1_264' title='bbox 1462 3088 1776 3152; x_wconf 87' lang='lat' dir='ltr'><strong>miraculis,</strong></span> <span class='ocrx_word' id='word_1_265' title='bbox 1806 3089 1921 3144; x_wconf 84' lang='lat' dir='ltr'><strong>ela-</strong></span> 
     </span>
    </p>
   </div>
   <div class='ocr_carea' id='block_1_36' title="bbox 248 3169 1923 3245">
    <p class='ocr_par' dir='ltr' id='par_1_36' title="bbox 248 3169 1923 3245">
     <span class='ocr_line' id='line_1_36' title="bbox 248 3169 1923 3245; baseline -0.006 -11"><span class='ocrx_word' id='word_1_266' title='bbox 248 3182 463 3234; x_wconf 90' lang='lat' dir='ltr'><strong>torum</strong></span> <span class='ocrx_word' id='word_1_267' title='bbox 522 3174 771 3231; x_wconf 88' lang='lat' dir='ltr'><strong>contrita</strong></span> <span class='ocrx_word' id='word_1_268' title='bbox 819 3182 901 3230; x_wconf 89' lang='lat' dir='ltr'><strong>est</strong></span> <span class='ocrx_word' id='word_1_269' title='bbox 974 3171 1268 3245; x_wconf 83' lang='lat' dir='ltr'><strong>superbia.</strong></span> <span class='ocrx_word' id='word_1_270' title='bbox 1330 3172 1689 3243; x_wconf 70' lang='lat' dir='ltr'><strong>Deﬂuwerunt</strong></span> <span class='ocrx_word' id='word_1_271' title='bbox 1757 3169 1923 3225; x_wconf 89' lang='lat' dir='ltr'><strong>colles</strong></span> 
     </span>
    </p>
   </div>
   <div class='ocr_carea' id='block_1_37' title="bbox 245 3250 1925 3325">
    <p class='ocr_par' dir='ltr' id='par_1_37' title="bbox 245 3250 1925 3325">
     <span class='ocr_line' id='line_1_37' title="bbox 245 3250 1925 3325; baseline -0.008 -7"><span class='ocrx_word' id='word_1_272' title='bbox 245 3258 598 3318; x_wconf 63' lang='lat' dir='ltr'><strong>eternales:</strong></span> <span class='ocrx_word' id='word_1_273' title='bbox 629 3256 737 3312; x_wconf 89' lang='lat' dir='ltr'><strong>hoc</strong></span> <span class='ocrx_word' id='word_1_274' title='bbox 783 3260 893 3325; x_wconf 87' lang='lat' dir='ltr'><strong>est,</strong></span> <span class='ocrx_word' id='word_1_275' title='bbox 941 3252 1233 3310; x_wconf 85' lang='lat' dir='ltr'><strong>bumiliati</strong></span> <span class='ocrx_word' id='word_1_276' title='bbox 1284 3258 1424 3308; x_wconf 90' lang='lat' dir='ltr'><strong>sunt</strong></span> <span class='ocrx_word' id='word_1_277' title='bbox 1453 3250 1527 3307; x_wconf 87' lang='lat' dir='ltr'><strong>ad</strong></span> <span class='ocrx_word' id='word_1_278' title='bbox 1570 3256 1823 3322; x_wconf 87' lang='lat' dir='ltr'><strong>tempus,</strong></span> <span class='ocrx_word' id='word_1_279' title='bbox 1862 3254 1925 3305; x_wconf 92' lang='lat' dir='ltr'><strong>ut</strong></span> 
     </span>
    </p>
   </div>
   <div class='ocr_carea' id='block_1_38' title="bbox 248 3332 1924 3412">
    <p class='ocr_par' dir='ltr' id='par_1_38' title="bbox 248 3332 1924 3412">
     <span class='ocr_line' id='line_1_38' title="bbox 248 3332 1924 3412; baseline -0.007 -16"><span class='ocrx_word' id='word_1_280' title='bbox 248 3341 632 3412; x_wconf 84' lang='lat' dir='ltr'><strong>erigerentur</strong></span> <span class='ocrx_word' id='word_1_281' title='bbox 658 3336 717 3391; x_wconf 91' lang='lat' dir='ltr'><strong>in</strong></span> <span class='ocrx_word' id='word_1_282' title='bbox 748 3340 1047 3392; x_wconf 70' lang='lat' dir='ltr'><strong>aeternum.</strong></span> <span class='ocrx_word' id='word_1_283' title='bbox 1099 3337 1383 3403; x_wconf 85' lang='lat' dir='ltr'><strong>Ingressus</strong></span> <span class='ocrx_word' id='word_1_284' title='bbox 1411 3336 1647 3412; x_wconf 70' lang='lat' dir='ltr'><strong>aeternos</strong></span> <span class='ocrx_word' id='word_1_285' title='bbox 1680 3332 1796 3401; x_wconf 84' lang='lat' dir='ltr'><strong>ejus</strong></span> <span class='ocrx_word' id='word_1_286' title='bbox 1824 3346 1924 3400; x_wconf 83' lang='lat' dir='ltr'><strong>pro</strong></span> 
     </span>
    </p>
   </div>
   <div class='ocr_carea' id='block_1_39' title="bbox 247 3411 1923 3480">
    <p class='ocr_par' dir='ltr' id='par_1_39' title="bbox 247 3411 1923 3480">
     <span class='ocr_line' id='line_1_39' title="bbox 247 3411 1923 3480; baseline -0.01 -3"><span class='ocrx_word' id='word_1_287' title='bbox 247 3411 552 3477; x_wconf 78' lang='lat' dir='ltr'><strong>laboribus</strong></span> <span class='ocrx_word' id='word_1_288' title='bbox 578 3417 687 3472; x_wconf 86' lang='lat' dir='ltr'><strong>vidi</strong></span> <span class='ocrx_word' id='word_1_289' title='bbox 710 3434 729 3471; x_wconf 89' lang='lat'><strong>:</strong></span> <span class='ocrx_word' id='word_1_290' title='bbox 760 3415 868 3472; x_wconf 88' lang='lat' dir='ltr'><strong>hoc</strong></span> <span class='ocrx_word' id='word_1_291' title='bbox 898 3419 997 3480; x_wconf 87' lang='lat' dir='ltr'><strong>est,</strong></span> <span class='ocrx_word' id='word_1_292' title='bbox 1030 3431 1144 3470; x_wconf 91' lang='lat' dir='ltr'><strong>non</strong></span> <span class='ocrx_word' id='word_1_293' title='bbox 1179 3414 1305 3469; x_wconf 85' lang='lat' dir='ltr'><strong>sine</strong></span> <span class='ocrx_word' id='word_1_294' title='bbox 1345 3411 1610 3467; x_wconf 89' lang='lat' dir='ltr'><strong>mercede</strong></span> <span class='ocrx_word' id='word_1_295' title='bbox 1639 3412 1923 3463; x_wconf 64' lang='lat' dir='ltr'><strong>aeternita-</strong></span> 
     </span>
    </p>
   </div>
   <div class='ocr_carea' id='block_1_40' title="bbox 245 3489 1924 3566">
    <p class='ocr_par' dir='ltr' id='par_1_40' title="bbox 245 3489 1924 3566">
     <span class='ocr_line' id='line_1_40' title="bbox 245 3489 1924 3566; baseline -0.011 -7"><span class='ocrx_word' id='word_1_296' title='bbox 245 3502 334 3559; x_wconf 85' lang='lat' dir='ltr'><strong>tis</strong></span> <span class='ocrx_word' id='word_1_297' title='bbox 372 3500 640 3557; x_wconf 86' lang='lat' dir='ltr'><strong>laborem</strong></span> <span class='ocrx_word' id='word_1_298' title='bbox 695 3496 998 3553; x_wconf 88' lang='lat' dir='ltr'><strong>cbaritatis</strong></span> <span class='ocrx_word' id='word_1_299' title='bbox 1028 3494 1243 3566; x_wconf 79' lang='lat' dir='ltr'><strong>aspexi.</strong></span> <span class='ocrx_word' id='word_1_300' title='bbox 1306 3491 1676 3546; x_wconf 83' lang='lat' dir='ltr'><strong>Tabernacula</strong></span> <span class='ocrx_word' id='word_1_301' title='bbox 1716 3489 1924 3544; x_wconf 60' lang='lat' dir='ltr'><strong>Ethio-</strong></span> 
     </span>
    </p>
   </div>
   <div class='ocr_carea' id='block_1_41' title="bbox 243 3567 1926 3656">
    <p class='ocr_par' dir='ltr' id='par_1_41' title="bbox 243 3567 1926 3656">
     <span class='ocr_line' id='line_1_41' title="bbox 243 3567 1926 3656; baseline -0.008 -19"><span class='ocrx_word' id='word_1_302' title='bbox 243 3598 395 3656; x_wconf 82' lang='lat' dir='ltr'><strong>pum</strong></span> <span class='ocrx_word' id='word_1_303' title='bbox 425 3582 801 3651; x_wconf 71' lang='lat' dir='ltr'><strong>expavescent,</strong></span> <span class='ocrx_word' id='word_1_304' title='bbox 833 3586 884 3633; x_wconf 90' lang='lat' dir='ltr'><strong>et</strong></span> <span class='ocrx_word' id='word_1_305' title='bbox 931 3573 1290 3632; x_wconf 86' lang='lat' dir='ltr'><strong>tabernacula</strong></span> <span class='ocrx_word' id='word_1_306' title='bbox 1339 3581 1503 3656; x_wconf 52' lang='lat' dir='ltr'><strong>terrm</strong></span> <span class='ocrx_word' id='word_1_307' title='bbox 1532 3567 1926 3656; x_wconf 70' lang='lat' dir='ltr'><strong>Matlian_:__hoc</strong></span> 
     </span>
    </p>
   </div>
   <div class='ocr_carea' id='block_1_42' title="bbox 245 3646 1925 3734">
    <p class='ocr_par' dir='ltr' id='par_1_42' title="bbox 245 3646 1925 3734">
     <span class='ocr_line' id='line_1_42' title="bbox 245 3646 1925 3734; baseline -0.011 -14"><span class='ocrx_word' id='word_1_308' title='bbox 245 3646 372 3731; x_wconf 75' lang='lat' dir='ltr'><strong>est,</strong></span> <span class='ocrx_word' id='word_1_309' title='bbox 407 3646 615 3734; x_wconf 80' lang='lat' dir='ltr'><strong>gentes</strong></span> <span class='ocrx_word' id='word_1_310' title='bbox 646 3658 913 3729; x_wconf 72' lang='lat' dir='ltr'><strong>repente8</strong></span> <span class='ocrx_word' id='word_1_311' title='bbox 960 3656 1275 3729; x_wconf 64' lang='lat' dir='ltr'><strong>perterrita</strong></span> <span class='ocrx_word' id='word_1_312' title='bbox 1327 3652 1530 3734; x_wconf 79' lang='lat' dir='ltr'><strong>nuntio</strong></span> <span class='ocrx_word' id='word_1_313' title='bbox 1564 3646 1925 3734; x_wconf 52' lang='lat' dir='ltr'><strong>mipabilium</strong></span> 
     </span>
    </p>
   </div>
   <div class='ocr_carea' id='block_1_43' title="bbox 247 3730 1926 3809">
    <p class='ocr_par' dir='ltr' id='par_1_43' title="bbox 247 3730 1926 3809">
     <span class='ocr_line' id='line_1_43' title="bbox 247 3730 1926 3809; baseline -0.01 -10"><span class='ocrx_word' id='word_1_314' title='bbox 247 3730 532 3807; x_wconf 73' lang='lat' dir='ltr'><strong>tuorum,</strong></span> <span class='ocrx_word' id='word_1_315' title='bbox 588 3738 764 3794; x_wconf 86' lang='lat' dir='ltr'><strong>etiam</strong></span> <span class='ocrx_word' id='word_1_316' title='bbox 826 3753 953 3809; x_wconf 71' lang='lat' dir='ltr'><strong>quis</strong></span> <span class='ocrx_word' id='word_1_317' title='bbox 1011 3752 1127 3791; x_wconf 89' lang='lat' dir='ltr'><strong>non</strong></span> <span class='ocrx_word' id='word_1_318' title='bbox 1186 3737 1325 3790; x_wconf 79' lang='lat' dir='ltr'><strong>sunt</strong></span> <span class='ocrx_word' id='word_1_319' title='bbox 1372 3731 1432 3786; x_wconf 91' lang='lat' dir='ltr'><strong>in</strong></span> <span class='ocrx_word' id='word_1_320' title='bbox 1479 3731 1610 3802; x_wconf 87' lang='lat' dir='ltr'><strong>jure</strong></span> <span class='ocrx_word' id='word_1_321' title='bbox 1644 3730 1926 3809; x_wconf 79' lang='lat' dir='ltr'><strong>Romano,</strong></span> 
     </span>
    </p>
   </div>
   <div class='ocr_carea' id='block_1_44' title="bbox 244 3807 1929 3890">
    <p class='ocr_par' dir='ltr' id='par_1_44' title="bbox 244 3807 1929 3890">
     <span class='ocr_line' id='line_1_44' title="bbox 244 3807 1929 3890; baseline -0.011 -10"><span class='ocrx_word' id='word_1_322' title='bbox 244 3826 444 3880; x_wconf 87' lang='lat' dir='ltr'><strong>erunt</strong></span> <span class='ocrx_word' id='word_1_323' title='bbox 474 3819 534 3875; x_wconf 92' lang='lat' dir='ltr'><strong>in</strong></span> <span class='ocrx_word' id='word_1_324' title='bbox 568 3817 778 3890; x_wconf 89' lang='lat' dir='ltr'><strong>populo</strong></span> <span class='ocrx_word' id='word_1_325' title='bbox 810 3807 1147 3874; x_wconf 70' lang='lat' dir='ltr'><strong>christiano.</strong></span> <span class='ocrx_word' id='word_1_326' title='bbox 1194 3811 1468 3883; x_wconf 81' lang='lat' dir='ltr'><strong>Numquid</strong></span> <span class='ocrx_word' id='word_1_327' title='bbox 1515 3809 1577 3865; x_wconf 85' lang='lat' dir='ltr'><strong>iu</strong></span> <span class='ocrx_word' id='word_1_328' title='bbox 1604 3807 1929 3878; x_wconf 87' lang='lat' dir='ltr'><strong>ﬂuminibus</strong></span> 
     </span>
    </p>
   </div>
   <div class='ocr_carea' id='block_1_45' title="bbox 246 3891 1929 3967">
    <p class='ocr_par' dir='ltr' id='par_1_45' title="bbox 246 3891 1929 3967">
     <span class='ocr_line' id='line_1_45' title="bbox 246 3891 1929 3967; baseline -0.01 -8"><span class='ocrx_word' id='word_1_329' title='bbox 246 3902 454 3959; x_wconf 85' lang='lat' dir='ltr'><strong>iratus</strong></span> <span class='ocrx_word' id='word_1_330' title='bbox 484 3914 562 3967; x_wconf 82' lang='lat' dir='ltr'><strong>es,</strong></span> <span class='ocrx_word' id='word_1_331' title='bbox 595 3900 849 3965; x_wconf 82' lang='lat' dir='ltr'><strong>Domine,</strong></span> <span class='ocrx_word' id='word_1_332' title='bbox 881 3901 977 3952; x_wconf 90' lang='lat' dir='ltr'><strong>aut</strong></span> <span class='ocrx_word' id='word_1_333' title='bbox 1022 3896 1080 3950; x_wconf 87' lang='lat' dir='ltr'><strong>in</strong></span> <span class='ocrx_word' id='word_1_334' title='bbox 1109 3891 1434 3965; x_wconf 85' lang='lat' dir='ltr'><strong>ﬂuminibus</strong></span> <span class='ocrx_word' id='word_1_335' title='bbox 1475 3892 1636 3960; x_wconf 83' lang='lat' dir='ltr'><strong>furor</strong></span> <span class='ocrx_word' id='word_1_336' title='bbox 1663 3897 1811 3956; x_wconf 88' lang='lat' dir='ltr'><strong>tuus,</strong></span> <span class='ocrx_word' id='word_1_337' title='bbox 1847 3893 1929 3947; x_wconf 88' lang='lat' dir='ltr'><strong>vel</strong></span> 
     </span>
    </p>
   </div>
   <div class='ocr_carea' id='block_1_46' title="bbox 242 3967 1930 4049">
    <p class='ocr_par' dir='ltr' id='par_1_46' title="bbox 242 3967 1930 4049">
     <span class='ocr_line' id='line_1_46' title="bbox 242 3967 1930 4049; baseline -0.009 -12"><span class='ocrx_word' id='word_1_338' title='bbox 242 3983 312 4040; x_wconf 80' lang='lat' dir='ltr'><strong>in</strong></span> <span class='ocrx_word' id='word_1_339' title='bbox 348 3979 510 4036; x_wconf 82' lang='lat' dir='ltr'><strong>mari</strong></span> <span class='ocrx_word' id='word_1_340' title='bbox 539 3980 771 4049; x_wconf 86' lang='lat' dir='ltr'><strong>impetus</strong></span> <span class='ocrx_word' id='word_1_341' title='bbox 801 3975 973 4032; x_wconf 83' lang='lat' dir='ltr'><strong>tuus?</strong></span> <span class='ocrx_word' id='word_1_342' title='bbox 1014 3975 1132 4031; x_wconf 87' lang='lat' dir='ltr'><strong>Hoc</strong></span> <span class='ocrx_word' id='word_1_343' title='bbox 1181 3973 1309 4028; x_wconf 90' lang='lat' dir='ltr'><strong>ideo</strong></span> <span class='ocrx_word' id='word_1_344' title='bbox 1352 3972 1574 4026; x_wconf 86' lang='lat' dir='ltr'><strong>dictum</strong></span> <span class='ocrx_word' id='word_1_345' title='bbox 1604 3972 1741 4049; x_wconf 77' lang='lat' dir='ltr'><strong>est,</strong></span> <span class='ocrx_word' id='word_1_346' title='bbox 1792 3967 1930 4049; x_wconf 82' lang='lat' dir='ltr'><strong>quia</strong></span> 
     </span>
    </p>
   </div>
   <div class='ocr_carea' id='block_1_47' title="bbox 246 4045 1928 4127">
    <p class='ocr_par' dir='ltr' id='par_1_47' title="bbox 246 4045 1928 4127">
     <span class='ocr_line' id='line_1_47' title="bbox 246 4045 1928 4127; baseline -0.009 -10"><span class='ocrx_word' id='word_1_347' title='bbox 246 4077 382 4119; x_wconf 88' lang='lat' dir='ltr'><strong>non</strong></span> <span class='ocrx_word' id='word_1_348' title='bbox 416 4058 581 4115; x_wconf 87' lang='lat' dir='ltr'><strong>venit</strong></span> <span class='ocrx_word' id='word_1_349' title='bbox 609 4045 764 4112; x_wconf 82' lang='lat' dir='ltr'><strong>nunc</strong></span> <span class='ocrx_word' id='word_1_350' title='bbox 798 4061 862 4112; x_wconf 88' lang='lat' dir='ltr'><strong>ut</strong></span> <span class='ocrx_word' id='word_1_351' title='bbox 895 4054 1120 4127; x_wconf 86' lang='lat' dir='ltr'><strong>judicet</strong></span> <span class='ocrx_word' id='word_1_352' title='bbox 1165 4052 1472 4116; x_wconf 90' lang='lat' dir='ltr'><strong>mundum,</strong></span> <span class='ocrx_word' id='word_1_353' title='bbox 1519 4048 1619 4104; x_wconf 90' lang='lat' dir='ltr'><strong>sed</strong></span> <span class='ocrx_word' id='word_1_354' title='bbox 1652 4051 1716 4102; x_wconf 89' lang='lat' dir='ltr'><strong>ut</strong></span> <span class='ocrx_word' id='word_1_355' title='bbox 1746 4045 1928 4127; x_wconf 86' lang='lat' dir='ltr'><strong>salve-</strong></span> 
     </span>
    </p>
   </div>
   <div class='ocr_carea' id='block_1_48' title="bbox 246 4126 1930 4211">
    <p class='ocr_par' dir='ltr' id='par_1_48' title="bbox 246 4126 1930 4211">
     <span class='ocr_line' id='line_1_48' title="bbox 246 4126 1930 4211; baseline -0.011 -11"><span class='ocrx_word' id='word_1_356' title='bbox 246 4146 355 4200; x_wconf 85' lang='lat' dir='ltr'><strong>tur</strong></span> <span class='ocrx_word' id='word_1_357' title='bbox 392 4139 662 4198; x_wconf 86' lang='lat' dir='ltr'><strong>mundus</strong></span> <span class='ocrx_word' id='word_1_358' title='bbox 693 4155 795 4211; x_wconf 89' lang='lat' dir='ltr'><strong>per</strong></span> <span class='ocrx_word' id='word_1_359' title='bbox 824 4126 1015 4209; x_wconf 78' lang='lat' dir='ltr'><strong>ipsum</strong></span> <span class='ocrx_word' id='word_1_360' title='bbox 1046 4136 1226 4208; x_wconf 84' lang='lat' dir='ltr'><strong>(Joan.</strong></span> <span class='ocrx_word' id='word_1_361' title='bbox 1259 4149 1341 4198; x_wconf 85' lang='grc' dir='ltr'><strong>ιιι,</strong></span> <span class='ocrx_word' id='word_1_362' title='bbox 1367 4131 1477 4199; x_wconf 92' lang='grc'><strong>17).</strong></span> <span class='ocrx_word' id='word_1_363' title='bbox 1503 4126 1930 4211; x_wconf 75' lang='lat' dir='ltr'><strong>Quiaascendes</strong></span> 
     </span>
    </p>
   </div>
   <div class='ocr_carea' id='block_1_49' title="bbox 244 4208 1928 4296">
    <p class='ocr_par' dir='ltr' id='par_1_49' title="bbox 244 4208 1928 4296">
     <span class='ocr_line' id='line_1_49' title="bbox 244 4208 1928 4296; baseline -0.011 -16"><span class='ocrx_word' id='word_1_364' title='bbox 244 4238 435 4296; x_wconf 82' lang='lat' dir='ltr'><strong>super</strong></span> <span class='ocrx_word' id='word_1_365' title='bbox 493 4235 656 4294; x_wconf 85' lang='lat' dir='ltr'><strong>equos</strong></span> <span class='ocrx_word' id='word_1_366' title='bbox 684 4208 922 4287; x_wconf 17' lang='lat' dir='ltr'><strong>tuos;iet</strong></span> <span class='ocrx_word' id='word_1_367' title='bbox 976 4216 1239 4287; x_wconf 86' lang='lat' dir='ltr'><strong>equitatio</strong></span> <span class='ocrx_word' id='word_1_368' title='bbox 1293 4212 1634 4296; x_wconf 78' lang='lat' dir='ltr'><strong>tua__salus:</strong></span> <span class='ocrx_word' id='word_1_369' title='bbox 1666 4208 1773 4264; x_wconf 89' lang='lat' dir='ltr'><strong>hoc</strong></span> <span class='ocrx_word' id='word_1_370' title='bbox 1821 4211 1928 4296; x_wconf 87' lang='lat' dir='ltr'><strong>est,</strong></span> 
     </span>
    </p>
   </div>
   <div class='ocr_carea' id='block_1_50' title="bbox 249 4292 1928 4376">
    <p class='ocr_par' dir='ltr' id='par_1_50' title="bbox 249 4292 1928 4376">
     <span class='ocr_line' id='line_1_50' title="bbox 249 4292 1928 4376; baseline -0.01 -14"><span class='ocrx_word' id='word_1_371' title='bbox 249 4292 654 4376; x_wconf 69' lang='lat' dir='ltr'><strong>Evangelistae</strong></span> <span class='ocrx_word' id='word_1_372' title='bbox 702 4301 789 4356; x_wconf 89' lang='lat' dir='ltr'><strong>tui</strong></span> <span class='ocrx_word' id='word_1_373' title='bbox 843 4300 1161 4371; x_wconf 86' lang='lat' dir='ltr'><strong>portabunt</strong></span> <span class='ocrx_word' id='word_1_374' title='bbox 1199 4300 1275 4365; x_wconf 89' lang='lat' dir='ltr'><strong>te,</strong></span> <span class='ocrx_word' id='word_1_375' title='bbox 1304 4292 1441 4365; x_wconf 76' lang='lat' dir='ltr'><strong>qui‘</strong></span> <span class='ocrx_word' id='word_1_376' title='bbox 1472 4296 1746 4363; x_wconf 78' lang='lat' dir='ltr'><strong>reguntur</strong></span> <span class='ocrx_word' id='word_1_377' title='bbox 1776 4308 1810 4346; x_wconf 88' lang='lat' dir='ltr'><strong>a</strong></span> <span class='ocrx_word' id='word_1_378' title='bbox 1843 4293 1928 4355; x_wconf 83' lang='lat' dir='ltr'><strong>te;</strong></span> 
     </span>
    </p>
   </div>
   <div class='ocr_carea' id='block_1_51' title="bbox 325 4504 1936 4568">
    <p class='ocr_par' dir='ltr' id='par_1_51' title="bbox 325 4504 1936 4568">
     <span class='ocr_line' id='line_1_51' title="bbox 325 4504 1936 4568; baseline -0.005 -6"><span class='ocrx_word' id='word_1_379' title='bbox 325 4518 343 4550; x_wconf 76' lang='grc' dir='ltr'><strong>ι</strong></span> <span class='ocrx_word' id='word_1_380' title='bbox 398 4514 490 4562; x_wconf 83' lang='lat' dir='ltr'><strong>Ita</strong></span> <span class='ocrx_word' id='word_1_381' title='bbox 534 4512 591 4560; x_wconf 87' lang='lat' dir='ltr'><strong>in</strong></span> <span class='ocrx_word' id='word_1_382' title='bbox 633 4510 755 4559; x_wconf 85' lang='lat' dir='ltr'><strong>Mss.</strong></span> <span class='ocrx_word' id='word_1_383' title='bbox 807 4510 873 4558; x_wconf 82' lang='lat' dir='ltr'><strong>At</strong></span> <span class='ocrx_word' id='word_1_384' title='bbox 916 4508 973 4557; x_wconf 86' lang='lat' dir='ltr'><strong>in</strong></span> <span class='ocrx_word' id='word_1_385' title='bbox 1020 4506 1230 4558; x_wconf 83' lang='lat' dir='ltr'><strong>excusis</strong></span> <span class='ocrx_word' id='word_1_386' title='bbox 1269 4508 1406 4568; x_wconf 88' lang='lat' dir='ltr'><strong>post,</strong></span> <span class='ocrx_word' id='word_1_387' title='bbox 1452 4504 1936 4568; x_wconf 36' lang='lat' dir='ltr'><strong>ostenderisthaec</strong></span> 
     </span>
    </p>
   </div>
   <div class='ocr_carea' id='block_1_52' title="bbox 244 4567 1932 4638">
    <p class='ocr_par' dir='ltr' id='par_1_52' title="bbox 244 4567 1932 4638">
     <span class='ocr_line' id='line_1_52' title="bbox 244 4567 1932 4638; baseline -0.007 -12"><span class='ocrx_word' id='word_1_388' title='bbox 244 4577 531 4638; x_wconf 75' lang='lat' dir='ltr'><strong>leguntur</strong></span> <span class='ocrx_word' id='word_1_389' title='bbox 560 4585 574 4622; x_wconf 86' lang='lat'><strong>:</strong></span> <span class='ocrx_word' id='word_1_390' title='bbox 603 4574 721 4623; x_wconf 84' lang='lat' dir='ltr'><strong>Hoc</strong></span> <span class='ocrx_word' id='word_1_391' title='bbox 754 4572 888 4635; x_wconf 84' lang='lat' dir='ltr'><strong>quia</strong></span> <span class='ocrx_word' id='word_1_392' title='bbox 917 4586 1015 4633; x_wconf 83' lang='lat' dir='ltr'><strong>per</strong></span> <span class='ocrx_word' id='word_1_393' title='bbox 1056 4585 1111 4619; x_wconf 85' lang='lat' dir='ltr'><strong>se</strong></span> <span class='ocrx_word' id='word_1_394' title='bbox 1154 4567 1322 4638; x_wconf 63' lang='lat' dir='ltr'><strong>patet,</strong></span> <span class='ocrx_word' id='word_1_395' title='bbox 1361 4583 1478 4638; x_wconf 54' lang='lat' dir='ltr'><strong>rion</strong></span> <span class='ocrx_word' id='word_1_396' title='bbox 1504 4567 1897 4638; x_wconf 61' lang='lat' dir='ltr'><strong>eafponendum</strong></span> <span class='ocrx_word' id='word_1_397' title='bbox 1915 4582 1932 4624; x_wconf 89' lang='lat'><strong><em>;</em></strong></span> 
     </span>
    </p>
   </div>
   <div class='ocr_carea' id='block_1_53' title="bbox 333 4631 1934 4711">
    <p class='ocr_par' dir='ltr' id='par_1_53' title="bbox 333 4631 1934 4711">
     <span class='ocr_line' id='line_1_53' title="bbox 333 4631 1934 4711; baseline -0.007 -23"><span class='ocrx_word' id='word_1_398' title='bbox 333 4631 415 4688; x_wconf 65' lang='lat' dir='ltr'><strong>od</strong></span> <span class='ocrx_word' id='word_1_399' title='bbox 453 4651 584 4711; x_wconf 72' lang='lat' dir='ltr'><strong>vero</strong></span> <span class='ocrx_word' id='word_1_400' title='bbox 614 4631 891 4711; x_wconf 41' lang='lat' dir='ltr'><strong>nequitur,</strong></span> <span class='ocrx_word' id='word_1_401' title='bbox 920 4631 1420 4711; x_wconf 45' lang='lat' dir='ltr'><strong>exp‘ouendum,LIn</strong></span> <span class='ocrx_word' id='word_1_402' title='bbox 1450 4645 1508 4711; x_wconf 55' lang='grc' dir='ltr'><strong>εει</strong></span> <span class='ocrx_word' id='word_1_403' title='bbox 1537 4631 1674 4678; x_wconf 87' lang='lat' dir='ltr'><strong>dum</strong></span> <span class='ocrx_word' id='word_1_404' title='bbox 1703 4638 1934 4711; x_wconf 52' lang='lat' dir='ltr'><strong>contur-</strong></span> 
     </span>
    </p>
   </div>
   <div class='ocr_carea' id='block_1_54' title="bbox 325 4691 1932 4761">
    <p class='ocr_par' dir='ltr' id='par_1_54' title="bbox 325 4691 1932 4761">
     <span class='ocr_line' id='line_1_54' title="bbox 325 4691 1932 4761; baseline -0.008 -10"><span class='ocrx_word' id='word_1_405' title='bbox 325 4710 413 4757; x_wconf 75' lang='lat' dir='ltr'><strong>ta.</strong></span> <span class='ocrx_word' id='word_1_406' title='bbox 449 4701 574 4761; x_wconf 80' lang='lat' dir='ltr'><strong>etc,</strong></span> <span class='ocrx_word' id='word_1_407' title='bbox 603 4691 710 4747; x_wconf 71' lang='lat' dir='ltr'><strong>nisi</strong></span> <span class='ocrx_word' id='word_1_408' title='bbox 737 4698 878 4761; x_wconf 87' lang='lat' dir='ltr'><strong>quod</strong></span> <span class='ocrx_word' id='word_1_409' title='bbox 906 4691 1045 4761; x_wconf 72' lang='lat' dir='ltr'><strong>apud</strong></span> <span class='ocrx_word' id='word_1_410' title='bbox 1061 4697 1188 4745; x_wconf 89' lang='lat' dir='ltr'><strong>Lov.</strong></span> <span class='ocrx_word' id='word_1_411' title='bbox 1225 4695 1347 4758; x_wconf 88' lang='lat' dir='ltr'><strong>post</strong></span> <span class='ocrx_word' id='word_1_412' title='bbox 1376 4693 1619 4748; x_wconf 87' lang='lat' dir='ltr'><strong>verbum,</strong></span> <span class='ocrx_word' id='word_1_413' title='bbox 1653 4691 1932 4753; x_wconf 81' lang='lat' dir='ltr'><strong>sequitur,</strong></span> 
     </span>
    </p>
   </div>
   <div class='ocr_carea' id='block_1_55' title="bbox 243 4766 884 4825">
    <p class='ocr_par' dir='ltr' id='par_1_55' title="bbox 243 4766 884 4825">
     <span class='ocr_line' id='line_1_55' title="bbox 243 4766 884 4825; baseline -0.011 -9"><span class='ocrx_word' id='word_1_414' title='bbox 243 4766 445 4825; x_wconf 80' lang='lat' dir='ltr'><strong>deest,</strong></span> <span class='ocrx_word' id='word_1_415' title='bbox 477 4766 884 4824; x_wconf 68' lang='lat' dir='ltr'><strong>exponendum.</strong></span> 
     </span>
    </p>
   </div>
   <div class='ocr_carea' id='block_1_56' title="bbox 239 4814 1937 4941">
    <p class='ocr_par' dir='ltr' id='par_1_56' title="bbox 239 4814 1937 4941">
     <span class='ocr_line' id='line_1_56' title="bbox 239 4814 1937 4941; baseline -0.007 -64"><span class='ocrx_word' id='word_1_416' title='bbox 239 4814 563 4941; x_wconf 47' lang='lat' dir='ltr'><strong>li;r;LbY.,.</strong></span> <span class='ocrx_word' id='word_1_417' title='bbox 575 4838 744 4889; x_wconf 83' lang='lat' dir='ltr'><strong>super</strong></span> <span class='ocrx_word' id='word_1_418' title='bbox 770 4837 958 4873; x_wconf 82' lang='lat' dir='ltr'><strong>omnes</strong></span> <span class='ocrx_word' id='word_1_419' title='bbox 1003 4822 1176 4872; x_wconf 73' lang='lat' dir='ltr'><strong>caelos.</strong></span> <span class='ocrx_word' id='word_1_420' title='bbox 1208 4820 1388 4875; x_wconf 82' lang='lat' dir='ltr'><strong>Abest,</strong></span> <span class='ocrx_word' id='word_1_421' title='bbox 1418 4832 1626 4880; x_wconf 85' lang='lat' dir='ltr'><strong>omnes,</strong></span> <span class='ocrx_word' id='word_1_422' title='bbox 1656 4830 1689 4867; x_wconf 88' lang='lat' dir='ltr'><strong>a</strong></span> <span class='ocrx_word' id='word_1_423' title='bbox 1715 4814 1937 4867; x_wconf 84' lang='lat' dir='ltr'><strong>caeteris</strong></span> 
     </span>
     <span class='ocr_line' id='line_1_57' title="bbox 395 4903 450 4940; baseline -0.036 0"><span class='ocrx_word' id='word_1_424' title='bbox 395 4903 450 4940; x_wconf 74' lang='grc' dir='ltr'><strong>ε.</strong></span> 
     </span>
    </p>
   </div>
   <div class='ocr_carea' id='block_1_57' title="bbox 317 4947 1224 5011">
    <p class='ocr_par' dir='ltr' id='par_1_57' title="bbox 317 4947 1224 5011">
     <span class='ocr_line' id='line_1_58' title="bbox 317 4947 1224 5011; baseline -0.01 -8"><span class='ocrx_word' id='word_1_425' title='bbox 317 4955 346 4991; x_wconf 79' lang='grc'>³</span> <span class='ocrx_word' id='word_1_426' title='bbox 380 4951 523 5003; x_wconf 83' lang='lat' dir='ltr'><strong>Sola</strong></span> <span class='ocrx_word' id='word_1_427' title='bbox 546 4950 710 5001; x_wconf 78' lang='lat' dir='ltr'><strong>editio</strong></span> <span class='ocrx_word' id='word_1_428' title='bbox 740 4950 886 5005; x_wconf 83' lang='lat' dir='ltr'><strong>Lov.,</strong></span> <span class='ocrx_word' id='word_1_429' title='bbox 917 4947 1224 5011; x_wconf 79' lang='lat' dir='ltr'><strong>repentino.</strong></span> 
     </span>
    </p>
   </div>
   <div class='ocr_carea' id='block_1_58' title="bbox 318 5011 1106 5075">
    <p class='ocr_par' dir='ltr' id='par_1_58' title="bbox 318 5011 1106 5075">
     <span class='ocr_line' id='line_1_59' title="bbox 318 5011 1106 5075; baseline -0.006 -11"><span class='ocrx_word' id='word_1_430' title='bbox 318 5016 351 5051; x_wconf 76' lang='grc'>⁴</span> <span class='ocrx_word' id='word_1_431' title='bbox 384 5014 490 5064; x_wconf 75' lang='lat' dir='ltr'><strong>Sic</strong></span> <span class='ocrx_word' id='word_1_432' title='bbox 514 5013 645 5062; x_wconf 83' lang='lat' dir='ltr'><strong>Mss.</strong></span> <span class='ocrx_word' id='word_1_433' title='bbox 681 5014 748 5061; x_wconf 85' lang='lat' dir='ltr'><strong>At</strong></span> <span class='ocrx_word' id='word_1_434' title='bbox 776 5013 921 5068; x_wconf 81' lang='lat' dir='ltr'><strong>editi,</strong></span> <span class='ocrx_word' id='word_1_435' title='bbox 952 5011 1106 5075; x_wconf 78' lang='lat' dir='ltr'><strong>quia.</strong></span> 
     </span>
    </p>
   </div>
   <div class='ocr_carea' id='block_1_59' title="bbox 316 5067 1936 5141">
    <p class='ocr_par' dir='ltr' id='par_1_59' title="bbox 316 5067 1936 5141">
     <span class='ocr_line' id='line_1_60' title="bbox 316 5067 1936 5141; baseline -0.007 -14"><span class='ocrx_word' id='word_1_436' title='bbox 316 5077 650 5141; x_wconf 83' lang='lat' dir='ltr'><strong>(a)_Praeter</strong></span> <span class='ocrx_word' id='word_1_437' title='bbox 664 5067 1024 5141; x_wconf 65' lang='lat' dir='ltr'><strong>septuaginta,</strong></span> <span class='ocrx_word' id='word_1_438' title='bbox 1057 5069 1558 5141; x_wconf 75' lang='lat' dir='ltr'><strong>«_et_Aquila,inqu_it</strong></span> <span class='ocrx_word' id='word_1_439' title='bbox 1569 5067 1936 5141; x_wconf 76' lang='lat' dir='ltr'><strong>Hieronymus.</strong></span> 
     </span>
    </p>
   </div>
   <div class='ocr_carea' id='block_1_60' title="bbox 244 5139 834 5193">
    <p class='ocr_par' dir='ltr' id='par_1_60' title="bbox 244 5139 834 5193">
     <span class='ocr_line' id='line_1_61' title="bbox 244 5139 834 5193; baseline 0 -5"><span class='ocrx_word' id='word_1_440' title='bbox 244 5160 277 5188; x_wconf 72' lang='grc' dir='ltr'><strong>α</strong></span> <span class='ocrx_word' id='word_1_441' title='bbox 313 5139 766 5193; x_wconf 68' lang='grc' dir='ltr'><strong>θιεγωωαοὶιιιε</strong></span> <span class='ocrx_word' id='word_1_442' title='bbox 781 5141 834 5188; x_wconf 87' lang='lat' dir='ltr'><strong>et</strong></span> 
     </span>
    </p>
   </div>
   <div class='ocr_carea' id='block_1_61' title="bbox 249 5192 1937 5260">
    <p class='ocr_par' dir='ltr' id='par_1_61' title="bbox 249 5192 1937 5260">
     <span class='ocr_line' id='line_1_62' title="bbox 249 5192 1937 5260; baseline -0.008 -7"><span class='ocrx_word' id='word_1_443' title='bbox 249 5222 276 5253; x_wconf 76' lang='grc' dir='ltr'><strong>ι</strong></span> <span class='ocrx_word' id='word_1_444' title='bbox 310 5192 488 5255; x_wconf 76' lang='lat' dir='ltr'><strong>runt.</strong></span> <span class='ocrx_word' id='word_1_445' title='bbox 520 5202 679 5251; x_wconf 89' lang='lat' dir='ltr'><strong>Solus</strong></span> <span class='ocrx_word' id='word_1_446' title='bbox 695 5192 982 5252; x_wconf 74' lang='lat' dir='ltr'><strong>Theodotio</strong></span> <span class='ocrx_word' id='word_1_447' title='bbox 1010 5200 1139 5260; x_wconf 88' lang='lat' dir='ltr'><strong>quid</strong></span> <span class='ocrx_word' id='word_1_448' title='bbox 1166 5192 1491 5260; x_wconf 75' lang='lat' dir='ltr'><strong>significaret</strong></span> <span class='ocrx_word' id='word_1_449' title='bbox 1519 5196 1752 5243; x_wconf 88' lang='lat' dir='ltr'><strong>Theman</strong></span> <span class='ocrx_word' id='word_1_450' title='bbox 1778 5192 1937 5260; x_wconf 72' lang='lat' dir='ltr'><strong>inter-</strong></span> 
     </span>
    </p>
   </div>
   <div class='ocr_carea' id='block_1_62' title="bbox 245 5253 1939 5330">
    <p class='ocr_par' dir='ltr' id='par_1_62' title="bbox 245 5253 1939 5330">
     <span class='ocr_line' id='line_1_63' title="bbox 245 5253 1939 5330; baseline -0.009 -16"><span class='ocrx_word' id='word_1_451' title='bbox 245 5285 279 5314; x_wconf 73' lang='grc' dir='ltr'><strong>α</strong></span> <span class='ocrx_word' id='word_1_452' title='bbox 314 5253 695 5330; x_wconf 51' lang='grc' dir='ltr'><strong>ῥισθιαιιιε-ᾳει</strong></span> <span class='ocrx_word' id='word_1_453' title='bbox 740 5253 1049 5330; x_wconf 74' lang='lat' dir='ltr'><strong>dicens,_Ab</strong></span> <span class='ocrx_word' id='word_1_454' title='bbox 1078 5253 1280 5330; x_wconf 52' lang='lat' dir='ltr'><strong>[lustro</strong></span> <span class='ocrx_word' id='word_1_455' title='bbox 1310 5260 1508 5330; x_wconf 71' lang='lat' dir='ltr'><strong>veniet,</strong></span> <span class='ocrx_word' id='word_1_456' title='bbox 1539 5266 1589 5330; x_wconf 61' lang='lat' dir='ltr'><strong>et</strong></span> <span class='ocrx_word' id='word_1_457' title='bbox 1618 5262 1846 5330; x_wconf 43' lang='lat' dir='ltr'><strong>sanctu‘s</strong></span> <span class='ocrx_word' id='word_1_458' title='bbox 1875 5253 1939 5330; x_wconf 64' lang='lat' dir='ltr'><strong>de</strong></span> 
     </span>
    </p>
   </div>
   <div class='ocr_carea' id='block_1_63' title="bbox 248 5316 1941 5386">
    <p class='ocr_par' dir='ltr' id='par_1_63' title="bbox 248 5316 1941 5386">
     <span class='ocr_line' id='line_1_64' title="bbox 248 5316 1941 5386; baseline -0.009 -8"><span class='ocrx_word' id='word_1_459' title='bbox 248 5347 275 5378; x_wconf 76' lang='grc' dir='ltr'><strong>ι</strong></span> <span class='ocrx_word' id='word_1_460' title='bbox 314 5316 536 5378; x_wconf 64' lang='grc' dir='ltr'><strong>ἷηοπεε</strong></span> <span class='ocrx_word' id='word_1_461' title='bbox 566 5326 818 5376; x_wconf 80' lang='lat' dir='ltr'><strong>Pharon.</strong></span> <span class='ocrx_word' id='word_1_462' title='bbox 850 5345 876 5371; x_wconf 67' lang='grc' dir='ltr'><strong>ι</strong></span> <span class='ocrx_word' id='word_1_463' title='bbox 906 5327 1049 5376; x_wconf 87' lang='lat' dir='ltr'><strong>Idem</strong></span> <span class='ocrx_word' id='word_1_464' title='bbox 1090 5325 1453 5386; x_wconf 18' lang='lat' dir='ltr'><strong>Hieronymus,</strong></span> <span class='ocrx_word' id='word_1_465' title='bbox 1470 5322 1528 5369; x_wconf 90' lang='lat' dir='ltr'><strong>in</strong></span> <span class='ocrx_word' id='word_1_466' title='bbox 1554 5319 1709 5386; x_wconf 88' lang='lat' dir='ltr'><strong>Locis</strong></span> <span class='ocrx_word' id='word_1_467' title='bbox 1737 5316 1941 5386; x_wconf 63' lang='lat' dir='ltr'><strong>habret-</strong></span> 
     </span>
    </p>
   </div>
   <div class='ocr_carea' id='block_1_64' title="bbox 243 5378 1941 5452">
    <p class='ocr_par' dir='ltr' id='par_1_64' title="bbox 243 5378 1941 5452">
     <span class='ocr_line' id='line_1_65' title="bbox 243 5378 1941 5452; baseline -0.011 -7"><span class='ocrx_word' id='word_1_468' title='bbox 243 5394 337 5445; x_wconf 70' lang='grc' dir='ltr'><strong>οἰδ</strong></span> <span class='ocrx_word' id='word_1_469' title='bbox 364 5405 379 5439; x_wconf 88' lang='lat'><strong>:</strong></span> <span class='ocrx_word' id='word_1_470' title='bbox 428 5409 458 5432; x_wconf 76' lang='grc' dir='ltr'><strong>«ι</strong></span> <span class='ocrx_word' id='word_1_471' title='bbox 491 5390 725 5438; x_wconf 85' lang='lat' dir='ltr'><strong>Theman</strong></span> <span class='ocrx_word' id='word_1_472' title='bbox 755 5390 897 5451; x_wconf 79' lang='lat' dir='ltr'><strong>regio</strong></span> <span class='ocrx_word' id='word_1_473' title='bbox 923 5388 1223 5452; x_wconf 81' lang='lat' dir='ltr'><strong>principum</strong></span> <span class='ocrx_word' id='word_1_474' title='bbox 1249 5378 1414 5452; x_wconf 47' lang='lat' dir='ltr'><strong>ﬁdem</strong></span> <span class='ocrx_word' id='word_1_475' title='bbox 1442 5384 1499 5431; x_wconf 90' lang='lat' dir='ltr'><strong>in</strong></span> <span class='ocrx_word' id='word_1_476' title='bbox 1549 5385 1712 5452; x_wconf 47' lang='lat' dir='ltr'><strong>terra</strong></span> <span class='ocrx_word' id='word_1_477' title='bbox 1737 5378 1941 5429; x_wconf 75' lang='lat' dir='ltr'><strong>Gabali-</strong></span> 
     </span>
    </p>
   </div>
   <div class='ocr_carea' id='block_1_65' title="bbox 248 5443 1940 5515">
    <p class='ocr_par' dir='ltr' id='par_1_65' title="bbox 248 5443 1940 5515">
     <span class='ocr_line' id='line_1_66' title="bbox 248 5443 1940 5515; baseline -0.008 -11"><span class='ocrx_word' id='word_1_478' title='bbox 248 5443 280 5504; x_wconf 57' lang='lat' dir='ltr'><strong>i</strong></span> <span class='ocrx_word' id='word_1_479' title='bbox 312 5455 477 5506; x_wconf 69' lang='lat' dir='ltr'><strong>tica.</strong></span> <span class='ocrx_word' id='word_1_480' title='bbox 504 5464 536 5500; x_wconf 89' lang='lat' dir='ltr'><strong>a</strong></span> <span class='ocrx_word' id='word_1_481' title='bbox 567 5452 802 5501; x_wconf 87' lang='lat' dir='ltr'><strong>Theman</strong></span> <span class='ocrx_word' id='word_1_482' title='bbox 813 5443 948 5502; x_wconf 69' lang='lat' dir='ltr'><strong>me</strong></span> <span class='ocrx_word' id='word_1_483' title='bbox 973 5443 1226 5515; x_wconf 71' lang='lat' dir='ltr'><strong>Elypbaz,</strong></span> <span class='ocrx_word' id='word_1_484' title='bbox 1249 5448 1534 5515; x_wconf 27' lang='lat' dir='ltr'><strong>filii‘Esau,</strong></span> <span class='ocrx_word' id='word_1_485' title='bbox 1564 5443 1755 5515; x_wconf 56' lang='lat' dir='ltr'><strong>sortite</strong></span> <span class='ocrx_word' id='word_1_486' title='bbox 1784 5454 1940 5491; x_wconf 81' lang='lat' dir='ltr'><strong>voca-</strong></span> 
     </span>
    </p>
   </div>
   <div class='ocr_carea' id='block_1_66' title="bbox 248 5506 1938 5576">
    <p class='ocr_par' dir='ltr' id='par_1_66' title="bbox 248 5506 1938 5576">
     <span class='ocr_line' id='line_1_67' title="bbox 248 5506 1938 5576; baseline -0.008 -8"><span class='ocrx_word' id='word_1_487' title='bbox 248 5538 280 5567; x_wconf 69' lang='grc' dir='ltr'><strong>α</strong></span> <span class='ocrx_word' id='word_1_488' title='bbox 311 5514 538 5568; x_wconf 82' lang='lat' dir='ltr'><strong>bulum</strong></span> <span class='ocrx_word' id='word_1_489' title='bbox 567 5529 580 5572; x_wconf 92' lang='lat'><strong>;</strong></span> <span class='ocrx_word' id='word_1_490' title='bbox 614 5515 706 5563; x_wconf 84' lang='lat' dir='ltr'><strong>sed</strong></span> <span class='ocrx_word' id='word_1_491' title='bbox 737 5517 790 5563; x_wconf 87' lang='lat' dir='ltr'><strong>et</strong></span> <span class='ocrx_word' id='word_1_492' title='bbox 816 5527 987 5576; x_wconf 88' lang='lat' dir='ltr'><strong>usque</strong></span> <span class='ocrx_word' id='word_1_493' title='bbox 1012 5506 1167 5562; x_wconf 67' lang='lat' dir='ltr'><strong>h&#39;o&#39;die</strong></span> <span class='ocrx_word' id='word_1_494' title='bbox 1195 5506 1275 5561; x_wconf 86' lang='lat' dir='ltr'><strong>est</strong></span> <span class='ocrx_word' id='word_1_495' title='bbox 1296 5506 1938 5576; x_wconf 37' lang='lat' dir='ltr'><strong>villanominetheman.</strong></span> 
     </span>
    </p>
   </div>
   <div class='ocr_carea' id='block_1_67' title="bbox 245 5568 1940 5640">
    <p class='ocr_par' dir='ltr' id='par_1_67' title="bbox 245 5568 1940 5640">
     <span class='ocr_line' id='line_1_68' title="bbox 245 5568 1940 5640; baseline -0.009 -11"><span class='ocrx_word' id='word_1_496' title='bbox 245 5602 277 5629; x_wconf 74' lang='grc' dir='ltr'><strong>α</strong></span> <span class='ocrx_word' id='word_1_497' title='bbox 314 5568 664 5629; x_wconf 66' lang='grc' dir='ltr'><strong>ᾶὶεῐωεάι)</strong></span> <span class='ocrx_word' id='word_1_498' title='bbox 690 5578 825 5627; x_wconf 88' lang='lat' dir='ltr'><strong>urbe</strong></span> <span class='ocrx_word' id='word_1_499' title='bbox 869 5568 1023 5627; x_wconf 69' lang='lat' dir='ltr'><strong>Petra</strong></span> <span class='ocrx_word' id='word_1_500' title='bbox 1063 5576 1299 5640; x_wconf 87' lang='lat' dir='ltr'><strong>quinque</strong></span> <span class='ocrx_word' id='word_1_501' title='bbox 1336 5568 1940 5640; x_wconf 78' lang='lat' dir='ltr'><strong>_mil_l_ib_us..._Se_i_endum</strong></span> 
     </span>
    </p>
   </div>
   <div class='ocr_carea' id='block_1_68' title="bbox 246 5631 1939 5703">
    <p class='ocr_par' dir='ltr' id='par_1_68' title="bbox 246 5631 1939 5703">
     <span class='ocr_line' id='line_1_69' title="bbox 246 5631 1939 5703; baseline -0.007 -12"><span class='ocrx_word' id='word_1_502' title='bbox 246 5664 280 5691; x_wconf 72' lang='grc' dir='ltr'><strong><em>α</em></strong></span> <span class='ocrx_word' id='word_1_503' title='bbox 315 5643 536 5703; x_wconf 70' lang='lat' dir='ltr'><strong>autem</strong></span> <span class='ocrx_word' id='word_1_504' title='bbox 560 5640 705 5703; x_wconf 87' lang='lat' dir='ltr'><strong>quod</strong></span> <span class='ocrx_word' id='word_1_505' title='bbox 732 5640 906 5703; x_wconf 82' lang='lat' dir='ltr'><strong>omnis</strong></span> <span class='ocrx_word' id='word_1_506' title='bbox 946 5631 1385 5698; x_wconf 54' lang='lat' dir='ltr'><strong>australis-regio</strong></span> <span class='ocrx_word' id='word_1_507' title='bbox 1431 5632 1681 5684; x_wconf 80' lang='lat' dir='ltr'><strong>Hebraeis</strong></span> <span class='ocrx_word' id='word_1_508' title='bbox 1708 5631 1939 5680; x_wconf 84' lang='lat' dir='ltr'><strong>Theman</strong></span> 
     </span>
    </p>
   </div>
   <div class='ocr_carea' id='block_1_69' title="bbox 248 5701 966 5758">
    <p class='ocr_par' dir='ltr' id='par_1_69' title="bbox 248 5701 966 5758">
     <span class='ocr_line' id='line_1_70' title="bbox 248 5701 966 5758; baseline -0.006 0"><span class='ocrx_word' id='word_1_509' title='bbox 248 5724 280 5758; x_wconf 68' lang='grc' dir='ltr'><strong>ι</strong></span> <span class='ocrx_word' id='word_1_510' title='bbox 312 5701 626 5756; x_wconf 46' lang='lat' dir='ltr'><strong>dicitur.)</strong></span> <span class='ocrx_word' id='word_1_511' title='bbox 655 5703 771 5755; x_wconf 63' lang='grc' dir='ltr'><strong>ιω).</strong></span> <span class='ocrx_word' id='word_1_512' title='bbox 804 5701 966 5754; x_wconf 72' lang='lat' dir='ltr'><strong>Vivss.</strong></span> 
     </span>
    </p>
   </div>
   <div class='ocr_carea' id='block_1_70' title="bbox 1430 278 2487 369">
    <p class='ocr_par' dir='ltr' id='par_1_70' title="bbox 1430 278 2487 369">
     <span class='ocr_line' id='line_1_71' title="bbox 1430 278 2487 369; baseline 0.004 -4"><span class='ocrx_word' id='word_1_513' title='bbox 1430 302 1671 365; x_wconf 80' lang='lat' dir='ltr'><strong>LIBER</strong></span> <span class='ocrx_word' id='word_1_514' title='bbox 1712 300 2058 366; x_wconf 80' lang='lat' dir='ltr'><strong>DECIMUS</strong></span> <span class='ocrx_word' id='word_1_515' title='bbox 2101 278 2487 369; x_wconf 75' lang='lat' dir='ltr'><strong>OCTAVUS.</strong></span> 
     </span>
    </p>
   </div>
   <div class='ocr_carea' id='block_1_71' title="bbox 942 5131 1940 5197">
    <p class='ocr_par' dir='ltr' id='par_1_71' title="bbox 942 5131 1940 5197">
     <span class='ocr_line' id='line_1_72' title="bbox 942 5131 1940 5197; baseline -0.01 -10"><span class='ocrx_word' id='word_1_516' title='bbox 942 5131 1037 5187; x_wconf 83' lang='lat' dir='ltr'><strong>uta</strong></span> <span class='ocrx_word' id='word_1_517' title='bbox 1049 5136 1207 5187; x_wconf 82' lang='lat' dir='ltr'><strong>editio</strong></span> <span class='ocrx_word' id='word_1_518' title='bbox 1224 5131 1410 5197; x_wconf 75' lang='lat' dir='ltr'><strong>ipsum</strong></span> <span class='ocrx_word' id='word_1_519' title='bbox 1436 5131 1743 5197; x_wconf 27' lang='lat' dir='ltr'><strong>bebiraicum</strong></span> <span class='ocrx_word' id='word_1_520' title='bbox 1760 5142 1940 5197; x_wconf 79' lang='lat' dir='ltr'><strong>posue-</strong></span> 
     </span>
    </p>
   </div>
   <div class='ocr_carea' id='block_1_72' title="bbox 3547 318 3667 379">
    <p class='ocr_par' dir='ltr' id='par_1_72' title="bbox 3547 318 3667 379">
     <span class='ocr_line' id='line_1_73' title="bbox 3547 318 3667 379; baseline 0.017 -2"><span class='ocrx_word' id='word_1_521' title='bbox 3547 318 3667 379; x_wconf 79' lang='lat'><strong>590</strong></span> 
     </span>
    </p>
   </div>
   <div class='ocr_carea' id='block_1_73' title="bbox 2016 439 3665 517">
    <p class='ocr_par' dir='ltr' id='par_1_73' title="bbox 2016 439 3665 517">
     <span class='ocr_line' id='line_1_74' title="bbox 2016 439 3665 517; baseline 0.009 -24"><span class='ocrx_word' id='word_1_522' title='bbox 2016 442 2074 495; x_wconf 91' lang='lat' dir='ltr'><strong>et</strong></span> <span class='ocrx_word' id='word_1_523' title='bbox 2104 439 2480 512; x_wconf 86' lang='lat' dir='ltr'><strong>Evangelium</strong></span> <span class='ocrx_word' id='word_1_524' title='bbox 2512 445 2680 497; x_wconf 88' lang='lat' dir='ltr'><strong>tuum</strong></span> <span class='ocrx_word' id='word_1_525' title='bbox 2726 440 2887 497; x_wconf 84' lang='lat' dir='ltr'><strong>salus</strong></span> <span class='ocrx_word' id='word_1_526' title='bbox 2934 446 3023 499; x_wconf 86' lang='lat' dir='ltr'><strong>est</strong></span> <span class='ocrx_word' id='word_1_527' title='bbox 3052 444 3160 513; x_wconf 86' lang='lat' dir='ltr'><strong>eis,</strong></span> <span class='ocrx_word' id='word_1_528' title='bbox 3192 445 3289 517; x_wconf 90' lang='lat' dir='ltr'><strong>qui</strong></span> <span class='ocrx_word' id='word_1_529' title='bbox 3330 448 3577 507; x_wconf 86' lang='lat' dir='ltr'><strong>credunt</strong></span> <span class='ocrx_word' id='word_1_530' title='bbox 3603 450 3665 508; x_wconf 89' lang='lat' dir='ltr'><strong>in</strong></span> 
     </span>
    </p>
   </div>
   <div class='ocr_carea' id='block_1_74' title="bbox 2013 520 3667 600">
    <p class='ocr_par' dir='ltr' id='par_1_74' title="bbox 2013 520 3667 600">
     <span class='ocr_line' id='line_1_75' title="bbox 2013 520 3667 600; baseline 0.008 -27"><span class='ocrx_word' id='word_1_531' title='bbox 2013 524 2089 574; x_wconf 89' lang='lat' dir='ltr'><strong>te.</strong></span> <span class='ocrx_word' id='word_1_532' title='bbox 2122 520 2411 576; x_wconf 78' lang='lat' dir='ltr'><strong>lntendens</strong></span> <span class='ocrx_word' id='word_1_533' title='bbox 2434 522 2680 579; x_wconf 85' lang='lat' dir='ltr'><strong>intendes</strong></span> <span class='ocrx_word' id='word_1_534' title='bbox 2711 540 2901 579; x_wconf 86' lang='lat' dir='ltr'><strong>arcum</strong></span> <span class='ocrx_word' id='word_1_535' title='bbox 2934 534 3083 581; x_wconf 91' lang='lat' dir='ltr'><strong>tuum</strong></span> <span class='ocrx_word' id='word_1_536' title='bbox 3132 543 3295 598; x_wconf 83' lang='lat' dir='ltr'><strong>super</strong></span> <span class='ocrx_word' id='word_1_537' title='bbox 3324 535 3553 600; x_wconf 86' lang='lat' dir='ltr'><strong>sceptra,</strong></span> <span class='ocrx_word' id='word_1_538' title='bbox 3586 532 3667 588; x_wconf 88' lang='lat' dir='ltr'><strong>di-</strong></span> 
     </span>
    </p>
   </div>
   <div class='ocr_carea' id='block_1_75' title="bbox 2013 605 3665 680">
    <p class='ocr_par' dir='ltr' id='par_1_75' title="bbox 2013 605 3665 680">
     <span class='ocr_line' id='line_1_76' title="bbox 2013 605 3665 680; baseline 0.005 -20"><span class='ocrx_word' id='word_1_539' title='bbox 2013 607 2085 660; x_wconf 90' lang='lat' dir='ltr'><strong>cit</strong></span> <span class='ocrx_word' id='word_1_540' title='bbox 2144 605 2445 660; x_wconf 88' lang='lat' dir='ltr'><strong>Dominus:</strong></span> <span class='ocrx_word' id='word_1_541' title='bbox 2502 605 2611 660; x_wconf 86' lang='lat' dir='ltr'><strong>hoc</strong></span> <span class='ocrx_word' id='word_1_542' title='bbox 2685 612 2793 673; x_wconf 88' lang='lat' dir='ltr'><strong>est,</strong></span> <span class='ocrx_word' id='word_1_543' title='bbox 2863 608 3311 664; x_wconf 90' lang='lat' dir='ltr'><strong>comminaberis</strong></span> <span class='ocrx_word' id='word_1_544' title='bbox 3377 612 3665 680; x_wconf 86' lang='lat' dir='ltr'><strong>judicium</strong></span> 
     </span>
    </p>
   </div>
   <div class='ocr_carea' id='block_1_76' title="bbox 2013 686 3666 757">
    <p class='ocr_par' dir='ltr' id='par_1_76' title="bbox 2013 686 3666 757">
     <span class='ocr_line' id='line_1_77' title="bbox 2013 686 3666 757; baseline 0.005 -17"><span class='ocrx_word' id='word_1_545' title='bbox 2013 689 2176 741; x_wconf 88' lang='lat' dir='ltr'><strong>tuom</strong></span> <span class='ocrx_word' id='word_1_546' title='bbox 2217 686 2391 741; x_wconf 87' lang='lat' dir='ltr'><strong>etiam</strong></span> <span class='ocrx_word' id='word_1_547' title='bbox 2451 686 2684 757; x_wconf 85' lang='lat' dir='ltr'><strong>regibus</strong></span> <span class='ocrx_word' id='word_1_548' title='bbox 2742 690 2929 743; x_wconf 70' lang='lat' dir='ltr'><strong>terras.</strong></span> <span class='ocrx_word' id='word_1_549' title='bbox 2987 689 3337 747; x_wconf 82' lang='lat' dir='ltr'><strong>Fluminibus</strong></span> <span class='ocrx_word' id='word_1_550' title='bbox 3386 694 3666 749; x_wconf 84' lang='lat' dir='ltr'><strong>scindetur</strong></span> 
     </span>
    </p>
   </div>
   <div class='ocr_carea' id='block_1_77' title="bbox 2016 766 3664 843">
    <p class='ocr_par' dir='ltr' id='par_1_77' title="bbox 2016 766 3664 843">
     <span class='ocr_line' id='line_1_78' title="bbox 2016 766 3664 843; baseline 0.004 -21"><span class='ocrx_word' id='word_1_551' title='bbox 2016 771 2198 822; x_wconf 82' lang='lat' dir='ltr'><strong>terra:</strong></span> <span class='ocrx_word' id='word_1_552' title='bbox 2230 767 2336 822; x_wconf 88' lang='lat' dir='ltr'><strong>hoc</strong></span> <span class='ocrx_word' id='word_1_553' title='bbox 2368 770 2473 836; x_wconf 88' lang='lat' dir='ltr'><strong>est,</strong></span> <span class='ocrx_word' id='word_1_554' title='bbox 2505 766 2887 825; x_wconf 81' lang='lat' dir='ltr'><strong>inﬂuentibus</strong></span> <span class='ocrx_word' id='word_1_555' title='bbox 2931 771 3297 826; x_wconf 89' lang='lat' dir='ltr'><strong>sermonibus</strong></span> <span class='ocrx_word' id='word_1_556' title='bbox 3347 774 3664 843; x_wconf 70' lang='lat' dir='ltr'><strong>praedican-</strong></span> 
     </span>
    </p>
   </div>
   <div class='ocr_carea' id='block_1_78' title="bbox 2017 848 3666 919">
    <p class='ocr_par' dir='ltr' id='par_1_78' title="bbox 2017 848 3666 919">
     <span class='ocr_line' id='line_1_79' title="bbox 2017 848 3666 919; baseline 0.003 -13"><span class='ocrx_word' id='word_1_557' title='bbox 2017 851 2163 906; x_wconf 81' lang='lat' dir='ltr'><strong>tium</strong></span> <span class='ocrx_word' id='word_1_558' title='bbox 2188 854 2262 919; x_wconf 88' lang='lat' dir='ltr'><strong>te,</strong></span> <span class='ocrx_word' id='word_1_559' title='bbox 2294 848 2629 918; x_wconf 87' lang='lat' dir='ltr'><strong>aperientur</strong></span> <span class='ocrx_word' id='word_1_560' title='bbox 2658 851 2727 905; x_wconf 84' lang='lat' dir='ltr'><strong>ad</strong></span> <span class='ocrx_word' id='word_1_561' title='bbox 2761 851 3160 906; x_wconf 83' lang='lat' dir='ltr'><strong>conﬁtendum</strong></span> <span class='ocrx_word' id='word_1_562' title='bbox 3208 852 3508 911; x_wconf 87' lang='lat' dir='ltr'><strong>hominum</strong></span> <span class='ocrx_word' id='word_1_563' title='bbox 3541 872 3666 911; x_wconf 83' lang='lat' dir='ltr'><strong>cor-</strong></span> 
     </span>
    </p>
   </div>
   <div class='ocr_carea' id='block_1_79' title="bbox 2016 928 3667 1004">
    <p class='ocr_par' dir='ltr' id='par_1_79' title="bbox 2016 928 3667 1004">
     <span class='ocr_line' id='line_1_80' title="bbox 2016 928 3667 1004; baseline 0.001 -18"><span class='ocrx_word' id='word_1_564' title='bbox 2016 931 2110 999; x_wconf 92' lang='lat' dir='ltr'><strong>da,</strong></span> <span class='ocrx_word' id='word_1_565' title='bbox 2143 928 2355 999; x_wconf 87' lang='lat' dir='ltr'><strong>quibus</strong></span> <span class='ocrx_word' id='word_1_566' title='bbox 2386 928 2605 984; x_wconf 89' lang='lat' dir='ltr'><strong>dictum</strong></span> <span class='ocrx_word' id='word_1_567' title='bbox 2638 932 2747 994; x_wconf 87' lang='lat' dir='ltr'><strong>est,</strong></span> <span class='ocrx_word' id='word_1_568' title='bbox 2779 928 3020 987; x_wconf 87' lang='lat' dir='ltr'><strong>Scindite</strong></span> <span class='ocrx_word' id='word_1_569' title='bbox 3050 931 3210 986; x_wconf 84' lang='lat' dir='ltr'><strong>corda</strong></span> <span class='ocrx_word' id='word_1_570' title='bbox 3242 937 3438 1004; x_wconf 88' lang='lat' dir='ltr'><strong>restra,</strong></span> <span class='ocrx_word' id='word_1_571' title='bbox 3478 938 3527 988; x_wconf 89' lang='lat' dir='ltr'><strong>et</strong></span> <span class='ocrx_word' id='word_1_572' title='bbox 3558 951 3667 988; x_wconf 87' lang='lat' dir='ltr'><strong>non</strong></span> 
     </span>
    </p>
   </div>
   <div class='ocr_carea' id='block_1_80' title="bbox 2017 1008 3669 1083">
    <p class='ocr_par' dir='ltr' id='par_1_80' title="bbox 2017 1008 3669 1083">
     <span class='ocr_line' id='line_1_81' title="bbox 2017 1008 3669 1083; baseline 0.003 -19"><span class='ocrx_word' id='word_1_573' title='bbox 2017 1010 2333 1064; x_wconf 80' lang='lat' dir='ltr'><strong>vestimenta</strong></span> <span class='ocrx_word' id='word_1_574' title='bbox 2362 1009 2507 1075; x_wconf 86' lang='lat' dir='ltr'><strong>(Joel</strong></span> <span class='ocrx_word' id='word_1_575' title='bbox 2537 1025 2600 1076; x_wconf 83' lang='grc' dir='ltr'><strong>ιι,</strong></span> <span class='ocrx_word' id='word_1_576' title='bbox 2637 1008 2747 1081; x_wconf 87' lang='grc'><strong>13).</strong></span> <span class='ocrx_word' id='word_1_577' title='bbox 2772 1010 2917 1076; x_wconf 90' lang='lat' dir='ltr'><strong>Quid</strong></span> <span class='ocrx_word' id='word_1_578' title='bbox 2953 1014 3060 1078; x_wconf 88' lang='lat' dir='ltr'><strong>est,</strong></span> <span class='ocrx_word' id='word_1_579' title='bbox 3100 1009 3362 1067; x_wconf 79' lang='lat' dir='ltr'><strong>Videbunt</strong></span> <span class='ocrx_word' id='word_1_580' title='bbox 3390 1020 3457 1083; x_wconf 91' lang='lat' dir='ltr'><strong>te,</strong></span> <span class='ocrx_word' id='word_1_581' title='bbox 3490 1016 3540 1068; x_wconf 80' lang='lat' dir='ltr'><strong>et</strong></span> <span class='ocrx_word' id='word_1_582' title='bbox 3568 1014 3669 1068; x_wconf 85' lang='lat' dir='ltr'><strong>do-</strong></span> 
     </span>
    </p>
   </div>
   <div class='ocr_carea' id='block_1_81' title="bbox 2021 1088 3667 1160">
    <p class='ocr_par' dir='ltr' id='par_1_81' title="bbox 2021 1088 3667 1160">
     <span class='ocr_line' id='line_1_82' title="bbox 2021 1088 3667 1160; baseline 0.001 -15"><span class='ocrx_word' id='word_1_583' title='bbox 2021 1089 2207 1146; x_wconf 87' lang='lat' dir='ltr'><strong>lebunt</strong></span> <span class='ocrx_word' id='word_1_584' title='bbox 2236 1089 2444 1159; x_wconf 84' lang='lat' dir='ltr'><strong>populi,</strong></span> <span class='ocrx_word' id='word_1_585' title='bbox 2480 1088 2590 1143; x_wconf 88' lang='lat' dir='ltr'><strong>nisi</strong></span> <span class='ocrx_word' id='word_1_586' title='bbox 2623 1093 2686 1143; x_wconf 88' lang='lat' dir='ltr'><strong>ut</strong></span> <span class='ocrx_word' id='word_1_587' title='bbox 2722 1088 2970 1160; x_wconf 86' lang='lat' dir='ltr'><strong>lugendo</strong></span> <span class='ocrx_word' id='word_1_588' title='bbox 3004 1091 3123 1145; x_wconf 89' lang='lat' dir='ltr'><strong>sint</strong></span> <span class='ocrx_word' id='word_1_589' title='bbox 3155 1090 3349 1145; x_wconf 79' lang='lat' dir='ltr'><strong>beati?</strong></span> <span class='ocrx_word' id='word_1_590' title='bbox 3380 1092 3525 1157; x_wconf 90' lang='lat' dir='ltr'><strong>Quid</strong></span> <span class='ocrx_word' id='word_1_591' title='bbox 3559 1096 3667 1160; x_wconf 87' lang='lat' dir='ltr'><strong>est,</strong></span> 
     </span>
    </p>
   </div>
   <div class='ocr_carea' id='block_1_82' title="bbox 2019 1169 3670 1243">
    <p class='ocr_par' dir='ltr' id='par_1_82' title="bbox 2019 1169 3670 1243">
     <span class='ocr_line' id='line_1_83' title="bbox 2019 1169 3670 1243; baseline 0 -15"><span class='ocrx_word' id='word_1_592' title='bbox 2019 1173 2340 1243; x_wconf 86' lang='lat' dir='ltr'><strong>Dispergens</strong></span> <span class='ocrx_word' id='word_1_593' title='bbox 2386 1185 2561 1240; x_wconf 67' lang='lat' dir='ltr'><strong>aquas</strong></span> <span class='ocrx_word' id='word_1_594' title='bbox 2608 1172 2877 1239; x_wconf 70' lang='lat' dir='ltr'><strong>incessu‘,</strong></span> <span class='ocrx_word' id='word_1_595' title='bbox 2924 1169 3037 1226; x_wconf 90' lang='lat' dir='ltr'><strong>nisi</strong></span> <span class='ocrx_word' id='word_1_596' title='bbox 3083 1171 3433 1228; x_wconf 84' lang='lat' dir='ltr'><strong>ambulando</strong></span> <span class='ocrx_word' id='word_1_597' title='bbox 3476 1174 3536 1228; x_wconf 91' lang='lat' dir='ltr'><strong>in</strong></span> <span class='ocrx_word' id='word_1_598' title='bbox 3585 1173 3670 1229; x_wconf 88' lang='lat' dir='ltr'><strong>eis</strong></span> 
     </span>
    </p>
   </div>
   <div class='ocr_carea' id='block_1_83' title="bbox 2021 1251 3671 1326">
    <p class='ocr_par' dir='ltr' id='par_1_83' title="bbox 2021 1251 3671 1326">
     <span class='ocr_line' id='line_1_84' title="bbox 2021 1251 3671 1326; baseline 0.001 -20"><span class='ocrx_word' id='word_1_599' title='bbox 2021 1251 2122 1324; x_wconf 92' lang='lat' dir='ltr'><strong>qui</strong></span> <span class='ocrx_word' id='word_1_600' title='bbox 2180 1255 2237 1306; x_wconf 92' lang='lat' dir='ltr'><strong>tc</strong></span> <span class='ocrx_word' id='word_1_601' title='bbox 2296 1265 2716 1321; x_wconf 82' lang='lat' dir='ltr'><strong>usquequaque</strong></span> <span class='ocrx_word' id='word_1_602' title='bbox 2770 1252 3141 1319; x_wconf 87' lang='lat' dir='ltr'><strong>annuutiant,</strong></span> <span class='ocrx_word' id='word_1_603' title='bbox 3200 1252 3308 1308; x_wconf 90' lang='lat' dir='ltr'><strong>hac</strong></span> <span class='ocrx_word' id='word_1_604' title='bbox 3359 1258 3533 1326; x_wconf 88' lang='lat' dir='ltr'><strong>atque</strong></span> <span class='ocrx_word' id='word_1_605' title='bbox 3563 1253 3671 1309; x_wconf 85' lang='lat' dir='ltr'><strong>hac</strong></span> 
     </span>
    </p>
   </div>
   <div class='ocr_carea' id='block_1_84' title="bbox 2023 1327 3673 1403">
    <p class='ocr_par' dir='ltr' id='par_1_84' title="bbox 2023 1327 3673 1403">
     <span class='ocr_line' id='line_1_85' title="bbox 2023 1327 3673 1403; baseline 0.002 -18"><span class='ocrx_word' id='word_1_606' title='bbox 2023 1328 2307 1401; x_wconf 87' lang='lat' dir='ltr'><strong>dispergis</strong></span> <span class='ocrx_word' id='word_1_607' title='bbox 2340 1327 2561 1383; x_wconf 87' lang='lat' dir='ltr'><strong>ﬂuenta</strong></span> <span class='ocrx_word' id='word_1_608' title='bbox 2593 1328 2865 1384; x_wconf 83' lang='lat' dir='ltr'><strong>doctrinae</strong></span> <span class='ocrx_word' id='word_1_609' title='bbox 2887 1330 2915 1385; x_wconf 84' lang='lat' dir='ltr'><strong>‘l</strong></span> <span class='ocrx_word' id='word_1_610' title='bbox 2945 1331 3088 1396; x_wconf 88' lang='lat' dir='ltr'><strong>Quid</strong></span> <span class='ocrx_word' id='word_1_611' title='bbox 3120 1338 3224 1399; x_wconf 87' lang='lat' dir='ltr'><strong>est,</strong></span> <span class='ocrx_word' id='word_1_612' title='bbox 3249 1331 3484 1403; x_wconf 80' lang='lat' dir='ltr'><strong>Abyssus</strong></span> <span class='ocrx_word' id='word_1_613' title='bbox 3516 1332 3673 1388; x_wconf 83' lang='lat' dir='ltr'><strong>dedit</strong></span> 
     </span>
    </p>
   </div>
   <div class='ocr_carea' id='block_1_85' title="bbox 2022 1410 3670 1485">
    <p class='ocr_par' dir='ltr' id='par_1_85' title="bbox 2022 1410 3670 1485">
     <span class='ocr_line' id='line_1_86' title="bbox 2022 1410 3670 1485; baseline 0.001 -18"><span class='ocrx_word' id='word_1_614' title='bbox 2022 1426 2206 1468; x_wconf 87' lang='lat' dir='ltr'><strong>vocem</strong></span> <span class='ocrx_word' id='word_1_615' title='bbox 2252 1412 2452 1465; x_wconf 84' lang='lat' dir='ltr'><strong>suam?</strong></span> <span class='ocrx_word' id='word_1_616' title='bbox 2499 1425 2570 1464; x_wconf 86' lang='lat' dir='ltr'><strong>an</strong></span> <span class='ocrx_word' id='word_1_617' title='bbox 2631 1410 2994 1480; x_wconf 81' lang='lat' dir='ltr'><strong>profunditas</strong></span> <span class='ocrx_word' id='word_1_618' title='bbox 3039 1411 3232 1467; x_wconf 88' lang='lat' dir='ltr'><strong>cordis</strong></span> <span class='ocrx_word' id='word_1_619' title='bbox 3263 1412 3507 1468; x_wconf 89' lang='lat' dir='ltr'><strong>humani</strong></span> <span class='ocrx_word' id='word_1_620' title='bbox 3530 1414 3670 1485; x_wconf 91' lang='lat' dir='ltr'><strong>quid</strong></span> 
     </span>
    </p>
   </div>
   <div class='ocr_carea' id='block_1_86' title="bbox 2022 1490 3671 1563">
    <p class='ocr_par' dir='ltr' id='par_1_86' title="bbox 2022 1490 3671 1563">
     <span class='ocr_line' id='line_1_87' title="bbox 2022 1490 3671 1563; baseline 0.001 -14"><span class='ocrx_word' id='word_1_621' title='bbox 2022 1493 2074 1549; x_wconf 90' lang='lat' dir='ltr'><strong>ei</strong></span> <span class='ocrx_word' id='word_1_622' title='bbox 2130 1492 2425 1547; x_wconf 89' lang='lat' dir='ltr'><strong>videretur</strong></span> <span class='ocrx_word' id='word_1_623' title='bbox 2480 1490 2809 1560; x_wconf 83' lang='lat' dir='ltr'><strong>expressit?</strong></span> <span class='ocrx_word' id='word_1_624' title='bbox 2862 1492 3104 1547; x_wconf 87' lang='lat' dir='ltr'><strong>Altitudo</strong></span> <span class='ocrx_word' id='word_1_625' title='bbox 3158 1494 3477 1563; x_wconf 65' lang='lat' dir='ltr'><strong>phantasia:</strong></span> <span class='ocrx_word' id='word_1_626' title='bbox 3532 1507 3671 1560; x_wconf 64' lang='lat' dir='ltr'><strong>suae,</strong></span> 
     </span>
    </p>
   </div>
   <div class='ocr_carea' id='block_1_87' title="bbox 2024 1573 3673 1645">
    <p class='ocr_par' dir='ltr' id='par_1_87' title="bbox 2024 1573 3673 1645">
     <span class='ocr_line' id='line_1_88' title="bbox 2024 1573 3673 1645; baseline -0.001 -14"><span class='ocrx_word' id='word_1_627' title='bbox 2024 1580 2319 1644; x_wconf 86' lang='lat' dir='ltr'><strong>tamquam</strong></span> <span class='ocrx_word' id='word_1_628' title='bbox 2352 1588 2555 1628; x_wconf 89' lang='lat' dir='ltr'><strong>versus</strong></span> <span class='ocrx_word' id='word_1_629' title='bbox 2586 1573 2904 1642; x_wconf 88' lang='lat' dir='ltr'><strong>superioris</strong></span> <span class='ocrx_word' id='word_1_630' title='bbox 2948 1577 3037 1628; x_wconf 89' lang='lat' dir='ltr'><strong>est</strong></span> <span class='ocrx_word' id='word_1_631' title='bbox 3080 1575 3392 1645; x_wconf 87' lang='lat' dir='ltr'><strong>expositio;</strong></span> <span class='ocrx_word' id='word_1_632' title='bbox 3427 1574 3673 1631; x_wconf 83' lang='lat' dir='ltr'><strong>altitudo</strong></span> 
     </span>
    </p>
   </div>
   <div class='ocr_carea' id='block_1_88' title="bbox 2025 1650 3674 1725">
    <p class='ocr_par' dir='ltr' id='par_1_88' title="bbox 2025 1650 3674 1725">
     <span class='ocr_line' id='line_1_89' title="bbox 2025 1650 3674 1725; baseline -0.001 -13"><span class='ocrx_word' id='word_1_633' title='bbox 2025 1656 2181 1712; x_wconf 88' lang='lat' dir='ltr'><strong>enim</strong></span> <span class='ocrx_word' id='word_1_634' title='bbox 2214 1662 2299 1710; x_wconf 89' lang='lat' dir='ltr'><strong>est</strong></span> <span class='ocrx_word' id='word_1_635' title='bbox 2329 1655 2599 1724; x_wconf 79' lang='lat' dir='ltr'><strong>abyssus.</strong></span> <span class='ocrx_word' id='word_1_636' title='bbox 2633 1650 2792 1715; x_wconf 89' lang='lat' dir='ltr'><strong>Quod</strong></span> <span class='ocrx_word' id='word_1_637' title='bbox 2827 1657 3017 1708; x_wconf 88' lang='lat' dir='ltr'><strong>autem</strong></span> <span class='ocrx_word' id='word_1_638' title='bbox 3054 1655 3156 1723; x_wconf 87' lang='lat' dir='ltr'><strong>ait,</strong></span> <span class='ocrx_word' id='word_1_639' title='bbox 3185 1654 3508 1725; x_wconf 69' lang='lat' dir='ltr'><strong>phantasia?</strong></span> <span class='ocrx_word' id='word_1_640' title='bbox 3534 1670 3674 1721; x_wconf 71' lang='lat' dir='ltr'><strong>suae,</strong></span> 
     </span>
    </p>
   </div>
   <div class='ocr_carea' id='block_1_89' title="bbox 2025 1733 3675 1806">
    <p class='ocr_par' dir='ltr' id='par_1_89' title="bbox 2025 1733 3675 1806">
     <span class='ocr_line' id='line_1_90' title="bbox 2025 1733 3675 1806; baseline -0.002 -13"><span class='ocrx_word' id='word_1_641' title='bbox 2025 1733 2496 1793; x_wconf 85' lang='lat' dir='ltr'><strong>subaudiendum</strong></span> <span class='ocrx_word' id='word_1_642' title='bbox 2554 1741 2656 1799; x_wconf 91' lang='lat' dir='ltr'><strong>est,</strong></span> <span class='ocrx_word' id='word_1_643' title='bbox 2716 1747 2898 1788; x_wconf 87' lang='lat' dir='ltr'><strong>vocem</strong></span> <span class='ocrx_word' id='word_1_644' title='bbox 2954 1733 3132 1788; x_wconf 83' lang='lat' dir='ltr'><strong>dedit:</strong></span> <span class='ocrx_word' id='word_1_645' title='bbox 3193 1734 3302 1790; x_wconf 90' lang='lat' dir='ltr'><strong>hoc</strong></span> <span class='ocrx_word' id='word_1_646' title='bbox 3348 1737 3458 1799; x_wconf 86' lang='lat' dir='ltr'><strong>est,</strong></span> <span class='ocrx_word' id='word_1_647' title='bbox 3519 1735 3675 1806; x_wconf 90' lang='lat' dir='ltr'><strong>quod</strong></span> 
     </span>
    </p>
   </div>
   <div class='ocr_carea' id='block_1_90' title="bbox 2026 1813 3678 1886">
    <p class='ocr_par' dir='ltr' id='par_1_90' title="bbox 2026 1813 3678 1886">
     <span class='ocr_line' id='line_1_91' title="bbox 2026 1813 3678 1886; baseline -0.001 -14"><span class='ocrx_word' id='word_1_648' title='bbox 2026 1817 2301 1883; x_wconf 82' lang='lat' dir='ltr'><strong>diximus,</strong></span> <span class='ocrx_word' id='word_1_649' title='bbox 2364 1814 2503 1885; x_wconf 92' lang='lat' dir='ltr'><strong>quid</strong></span> <span class='ocrx_word' id='word_1_650' title='bbox 2564 1813 2617 1870; x_wconf 90' lang='lat' dir='ltr'><strong>ei</strong></span> <span class='ocrx_word' id='word_1_651' title='bbox 2674 1813 2969 1869; x_wconf 88' lang='lat' dir='ltr'><strong>videretur</strong></span> <span class='ocrx_word' id='word_1_652' title='bbox 3014 1816 3316 1886; x_wconf 85' lang='lat' dir='ltr'><strong>expressit.</strong></span> <span class='ocrx_word' id='word_1_653' title='bbox 3365 1815 3678 1871; x_wconf 86' lang='lat' dir='ltr'><strong>Phantasia</strong></span> 
     </span>
    </p>
   </div>
   <div class='ocr_carea' id='block_1_91' title="bbox 2026 1894 3675 1969">
    <p class='ocr_par' dir='ltr' id='par_1_91' title="bbox 2026 1894 3675 1969">
     <span class='ocr_line' id='line_1_92' title="bbox 2026 1894 3675 1969; baseline -0.001 -17"><span class='ocrx_word' id='word_1_654' title='bbox 2026 1898 2235 1969; x_wconf 86' lang='lat' dir='ltr'><strong>quippe</strong></span> <span class='ocrx_word' id='word_1_655' title='bbox 2284 1894 2427 1950; x_wconf 92' lang='lat' dir='ltr'><strong>visio</strong></span> <span class='ocrx_word' id='word_1_656' title='bbox 2457 1897 2562 1960; x_wconf 90' lang='lat' dir='ltr'><strong>est,</strong></span> <span class='ocrx_word' id='word_1_657' title='bbox 2624 1910 2800 1965; x_wconf 88' lang='lat' dir='ltr'><strong>quam</strong></span> <span class='ocrx_word' id='word_1_658' title='bbox 2847 1910 2961 1948; x_wconf 92' lang='lat' dir='ltr'><strong>non</strong></span> <span class='ocrx_word' id='word_1_659' title='bbox 3017 1895 3230 1961; x_wconf 87' lang='lat' dir='ltr'><strong>tenuit,</strong></span> <span class='ocrx_word' id='word_1_660' title='bbox 3263 1910 3380 1950; x_wconf 90' lang='lat' dir='ltr'><strong>non</strong></span> <span class='ocrx_word' id='word_1_661' title='bbox 3432 1895 3675 1967; x_wconf 89' lang='lat' dir='ltr'><strong>operuit,</strong></span> 
     </span>
    </p>
   </div>
   <div class='ocr_carea' id='block_1_92' title="bbox 2027 1972 3678 2041">
    <p class='ocr_par' dir='ltr' id='par_1_92' title="bbox 2027 1972 3678 2041">
     <span class='ocr_line' id='line_1_93' title="bbox 2027 1972 3678 2041; baseline -0.002 -9"><span class='ocrx_word' id='word_1_662' title='bbox 2027 1978 2129 2033; x_wconf 87' lang='lat' dir='ltr'><strong>sed</strong></span> <span class='ocrx_word' id='word_1_663' title='bbox 2180 1976 2508 2031; x_wconf 80' lang='lat' dir='ltr'><strong>confitendo</strong></span> <span class='ocrx_word' id='word_1_664' title='bbox 2553 1972 2858 2028; x_wconf 88' lang='lat' dir='ltr'><strong>eructavit.</strong></span> <span class='ocrx_word' id='word_1_665' title='bbox 2906 1973 3174 2028; x_wconf 82' lang='lat' dir='ltr'><strong>Eleuatus</strong></span> <span class='ocrx_word' id='word_1_666' title='bbox 3211 1979 3291 2029; x_wconf 92' lang='lat' dir='ltr'><strong>est</strong></span> <span class='ocrx_word' id='word_1_667' title='bbox 3320 1975 3422 2041; x_wconf 90' lang='lat' dir='ltr'><strong>sol,</strong></span> <span class='ocrx_word' id='word_1_668' title='bbox 3454 1979 3507 2030; x_wconf 90' lang='lat' dir='ltr'><strong>et</strong></span> <span class='ocrx_word' id='word_1_669' title='bbox 3540 1972 3678 2029; x_wconf 87' lang='lat' dir='ltr'><strong>luna</strong></span> 
     </span>
    </p>
   </div>
   <div class='ocr_carea' id='block_1_93' title="bbox 2025 2052 3681 2121">
    <p class='ocr_par' dir='ltr' id='par_1_93' title="bbox 2025 2052 3681 2121">
     <span class='ocr_line' id='line_1_94' title="bbox 2025 2052 3681 2121; baseline -0.002 -9"><span class='ocrx_word' id='word_1_670' title='bbox 2025 2054 2179 2113; x_wconf 84' lang='lat' dir='ltr'><strong>stetit</strong></span> <span class='ocrx_word' id='word_1_671' title='bbox 2208 2056 2267 2109; x_wconf 88' lang='lat' dir='ltr'><strong>in</strong></span> <span class='ocrx_word' id='word_1_672' title='bbox 2312 2052 2504 2109; x_wconf 88' lang='lat' dir='ltr'><strong>ordine</strong></span> <span class='ocrx_word' id='word_1_673' title='bbox 2545 2067 2643 2107; x_wconf 89' lang='lat' dir='ltr'><strong>suo</strong></span> <span class='ocrx_word' id='word_1_674' title='bbox 2667 2069 2685 2106; x_wconf 87' lang='lat'><strong>:</strong></span> <span class='ocrx_word' id='word_1_675' title='bbox 2719 2052 2824 2107; x_wconf 89' lang='lat' dir='ltr'><strong>hoc</strong></span> <span class='ocrx_word' id='word_1_676' title='bbox 2874 2056 2982 2121; x_wconf 84' lang='lat' dir='ltr'><strong>est,</strong></span> <span class='ocrx_word' id='word_1_677' title='bbox 3018 2052 3280 2107; x_wconf 78' lang='lat' dir='ltr'><strong>ascendit</strong></span> <span class='ocrx_word' id='word_1_678' title='bbox 3317 2053 3584 2108; x_wconf 88' lang='lat' dir='ltr'><strong>Christus</strong></span> <span class='ocrx_word' id='word_1_679' title='bbox 3621 2054 3681 2108; x_wconf 91' lang='lat' dir='ltr'><strong>in</strong></span> 
     </span>
    </p>
   </div>
   <div class='ocr_carea' id='block_1_94' title="bbox 2029 2131 3679 2204">
    <p class='ocr_par' dir='ltr' id='par_1_94' title="bbox 2029 2131 3679 2204">
     <span class='ocr_line' id='line_1_95' title="bbox 2029 2131 3679 2204; baseline -0.005 -13"><span class='ocrx_word' id='word_1_680' title='bbox 2029 2138 2259 2204; x_wconf 80' lang='lat' dir='ltr'><strong>emtum,</strong></span> <span class='ocrx_word' id='word_1_681' title='bbox 2294 2139 2351 2190; x_wconf 90' lang='lat' dir='ltr'><strong>et</strong></span> <span class='ocrx_word' id='word_1_682' title='bbox 2382 2132 2649 2187; x_wconf 88' lang='lat' dir='ltr'><strong>ordinata</strong></span> <span class='ocrx_word' id='word_1_683' title='bbox 2704 2137 2792 2186; x_wconf 89' lang='lat' dir='ltr'><strong>est</strong></span> <span class='ocrx_word' id='word_1_684' title='bbox 2844 2131 3100 2186; x_wconf 87' lang='lat' dir='ltr'><strong>Ecclesia</strong></span> <span class='ocrx_word' id='word_1_685' title='bbox 3156 2132 3262 2186; x_wconf 85' lang='lat' dir='ltr'><strong>sub</strong></span> <span class='ocrx_word' id='word_1_686' title='bbox 3295 2148 3428 2203; x_wconf 84' lang='lat' dir='ltr'><strong>rege</strong></span> <span class='ocrx_word' id='word_1_687' title='bbox 3459 2149 3586 2187; x_wconf 91' lang='lat' dir='ltr'><strong>suo.</strong></span> <span class='ocrx_word' id='word_1_688' title='bbox 3618 2133 3679 2186; x_wconf 85' lang='lat' dir='ltr'><strong>In</strong></span> 
     </span>
    </p>
   </div>
   <div class='ocr_carea' id='block_1_95' title="bbox 2029 2210 3680 2286">
    <p class='ocr_par' dir='ltr' id='par_1_95' title="bbox 2029 2210 3680 2286">
     <span class='ocr_line' id='line_1_96' title="bbox 2029 2210 3680 2286; baseline -0.005 -14"><span class='ocrx_word' id='word_1_689' title='bbox 2029 2218 2204 2272; x_wconf 87' lang='lat' dir='ltr'><strong>lucem</strong></span> <span class='ocrx_word' id='word_1_690' title='bbox 2223 2215 2419 2286; x_wconf 86' lang='lat' dir='ltr'><strong>jacula</strong></span> <span class='ocrx_word' id='word_1_691' title='bbox 2450 2217 2541 2267; x_wconf 87' lang='lat' dir='ltr'><strong>tua</strong></span> <span class='ocrx_word' id='word_1_692' title='bbox 2573 2211 2728 2266; x_wconf 87' lang='lat' dir='ltr'><strong>ibunt</strong></span> <span class='ocrx_word' id='word_1_693' title='bbox 2753 2229 2773 2272; x_wconf 77' lang='grc' dir='ltr'><strong>,ο</strong></span> <span class='ocrx_word' id='word_1_694' title='bbox 2804 2210 2909 2265; x_wconf 90' lang='lat' dir='ltr'><strong>hoc</strong></span> <span class='ocrx_word' id='word_1_695' title='bbox 2952 2216 3061 2279; x_wconf 91' lang='lat' dir='ltr'><strong>est,</strong></span> <span class='ocrx_word' id='word_1_696' title='bbox 3098 2228 3213 2266; x_wconf 92' lang='lat' dir='ltr'><strong>non</strong></span> <span class='ocrx_word' id='word_1_697' title='bbox 3260 2210 3321 2266; x_wconf 90' lang='lat' dir='ltr'><strong>in</strong></span> <span class='ocrx_word' id='word_1_698' title='bbox 3356 2212 3680 2276; x_wconf 88' lang='lat' dir='ltr'><strong>occultum,</strong></span> 
     </span>
    </p>
   </div>
   <div class='ocr_carea' id='block_1_96' title="bbox 2029 2291 3683 2361">
    <p class='ocr_par' dir='ltr' id='par_1_96' title="bbox 2029 2291 3683 2361">
     <span class='ocr_line' id='line_1_97' title="bbox 2029 2291 3683 2361; baseline -0.005 -8"><span class='ocrx_word' id='word_1_699' title='bbox 2029 2298 2130 2353; x_wconf 87' lang='lat' dir='ltr'><strong>sed</strong></span> <span class='ocrx_word' id='word_1_700' title='bbox 2160 2297 2219 2352; x_wconf 89' lang='lat' dir='ltr'><strong>in</strong></span> <span class='ocrx_word' id='word_1_701' title='bbox 2244 2294 2618 2350; x_wconf 85' lang='lat' dir='ltr'><strong>manifestum</strong></span> <span class='ocrx_word' id='word_1_702' title='bbox 2674 2291 2853 2346; x_wconf 88' lang='lat' dir='ltr'><strong>verba</strong></span> <span class='ocrx_word' id='word_1_703' title='bbox 2897 2295 2996 2346; x_wconf 86' lang='lat' dir='ltr'><strong>tua</strong></span> <span class='ocrx_word' id='word_1_704' title='bbox 3038 2291 3366 2347; x_wconf 89' lang='lat' dir='ltr'><strong>mittentur.</strong></span> <span class='ocrx_word' id='word_1_705' title='bbox 3411 2293 3469 2348; x_wconf 87' lang='lat' dir='ltr'><strong>In</strong></span> <span class='ocrx_word' id='word_1_706' title='bbox 3498 2291 3683 2361; x_wconf 83' lang='lat' dir='ltr'><strong>splen-</strong></span> 
     </span>
    </p>
   </div>
   <div class='ocr_carea' id='block_1_97' title="bbox 2029 2372 3681 2434">
    <p class='ocr_par' dir='ltr' id='par_1_97' title="bbox 2029 2372 3681 2434">
     <span class='ocr_line' id='line_1_98' title="bbox 2029 2372 3681 2434; baseline -0.004 0"><span class='ocrx_word' id='word_1_707' title='bbox 2029 2379 2211 2434; x_wconf 88' lang='lat' dir='ltr'><strong>d0rem</strong></span> <span class='ocrx_word' id='word_1_708' title='bbox 2240 2375 2633 2433; x_wconf 87' lang='lat' dir='ltr'><strong>coruscationis</strong></span> <span class='ocrx_word' id='word_1_709' title='bbox 2676 2388 2961 2428; x_wconf 88' lang='lat' dir='ltr'><strong>armorum</strong></span> <span class='ocrx_word' id='word_1_710' title='bbox 3004 2376 3265 2427; x_wconf 86' lang='lat' dir='ltr'><strong>tuorum:</strong></span> <span class='ocrx_word' id='word_1_711' title='bbox 3319 2372 3681 2428; x_wconf 84' lang='lat' dir='ltr'><strong>subaudien-</strong></span> 
     </span>
    </p>
   </div>
   <div class='ocr_carea' id='block_1_98' title="bbox 2031 2452 3683 2529">
    <p class='ocr_par' dir='ltr' id='par_1_98' title="bbox 2031 2452 3683 2529">
     <span class='ocr_line' id='line_1_99' title="bbox 2031 2452 3683 2529; baseline -0.004 -14"><span class='ocrx_word' id='word_1_712' title='bbox 2031 2459 2170 2515; x_wconf 90' lang='lat' dir='ltr'><strong>dum</strong></span> <span class='ocrx_word' id='word_1_713' title='bbox 2203 2462 2311 2523; x_wconf 88' lang='lat' dir='ltr'><strong>est,</strong></span> <span class='ocrx_word' id='word_1_714' title='bbox 2335 2457 2525 2529; x_wconf 81' lang='lat' dir='ltr'><strong>jacula</strong></span> <span class='ocrx_word' id='word_1_715' title='bbox 2554 2465 2645 2511; x_wconf 89' lang='lat' dir='ltr'><strong>tua</strong></span> <span class='ocrx_word' id='word_1_716' title='bbox 2689 2454 2868 2509; x_wconf 87' lang='lat' dir='ltr'><strong>ibunt.</strong></span> <span class='ocrx_word' id='word_1_717' title='bbox 2902 2452 3134 2509; x_wconf 78' lang='lat' dir='ltr'><strong>Dixerat</strong></span> <span class='ocrx_word' id='word_1_718' title='bbox 3162 2453 3318 2508; x_wconf 90' lang='lat' dir='ltr'><strong>enim</strong></span> <span class='ocrx_word' id='word_1_719' title='bbox 3368 2452 3515 2521; x_wconf 90' lang='lat' dir='ltr'><strong>suis,</strong></span> <span class='ocrx_word' id='word_1_720' title='bbox 3550 2454 3683 2521; x_wconf 66' lang='lat' dir='ltr'><strong>Quae</strong></span> 
     </span>
    </p>
   </div>
   <div class='ocr_carea' id='block_1_99' title="bbox 2030 2531 3678 2603">
    <p class='ocr_par' dir='ltr' id='par_1_99' title="bbox 2030 2531 3678 2603">
     <span class='ocr_line' id='line_1_100' title="bbox 2030 2531 3678 2603; baseline -0.005 -7"><span class='ocrx_word' id='word_1_721' title='bbox 2030 2541 2152 2596; x_wconf 83' lang='lat' dir='ltr'><strong>dico</strong></span> <span class='ocrx_word' id='word_1_722' title='bbox 2208 2539 2357 2595; x_wconf 85' lang='lat' dir='ltr'><strong>vobis</strong></span> <span class='ocrx_word' id='word_1_723' title='bbox 2405 2538 2463 2593; x_wconf 90' lang='lat' dir='ltr'><strong>in</strong></span> <span class='ocrx_word' id='word_1_724' title='bbox 2517 2537 2773 2603; x_wconf 86' lang='lat' dir='ltr'><strong>tenebris,</strong></span> <span class='ocrx_word' id='word_1_725' title='bbox 2821 2534 2986 2589; x_wconf 82' lang='lat' dir='ltr'><strong>dicite</strong></span> <span class='ocrx_word' id='word_1_726' title='bbox 3038 2536 3096 2588; x_wconf 91' lang='lat' dir='ltr'><strong>in</strong></span> <span class='ocrx_word' id='word_1_727' title='bbox 3130 2533 3341 2589; x_wconf 85' lang='lat' dir='ltr'><strong>lumine</strong></span> <span class='ocrx_word' id='word_1_728' title='bbox 3372 2531 3591 2603; x_wconf 78' lang='lat' dir='ltr'><strong>(Matth.</strong></span> <span class='ocrx_word' id='word_1_729' title='bbox 3622 2550 3678 2603; x_wconf 86' lang='lat' dir='ltr'><strong>x,</strong></span> 
     </span>
    </p>
   </div>
   <div class='ocr_carea' id='block_1_100' title="bbox 2028 2614 3677 2693">
    <p class='ocr_par' dir='ltr' id='par_1_100' title="bbox 2028 2614 3677 2693">
     <span class='ocr_line' id='line_1_101' title="bbox 2028 2614 3677 2693; baseline -0.003 -18"><span class='ocrx_word' id='word_1_730' title='bbox 2028 2621 2143 2693; x_wconf 88' lang='lat'><strong>27).</strong></span> <span class='ocrx_word' id='word_1_731' title='bbox 2202 2623 2268 2675; x_wconf 88' lang='lat' dir='ltr'><strong>In</strong></span> <span class='ocrx_word' id='word_1_732' title='bbox 2322 2619 2743 2675; x_wconf 87' lang='lat' dir='ltr'><strong>comminatione</strong></span> <span class='ocrx_word' id='word_1_733' title='bbox 2796 2614 3109 2672; x_wconf 89' lang='lat' dir='ltr'><strong>minorabis</strong></span> <span class='ocrx_word' id='word_1_734' title='bbox 3163 2617 3407 2670; x_wconf 86' lang='lat' dir='ltr'><strong>terram:</strong></span> <span class='ocrx_word' id='word_1_735' title='bbox 3464 2614 3519 2668; x_wconf 92' lang='lat' dir='ltr'><strong>id</strong></span> <span class='ocrx_word' id='word_1_736' title='bbox 3567 2619 3677 2684; x_wconf 90' lang='lat' dir='ltr'><strong>est,</strong></span> 
     </span>
    </p>
   </div>
   <div class='ocr_carea' id='block_1_101' title="bbox 2032 2693 3684 2765">
    <p class='ocr_par' dir='ltr' id='par_1_101' title="bbox 2032 2693 3684 2765">
     <span class='ocr_line' id='line_1_102' title="bbox 2032 2693 3684 2765; baseline -0.004 -9"><span class='ocrx_word' id='word_1_737' title='bbox 2032 2700 2443 2757; x_wconf 88' lang='lat' dir='ltr'><strong>comminando</strong></span> <span class='ocrx_word' id='word_1_738' title='bbox 2486 2696 2818 2753; x_wconf 83' lang='lat' dir='ltr'><strong>humiliabis</strong></span> <span class='ocrx_word' id='word_1_739' title='bbox 2870 2696 3158 2751; x_wconf 87' lang='lat' dir='ltr'><strong>homines.</strong></span> <span class='ocrx_word' id='word_1_740' title='bbox 3191 2697 3255 2750; x_wconf 82' lang='lat' dir='ltr'><strong>Et</strong></span> <span class='ocrx_word' id='word_1_741' title='bbox 3284 2693 3341 2749; x_wconf 88' lang='lat' dir='ltr'><strong>in</strong></span> <span class='ocrx_word' id='word_1_742' title='bbox 3372 2696 3561 2765; x_wconf 83' lang='lat' dir='ltr'><strong>furore</strong></span> <span class='ocrx_word' id='word_1_743' title='bbox 3589 2693 3684 2750; x_wconf 48' lang='lat' dir='ltr'><strong>de.</strong></span> 
     </span>
    </p>
   </div>
   <div class='ocr_carea' id='block_1_102' title="bbox 2023 2772 3688 2853">
    <p class='ocr_par' dir='ltr' id='par_1_102' title="bbox 2023 2772 3688 2853">
     <span class='ocr_line' id='line_1_103' title="bbox 2023 2772 3688 2853; baseline -0.006 -16"><span class='ocrx_word' id='word_1_744' title='bbox 2023 2781 2183 2853; x_wconf 87' lang='lat' dir='ltr'><strong>jicies</strong></span> <span class='ocrx_word' id='word_1_745' title='bbox 2221 2788 2442 2849; x_wconf 85' lang='lat' dir='ltr'><strong>gentes:</strong></span> <span class='ocrx_word' id='word_1_746' title='bbox 2474 2779 2613 2850; x_wconf 90' lang='lat' dir='ltr'><strong>quia</strong></span> <span class='ocrx_word' id='word_1_747' title='bbox 2641 2792 2741 2833; x_wconf 86' lang='lat' dir='ltr'><strong>eos</strong></span> <span class='ocrx_word' id='word_1_748' title='bbox 2789 2777 2891 2849; x_wconf 89' lang='lat' dir='ltr'><strong>qui</strong></span> <span class='ocrx_word' id='word_1_749' title='bbox 2922 2791 2981 2830; x_wconf 90' lang='lat' dir='ltr'><strong>se</strong></span> <span class='ocrx_word' id='word_1_750' title='bbox 3030 2773 3306 2841; x_wconf 85' lang='lat' dir='ltr'><strong>exaltant,</strong></span> <span class='ocrx_word' id='word_1_751' title='bbox 3339 2772 3688 2849; x_wconf 85' lang='lat' dir='ltr'><strong>vindicando</strong></span> 
     </span>
    </p>
   </div>
   <div class='ocr_carea' id='block_1_103' title="bbox 2033 2853 3687 2927">
    <p class='ocr_par' dir='ltr' id='par_1_103' title="bbox 2033 2853 3687 2927">
     <span class='ocr_line' id='line_1_104' title="bbox 2033 2853 3687 2927; baseline -0.005 -10"><span class='ocrx_word' id='word_1_752' title='bbox 2033 2861 2293 2917; x_wconf 89' lang='lat' dir='ltr'><strong>collides.</strong></span> <span class='ocrx_word' id='word_1_753' title='bbox 2330 2858 2510 2916; x_wconf 76' lang='lat' dir='ltr'><strong>Existi</strong></span> <span class='ocrx_word' id='word_1_754' title='bbox 2538 2860 2597 2913; x_wconf 91' lang='lat' dir='ltr'><strong>in</strong></span> <span class='ocrx_word' id='word_1_755' title='bbox 2625 2857 2861 2912; x_wconf 90' lang='lat' dir='ltr'><strong>salutem</strong></span> <span class='ocrx_word' id='word_1_756' title='bbox 2889 2854 3079 2927; x_wconf 85' lang='lat' dir='ltr'><strong>populi</strong></span> <span class='ocrx_word' id='word_1_757' title='bbox 3110 2853 3217 2918; x_wconf 85' lang='lat' dir='ltr'><strong>tui,</strong></span> <span class='ocrx_word' id='word_1_758' title='bbox 3248 2858 3310 2909; x_wconf 92' lang='lat' dir='ltr'><strong>ut</strong></span> <span class='ocrx_word' id='word_1_759' title='bbox 3337 2854 3515 2909; x_wconf 74' lang='lat' dir='ltr'><strong>salvos</strong></span> <span class='ocrx_word' id='word_1_760' title='bbox 3542 2855 3687 2922; x_wconf 80' lang='lat' dir='ltr'><strong>face-</strong></span> 
     </span>
    </p>
   </div>
   <div class='ocr_carea' id='block_1_104' title="bbox 2032 2935 3686 3011">
    <p class='ocr_par' dir='ltr' id='par_1_104' title="bbox 2032 2935 3686 3011">
     <span class='ocr_line' id='line_1_105' title="bbox 2032 2935 3686 3011; baseline -0.005 -13"><span class='ocrx_word' id='word_1_761' title='bbox 2032 2943 2152 2998; x_wconf 55' lang='lat' dir='ltr'><strong>res?</strong></span> <span class='ocrx_word' id='word_1_762' title='bbox 2179 2943 2549 2998; x_wconf 83' lang='lat' dir='ltr'><strong>christostuos</strong></span> <span class='ocrx_word' id='word_1_763' title='bbox 2570 2939 2689 3011; x_wconf 88' lang='lat' dir='ltr'><strong>(a);</strong></span> <span class='ocrx_word' id='word_1_764' title='bbox 2748 2937 2965 2992; x_wconf 83' lang='lat' dir='ltr'><strong>misisti</strong></span> <span class='ocrx_word' id='word_1_765' title='bbox 3012 2938 3070 2992; x_wconf 82' lang='lat' dir='ltr'><strong>in</strong></span> <span class='ocrx_word' id='word_1_766' title='bbox 3128 2936 3315 3006; x_wconf 86' lang='lat' dir='ltr'><strong>capita</strong></span> <span class='ocrx_word' id='word_1_767' title='bbox 3363 2935 3686 3005; x_wconf 85' lang='lat' dir='ltr'><strong>iniquorum</strong></span> 
     </span>
    </p>
   </div>
   <div class='ocr_carea' id='block_1_105' title="bbox 2034 3013 3689 3085">
    <p class='ocr_par' dir='ltr' id='par_1_105' title="bbox 2034 3013 3689 3085">
     <span class='ocr_line' id='line_1_106' title="bbox 2034 3013 3689 3085; baseline -0.005 -8"><span class='ocrx_word' id='word_1_768' title='bbox 2034 3033 2297 3077; x_wconf 86' lang='lat' dir='ltr'><strong>mortem:</strong></span> <span class='ocrx_word' id='word_1_769' title='bbox 2341 3019 2486 3077; x_wconf 89' lang='lat' dir='ltr'><strong>nihil</strong></span> <span class='ocrx_word' id='word_1_770' title='bbox 2526 3020 2733 3075; x_wconf 88' lang='lat' dir='ltr'><strong>borum</strong></span> <span class='ocrx_word' id='word_1_771' title='bbox 2792 3021 2882 3072; x_wconf 87' lang='lat' dir='ltr'><strong>est</strong></span> <span class='ocrx_word' id='word_1_772' title='bbox 2936 3017 3357 3085; x_wconf 86' lang='lat' dir='ltr'><strong>exponendum.</strong></span> <span class='ocrx_word' id='word_1_773' title='bbox 3418 3013 3689 3070; x_wconf 75' lang='lat' dir='ltr'><strong>Excitasti</strong></span> 
     </span>
    </p>
   </div>
   <div class='ocr_carea' id='block_1_106' title="bbox 2032 3093 3687 3173">
    <p class='ocr_par' dir='ltr' id='par_1_106' title="bbox 2032 3093 3687 3173">
     <span class='ocr_line' id='line_1_107' title="bbox 2032 3093 3687 3173; baseline -0.007 -13"><span class='ocrx_word' id='word_1_774' title='bbox 2032 3102 2255 3160; x_wconf 82' lang='lat' dir='ltr'><strong>vincula</strong></span> <span class='ocrx_word' id='word_1_775' title='bbox 2282 3116 2453 3173; x_wconf 86' lang='lat' dir='ltr'><strong>usque</strong></span> <span class='ocrx_word' id='word_1_776' title='bbox 2483 3099 2554 3154; x_wconf 87' lang='lat' dir='ltr'><strong>ad</strong></span> <span class='ocrx_word' id='word_1_777' title='bbox 2580 3096 2812 3154; x_wconf 90' lang='lat' dir='ltr'><strong>collum.</strong></span> <span class='ocrx_word' id='word_1_778' title='bbox 2847 3096 2911 3151; x_wconf 89' lang='lat' dir='ltr'><strong>Et</strong></span> <span class='ocrx_word' id='word_1_779' title='bbox 2941 3097 3088 3151; x_wconf 83' lang='lat' dir='ltr'><strong>bona</strong></span> <span class='ocrx_word' id='word_1_780' title='bbox 3118 3094 3210 3150; x_wconf 89' lang='lat' dir='ltr'><strong>hic</strong></span> <span class='ocrx_word' id='word_1_781' title='bbox 3244 3097 3491 3165; x_wconf 89' lang='lat' dir='ltr'><strong>possunt</strong></span> <span class='ocrx_word' id='word_1_782' title='bbox 3523 3093 3687 3149; x_wconf 88' lang='lat' dir='ltr'><strong>intel-</strong></span> 
     </span>
    </p>
   </div>
   <div class='ocr_carea' id='block_1_107' title="bbox 2031 3173 3686 3258">
    <p class='ocr_par' dir='ltr' id='par_1_107' title="bbox 2031 3173 3686 3258">
     <span class='ocr_line' id='line_1_108' title="bbox 2031 3173 3686 3258; baseline -0.008 -17"><span class='ocrx_word' id='word_1_783' title='bbox 2031 3186 2136 3258; x_wconf 80' lang='lat' dir='ltr'><strong>ligi</strong></span> <span class='ocrx_word' id='word_1_784' title='bbox 2191 3181 2418 3240; x_wconf 84' lang='lat' dir='ltr'><strong>vincula</strong></span> <span class='ocrx_word' id='word_1_785' title='bbox 2474 3179 2791 3252; x_wconf 66' lang='lat' dir='ltr'><strong>sapientiai,</strong></span> <span class='ocrx_word' id='word_1_786' title='bbox 2847 3182 2912 3233; x_wconf 92' lang='lat' dir='ltr'><strong>ut</strong></span> <span class='ocrx_word' id='word_1_787' title='bbox 2972 3173 3349 3258; x_wconf 60' lang='lat' dir='ltr'><strong>injicianturf</strong></span> <span class='ocrx_word' id='word_1_788' title='bbox 3407 3174 3583 3246; x_wconf 86' lang='lat' dir='ltr'><strong>pedes</strong></span> <span class='ocrx_word' id='word_1_789' title='bbox 3624 3173 3686 3258; x_wconf 85' lang='lat' dir='ltr'><strong>in</strong></span> 
     </span>
    </p>
   </div>
   <div class='ocr_carea' id='block_1_108' title="bbox 2033 3255 3687 3335">
    <p class='ocr_par' dir='ltr' id='par_1_108' title="bbox 2033 3255 3687 3335">
     <span class='ocr_line' id='line_1_109' title="bbox 2033 3255 3687 3335; baseline -0.007 -15"><span class='ocrx_word' id='word_1_790' title='bbox 2033 3255 2338 3335; x_wconf 73' lang='lat' dir='ltr'><strong>compedes</strong></span> <span class='ocrx_word' id='word_1_791' title='bbox 2369 3262 2518 3331; x_wconf 87' lang='lat' dir='ltr'><strong>ejus,</strong></span> <span class='ocrx_word' id='word_1_792' title='bbox 2545 3267 2599 3316; x_wconf 90' lang='lat' dir='ltr'><strong>et</strong></span> <span class='ocrx_word' id='word_1_793' title='bbox 2629 3258 2845 3315; x_wconf 90' lang='lat' dir='ltr'><strong>collum</strong></span> <span class='ocrx_word' id='word_1_794' title='bbox 2891 3257 2949 3311; x_wconf 91' lang='lat' dir='ltr'><strong>in</strong></span> <span class='ocrx_word' id='word_1_795' title='bbox 2994 3260 3261 3327; x_wconf 81' lang='lat' dir='ltr'><strong>torquem</strong></span> <span class='ocrx_word' id='word_1_796' title='bbox 3293 3255 3440 3335; x_wconf 81' lang='lat' dir='ltr'><strong>eius.</strong></span> <span class='ocrx_word' id='word_1_797' title='bbox 3470 3255 3687 3335; x_wconf 68' lang='lat' dir='ltr'><strong>Praeci-</strong></span> 
     </span>
    </p>
   </div>
   <div class='ocr_carea' id='block_1_109' title="bbox 2033 3334 3688 3413">
    <p class='ocr_par' dir='ltr' id='par_1_109' title="bbox 2033 3334 3688 3413">
     <span class='ocr_line' id='line_1_110' title="bbox 2033 3334 3688 3413; baseline -0.007 -14"><span class='ocrx_word' id='word_1_798' title='bbox 2033 3344 2168 3399; x_wconf 81' lang='lat' dir='ltr'><strong>disti</strong></span> <span class='ocrx_word' id='word_1_799' title='bbox 2197 3345 2257 3398; x_wconf 91' lang='lat' dir='ltr'><strong>in</strong></span> <span class='ocrx_word' id='word_1_800' title='bbox 2294 3352 2511 3413; x_wconf 87' lang='lat' dir='ltr'><strong>stupore</strong></span> <span class='ocrx_word' id='word_1_801' title='bbox 2540 3337 2739 3395; x_wconf 88' lang='lat' dir='ltr'><strong>mentis</strong></span> <span class='ocrx_word' id='word_1_802' title='bbox 2760 3355 2779 3391; x_wconf 90' lang='lat'><strong>:</strong></span> <span class='ocrx_word' id='word_1_803' title='bbox 2810 3336 3262 3405; x_wconf 86' lang='lat' dir='ltr'><strong>subaudiamus,</strong></span> <span class='ocrx_word' id='word_1_804' title='bbox 3294 3334 3559 3413; x_wconf 80' lang='lat' dir='ltr'><strong>vincula:</strong></span> <span class='ocrx_word' id='word_1_805' title='bbox 3589 3349 3688 3413; x_wconf 81' lang='lat' dir='ltr'><strong>ex-</strong></span> 
     </span>
    </p>
   </div>
   <div class='ocr_carea' id='block_1_110' title="bbox 2036 3410 3688 3488">
    <p class='ocr_par' dir='ltr' id='par_1_110' title="bbox 2036 3410 3688 3488">
     <span class='ocr_line' id='line_1_111' title="bbox 2036 3410 3688 3488; baseline -0.008 -10"><span class='ocrx_word' id='word_1_806' title='bbox 2036 3423 2232 3479; x_wconf 86' lang='lat' dir='ltr'><strong>citavit</strong></span> <span class='ocrx_word' id='word_1_807' title='bbox 2261 3410 2417 3476; x_wconf 87' lang='lat' dir='ltr'><strong>enim</strong></span> <span class='ocrx_word' id='word_1_808' title='bbox 2450 3420 2624 3483; x_wconf 88' lang='lat' dir='ltr'><strong>bona,</strong></span> <span class='ocrx_word' id='word_1_809' title='bbox 2670 3416 2926 3488; x_wconf 68' lang='lat' dir='ltr'><strong>prmeidit</strong></span> <span class='ocrx_word' id='word_1_810' title='bbox 2960 3416 3134 3481; x_wconf 87' lang='lat' dir='ltr'><strong>mala,</strong></span> <span class='ocrx_word' id='word_1_811' title='bbox 3168 3415 3239 3468; x_wconf 86' lang='lat' dir='ltr'><strong>de</strong></span> <span class='ocrx_word' id='word_1_812' title='bbox 3269 3412 3485 3483; x_wconf 89' lang='lat' dir='ltr'><strong>quibus</strong></span> <span class='ocrx_word' id='word_1_813' title='bbox 3515 3411 3567 3466; x_wconf 91' lang='lat' dir='ltr'><strong>ei</strong></span> <span class='ocrx_word' id='word_1_814' title='bbox 3596 3410 3688 3465; x_wconf 91' lang='lat' dir='ltr'><strong>di-</strong></span> 
     </span>
    </p>
   </div>
   <div class='ocr_carea' id='block_1_111' title="bbox 2037 3488 3690 3567">
    <p class='ocr_par' dir='ltr' id='par_1_111' title="bbox 2037 3488 3690 3567">
     <span class='ocr_line' id='line_1_112' title="bbox 2037 3488 3690 3567; baseline -0.009 -10"><span class='ocrx_word' id='word_1_815' title='bbox 2037 3503 2208 3567; x_wconf 89' lang='lat' dir='ltr'><strong>citur,</strong></span> <span class='ocrx_word' id='word_1_816' title='bbox 2240 3498 2546 3564; x_wconf 68' lang='lat' dir='ltr'><strong>Disrupr‘sti</strong></span> <span class='ocrx_word' id='word_1_817' title='bbox 2573 3496 2793 3550; x_wconf 87' lang='lat' dir='ltr'><strong>vincula</strong></span> <span class='ocrx_word' id='word_1_818' title='bbox 2817 3508 2937 3547; x_wconf 87' lang='lat' dir='ltr'><strong>mea</strong></span> <span class='ocrx_word' id='word_1_819' title='bbox 2970 3493 3145 3562; x_wconf 87' lang='lat' dir='ltr'><strong>(Psal.</strong></span> <span class='ocrx_word' id='word_1_820' title='bbox 3180 3507 3306 3550; x_wconf 85' lang='lat' dir='ltr'><strong>cxv.</strong></span> <span class='ocrx_word' id='word_1_821' title='bbox 3341 3490 3427 3559; x_wconf 81' lang='grc'><strong>16)</strong></span> <span class='ocrx_word' id='word_1_822' title='bbox 3452 3506 3466 3544; x_wconf 89' lang='lat'><strong>:</strong></span> <span class='ocrx_word' id='word_1_823' title='bbox 3495 3492 3552 3542; x_wconf 86' lang='lat' dir='ltr'><strong>et</strong></span> <span class='ocrx_word' id='word_1_824' title='bbox 3580 3488 3690 3545; x_wconf 91' lang='lat' dir='ltr'><strong>hoc</strong></span> 
     </span>
    </p>
   </div>
   <div class='ocr_carea' id='block_1_112' title="bbox 2038 3569 3692 3651">
    <p class='ocr_par' dir='ltr' id='par_1_112' title="bbox 2038 3569 3692 3651">
     <span class='ocr_line' id='line_1_113' title="bbox 2038 3569 3692 3651; baseline -0.009 -14"><span class='ocrx_word' id='word_1_825' title='bbox 2038 3584 2100 3637; x_wconf 87' lang='lat' dir='ltr'><strong>in</strong></span> <span class='ocrx_word' id='word_1_826' title='bbox 2126 3585 2343 3651; x_wconf 85' lang='lat' dir='ltr'><strong>stupore</strong></span> <span class='ocrx_word' id='word_1_827' title='bbox 2371 3576 2593 3640; x_wconf 88' lang='lat' dir='ltr'><strong>mentis,</strong></span> <span class='ocrx_word' id='word_1_828' title='bbox 2628 3573 2689 3629; x_wconf 92' lang='lat' dir='ltr'><strong>id</strong></span> <span class='ocrx_word' id='word_1_829' title='bbox 2719 3578 2829 3640; x_wconf 86' lang='lat' dir='ltr'><strong>est,</strong></span> <span class='ocrx_word' id='word_1_830' title='bbox 2879 3571 3244 3651; x_wconf 79' lang='lat' dir='ltr'><strong>mirabiliter.</strong></span> <span class='ocrx_word' id='word_1_831' title='bbox 3280 3569 3469 3651; x_wconf 78' lang='lat' dir='ltr'><strong>Capita</strong></span> <span class='ocrx_word' id='word_1_832' title='bbox 3496 3571 3692 3651; x_wconf 82' lang='lat' dir='ltr'><strong>poten-</strong></span> 
     </span>
    </p>
   </div>
   <div class='ocr_carea' id='block_1_113' title="bbox 2039 3646 3690 3719">
    <p class='ocr_par' dir='ltr' id='par_1_113' title="bbox 2039 3646 3690 3719">
     <span class='ocr_line' id='line_1_114' title="bbox 2039 3646 3690 3719; baseline -0.01 0"><span class='ocrx_word' id='word_1_833' title='bbox 2039 3663 2183 3719; x_wconf 88' lang='lat' dir='ltr'><strong>tium</strong></span> <span class='ocrx_word' id='word_1_834' title='bbox 2209 3646 2571 3716; x_wconf 78' lang='lat' dir='ltr'><strong>movebuntur</strong></span> <span class='ocrx_word' id='word_1_835' title='bbox 2598 3656 2657 3711; x_wconf 90' lang='lat' dir='ltr'><strong>in</strong></span> <span class='ocrx_word' id='word_1_836' title='bbox 2681 3670 2743 3709; x_wconf 90' lang='lat' dir='ltr'><strong>ea</strong></span> <span class='ocrx_word' id='word_1_837' title='bbox 2767 3670 2786 3708; x_wconf 90' lang='lat'><strong>:</strong></span> <span class='ocrx_word' id='word_1_838' title='bbox 2815 3652 2875 3707; x_wconf 94' lang='lat' dir='ltr'><strong>in</strong></span> <span class='ocrx_word' id='word_1_839' title='bbox 2906 3652 3006 3707; x_wconf 63' lang='lat' dir='ltr'><strong>ea&quot;</strong></span> <span class='ocrx_word' id='word_1_840' title='bbox 3035 3648 3262 3706; x_wconf 88' lang='lat' dir='ltr'><strong>scilicet</strong></span> <span class='ocrx_word' id='word_1_841' title='bbox 3287 3646 3690 3703; x_wconf 87' lang='lat' dir='ltr'><strong>admiratione.</strong></span> 
     </span>
    </p>
   </div>
   <div class='ocr_carea' id='block_1_114' title="bbox 2041 3727 3687 3814">
    <p class='ocr_par' dir='ltr' id='par_1_114' title="bbox 2041 3727 3687 3814">
     <span class='ocr_line' id='line_1_115' title="bbox 2041 3727 3687 3814; baseline -0.012 -13"><span class='ocrx_word' id='word_1_842' title='bbox 2041 3741 2369 3814; x_wconf 83' lang='lat' dir='ltr'><strong>Adaperient</strong></span> <span class='ocrx_word' id='word_1_843' title='bbox 2397 3753 2615 3793; x_wconf 83' lang='lat' dir='ltr'><strong>morsus</strong></span> <span class='ocrx_word' id='word_1_844' title='bbox 2643 3748 2790 3802; x_wconf 86' lang='lat' dir='ltr'><strong>suos,</strong></span> <span class='ocrx_word' id='word_1_845' title='bbox 2813 3734 2957 3789; x_wconf 86' lang='lat' dir='ltr'><strong>sicut</strong></span> <span class='ocrx_word' id='word_1_846' title='bbox 2986 3730 3149 3787; x_wconf 80' lang='lat' dir='ltr'><strong>edens</strong></span> <span class='ocrx_word' id='word_1_847' title='bbox 3178 3744 3391 3814; x_wconf 69' lang='lat' dir='ltr'><strong>pauper</strong></span> <span class='ocrx_word' id='word_1_848' title='bbox 3416 3727 3687 3814; x_wconf 80' lang='lat' dir='ltr'><strong>absconse.</strong></span> 
     </span>
    </p>
   </div>
   <div class='ocr_carea' id='block_1_115' title="bbox 2041 3808 3691 3891">
    <p class='ocr_par' dir='ltr' id='par_1_115' title="bbox 2041 3808 3691 3891">
     <span class='ocr_line' id='line_1_116' title="bbox 2041 3808 3691 3891; baseline -0.01 -11"><span class='ocrx_word' id='word_1_849' title='bbox 2041 3808 2312 3882; x_wconf 82' lang='lat' dir='ltr'><strong>Potentes</strong></span> <span class='ocrx_word' id='word_1_850' title='bbox 2368 3821 2524 3877; x_wconf 88' lang='lat' dir='ltr'><strong>enim</strong></span> <span class='ocrx_word' id='word_1_851' title='bbox 2581 3817 2817 3891; x_wconf 89' lang='lat' dir='ltr'><strong>quidam</strong></span> <span class='ocrx_word' id='word_1_852' title='bbox 2873 3814 3209 3870; x_wconf 70' lang='lat' dir='ltr'><strong>Iudaeorum</strong></span> <span class='ocrx_word' id='word_1_853' title='bbox 3264 3808 3577 3891; x_wconf 85' lang='lat' dir='ltr'><strong>veniebant</strong></span> <span class='ocrx_word' id='word_1_854' title='bbox 3619 3809 3691 3865; x_wconf 90' lang='lat' dir='ltr'><strong>ad</strong></span> 
     </span>
    </p>
   </div>
   <div class='ocr_carea' id='block_1_116' title="bbox 2043 3888 3694 3969">
    <p class='ocr_par' dir='ltr' id='par_1_116' title="bbox 2043 3888 3694 3969">
     <span class='ocr_line' id='line_1_117' title="bbox 2043 3888 3694 3969; baseline -0.011 -7"><span class='ocrx_word' id='word_1_855' title='bbox 2043 3904 2350 3963; x_wconf 81' lang='lat' dir='ltr'><strong>Dominum</strong></span> <span class='ocrx_word' id='word_1_856' title='bbox 2386 3902 2535 3956; x_wconf 80' lang='lat' dir='ltr'><strong>facta</strong></span> <span class='ocrx_word' id='word_1_857' title='bbox 2554 3888 2682 3969; x_wconf 83' lang='lat' dir='ltr'><strong>ejus</strong></span> <span class='ocrx_word' id='word_1_858' title='bbox 2728 3900 2785 3952; x_wconf 90' lang='lat' dir='ltr'><strong>et</strong></span> <span class='ocrx_word' id='word_1_859' title='bbox 2813 3894 2988 3950; x_wconf 90' lang='lat' dir='ltr'><strong>verba</strong></span> <span class='ocrx_word' id='word_1_860' title='bbox 3019 3891 3235 3957; x_wconf 85' lang='lat' dir='ltr'><strong>mirati,</strong></span> <span class='ocrx_word' id='word_1_861' title='bbox 3284 3892 3342 3944; x_wconf 88' lang='lat' dir='ltr'><strong>et</strong></span> <span class='ocrx_word' id='word_1_862' title='bbox 3369 3888 3694 3945; x_wconf 89' lang='lat' dir='ltr'><strong>esurientes</strong></span> 
     </span>
    </p>
   </div>
   <div class='ocr_carea' id='block_1_117' title="bbox 2042 3973 3697 4061">
    <p class='ocr_par' dir='ltr' id='par_1_117' title="bbox 2042 3973 3697 4061">
     <span class='ocr_line' id='line_1_118' title="bbox 2042 3973 3697 4061; baseline -0.012 -18"><span class='ocrx_word' id='word_1_863' title='bbox 2042 4003 2250 4061; x_wconf 87' lang='lat' dir='ltr'><strong>panem</strong></span> <span class='ocrx_word' id='word_1_864' title='bbox 2309 3981 2588 4039; x_wconf 77' lang='lat' dir='ltr'><strong>doctrinas</strong></span> <span class='ocrx_word' id='word_1_865' title='bbox 2643 3975 3083 4033; x_wconf 84' lang='lat' dir='ltr'><strong>manducabant</strong></span> <span class='ocrx_word' id='word_1_866' title='bbox 3136 3973 3417 4061; x_wconf 63' lang='lat' dir='ltr'><strong>abscopse</strong></span> <span class='ocrx_word' id='word_1_867' title='bbox 3465 3977 3697 4061; x_wconf 76' lang='lat' dir='ltr'><strong>propter</strong></span> 
     </span>
    </p>
   </div>
   <div class='ocr_carea' id='block_1_118' title="bbox 2043 4048 3694 4127">
    <p class='ocr_par' dir='ltr' id='par_1_118' title="bbox 2043 4048 3694 4127">
     <span class='ocr_line' id='line_1_119' title="bbox 2043 4048 3694 4127; baseline -0.012 -2"><span class='ocrx_word' id='word_1_868' title='bbox 2043 4048 2262 4126; x_wconf 73' lang='lat' dir='ltr'><strong>metum</strong></span> <span class='ocrx_word' id='word_1_869' title='bbox 2284 4064 2638 4127; x_wconf 75' lang='lat' dir='ltr'><strong>Judtsorum,</strong></span> <span class='ocrx_word' id='word_1_870' title='bbox 2669 4059 2824 4115; x_wconf 89' lang='lat' dir='ltr'><strong>sicut</strong></span> <span class='ocrx_word' id='word_1_871' title='bbox 2852 4072 2951 4111; x_wconf 89' lang='lat' dir='ltr'><strong>eos</strong></span> <span class='ocrx_word' id='word_1_872' title='bbox 3010 4053 3270 4126; x_wconf 89' lang='lat' dir='ltr'><strong>prodidit</strong></span> <span class='ocrx_word' id='word_1_873' title='bbox 3316 4048 3694 4121; x_wconf 84' lang='lat' dir='ltr'><strong>Evangelium</strong></span> 
     </span>
    </p>
   </div>
   <div class='ocr_carea' id='block_1_119' title="bbox 2041 4135 3696 4224">
    <p class='ocr_par' dir='ltr' id='par_1_119' title="bbox 2041 4135 3696 4224">
     <span class='ocr_line' id='line_1_120' title="bbox 2041 4135 3696 4224; baseline -0.014 -17"><span class='ocrx_word' id='word_1_874' title='bbox 2041 4152 2217 4224; x_wconf 87' lang='lat' dir='ltr'><strong>(Joan.</strong></span> <span class='ocrx_word' id='word_1_875' title='bbox 2252 4163 2368 4202; x_wconf 69' lang='lat' dir='ltr'><strong>xxx.</strong></span> <span class='ocrx_word' id='word_1_876' title='bbox 2400 4144 2514 4215; x_wconf 90' lang='lat'><strong>38).</strong></span> <span class='ocrx_word' id='word_1_877' title='bbox 2548 4142 2612 4197; x_wconf 85' lang='lat' dir='ltr'><strong>Et</strong></span> <span class='ocrx_word' id='word_1_878' title='bbox 2634 4136 2920 4196; x_wconf 89' lang='lat' dir='ltr'><strong>immisisti</strong></span> <span class='ocrx_word' id='word_1_879' title='bbox 2959 4135 3203 4224; x_wconf 75' lang='lat' dir='ltr'><strong>mare</strong></span> <span class='ocrx_word' id='word_1_880' title='bbox 3230 4148 3392 4224; x_wconf 76' lang='lat' dir='ltr'><strong>equos</strong></span> <span class='ocrx_word' id='word_1_881' title='bbox 3422 4137 3545 4224; x_wconf 72' lang='lat' dir='ltr'><strong>tuos</strong></span> <span class='ocrx_word' id='word_1_882' title='bbox 3576 4138 3696 4186; x_wconf 85' lang='lat' dir='ltr'><strong>tur-</strong></span> 
     </span>
    </p>
   </div>
   <div class='ocr_carea' id='block_1_120' title="bbox 2045 4212 3695 4300">
    <p class='ocr_par' dir='ltr' id='par_1_120' title="bbox 2045 4212 3695 4300">
     <span class='ocr_line' id='line_1_121' title="bbox 2045 4212 3695 4300; baseline -0.015 -11"><span class='ocrx_word' id='word_1_883' title='bbox 2045 4212 2231 4289; x_wconf 81' lang='lat' dir='ltr'><strong>bantes</strong></span> <span class='ocrx_word' id='word_1_884' title='bbox 2260 4242 2428 4300; x_wconf 83' lang='lat' dir='ltr'><strong>aquas</strong></span> <span class='ocrx_word' id='word_1_885' title='bbox 2473 4212 2679 4279; x_wconf 81' lang='lat' dir='ltr'><strong>multas</strong></span> <span class='ocrx_word' id='word_1_886' title='bbox 2706 4238 2727 4275; x_wconf 90' lang='lat'><strong>:</strong></span> <span class='ocrx_word' id='word_1_887' title='bbox 2757 4215 3064 4300; x_wconf 55' lang='lat' dir='ltr'><strong>(iurenihil</strong></span> <span class='ocrx_word' id='word_1_888' title='bbox 3118 4218 3256 4270; x_wconf 90' lang='lat' dir='ltr'><strong>sunt</strong></span> <span class='ocrx_word' id='word_1_889' title='bbox 3305 4212 3487 4300; x_wconf 86' lang='lat' dir='ltr'><strong>aliud,</strong></span> <span class='ocrx_word' id='word_1_890' title='bbox 3521 4227 3695 4300; x_wconf 85' lang='lat' dir='ltr'><strong>quam</strong></span> 
     </span>
    </p>
   </div>
   <div class='ocr_carea' id='block_1_121' title="bbox 2046 4297 3699 4384">
    <p class='ocr_par' dir='ltr' id='par_1_121' title="bbox 2046 4297 3699 4384">
     <span class='ocr_line' id='line_1_122' title="bbox 2046 4297 3699 4384; baseline -0.013 -16"><span class='ocrx_word' id='word_1_891' title='bbox 2046 4310 2244 4384; x_wconf 90' lang='lat' dir='ltr'><strong>populi</strong></span> <span class='ocrx_word' id='word_1_892' title='bbox 2277 4297 2466 4365; x_wconf 81' lang='lat' dir='ltr'><strong>multi.</strong></span> <span class='ocrx_word' id='word_1_893' title='bbox 2498 4304 2626 4360; x_wconf 90' lang='lat' dir='ltr'><strong>Non</strong></span> <span class='ocrx_word' id='word_1_894' title='bbox 2655 4301 2813 4358; x_wconf 91' lang='lat' dir='ltr'><strong>enim</strong></span> <span class='ocrx_word' id='word_1_895' title='bbox 2837 4298 2936 4355; x_wconf 90' lang='lat' dir='ltr'><strong>alii</strong></span> <span class='ocrx_word' id='word_1_896' title='bbox 2968 4297 3173 4384; x_wconf 83' lang='lat' dir='ltr'><strong>timore</strong></span> <span class='ocrx_word' id='word_1_897' title='bbox 3200 4297 3699 4384; x_wconf 68' lang='lat' dir='ltr'><strong>converterentur,</strong></span> 
     </span>
    </p>
   </div>
   <div class='ocr_carea' id='block_1_122' title="bbox 2046 4374 3701 4458">
    <p class='ocr_par' dir='ltr' id='par_1_122' title="bbox 2046 4374 3701 4458">
     <span class='ocr_line' id='line_1_123' title="bbox 2046 4374 3701 4458; baseline -0.013 -9"><span class='ocrx_word' id='word_1_898' title='bbox 2046 4374 2147 4450; x_wconf 70' lang='lat' dir='ltr'><strong>alii</strong></span> <span class='ocrx_word' id='word_1_899' title='bbox 2195 4393 2384 4447; x_wconf 79' lang='lat' dir='ltr'><strong>lurore</strong></span> <span class='ocrx_word' id='word_1_900' title='bbox 2432 4385 2943 4458; x_wconf 86' lang='lat' dir='ltr'><strong>persequerentur,</strong></span> <span class='ocrx_word' id='word_1_901' title='bbox 2993 4377 3107 4434; x_wconf 90' lang='lat' dir='ltr'><strong>nisi</strong></span> <span class='ocrx_word' id='word_1_902' title='bbox 3147 4391 3355 4434; x_wconf 86' lang='lat' dir='ltr'><strong>omnes</strong></span> <span class='ocrx_word' id='word_1_903' title='bbox 3393 4374 3701 4458; x_wconf 83' lang='lat' dir='ltr'><strong>turbaren-</strong></span> 
     </span>
    </p>
   </div>
   <div class='ocr_carea' id='block_1_123' title="bbox 2046 4456 3697 4534">
    <p class='ocr_par' dir='ltr' id='par_1_123' title="bbox 2046 4456 3697 4534">
     <span class='ocr_line' id='line_1_124' title="bbox 2046 4456 3697 4534; baseline -0.014 -2"><span class='ocrx_word' id='word_1_904' title='bbox 2046 4481 2159 4532; x_wconf 89' lang='lat' dir='ltr'><strong>tur.</strong></span> <span class='ocrx_word' id='word_1_905' title='bbox 2192 4456 2505 4534; x_wconf 69' lang='lat' dir='ltr'><strong>Observaoi,</strong></span> <span class='ocrx_word' id='word_1_906' title='bbox 2535 4474 2588 4520; x_wconf 90' lang='lat' dir='ltr'><strong>et</strong></span> <span class='ocrx_word' id='word_1_907' title='bbox 2612 4462 2837 4534; x_wconf 75' lang='lat' dir='ltr'><strong>expavit</strong></span> <span class='ocrx_word' id='word_1_908' title='bbox 2856 4466 3043 4517; x_wconf 85' lang='lat' dir='ltr'><strong>venter</strong></span> <span class='ocrx_word' id='word_1_909' title='bbox 3070 4474 3223 4515; x_wconf 83' lang='lat' dir='ltr'><strong>meus</strong></span> <span class='ocrx_word' id='word_1_910' title='bbox 3253 4474 3295 4513; x_wconf 83' lang='grc' dir='ltr'><em>α</em></span> <span class='ocrx_word' id='word_1_911' title='bbox 3338 4470 3462 4513; x_wconf 86' lang='lat' dir='ltr'><strong>voce</strong></span> <span class='ocrx_word' id='word_1_912' title='bbox 3489 4456 3697 4511; x_wconf 87' lang='lat' dir='ltr'><strong>oratio-</strong></span> 
     </span>
    </p>
   </div>
   <div class='ocr_carea' id='block_1_124' title="bbox 2046 4536 3701 4611">
    <p class='ocr_par' dir='ltr' id='par_1_124' title="bbox 2046 4536 3701 4611">
     <span class='ocr_line' id='line_1_125' title="bbox 2046 4536 3701 4611; baseline -0.013 0"><span class='ocrx_word' id='word_1_913' title='bbox 2046 4556 2136 4611; x_wconf 86' lang='lat' dir='ltr'><strong>nis</strong></span> <span class='ocrx_word' id='word_1_914' title='bbox 2165 4553 2437 4608; x_wconf 84' lang='lat' dir='ltr'><strong>labiorum</strong></span> <span class='ocrx_word' id='word_1_915' title='bbox 2482 4561 2770 4602; x_wconf 88' lang='lat' dir='ltr'><strong>meorum:</strong></span> <span class='ocrx_word' id='word_1_916' title='bbox 2802 4550 2853 4598; x_wconf 87' lang='lat' dir='ltr'><strong>et</strong></span> <span class='ocrx_word' id='word_1_917' title='bbox 2906 4540 3158 4597; x_wconf 87' lang='lat' dir='ltr'><strong>introivit</strong></span> <span class='ocrx_word' id='word_1_918' title='bbox 3205 4547 3408 4595; x_wconf 89' lang='lat' dir='ltr'><strong>tremor</strong></span> <span class='ocrx_word' id='word_1_919' title='bbox 3463 4536 3526 4591; x_wconf 90' lang='lat' dir='ltr'><strong>in</strong></span> <span class='ocrx_word' id='word_1_920' title='bbox 3581 4552 3701 4591; x_wconf 83' lang='lat' dir='ltr'><strong>ossa</strong></span> 
     </span>
    </p>
   </div>
   <div class='ocr_carea' id='block_1_125' title="bbox 2048 4615 3703 4703">
    <p class='ocr_par' dir='ltr' id='par_1_125' title="bbox 2048 4615 3703 4703">
     <span class='ocr_line' id='line_1_126' title="bbox 2048 4615 3703 4703; baseline -0.014 -11"><span class='ocrx_word' id='word_1_921' title='bbox 2048 4652 2192 4703; x_wconf 85' lang='lat' dir='ltr'><strong>mea,</strong></span> <span class='ocrx_word' id='word_1_922' title='bbox 2221 4640 2273 4689; x_wconf 86' lang='lat' dir='ltr'><strong>et</strong></span> <span class='ocrx_word' id='word_1_923' title='bbox 2299 4630 2484 4685; x_wconf 85' lang='lat' dir='ltr'><strong>subtus</strong></span> <span class='ocrx_word' id='word_1_924' title='bbox 2513 4641 2599 4681; x_wconf 88' lang='lat' dir='ltr'><strong>me</strong></span> <span class='ocrx_word' id='word_1_925' title='bbox 2628 4623 2850 4679; x_wconf 88' lang='lat' dir='ltr'><strong>turbata</strong></span> <span class='ocrx_word' id='word_1_926' title='bbox 2878 4626 2956 4678; x_wconf 83' lang='lat' dir='ltr'><strong>est</strong></span> <span class='ocrx_word' id='word_1_927' title='bbox 2986 4619 3245 4675; x_wconf 84' lang='lat' dir='ltr'><strong>habitudo</strong></span> <span class='ocrx_word' id='word_1_928' title='bbox 3273 4632 3414 4703; x_wconf 81' lang='lat' dir='ltr'><strong>mea.</strong></span> <span class='ocrx_word' id='word_1_929' title='bbox 3447 4615 3703 4670; x_wconf 85' lang='lat' dir='ltr'><strong>Intendit</strong></span> 
     </span>
    </p>
   </div>
   <div class='ocr_carea' id='block_1_126' title="bbox 2049 4697 3700 4786">
    <p class='ocr_par' dir='ltr' id='par_1_126' title="bbox 2049 4697 3700 4786">
     <span class='ocr_line' id='line_1_127' title="bbox 2049 4697 3700 4786; baseline -0.017 -12"><span class='ocrx_word' id='word_1_930' title='bbox 2049 4718 2107 4774; x_wconf 92' lang='lat' dir='ltr'><strong>in</strong></span> <span class='ocrx_word' id='word_1_931' title='bbox 2139 4697 2207 4772; x_wconf 83' lang='lat' dir='ltr'><strong>ea</strong></span> <span class='ocrx_word' id='word_1_932' title='bbox 2237 4729 2364 4786; x_wconf 63' lang='lat' dir='ltr'><strong>qua:</strong></span> <span class='ocrx_word' id='word_1_933' title='bbox 2392 4708 2641 4776; x_wconf 86' lang='lat' dir='ltr'><strong>dicebat,</strong></span> <span class='ocrx_word' id='word_1_934' title='bbox 2673 4709 2732 4786; x_wconf 85' lang='lat' dir='ltr'><strong>et</strong></span> <span class='ocrx_word' id='word_1_935' title='bbox 2762 4703 2892 4774; x_wconf 89' lang='lat' dir='ltr'><strong>ipsa</strong></span> <span class='ocrx_word' id='word_1_936' title='bbox 2921 4718 3029 4786; x_wconf 77' lang='lat' dir='ltr'><strong>sua</strong></span> <span class='ocrx_word' id='word_1_937' title='bbox 3057 4704 3143 4755; x_wconf 84' lang='lat' dir='ltr'><strong>est</strong></span> <span class='ocrx_word' id='word_1_938' title='bbox 3201 4697 3459 4786; x_wconf 80' lang='lat' dir='ltr'><strong>oratione</strong></span> <span class='ocrx_word' id='word_1_939' title='bbox 3491 4701 3700 4786; x_wconf 68' lang='lat' dir='ltr'><strong>perter-</strong></span> 
     </span>
    </p>
   </div>
   <div class='ocr_carea' id='block_1_127' title="bbox 2049 4774 3703 4867">
    <p class='ocr_par' dir='ltr' id='par_1_127' title="bbox 2049 4774 3703 4867">
     <span class='ocr_line' id='line_1_128' title="bbox 2049 4774 3703 4867; baseline -0.017 -11"><span class='ocrx_word' id='word_1_940' title='bbox 2049 4800 2221 4867; x_wconf 89' lang='lat' dir='ltr'><strong>ritus,</strong></span> <span class='ocrx_word' id='word_1_941' title='bbox 2253 4774 2428 4867; x_wconf 73' lang='lat' dir='ltr'><strong>quam</strong></span> <span class='ocrx_word' id='word_1_942' title='bbox 2461 4774 2795 4861; x_wconf 83' lang='lat' dir='ltr'><strong>propbetice</strong></span> <span class='ocrx_word' id='word_1_943' title='bbox 2835 4780 3134 4849; x_wconf 84' lang='lat' dir='ltr'><strong>fundebat,</strong></span> <span class='ocrx_word' id='word_1_944' title='bbox 3182 4781 3241 4832; x_wconf 86' lang='lat' dir='ltr'><strong>et</strong></span> <span class='ocrx_word' id='word_1_945' title='bbox 3268 4775 3329 4831; x_wconf 88' lang='lat' dir='ltr'><strong>in</strong></span> <span class='ocrx_word' id='word_1_946' title='bbox 3359 4790 3478 4846; x_wconf 86' lang='lat' dir='ltr'><strong>qua</strong></span> <span class='ocrx_word' id='word_1_947' title='bbox 3509 4774 3703 4828; x_wconf 81' lang='lat' dir='ltr'><strong>futura</strong></span> 
     </span>
    </p>
   </div>
   <div class='ocr_carea' id='block_1_128' title="bbox 2115 4968 3707 5049">
    <p class='ocr_par' dir='ltr' id='par_1_128' title="bbox 2115 4968 3707 5049">
     <span class='ocr_line' id='line_1_129' title="bbox 2115 4968 3707 5049; baseline -0.026 -2"><span class='ocrx_word' id='word_1_948' title='bbox 2115 5001 2131 5033; x_wconf 84' lang='grc'>¹</span> <span class='ocrx_word' id='word_1_949' title='bbox 2163 4995 2332 5045; x_wconf 88' lang='lat' dir='ltr'><strong>Editio</strong></span> <span class='ocrx_word' id='word_1_950' title='bbox 2362 4994 2510 5047; x_wconf 86' lang='lat' dir='ltr'><strong>Lov.,</strong></span> <span class='ocrx_word' id='word_1_951' title='bbox 2548 4985 2843 5045; x_wconf 79' lang='lat' dir='ltr'><strong>Disperges</strong></span> <span class='ocrx_word' id='word_1_952' title='bbox 2880 4990 3057 5049; x_wconf 57' lang='lat' dir='ltr'><strong>aquas</strong></span> <span class='ocrx_word' id='word_1_953' title='bbox 3090 4972 3150 5021; x_wconf 88' lang='lat' dir='ltr'><strong>in</strong></span> <span class='ocrx_word' id='word_1_954' title='bbox 3183 4976 3428 5049; x_wconf 53' lang='lat' dir='ltr'><strong>incessu;</strong></span> <span class='ocrx_word' id='word_1_955' title='bbox 3431 4968 3707 5049; x_wconf 43' lang='lat'><strong>$313999:</strong></span> 
     </span>
    </p>
   </div>
   <div class='ocr_carea' id='block_1_129' title="bbox 2052 5032 3707 5189">
    <p class='ocr_par' dir='ltr' id='par_1_129' title="bbox 2052 5032 3707 5189">
     <span class='ocr_line' id='line_1_130' title="bbox 2053 5032 3707 5111; baseline -0.021 0"><span class='ocrx_word' id='word_1_956' title='bbox 2053 5032 2141 5111; x_wconf 85' lang='lat' dir='ltr'><strong>tur</strong></span> <span class='ocrx_word' id='word_1_957' title='bbox 2163 5032 2431 5108; x_wconf 61' lang='lat' dir='ltr'><strong>SE‘Eciais&#39;</strong></span> <span class='ocrx_word' id='word_1_958' title='bbox 2447 5032 2582 5102; x_wconf 58' lang='lat' dir='ltr'><strong>aliisw</strong></span> <span class='ocrx_word' id='word_1_959' title='bbox 2605 5032 2663 5098; x_wconf 71' lang='lat' dir='ltr'><strong>et</strong></span> <span class='ocrx_word' id='word_1_960' title='bbox 2686 5032 3083 5102; x_wconf 69' lang='lat' dir='ltr'><strong>manuscriptis,</strong></span> <span class='ocrx_word' id='word_1_961' title='bbox 3117 5033 3314 5098; x_wconf 86' lang='lat' dir='ltr'><strong>quibus</strong></span> <span class='ocrx_word' id='word_1_962' title='bbox 3342 5032 3707 5093; x_wconf 75' lang='lat' dir='ltr'><strong>suffragantur</strong></span> 
     </span>
     <span class='ocr_line' id='line_1_131' title="bbox 2052 5119 2619 5189; baseline -0.019 -17"><span class='ocrx_word' id='word_1_963' title='bbox 2052 5119 2415 5189; x_wconf 68' lang='lat' dir='ltr'><strong>Septuaginta.</strong></span> <span class='ocrx_word' id='word_1_964' title='bbox 2446 5180 2457 5189; x_wconf 87' lang='lat'><em>_</em></span> <span class='ocrx_word' id='word_1_965' title='bbox 2615 5181 2619 5187; x_wconf 20' lang='grc' dir='ltr'>ι</span> 
     </span>
    </p>
   </div>
   <div class='ocr_carea' id='block_1_130' title="bbox 2115 5180 3686 5243">
    <p class='ocr_par' dir='ltr' id='par_1_130' title="bbox 2115 5180 3686 5243">
     <span class='ocr_line' id='line_1_132' title="bbox 2115 5180 3686 5243; baseline 0.004 -6"><span class='ocrx_word' id='word_1_966' title='bbox 2115 5180 2139 5219; x_wconf 56' lang='grc' dir='ltr'><em>Ξ</em></span> <span class='ocrx_word' id='word_1_967' title='bbox 2168 5180 2312 5238; x_wconf 52' lang='lat' dir='ltr'><strong>Mss-9</strong></span> <span class='ocrx_word' id='word_1_968' title='bbox 2341 5180 2541 5243; x_wconf 67' lang='grc' dir='ltr'><strong>Ῑασίαζδο</strong></span> <span class='ocrx_word' id='word_1_969' title='bbox 2585 5181 2619 5243; x_wconf 24' lang='grc' dir='ltr'><strong>,ι</strong></span> <span class='ocrx_word' id='word_1_970' title='bbox 2856 5232 2869 5243; x_wconf 77' lang='lat'><strong>.</strong></span> <span class='ocrx_word' id='word_1_971' title='bbox 2927 5228 3029 5243; x_wconf 43' lang='grc' dir='ltr'><strong>ιη-</strong></span> <span class='ocrx_word' id='word_1_972' title='bbox 3082 5227 3254 5243; x_wconf 53' lang='grc' dir='ltr'><strong>---μμ</strong></span> <span class='ocrx_word' id='word_1_973' title='bbox 3286 5221 3390 5243; x_wconf 77' lang='grc' dir='ltr'><strong>ιι..-</strong></span> <span class='ocrx_word' id='word_1_974' title='bbox 3463 5226 3524 5243; x_wconf 77' lang='grc' dir='ltr'><strong>-.ι</strong></span> <span class='ocrx_word' id='word_1_975' title='bbox 3573 5217 3686 5243; x_wconf 74' lang='lat'><strong>:...°:</strong></span> 
     </span>
    </p>
   </div>
   <div class='ocr_carea' id='block_1_131' title="bbox 2117 5221 3709 5299">
    <p class='ocr_par' dir='ltr' id='par_1_131' title="bbox 2117 5221 3709 5299">
     <span class='ocr_line' id='line_1_133' title="bbox 2117 5221 3709 5299; baseline -0.02 -2"><span class='ocrx_word' id='word_1_976' title='bbox 2117 5249 2139 5282; x_wconf 80' lang='grc'>³</span> <span class='ocrx_word' id='word_1_977' title='bbox 2341 5221 2428 5291; x_wconf 70' lang='lat' dir='ltr'><strong>’Ji</strong></span> <span class='ocrx_word' id='word_1_978' title='bbox 2440 5221 2793 5290; x_wconf 56' lang='lat' dir='ltr'><strong>uinciantur.</strong></span> <span class='ocrx_word' id='word_1_979' title='bbox 2842 5228 3033 5293; x_wconf 80' lang='lat' dir='ltr'><strong>Aptius</strong></span> <span class='ocrx_word' id='word_1_980' title='bbox 3078 5227 3260 5275; x_wconf 86' lang='lat' dir='ltr'><strong>autem</strong></span> <span class='ocrx_word' id='word_1_981' title='bbox 3286 5221 3431 5275; x_wconf 69' lang='lat' dir='ltr'><strong>Mss,</strong></span> <span class='ocrx_word' id='word_1_982' title='bbox 3463 5226 3524 5266; x_wconf 89' lang='lat' dir='ltr'><strong>ut</strong></span> <span class='ocrx_word' id='word_1_983' title='bbox 3573 5221 3709 5279; x_wconf 83' lang='lat' dir='ltr'><strong>inji-</strong></span> 
     </span>
    </p>
   </div>
   <div class='ocr_carea' id='block_1_132' title="bbox 2054 5319 3709 5434">
    <p class='ocr_par' dir='ltr' id='par_1_132' title="bbox 2054 5319 3709 5434">
     <span class='ocr_line' id='line_1_134' title="bbox 2054 5319 3709 5434; baseline -0.011 -24"><span class='ocrx_word' id='word_1_984' title='bbox 2054 5319 2474 5434; x_wconf 52' lang='grc' dir='ltr'><strong>οἱῗηιξὲἔέιίωμε</strong></span> <span class='ocrx_word' id='word_1_985' title='bbox 2501 5366 2605 5417; x_wconf 82' lang='lat' dir='ltr'><strong>hic,</strong></span> <span class='ocrx_word' id='word_1_986' title='bbox 2640 5362 2699 5434; x_wconf 67' lang='lat' dir='ltr'><strong>in</strong></span> <span class='ocrx_word' id='word_1_987' title='bbox 2729 5373 2811 5412; x_wconf 82' lang='lat' dir='ltr'><strong>ea,</strong></span> <span class='ocrx_word' id='word_1_988' title='bbox 2840 5356 2997 5434; x_wconf 68' lang='lat' dir='ltr'><strong>iuxta</strong></span> <span class='ocrx_word' id='word_1_989' title='bbox 3025 5348 3432 5412; x_wconf 82' lang='lat' dir='ltr'><strong>manuscriptos,</strong></span> <span class='ocrx_word' id='word_1_990' title='bbox 3465 5344 3608 5406; x_wconf 86' lang='lat' dir='ltr'><strong>quod</strong></span> <span class='ocrx_word' id='word_1_991' title='bbox 3640 5342 3709 5391; x_wconf 85' lang='lat' dir='ltr'><strong>ab</strong></span> 
     </span>
    </p>
   </div>
   <div class='ocr_carea' id='block_1_133' title="bbox 2054 5422 3665 5485">
    <p class='ocr_par' dir='ltr' id='par_1_133' title="bbox 2054 5422 3665 5485">
     <span class='ocr_line' id='line_1_135' title="bbox 2054 5422 3665 5485; baseline -0.01 0"><span class='ocrx_word' id='word_1_992' title='bbox 2054 5437 2170 5485; x_wconf 78' lang='lat' dir='ltr'><strong>Am.</strong></span> <span class='ocrx_word' id='word_1_993' title='bbox 2202 5422 2286 5482; x_wconf 71' lang='grc' dir='ltr'><strong>Εἰο.</strong></span> <span class='ocrx_word' id='word_1_994' title='bbox 2318 5433 2371 5482; x_wconf 89' lang='lat' dir='ltr'><strong>et</strong></span> <span class='ocrx_word' id='word_1_995' title='bbox 2400 5431 2523 5479; x_wconf 79' lang='lat' dir='ltr'><strong>Lov.</strong></span> <span class='ocrx_word' id='word_1_996' title='bbox 2560 5425 2827 5485; x_wconf 68' lang='lat' dir='ltr'><strong>omissum</strong></span> <span class='ocrx_word' id='word_1_997' title='bbox 2851 5422 2931 5485; x_wconf 81' lang='lat' dir='ltr'><strong>est</strong></span> <span class='ocrx_word' id='word_1_998' title='bbox 2958 5481 2989 5485; x_wconf 29' lang='grc' dir='ltr'>η</span> <span class='ocrx_word' id='word_1_999' title='bbox 3086 5478 3117 5485; x_wconf 87' lang='lat'>__</span> <span class='ocrx_word' id='word_1_1000' title='bbox 3252 5475 3290 5485; x_wconf 44' lang='grc' dir='ltr'><strong>η,</strong></span> <span class='ocrx_word' id='word_1_1001' title='bbox 3354 5474 3364 5485; x_wconf 38' lang='grc' dir='ltr'>ι</span> <span class='ocrx_word' id='word_1_1002' title='bbox 3413 5469 3609 5485; x_wconf 61' lang='lat' dir='ltr'>m_____</span> <span class='ocrx_word' id='word_1_1003' title='bbox 3654 5469 3665 5485; x_wconf 44' lang='grc' dir='ltr'><strong>ε</strong></span> 
     </span>
    </p>
   </div>
   <div class='ocr_carea' id='block_1_134' title="bbox 2114 5469 3708 5557">
    <p class='ocr_par' dir='ltr' id='par_1_134' title="bbox 2114 5469 3708 5557">
     <span class='ocr_line' id='line_1_136' title="bbox 2114 5469 3708 5557; baseline -0.021 -11"><span class='ocrx_word' id='word_1_1004' title='bbox 2114 5469 2833 5557; x_wconf 37' lang='grc' dir='ltr'><strong>ἴάιυέέονξέίῖἶιιιδᾷᾗῖ--ῌΧ</strong></span> <span class='ocrx_word' id='word_1_1005' title='bbox 2870 5481 3009 5557; x_wconf 73' lang='lat' dir='ltr'><strong>legit</strong></span> <span class='ocrx_word' id='word_1_1006' title='bbox 3051 5478 3212 5557; x_wconf 47' lang='lat' dir='ltr'><strong>etiam</strong></span> <span class='ocrx_word' id='word_1_1007' title='bbox 3252 5469 3611 5557; x_wconf 39' lang='lat' dir='ltr'><strong>&#39;lfrtu‘l‘liga‘n‘p:</strong></span> <span class='ocrx_word' id='word_1_1008' title='bbox 3632 5469 3708 5557; x_wconf 40' lang='lat' dir='ltr'><strong>{in</strong></span> 
     </span>
    </p>
   </div>
   <div class='ocr_carea' id='block_1_135' title="bbox 2054 5531 3711 5610">
    <p class='ocr_par' dir='ltr' id='par_1_135' title="bbox 2054 5531 3711 5610">
     <span class='ocr_line' id='line_1_137' title="bbox 2054 5531 3711 5610; baseline -0.021 1"><span class='ocrx_word' id='word_1_1009' title='bbox 2054 5531 2194 5610; x_wconf 57' lang='lat' dir='ltr'><strong>uti};</strong></span> <span class='ocrx_word' id='word_1_1010' title='bbox 2332 5531 3080 5610; x_wconf 29' lang='lat' dir='ltr'><strong>c‘ont‘ranhiarciOnemfcap.</strong></span> <span class='ocrx_word' id='word_1_1011' title='bbox 3136 5538 3213 5587; x_wconf 85' lang='lat'><strong>39.</strong></span> <span class='ocrx_word' id='word_1_1012' title='bbox 3270 5535 3355 5610; x_wconf 47' lang='lat' dir='ltr'><strong>Qe‘</strong></span> <span class='ocrx_word' id='word_1_1013' title='bbox 3381 5531 3711 5610; x_wconf 53' lang='lat' dir='ltr'><strong>reliquisti}-</strong></span> 
     </span>
    </p>
   </div>
   <div class='ocr_carea' id='block_1_136' title="bbox 2056 5595 3706 5685">
    <p class='ocr_par' dir='ltr' id='par_1_136' title="bbox 2056 5595 3706 5685">
     <span class='ocr_line' id='line_1_138' title="bbox 2056 5595 3706 5685; baseline -0.019 -12"><span class='ocrx_word' id='word_1_1014' title='bbox 2056 5595 2528 5685; x_wconf 47' lang='lat' dir='ltr'><strong>iiibkiiitiaﬁiihé</strong></span> <span class='ocrx_word' id='word_1_1015' title='bbox 2564 5595 2828 5662; x_wconf 63' lang='lat' dir='ltr'><strong>videndus</strong></span> <span class='ocrx_word' id='word_1_1016' title='bbox 2855 5595 3210 5667; x_wconf 77' lang='lat' dir='ltr'><strong>Hieronymus</strong></span> <span class='ocrx_word' id='word_1_1017' title='bbox 3246 5599 3315 5649; x_wconf 88' lang='lat' dir='ltr'><strong>ad</strong></span> <span class='ocrx_word' id='word_1_1018' title='bbox 3340 5597 3485 5647; x_wconf 88' lang='lat' dir='ltr'><strong>hunc</strong></span> <span class='ocrx_word' id='word_1_1019' title='bbox 3512 5595 3706 5645; x_wconf 89' lang='lat' dir='ltr'><strong>locum.</strong></span> 
     </span>
    </p>
   </div>
   <div class='ocr_carea' id='block_1_137' title="bbox 2057 5687 2318 5740">
    <p class='ocr_par' dir='ltr' id='par_1_137' title="bbox 2057 5687 2318 5740">
     <span class='ocr_line' id='line_1_139' title="bbox 2057 5687 2318 5740; baseline -0.019 -4"><span class='ocrx_word' id='word_1_1020' title='bbox 2057 5687 2318 5740; x_wconf 72' lang='lat' dir='ltr'><strong>Coouuus.</strong></span> 
     </span>
    </p>
   </div>
  </div>
