4110 6196
430 298 544 361 591

429 434 722 492 cernebat.
754 428 1024 487 Turbatis
1070 426 1227 483 enim
1278 426 1510 500 populis
1539 425 1762 494 multis,
1794 426 1940 484 vidit
1968 427 2079 485 im-

429 524 720 579 minentes
768 514 1031 571 Ecclesia:
1094 510 1520 578 tribulationes,
1566 510 1961 582 continuoque
2017 527 2080 567 se

428 601 754 660 membrum
805 597 934 667 ejus
984 593 1241 665 agnovit,
1289 596 1461 661 atque
1506 590 1605 660 ait,
1641 591 1988 661 Requiescam
2019 594 2077 647 in

423 684 513 740 die
543 676 980 739 tribulationis:
1014 682 1294 746 tanquam
1342 673 1414 728 ad
1464 688 1563 728 eos
1620 672 1937 743 pertinens,
1973 674 2077 744 qui

423 769 561 820 sunt
590 777 693 834 spe
722 761 1066 832 gaudentes,
1094 755 1152 810 in
1185 753 1560 809 tribulatione
1592 753 1877 834 patientes
1900 754 2076 824 (Rom.

421 862 522 911 xu,
556 833 645 913 12)
705 841 767 899 Ut
797 837 1109 906 ascendam,
1146 836 1353 907 inquit,
1376 836 1438 889 in
1460 833 1726 904 populum
1754 848 2077 905 peregrina-

421 924 592 981 tionis
615 912 745 978 mez
766 938 785 976 :
817 918 1092 975 recedens
1125 917 1329 987 utique
1358 931 1390 970 ει
1422 915 1634 985 populo
1670 912 1928 985 maligno
1959 930 2079 968 cur.

422 1004 575 1061 nalis
632 999 998 1074 cognationis
1056 1013 1195 1063 suae,
1251 1011 1365 1051 non
1426 994 1834 1074 peregrinante
1875 993 1935 1047 in
1968 992 2078 1049 hac

421 1089 595 1150 terra,
638 1072 830 1153 neque
872 1094 1191 1151 supernam
1244 1074 1487 1146 patriam
1536 1072 1882 1144 requirente.
1934 1074 2075 1141 Quo-

419 1167 574 1222 niam
602 1165 758 1235 ﬁcus,
790 1160 1002 1232 inquit,
1032 1174 1139 1215 non
1177 1157 1367 1228 uﬂeret
1412 1155 1644 1223 fructus,
1696 1162 1746 1208 et
1776 1168 1885 1207 non
1914 1156 2079 1209 erunt

421 1247 741 1304 nativitates
769 1246 829 1301 in
860 1242 1067 1298 vineis:
1096 1240 1393 1295 mentietur
1420 1253 1552 1308 Opus
1599 1236 1781 1302 olivae,
1811 1244 1862 1292 et
1889 1237 2078 1308 campi

420 1347 532 1387 non
572 1327 784 1399 facient
827 1340 1020 1380 escam.
1075 1325 1401 1393 Defecerunt
1447 1318 1667 1399 abiesca
1709 1334 1849 1386 oves,
1881 1320 2075 1373 etnon

420 1396 718 1481 supersunt
766 1408 824 1462 in
868 1403 1215 1477 praesepibus
1274 1401 1446 1481 boves.
1474 1396 1629 1481 Vidit
1659 1412 1785 1481 eam
1819 1401 2072 1481 gentem,

421 1477 551 1561 quae
598 1486 891 1544 Christum
944 1485 1131 1539 fuerat
1176 1480 1458 1548 occisura,
1511 1479 1830 1533 ubertatem
1875 1477 2074 1549 copia-

419 1585 547 1624 rum
581 1564 971 1637 spiritualium
1026 1561 1410 1634 perditurum,
1456 1574 1601 1629 quas
1653 1573 1753 1629 per
1784 1563 2071 1612 terrenam

419 1649 835 1705 fecunditatem
898 1660 1057 1698 more
1110 1640 1443 1713 prepbetico
1502 1638 1793 1709 ﬁguravit.
1838 1638 1906 1692 Et
1937 1640 2073 1709 quia

416 1731 561 1784 iram
597 1728 694 1782 Dei
729 1727 903 1780 talem
940 1728 1237 1794 propterea
1286 1737 1453 1791 passa
1482 1726 1571 1775 est
1601 1717 1700 1773 illa
1738 1736 1899 1791 gens,
1934 1722 2072 1792 quia

416 1811 515 1866 Dei
567 1809 844 1881 ignorans
897 1806 1210 1876 justitiam,
1270 1817 1437 1857 suam
1490 1800 1669 1855 voluit
1717 1801 2071 1857 constituere

416 1893 525 1964 (Id.
557 1909 613 1960 x,
641 1890 719 1963 3),
755 1888 860 1943 iste
891 1887 1188 1949 continuo,
1222 1885 1333 1951 Ego
1371 1888 1575 1964 autem,
1623 1881 1835 1964 inquit,
1870 1882 1926 1964 in
1963 1887 2068 1938 Do-

414 1962 566 2029 mino
595 1962 901 2039 exsultatio,
933 1967 1184 2040 gaudebo
1215 1967 1274 2020 in
1318 1966 1419 2019 Deo
1457 1962 1701 2019 salutari
1730 1979 1866 2019 meo.
1895 1963 2070 2018 Domi-

413 2071 517 2111 nus
548 2055 687 2108 Deus
716 2066 869 2105 meus
902 2052 1073 2104 virtus
1102 2062 1244 2112 mea,
1277 2049 1479 2100 statuet
1506 2045 1664 2115 pedes
1684 2060 1827 2099 meos
1857 2046 1914 2098 in
1945 2062 2070 2099 con-

411 2134 832 2189 summationem
852 2146 873 2191 ;
902 2145 1066 2200 super
1102 2126 1316 2182 excelsa
1347 2127 1586 2193 imponet
1625 2140 1727 2191 me,
1759 2129 1821 2178 ut
1850 2125 2069 2179 vincam

411 2218 472 2271 in
495 2215 705 2270 cantico
736 2213 854 2280 eius
884 2210 1153 2281 (Habacuc
1184 2209 1285 2277 in),
1318 2206 1542 2262 scilicet
1584 2204 1684 2260 illo
1715 2206 1962 2271 cantico,
1996 2205 2068 2260 de

412 2312 526 2366 quo
566 2293 779 2349 similia
822 2290 1081 2363 quaedam
1127 2288 1398 2343 dicuntur
1434 2286 1493 2341 in
1545 2286 1773 2341 Psalmo
1808 2301 1821 2340 :
1853 2284 2064 2340 Statuit

411 2392 576 2446 supra
608 2383 820 2446 petram
844 2370 1001 2443 pedes
1029 2384 1193 2436 meos,
1225 2377 1274 2423 et
1301 2366 1506 2423 direxit
1549 2381 1765 2437 gressus
1789 2381 1934 2421 meos
1962 2382 1983 2427 ;
2012 2374 2066 2422 et

411 2458 646 2514 immisit
680 2458 736 2510 in
777 2470 834 2509 os
882 2468 1063 2507 meum
1092 2451 1367 2506 canticum
1395 2464 1615 2516 novum,
1648 2446 1916 2518 hymnum
1954 2450 2063 2502 Deo

406 2549 589 2594 nostra
614 2535 788 2607 (Psal.
812 2550 1001 2600 χχχιχ,
1034 2532 1068 2586 3
1098 2542 1147 2586 et
1181 2531 1257 2601 4).
1312 2531 1437 2600 Ipse
1466 2545 1596 2597 ergo
1624 2526 1804 2581 vincit
1839 2526 1899 2581 in
1933 2543 2065 2582 can-

406 2621 520 2676 tico
566 2616 813 2682 Domini,
846 2616 945 2685 qui
981 2613 1164 2681 placet
1198 2612 1253 2664 in
1301 2613 1428 2678 ejus
1471 2609 1663 2674 laude,
1689 2624 1803 2662 non
1836 2624 1964 2671 sua,
1998 2613 2063 2664 ut

406 2698 819 2771 quigloriatur,
852 2699 910 2749 in
944 2695 1171 2750 Domino
1195 2690 1467 2761 glorietur
1488 2690 1534 2757 (Ι
1570 2691 1690 2771 Cor.
1723 2705 1762 2755 ι,
1794 2688 1913 2771 31)..
1942 2687 2059 2743 Me-

403 2766 753 2834 Iiusvautem
789 2774 933 2829 mihi
965 2773 1232 2828 videntur
1280 2770 1520 2843 quidam
1554 2770 1781 2824 codices
1822 2766 2055 2834 habere,

404 2858 651 2914 Gaudebo
684 2857 746 2911 in
786 2856 892 2911 Deo
936 2855 1061 2911 Jesu
1109 2867 1249 2921 meo,
1282 2868 1457 2924 quam
1492 2849 1551 2904 hi
1583 2850 1681 2920 qui
1713 2847 1967 2902 volentes
1998 2848 2056 2903 id

398 2939 572 2997 latine
605 2954 837 3010 ponere,
873 2952 1085 2993 nomen
1144 2935 1338 3003 ipsum
1373 2949 1487 2987 non
1525 2932 1866 3002 posuerunt,
1901 2928 2056 2998 quod

395 3027 485 3078 est
514 3020 683 3077 nobis
714 3019 963 3076 amicius
995 3021 1051 3071 et
1080 3013 1309 3070 dulcius
1342 3012 1667 3068 nominare.

391 3183 626 3242 CAPUT
665 3180 917 3239 XXXIII.
951 3210 1020 3219 —-
1068 3179 1144 3234 De
1173 3176 1386 3232 Christo
1417 3183 1465 3231 et
1495 3173 1774 3229 vocatione
1804 3172 2052 3229 Gentium

466 3279 593 3338 qua
609 3263 877 3320 Ieremias
906 3268 956 3316 et
1000 3256 1300 3330 Sophonias
1336 3255 1648 3329 praphetico
1699 3253 1909 3327 Spiritu
1940 3254 2052 3311 sint

464 3341 717 3418 praefati.

469 3492 516 3545 1.
550 3487 834 3544 Jeremias
894 3484 1178 3558 propheta
1236 3483 1307 3538 de
1375 3480 1694 3552 majoribus
1737 3487 1844 3547 est,
1903 3478 2051 3535 sicut

392 3570 576 3629 Isaias
611 3585 625 3635 ;
660 3586 774 3626 non
824 3568 896 3623 de
944 3565 1298 3631 minoribus,
1344 3563 1495 3618 sicut
1539 3561 1749 3630 cieteri,
1801 3561 1870 3615 de
1903 3576 2046 3632 quo-

391 3669 515 3714 rum
553 3651 784 3718 scriptis
818 3646 1098 3703 nonnulla
1139 3646 1263 3713 jam
1318 3645 1513 3711 posui.
1548 3637 1918 3711 P’rophetavit
1948 3656 2047 3695 au-

390 3743 505 3788 tem
553 3736 832 3801 regnante
879 3726 1039 3781 Josia
1089 3727 1144 3778 in
1190 3723 1538 3784 Jerusalem,
1570 3726 1625 3773 et
1656 3721 1805 3790 apud
1836 3724 2047 3775 Roma-

391 3830 494 3868 nos
525 3800 679 3867 Anco
713 3809 939 3871 Martio,
968 3807 1087 3876 jam
1125 3806 1551 3873 prOpinquante
1595 3800 1920 3866 captivitate
1948 3800 2048 3855 Ju.

386 3897 645 3950 decorum
703 3890 813 3961 (u).
861 3883 1125 3939 Tetendit
1170 3894 1359 3936 auzem
1396 3879 1808 3961 prOp’hetiam,
1860 3898 2046 3951 usque

386 3974 460 4030 ad
491 3974 758 4044 quintum
793 3960 1477 4044 mensem‘captivitatis:
1521 3960 1671 4014 sicut
1705 3961 1921 4044 ineius
1949 3962 2041 4016 lit-

386 4041 528 4109 teris
562 4049 913 4105 invenimus.
949 4042 1277 4113 SOphonias
1325 4044 1517 4095 autem
1570 4055 1724 4094 unus
1757 4041 1828 4093 de
1858 4041 2043 4094 mino-

385 4135 549 4189 ribus
601 4129 941 4200 adjungitur
990 4125 1064 4180 ei.
1114 4122 1261 4179 Nam
1313 4129 1367 4178 et
1398 4123 1521 4192 ipse
1551 4122 1608 4174 in
1642 4120 1847 4174 diebus
1875 4121 2041 4175 .losite

387 4212 762 4282 prophctussc
813 4223 875 4261 se
905 4205 1047 4260 dicit
1097 4204 1350 4275 (Sophon.
1396 4220 1435 4270 ι,
1471 4203 1551 4273 I):
1583 4202 1677 4255 sed
1713 4216 2041 4275 quousque,

386 4308 501 4348 non
534 4291 699 4343 dicit.
754 4286 1122 4358 l’rophetavit
1168 4299 1303 4353 ergo
1333 4282 1637 4347 Joremias,
1686 4298 1799 4335 non
1852 4283 2040 4335 solum

385 4372 523 4426 Anci
563 4369 776 4431 Martii,
811 4383 1012 4419 verum
1045 4364 1219 4419 etiam
1266 4362 1569 4434 Tarquinii
1604 4361 1784 4417 Prisci
1818 4365 2039 4431 tempo-

383 4450 572 4518 ribus,
607 4462 783 4520 quem
834 4443 1075 4501 Romani
1123 4442 1457 4498 habuerunt
1504 4444 1773 4514 quintum
1822 4457 2036 4514 regem.

382 4531 512 4603 Ipse
543 4527 727 4595 enim,
756 4526 991 4599 quando
1015 4530 1104 4581 est
1130 4524 1231 4579 illa
1261 4524 1563 4595 captivitas
1596 4524 1760 4603 facta,
1796 4538 2040 4594 regnare

374 4602 499 4684 jam
535 4613 808 4682 cmperat.
840 4607 1205 4677 Prophetans
1226 4620 1358 4671 ergo
1381 4604 1451 4659 de
1482 4603 1710 4684 Christo
1729 4602 2036 4669 Jeremias,

377 4682 642 4763 Spiritus,
674 4689 884 4760 inquit,
917 4687 1027 4743 oris
1052 4684 1232 4741 nostri
1274 4685 1534 4741 Dominus
1566 4682 1821 4763 Christus
1851 4690 2037 4751 captus

378 4762 453 4832 est
474 4776 533 4830 in
562 4770 799 4842 peccatis
820 4767 1256 4841 nostris('l’hren.
1291 4782 1363 4831 IV,
1394 4764 1521 4835 20);
1556 4762 1640 4818 sic
1672 4762 1921 4818 breviter
1949 4778 2036 4817 os.

378 4856 644 4921 tendens,
676 4856 734 4909 et
775 4850 1088 4907 Dominum
1141 4855 1401 4902 nostrum
1451 4842 1764 4909 Christum,
1799 4846 1858 4897 et
1899 4858 2037 4912 pas-

378 4952 511 4992 sum
544 4949 674 4991 esse
704 4948 805 5005 pro
837 4931 1026 4986 nobis.
1064 4933 1202 4983 Item
1236 4926 1349 4983 alio
1379 4924 1506 4981 loco
1531 4940 1544 4981 :
1570 4924 1667 4979 Hic
1698 4924 1834 4980 Deus
1858 4938 2031 4989 meus,

377 5014 591 5088 inquit,
621 5016 670 5069 et
702 5027 808 5069 non
829 5008 1193 5067 aestimabilia
1244 5007 1384 5064 alter
1410 5005 1485 5061 ad
1507 5020 1670 5061 eum:
1701 5005 1798 5077 qui
1826 5005 2033 5061 invenit

437 5253 510 5317 (a)
557 5249 831 5317 Jer'emias_
854 5248 1085 5317 primum
1120 5245 1365 5317 innotuit
1400 5244 1644 5317 _1‘~3p.isto_la
1687 5256 1849 5317 quam
1894 5242 2031 5317 ‘scri-

374 5306 603 5377 psit'eis
654 5313 748 5377 qui
800 5306 1072 5377 Babylone
1117 5308 1175 5356 in
1216 5308 1853 5377 captivitatemdegebant.
1894 5306 2032 5377 Ilaec

374 5369 609 5440 Epistola
650 5369 976 5440 scriptagfiiit
1028 5384 1170 5420 anno
1217 5369 1310 5419 599
1348 5373 1480 5440 ante
1524 5369 1792 5440 Christum
1820 5371 2026 5429 natum,

374 5434 465 5488 sed
495 5441 601 5501 jam
631 5434 1001 5502 quin—decimus
1034 5446 1221 5502 annus.
1251 5435 1365 5481 erat
1415 5448 1480 5481 ex
1528 5447 1638 5502 quo
1681 5434 1854 5502 Josias
1882 5445 2030 5481 occu-

374 5496 564 5550 buerat
587 5496 854 5564 in”pugnu
877 5501 1063 5549 contra
1109 5496 1326 5564 ῌθςὶιθίὲ
1357 5508 1533 5564 regem
1569 5496 1808 5564 Aigypti,
1842 5508 2028 5556 nempe

375 5575 517 5612 anno
541 5563 632 5611 611
666 5557 694 5611 τ’
711 5557 776 5612 οὗ
790 5566 919 5613 tunc
946 5558 1264 5622 Tarquinius
1294 5557 1503 5607 Priscus
1530 5561 1645 5607 erat
1672 5560 2028 5609 Romanorum

374 5638 487 5673 rex.
518 5624 757 5673 Lucana.

1458 293 1561 352 DE
1603 293 1972 355 ClVl'l‘ATE
2015 296 2173 367 DEI,
2220 297 2286 357 S.
2336 296 2759 361 AUGUSTINI

3719 302 3820 362 592

2190 446 2405 488 omnem
2426 431 2914 504 viamprudentise,
2946 434 2999 487 et
3026 429 3174 487 dedit
3194 446 3318 487 eam
3336 430 3506 489 Iacob
3534 446 3700 502 puero
3720 449 3820 500 suo,

2187 521 2243 568 et
2272 512 2446 569 Israel
2476 513 2668 569 dilecto
2706 528 2802 568 suo
2824 531 2843 568 :
2889 516 3005 583 post
3035 512 3150 568 haec
3178 513 3239 567 in
3277 514 3456 568 terra‘
3484 513 3630 568 visus
3662 517 3755 583 est,
3780 523 3825 571 et

2188 609 2312 649 cum
2360 594 2680 650 hominibus
2723 598 3075 648 conversatus
3121 596 3200 649 est
3249 592 3487 665 (Baruch
3517 608 3602 662 in,
3633 593 3824 669 36-38).

2189 676 2306 731 [Ioc
2337 677 2741 732 testimonium
2772 675 3012 747 quidam
3045 690 3159 730 non
3190 673 3477 744 Jeremite,
3503 676 3604 731 sed
3638 677 3825 732 scribae

2188 759 2315 828 ejus
2341 759 2688 825 attribuunt,
2718 759 2817 829 qui
2863 758 3178 813 vocabatur
3227 755 3494 812 Baruch:
3546 757 3645 812 sed
3676 757 3826 814 Jere-

2189 840 2316 894 mite
2345 840 2691 896 celebratius
2723 839 2989 893 habetur.
3019 840 3241 893 Rursus
3272 837 3426 893 idem
3460 837 3743 911 prepbeta
3769 840 3829 895 de

2187 921 2348 992 ipso:
2381 924 2528 991 Ecce,
2561 924 2774 994 inquit,
2806 922 2920 977 dies
2943 923 3190 990 veniunt,
3222 921 3308 976 ait
3339 921 3620 989 Dominus,
3652 927 3706 977 et
3732 938 3830 978 sus-

2186 1003 2370 1059 citabo
2407 1003 2578 1059 David
2619 1019 2842 1073 germen
2885 1004 3107 1070 iustum,
3157 1007 3212 1057 et
3238 1001 3488 1072 regnabit
3517 1017 3644 1071 rex,
3671 1009 3725 1058 et
3747 1020 3827 1059 sa-

2182 1085 2340 1154 piens
2366 1088 2493 1152 crit,
2524 1094 2575 1142 et
2600 1086 2773 1158 faciet
2792 1083 3069 1156 judicium
3108 1089 3158 1139 et
3176 1084 3458 1155 justitiam
3487 1082 3551 1138 in
3581 1088 3751 1141 terra.
3772 1086 3830 1140 In

2182 1164 2371 1221 diebus
2401 1166 2518 1221 illis
2545 1167 2853 1222 salvabitur
2870 1163 3035 1231 Juda,
3065 1168 3119 1220 et
3165 1164 3333 1220 Israel
3363 1163 3640 1220 habitabit
3666 1164 3827 1234 conﬁ-

2183 1246 2411 1302 denter:
2443 1256 2494 1303 et
2523 1248 2623 1304 hoc
2668 1251 2749 1303 est
2777 1262 2978 1302 nomen
3007 1244 3147 1317 quod
3178 1246 3441 1301 vocabunt
3469 1260 3619 1312 eum,
3651 1246 3823 1302 Dami-

2182 1330 2495 1400 nusjuslus
2524 1331 2706 1385 noster
2733 1327 2949 1398 (Jerem.
2996 1341 3159 1393 XXIII,
3196 1325 3253 1392 5,
3292 1325 3371 1396 6).
3423 1324 3502 1380 De
3536 1328 3831 1381 vocatione

2182 1407 2357 1463 etiam
2411 1409 2692 1479 gentium,
2751 1423 2879 1479 quas
2935 1405 3122 1460 fuerat
3171 1405 3372 1460 Iulura
3409 1403 3487 1477 (et
3515 1419 3648 1460 eam
3683 1421 3833 1461 nunc

2183 1487 2479 1559 impletum
2511 1489 2823 1557 cernimus)
2856 1486 2939 1542 sic
2987 1485 3219 1541 locutus
3250 1488 3374 1541 est:
3420 1484 3667 1554 Domine,
3703 1485 3831 1542 Deus
3886 1498 3889 1499 '

2180 1584 2330 1624 meus
2359 1574 2409 1626 et
2442 1572 2719 1641 refugium
2771 1584 2955 1623 meum
2982 1569 3041 1621 in
3072 1564 3162 1621 die
3205 1566 3500 1628 malorum,
3533 1564 3605 1619 ad
3635 1575 3686 1620 te
3717 1582 3833 1637 gen-

2185 1656 2264 1705 tes
2293 1649 2511 1706 venient
2543 1650 2609 1704 ab
2634 1657 2875 1705 extremo
2907 1653 3092 1714 terrae,
3132 1650 3183 1701 et
3214 1646 3428 1701 dicent:
3464 1645 3591 1700 Vere
3619 1645 3833 1701 menda-

2179 1748 2268 1787 cia
2296 1733 2581 1788 coluerunt
2628 1740 2809 1801 patres
2855 1732 3030 1784 nostri
3075 1728 3400 1793 simulacra,
3449 1732 3640 1783 etnon
3667 1727 3829 1783 estin

2178 1811 2295 1867 illis
2316 1813 2534 1867 utilitas
2565 1811 2667 1882 (Id.
2700 1825 2815 1878 xvr,
2850 1809 2962 1881 19).
3012 1808 3158 1873 Quia
3188 1823 3318 1863 vero
3351 1823 3467 1862 non
3500 1812 3672 1863 erant
3701 1824 3830 1864 eum

2179 1891 2431 1961 agnituri
2465 1889 2672 1952 Judaei,
2703 1905 2734 1944 a
2766 1890 2980 1959 quibus
3012 1902 3146 1942 eum
3200 1893 3252 1941 et
3286 1885 3474 1942 occidi
3505 1887 3826 1957 oportebat,

2177 1972 2261 2027 sic
2290 1971 2442 2026 idem
2478 1969 2757 2042 prOpheta
2787 1968 3081 2040 significat
3109 1984 3121 2021 :
3174 1965 3345 2021 Grave
3372 1981 3466 2022 cor
3488 1982 3595 2038 per
3622 1969 3829 2037 omnia,

2175 2058 2229 2108 et
2257 2053 2411 2108 homo
2459 2055 2554 2114 est,
2595 2059 2645 2106 et
2674 2052 2796 2120 quis
2833 2056 3112 2120 coynoscet
3147 2063 3274 2103 eum
3307 2047 3408 2118 (Id.
3448 2064 3586 2114 xvu,
3635 2047 3692 2115 9,
3724 2064 3828 2104 sec.

2177 2131 2371 2204 LXX)?
2400 2133 2583 2202 Hujus
2610 2135 2700 2186 est
2728 2130 2904 2185 etiam
2938 2129 3081 2186 illud
3117 2129 3272 2200 quod
3320 2128 3379 2183 in
3424 2125 3573 2183 libro
3601 2126 3828 2183 decimo

2176 2217 2423 2285 septimo
2457 2214 2621 2286 posui
2653 2215 2725 2267 de
2754 2211 3127 2269 Testamento
3177 2227 3322 2265 novo
3353 2209 3509 2282 (Cap.
3542 2210 3619 2279 3),
3651 2210 3827 2282 cujus

2174 2301 2262 2352 est
2293 2298 2580 2351 mediator
2608 2294 2891 2351 Christus.
2946 2294 3076 2365 Ipse
3121 2291 3339 2364 quippe
3383 2292 3668 2347 Jeremias
3723 2291 3821 2360 ait,

2175 2378 2304 2433 Ecce
2357 2377 2471 2432 dies
2527 2377 2775 2441 veniunt,
2834 2374 2966 2430 dicit
3024 2375 3311 2440 Dominus,
3338 2374 3388 2428 el
3436 2372 3825 2429 consummabo

2170 2475 2338 2530 super
2384 2459 2607 2514 domum
2660 2456 2821 2513 Jacob
2884 2456 3281 2511 Testamentum
3338 2467 3542 2509 novum
3600 2454 3821 2520 (Jerem.

2168 2557 2326 2610 XXXI,
2354 2540 2465 2609 3i),
2500 2542 2555 2595 et
2584 2543 2792 2594 cmtera
2823 2553 2950 2609 quae
2982 2535 3060 2590 ibi
3089 2534 3385 2607 leguntur.

2238 2622 2291 2676 2.
2326 2619 2633 2693 Sophoniae
2682 2623 2874 2674 autem
2921 2616 3235 2688 praphetae,
3270 2614 3370 2686 qui
3412 2632 3548 2670 cum
3576 2616 3826 2672 Ieremia

2168 2702 2568 2773 prophetahat,
2622 2698 2740 2753 haec
2790 2698 3063 2768 praedicta
3095 2697 3164 2752 de
3193 2695 3422 2751 Christo
3453 2696 3692 2751 interim
3732 2713 3825 2767 po-

2167 2799 2338 2838 nam:
2371 2783 2630 2851 Exspecta
2660 2795 2765 2846 nte,
2810 2779 2949 2834 dicit
2984 2780 3265 2840 Dominus,
3310 2779 3369 2831 in
3416 2776 3508 2832 die
3546 2794 3827 2835 resurrec-

2165 2864 2335 2918 tionis
2366 2876 2528 2924 meee.
2562 2863 2616 2917 in
2666 2861 2964 2931 futurum:
3014 2858 3147 2929 quia
3178 2857 3454 2928 judicium
3497 2873 3711 2928 meum,
3767 2866 3823 2914 ut

2160 2957 2480 3011 congregem
2507 2945 2719 3010 gentes,
2751 2944 2801 2994 et
2829 2939 3092 3011 colligam
3122 2954 3292 3006 regna
3334 2936 3587 3007 (Sophon.
3622 2954 3715 3008 xu,
3748 2939 3828 3009 8).

2162 3022 2230 3077 Et
2261 3022 2469 3076 iterum
2497 3039 2509 3076 :
2541 3019 2861 3085 tlorribilis,
2894 3019 3105 3091 inquit,
3144 3019 3409 3073 Dominus
3435 3032 3599 3090 super
3627 3034 3747 3090 eos,
3775 3025 3825 3076 et

2160 3102 2551 3159 exterminabit
2581 3117 2762 3156 omnes
2790 3103 2918 3156 deos
2955 3104 3151 3162 terrae;
3180 3102 3232 3154 et
3279 3099 3540 3155 adorabit
3571 3114 3702 3155 eum
3740 3104 3828 3156 vir

2158 3184 2357 3240 deloco
2396 3200 2518 3253 suo,
2567 3198 2750 3239 omnes
2792 3181 2994 3239 insulae
3039 3183 3288 3252 gentium
3335 3180 3439 3250 (Id.
3493 3196 3554 3250 Il,
3606 3181 3722 3252 11).
3758 3186 3829 3237 Et

2159 3266 2331 3338 paulo
2383 3276 2549 3337 post:
2601 3265 2763 3330 Tunc,
2811 3264 3025 3334 inquit,
3077 3268 3437 3316 transvertam
3485 3261 3547 3315 in
3588 3263 3826 3333 populos

2158 3350 2431 3420 linguam,
2462 3352 2515 3403 et
2546 3348 2601 3402 in
2622 3346 2883 3417 progenie
2931 3343 3102 3414 ejus’,
3134 3346 3194 3397 ut
3224 3357 3411 3397 omnes
3441 3342 3700 3397 invocent
3733 3358 3827 3399 no-

2156 3446 2282 3486 men
2313 3428 2559 3492 Domini,
2590 3433 2643 3481 et
2693 3427 2938 3480 serviant
2979 3425 3032 3479 ei
3060 3422 3155 3477 sub
3187 3438 3297 3478 uno
3321 3426 3467 3493 jugo
3488 3438 3509 3484 ,·
3542 3439 3577 3477 a
3614 3423 3825 3493 ﬁnibus

2154 3510 2454 3582 ﬂuminum
2484 3508 2778 3577 AithiOpiz
2809 3506 3042 3576 aﬂerent
3070 3503 3213 3558 mihi
3248 3502 3468 3558 hostias.
3504 3502 3563 3556 In
3596 3503 3703 3559 illo
3733 3503 3823 3559 die

2154 3609 2262 3649 non
2305 3587 2693 3661 confundens“
2741 3603 2810 3642 ea:
2850 3585 3101 3642 omnibus
3147 3583 3633 3639 adiuventionibus
3683 3584 3821 3651 tuis,

2154 3688 2287 3743 quas
2318 3670 2488 3740 impie
2524 3668 2682 3738 egisti
2725 3665 2787 3721 in
2821 3682 2909 3722 me
2930 3684 2948 3721 :
2999 3666 3130 3737 quia
3191 3670 3323 3719 tunc
3351 3667 3608 3731 auferam
3638 3663 3742 3718 abs
3771 3667 3825 3719 te

2150 3755 2453 3823 pravitates
2484 3748 2716 3817 iniuria:
2743 3757 2895 3814 tuae,-
2924 3751 2973 3801 et
2984 3746 3105 3817 jam
3138 3761 3245 3799 non
3268 3745 3493 3811 adjicies
3514 3752 3572 3798 ut
3601 3744 3826 3815 magni-

2152 3833 2329 3901 ficeris
2348 3847 2511 3901 super
2538 3831 2773 3883 montem
2795 3836 3041 3882 sanctum
3066 3840 3249 3880 meum
3275 3840 3287 3878 :
3312 3828 3361 3879 et
3389 3824 3825 3895 subrelinquam

2152 3913 2213 3969 in
2234 3919 2285 3968 te
2314 3912 2574 3982 populum
2604 3915 2950 3963 mansuetum
2983 3915 3032 3962 et
3061 3907 3356 3971 humilem;
3388 3915 3439 3960 et
3478 3906 3822 3961 verebuntur

2150 4011 2184 4048 a
2215 3994 2436 4048 nomine
2466 3990 2701 4053 Domini,
2733 3990 2827 4058 qui
2858 3988 3065 4058 reliqui
3105 3988 3317 4054 fuerint
3337 3985 3548 4040 Israel‘
3589 3983 3696 4050 (Id.
3726 4002 3818 4047 iu,

2148 4075 2297 4140 9-13,
2324 4089 2429 4128 sec.
2465 4071 2660 4141 LXX).
2704 4069 2798 4124 Hie
2829 4075 2967 4124 sunt
3012 4067 3287 4139 reliquiae,
3316 4067 3386 4121 de
3418 4067 3636 4139 quibus
3670 4065 3820 4121 alibi

2151 4154 2552 4224 prophetatur,
2603 4149 2756 4221 quod
2799 4148 3107 4219 Apostolus
3140 4148 3316 4201 etiam
3348 4152 3819 4204 commemorat:

2147 4235 2209 4289 Si
2227 4235 2398 4302 fuerit
2429 4246 2688 4286 numerus
2737 4229 2986 4299 ﬁliorum
3020 4228 3189 4283 Israel
3219 4228 3361 4283 sicut
3408 4241 3582 4281 arena
3609 4230 3818 4294 maris,

2148 4315 2396 4386 reliquiis
2424 4314 2595 4367 salvae
2641 4310 2773 4380 ﬁent
2820 4311 2973 4382 (Isai.
3017 4326 3073 4375 x,
3104 4310 3212 4376 22;
3262 4309 3415 4363 Rom.
3448 4323 3529 4377 ix,
3555 4307 3677 4379 27).
3714 4306 3821 4363 Ile

2148 4396 2364 4467 quippe
2394 4392 2451 4446 in
2484 4391 2783 4446 Christum
2830 4389 2989 4444 illius
3021 4388 3212 4461 gentis
3263 4387 3499 4460 reliqua:
3544 4387 3820 4443 credide-

2147 4480 2301 4533 runt.

2143 4635 2376 4694 CAPUT
2414 4633 2673 4691 XXXIV.
2716 4663 2782 4673 —
2838 4635 2916 4689 De
2953 4630 3245 4702 prophetia
3284 4628 3531 4685 Danielis
3578 4639 3630 4685 et
3677 4630 3820 4686 Eze~

2214 4719 2424 4785 chiclis,
2457 4732 2574 4789 qum
2604 4715 2665 4770 in
2688 4715 2968 4770 Christum
2994 4711 3398 4783 Ecclesiamque
3414 4709 3734 4767 concordat.

2217 4883 2265 4937 1.
2302 4883 2363 4938 In
2396 4879 2523 4951 ipsa
2553 4894 2724 4950 porro
2758 4874 3083 4948 Babyloniae
3115 4872 3442 4946 captivitate
3482 4871 3648 4943 prius
3682 4889 3820 4945 pro-

2203 5175 2219 5210 1
2250 5172 2333 5222 Ita
2368 5170 2718 5234 manuscripti
2755 5169 2913 5233 juxta
2957 5178 3206 5231 graecum
3249 5165 3392 5216 LXX.
3442 5165 3510 5215 At
3549 5163 3701 5227 editi,
3738 5163 3814 5214 in

2141 5246 2404 5348 “nihil.
2437 5299 2549 5346 Am.
2587 5297 2670 5346 Er.
2703 5297 2755 5346 et
2782 5294 3021 5359 plerique
3046 5294 3192 5348 Mss.
3225 5299 3278 5340 et
3302 5290 3597 5354 progenies
3629 5289 3808 5350 ejus;

2137 5376 2523 5475 ωῗῗξέΪξιὶη
2572 5422 2672 5473 illo
2719 5422 2806 5472 die
2851 5418 3261 5483 confunderis;
3312 5416 3514 5479 absque
3559 5417 3809 5476 negante

2134 5503 2230 5613 1:8:
2234 5488 2496 5600 ἰέέῗὲίήιὶ
2525 5549 2891 5613 manuscripti,
2941 5547 3004 5596 in
3044 5544 3249 5595 Israel.
3305 5541 3500 5591 Graece
3543 5541 3644 5594 est.
3694 5547 3806 5589 (ou

2133 5611 2333 5664 Israel.
