  <div class='ocr_page' id='page_1' title='image "/cluster/home/n/w/nwhite01/storage/ocr_20150623/41/hvd.32044096580634/302.png"; bbox 0 0 4124 6188; ppageno 0'>
   <div class='ocr_carea' id='block_1_1' title="bbox 328 309 448 374">
    <p class='ocr_par' dir='ltr' id='par_1_1' title="bbox 328 309 448 374">
     <span class='ocr_line' id='line_1_1' title="bbox 328 309 448 374; baseline 0 0"><span class='ocrx_word' id='word_1_1' title='bbox 328 309 448 374; x_wconf 81' lang='lat'><strong>593</strong></span> 
     </span>
    </p>
   </div>
   <div class='ocr_carea' id='block_1_2' title="bbox 327 447 1975 521">
    <p class='ocr_par' dir='ltr' id='par_1_2' title="bbox 327 447 1975 521">
     <span class='ocr_line' id='line_1_2' title="bbox 327 447 1975 521; baseline 0.002 -18"><span class='ocrx_word' id='word_1_2' title='bbox 327 447 712 520; x_wconf 86' lang='lat' dir='ltr'><strong>phetaveruut</strong></span> <span class='ocrx_word' id='word_1_3' title='bbox 756 448 957 506; x_wconf 84' lang='lat' dir='ltr'><strong>Daniel</strong></span> <span class='ocrx_word' id='word_1_4' title='bbox 1000 453 1057 507; x_wconf 89' lang='lat' dir='ltr'><strong>et</strong></span> <span class='ocrx_word' id='word_1_5' title='bbox 1097 448 1358 507; x_wconf 77' lang='lat' dir='ltr'><strong>Ezechiel</strong></span> <span class='ocrx_word' id='word_1_6' title='bbox 1382 453 1425 521; x_wconf 87' lang='grc'><strong>¹,</strong></span> <span class='ocrx_word' id='word_1_7' title='bbox 1470 449 1569 506; x_wconf 89' lang='lat' dir='ltr'><strong>alii</strong></span> <span class='ocrx_word' id='word_1_8' title='bbox 1609 449 1833 507; x_wconf 73' lang='lat' dir='ltr'><strong>scilicet</strong></span> <span class='ocrx_word' id='word_1_9' title='bbox 1861 448 1975 506; x_wconf 90' lang='lat' dir='ltr'><strong>duo</strong></span> 
     </span>
    </p>
   </div>
   <div class='ocr_carea' id='block_1_3' title="bbox 325 527 1982 601">
    <p class='ocr_par' dir='ltr' id='par_1_3' title="bbox 325 527 1982 601">
     <span class='ocr_line' id='line_1_3' title="bbox 325 527 1982 601; baseline -0.001 -16"><span class='ocrx_word' id='word_1_10' title='bbox 325 545 396 585; x_wconf 83' lang='lat' dir='ltr'><strong>ex</strong></span> <span class='ocrx_word' id='word_1_11' title='bbox 447 527 753 599; x_wconf 85' lang='lat' dir='ltr'><strong>PrOpbetis</strong></span> <span class='ocrx_word' id='word_1_12' title='bbox 823 530 1170 601; x_wconf 79' lang='lat' dir='ltr'><strong>majoribus.</strong></span> <span class='ocrx_word' id='word_1_13' title='bbox 1228 532 1485 597; x_wconf 88' lang='lat' dir='ltr'><strong>Quorum</strong></span> <span class='ocrx_word' id='word_1_14' title='bbox 1548 531 1744 586; x_wconf 75' lang='lat' dir='ltr'><strong>Daniel</strong></span> <span class='ocrx_word' id='word_1_15' title='bbox 1807 531 1982 586; x_wconf 86' lang='lat' dir='ltr'><strong>etiam</strong></span> 
     </span>
    </p>
   </div>
   <div class='ocr_carea' id='block_1_4' title="bbox 325 611 1981 683">
    <p class='ocr_par' dir='ltr' id='par_1_4' title="bbox 325 611 1981 683">
     <span class='ocr_line' id='line_1_4' title="bbox 325 611 1981 683; baseline 0 -18"><span class='ocrx_word' id='word_1_16' title='bbox 325 611 550 679; x_wconf 81' lang='lat' dir='ltr'><strong>tempus</strong></span> <span class='ocrx_word' id='word_1_17' title='bbox 582 626 695 682; x_wconf 86' lang='lat' dir='ltr'><strong>quo</strong></span> <span class='ocrx_word' id='word_1_18' title='bbox 723 620 1000 668; x_wconf 86' lang='lat' dir='ltr'><strong>venturus</strong></span> <span class='ocrx_word' id='word_1_19' title='bbox 1049 614 1237 668; x_wconf 89' lang='lat' dir='ltr'><strong>fuerat</strong></span> <span class='ocrx_word' id='word_1_20' title='bbox 1265 613 1531 668; x_wconf 77' lang='lat' dir='ltr'><strong>Christus</strong></span> <span class='ocrx_word' id='word_1_21' title='bbox 1571 624 1746 683; x_wconf 82' lang='lat' dir='ltr'><strong>alque</strong></span> <span class='ocrx_word' id='word_1_22' title='bbox 1779 627 1981 683; x_wconf 84' lang='lat' dir='ltr'><strong>passu-</strong></span> 
     </span>
    </p>
   </div>
   <div class='ocr_carea' id='block_1_5' title="bbox 326 692 1985 767">
    <p class='ocr_par' dir='ltr' id='par_1_5' title="bbox 326 692 1985 767">
     <span class='ocr_line' id='line_1_5' title="bbox 326 692 1985 767; baseline -0.001 -20"><span class='ocrx_word' id='word_1_23' title='bbox 326 707 449 759; x_wconf 88' lang='lat' dir='ltr'><strong>rus,</strong></span> <span class='ocrx_word' id='word_1_24' title='bbox 483 707 726 747; x_wconf 90' lang='lat' dir='ltr'><strong>numero</strong></span> <span class='ocrx_word' id='word_1_25' title='bbox 756 692 1017 748; x_wconf 76' lang='lat' dir='ltr'><strong>definivit</strong></span> <span class='ocrx_word' id='word_1_26' title='bbox 1050 709 1334 750; x_wconf 82' lang='lat' dir='ltr'><strong>annorum</strong></span> <span class='ocrx_word' id='word_1_27' title='bbox 1364 709 1379 750; x_wconf 90' lang='lat'><strong>:</strong></span> <span class='ocrx_word' id='word_1_28' title='bbox 1428 695 1577 767; x_wconf 90' lang='lat' dir='ltr'><strong>quod</strong></span> <span class='ocrx_word' id='word_1_29' title='bbox 1620 693 1863 765; x_wconf 84' lang='lat' dir='ltr'><strong>longum</strong></span> <span class='ocrx_word' id='word_1_30' title='bbox 1895 695 1985 747; x_wconf 90' lang='lat' dir='ltr'><strong>est</strong></span> 
     </span>
    </p>
   </div>
   <div class='ocr_carea' id='block_1_6' title="bbox 326 770 1985 843">
    <p class='ocr_par' dir='ltr' id='par_1_6' title="bbox 326 770 1985 843">
     <span class='ocr_line' id='line_1_6' title="bbox 326 770 1985 843; baseline -0.001 -15"><span class='ocrx_word' id='word_1_31' title='bbox 326 770 718 842; x_wconf 86' lang='lat' dir='ltr'><strong>computando</strong></span> <span class='ocrx_word' id='word_1_32' title='bbox 748 779 1089 843; x_wconf 89' lang='lat' dir='ltr'><strong>monstrare,</strong></span> <span class='ocrx_word' id='word_1_33' title='bbox 1119 779 1174 831; x_wconf 93' lang='lat' dir='ltr'><strong>et</strong></span> <span class='ocrx_word' id='word_1_34' title='bbox 1233 776 1307 831; x_wconf 92' lang='lat' dir='ltr'><strong>ab</strong></span> <span class='ocrx_word' id='word_1_35' title='bbox 1372 773 1503 830; x_wconf 88' lang='lat' dir='ltr'><strong>aliis</strong></span> <span class='ocrx_word' id='word_1_36' title='bbox 1537 776 1857 830; x_wconf 82' lang='lat' dir='ltr'><strong>factitatum</strong></span> <span class='ocrx_word' id='word_1_37' title='bbox 1898 775 1985 828; x_wconf 89' lang='lat' dir='ltr'><strong>est</strong></span> 
     </span>
    </p>
   </div>
   <div class='ocr_carea' id='block_1_7' title="bbox 326 853 1983 927">
    <p class='ocr_par' dir='ltr' id='par_1_7' title="bbox 326 853 1983 927">
     <span class='ocr_line' id='line_1_7' title="bbox 326 853 1983 927; baseline 0.001 -19"><span class='ocrx_word' id='word_1_38' title='bbox 326 856 463 909; x_wconf 89' lang='lat' dir='ltr'><strong>ante</strong></span> <span class='ocrx_word' id='word_1_39' title='bbox 494 869 619 909; x_wconf 90' lang='lat' dir='ltr'><strong>nos.</strong></span> <span class='ocrx_word' id='word_1_40' title='bbox 651 853 731 910; x_wconf 91' lang='lat' dir='ltr'><strong>De</strong></span> <span class='ocrx_word' id='word_1_41' title='bbox 772 860 1054 926; x_wconf 88' lang='lat' dir='ltr'><strong>potestate</strong></span> <span class='ocrx_word' id='word_1_42' title='bbox 1104 871 1238 913; x_wconf 89' lang='lat' dir='ltr'><strong>vero</strong></span> <span class='ocrx_word' id='word_1_43' title='bbox 1288 857 1412 926; x_wconf 88' lang='lat' dir='ltr'><strong>ejus</strong></span> <span class='ocrx_word' id='word_1_44' title='bbox 1453 860 1511 911; x_wconf 88' lang='lat' dir='ltr'><strong>et</strong></span> <span class='ocrx_word' id='word_1_45' title='bbox 1540 855 1759 927; x_wconf 74' lang='lat' dir='ltr'><strong>gloria&#39;</strong></span> <span class='ocrx_word' id='word_1_46' title='bbox 1787 855 1874 910; x_wconf 89' lang='lat' dir='ltr'><strong>sic</strong></span> <span class='ocrx_word' id='word_1_47' title='bbox 1904 853 1983 910; x_wconf 86' lang='lat' dir='ltr'><strong>lo-</strong></span> 
     </span>
    </p>
   </div>
   <div class='ocr_carea' id='block_1_8' title="bbox 324 935 1984 1009">
    <p class='ocr_par' dir='ltr' id='par_1_8' title="bbox 324 935 1984 1009">
     <span class='ocr_line' id='line_1_8' title="bbox 324 935 1984 1009; baseline 0.001 -20"><span class='ocrx_word' id='word_1_48' title='bbox 324 938 494 989; x_wconf 92' lang='lat' dir='ltr'><strong>cutus</strong></span> <span class='ocrx_word' id='word_1_49' title='bbox 522 939 648 992; x_wconf 87' lang='lat' dir='ltr'><strong>est:</strong></span> <span class='ocrx_word' id='word_1_50' title='bbox 702 935 989 1005; x_wconf 75' lang='lat' dir='ltr'><strong>Videbam,</strong></span> <span class='ocrx_word' id='word_1_51' title='bbox 1025 936 1239 1009; x_wconf 89' lang='lat' dir='ltr'><strong>inquit,</strong></span> <span class='ocrx_word' id='word_1_52' title='bbox 1284 937 1345 993; x_wconf 89' lang='lat' dir='ltr'><strong>in</strong></span> <span class='ocrx_word' id='word_1_53' title='bbox 1368 935 1490 993; x_wconf 76' lang='lat' dir='ltr'><strong>visu</strong></span> <span class='ocrx_word' id='word_1_54' title='bbox 1516 939 1713 1003; x_wconf 88' lang='lat' dir='ltr'><strong>noctis,</strong></span> <span class='ocrx_word' id='word_1_55' title='bbox 1769 940 1820 992; x_wconf 88' lang='lat' dir='ltr'><strong>et</strong></span> <span class='ocrx_word' id='word_1_56' title='bbox 1864 950 1984 991; x_wconf 87' lang='lat' dir='ltr'><strong>ecce</strong></span> 
     </span>
    </p>
   </div>
   <div class='ocr_carea' id='block_1_9' title="bbox 321 1015 1983 1089">
    <p class='ocr_par' dir='ltr' id='par_1_9' title="bbox 321 1015 1983 1089">
     <span class='ocr_line' id='line_1_9' title="bbox 321 1015 1983 1089; baseline 0 -18"><span class='ocrx_word' id='word_1_57' title='bbox 321 1029 446 1071; x_wconf 89' lang='lat' dir='ltr'><strong>cum</strong></span> <span class='ocrx_word' id='word_1_58' title='bbox 475 1015 712 1072; x_wconf 88' lang='lat' dir='ltr'><strong>nubibus</strong></span> <span class='ocrx_word' id='word_1_59' title='bbox 741 1016 861 1072; x_wconf 76' lang='lat' dir='ltr'><strong>caeli</strong></span> <span class='ocrx_word' id='word_1_60' title='bbox 890 1022 952 1072; x_wconf 88' lang='lat' dir='ltr'><strong>ut</strong></span> <span class='ocrx_word' id='word_1_61' title='bbox 978 1015 1136 1089; x_wconf 80' lang='lat' dir='ltr'><strong>ﬁlius</strong></span> <span class='ocrx_word' id='word_1_62' title='bbox 1156 1017 1177 1052; x_wconf 82' lang='grc'>⁸</span> <span class='ocrx_word' id='word_1_63' title='bbox 1225 1016 1464 1074; x_wconf 85' lang='lat' dir='ltr'><strong>hominis</strong></span> <span class='ocrx_word' id='word_1_64' title='bbox 1509 1020 1735 1073; x_wconf 89' lang='lat' dir='ltr'><strong>veniens</strong></span> <span class='ocrx_word' id='word_1_65' title='bbox 1762 1021 1904 1083; x_wconf 88' lang='lat' dir='ltr'><strong>erat,</strong></span> <span class='ocrx_word' id='word_1_66' title='bbox 1931 1022 1983 1072; x_wconf 88' lang='lat' dir='ltr'><strong>et</strong></span> 
     </span>
    </p>
   </div>
   <div class='ocr_carea' id='block_1_10' title="bbox 320 1097 1982 1171">
    <p class='ocr_par' dir='ltr' id='par_1_10' title="bbox 320 1097 1982 1171">
     <span class='ocr_line' id='line_1_10' title="bbox 320 1097 1982 1171; baseline 0 -20"><span class='ocrx_word' id='word_1_67' title='bbox 320 1111 495 1168; x_wconf 85' lang='lat' dir='ltr'><strong>usque</strong></span> <span class='ocrx_word' id='word_1_68' title='bbox 523 1097 594 1152; x_wconf 90' lang='lat' dir='ltr'><strong>ad</strong></span> <span class='ocrx_word' id='word_1_69' title='bbox 622 1106 898 1153; x_wconf 89' lang='lat' dir='ltr'><strong>vetustum</strong></span> <span class='ocrx_word' id='word_1_70' title='bbox 928 1098 1145 1156; x_wconf 89' lang='lat' dir='ltr'><strong>dierum</strong></span> <span class='ocrx_word' id='word_1_71' title='bbox 1185 1100 1473 1171; x_wconf 85' lang='lat' dir='ltr'><strong>pervenit:</strong></span> <span class='ocrx_word' id='word_1_72' title='bbox 1506 1106 1559 1157; x_wconf 89' lang='lat' dir='ltr'><strong>et</strong></span> <span class='ocrx_word' id='word_1_73' title='bbox 1594 1100 1657 1155; x_wconf 90' lang='lat' dir='ltr'><strong>in</strong></span> <span class='ocrx_word' id='word_1_74' title='bbox 1693 1100 1982 1168; x_wconf 89' lang='lat' dir='ltr'><strong>conspectu</strong></span> 
     </span>
    </p>
   </div>
   <div class='ocr_carea' id='block_1_11' title="bbox 320 1176 1982 1252">
    <p class='ocr_par' dir='ltr' id='par_1_11' title="bbox 320 1176 1982 1252">
     <span class='ocr_line' id='line_1_11' title="bbox 320 1176 1982 1252; baseline 0.001 -21"><span class='ocrx_word' id='word_1_75' title='bbox 320 1176 443 1248; x_wconf 93' lang='lat' dir='ltr'><strong>ejus</strong></span> <span class='ocrx_word' id='word_1_76' title='bbox 483 1177 752 1249; x_wconf 71' lang='lat' dir='ltr'><strong>praelatus</strong></span> <span class='ocrx_word' id='word_1_77' title='bbox 795 1182 906 1241; x_wconf 83' lang='lat' dir='ltr'><strong>est;</strong></span> <span class='ocrx_word' id='word_1_78' title='bbox 955 1187 1005 1236; x_wconf 89' lang='lat' dir='ltr'><strong>et</strong></span> <span class='ocrx_word' id='word_1_79' title='bbox 1053 1179 1165 1252; x_wconf 89' lang='lat' dir='ltr'><strong>ipsi</strong></span> <span class='ocrx_word' id='word_1_80' title='bbox 1211 1180 1370 1235; x_wconf 88' lang='lat' dir='ltr'><strong>datus</strong></span> <span class='ocrx_word' id='word_1_81' title='bbox 1405 1183 1488 1236; x_wconf 90' lang='lat' dir='ltr'><strong>est</strong></span> <span class='ocrx_word' id='word_1_82' title='bbox 1524 1180 1889 1251; x_wconf 72' lang='lat' dir='ltr'><strong>principatus,</strong></span> <span class='ocrx_word' id='word_1_83' title='bbox 1928 1181 1982 1233; x_wconf 90' lang='lat' dir='ltr'><strong>et</strong></span> 
     </span>
    </p>
   </div>
   <div class='ocr_carea' id='block_1_12' title="bbox 320 1256 1980 1332">
    <p class='ocr_par' dir='ltr' id='par_1_12' title="bbox 320 1256 1980 1332">
     <span class='ocr_line' id='line_1_12' title="bbox 320 1256 1980 1332; baseline 0 -19"><span class='ocrx_word' id='word_1_84' title='bbox 320 1256 514 1326; x_wconf 82' lang='lat' dir='ltr'><strong>honor,</strong></span> <span class='ocrx_word' id='word_1_85' title='bbox 544 1265 598 1314; x_wconf 90' lang='lat' dir='ltr'><strong>et</strong></span> <span class='ocrx_word' id='word_1_86' title='bbox 616 1274 846 1331; x_wconf 79' lang='lat' dir='ltr'><strong>regnum</strong></span> <span class='ocrx_word' id='word_1_87' title='bbox 866 1276 888 1316; x_wconf 90' lang='lat'><strong>:</strong></span> <span class='ocrx_word' id='word_1_88' title='bbox 917 1269 973 1316; x_wconf 87' lang='lat' dir='ltr'><strong>et</strong></span> <span class='ocrx_word' id='word_1_89' title='bbox 1001 1276 1188 1318; x_wconf 91' lang='lat' dir='ltr'><strong>omnes</strong></span> <span class='ocrx_word' id='word_1_90' title='bbox 1225 1260 1437 1332; x_wconf 89' lang='lat' dir='ltr'><strong>papuli,</strong></span> <span class='ocrx_word' id='word_1_91' title='bbox 1494 1260 1675 1317; x_wconf 86' lang='lat' dir='ltr'><strong>tribus</strong></span> <span class='ocrx_word' id='word_1_92' title='bbox 1701 1267 1753 1316; x_wconf 91' lang='lat' dir='ltr'><strong>et</strong></span> <span class='ocrx_word' id='word_1_93' title='bbox 1774 1258 1980 1329; x_wconf 70' lang='lat' dir='ltr'><strong>linguae</strong></span> 
     </span>
    </p>
   </div>
   <div class='ocr_carea' id='block_1_13' title="bbox 318 1337 1980 1414">
    <p class='ocr_par' dir='ltr' id='par_1_13' title="bbox 318 1337 1980 1414">
     <span class='ocr_line' id='line_1_13' title="bbox 318 1337 1980 1414; baseline 0.002 -21"><span class='ocrx_word' id='word_1_94' title='bbox 318 1337 431 1409; x_wconf 89' lang='lat' dir='ltr'><strong>ipsi</strong></span> <span class='ocrx_word' id='word_1_95' title='bbox 470 1338 733 1395; x_wconf 77' lang='lat' dir='ltr'><strong>serviens.</strong></span> <span class='ocrx_word' id='word_1_96' title='bbox 777 1341 1027 1397; x_wconf 77' lang='lat' dir='ltr'><strong>Potestas</strong></span> <span class='ocrx_word' id='word_1_97' title='bbox 1072 1343 1212 1414; x_wconf 86' lang='lat' dir='ltr'><strong>ejus,</strong></span> <span class='ocrx_word' id='word_1_98' title='bbox 1240 1345 1480 1413; x_wconf 77' lang='lat' dir='ltr'><strong>potestas</strong></span> <span class='ocrx_word' id='word_1_99' title='bbox 1527 1344 1810 1412; x_wconf 79' lang='lat' dir='ltr'><strong>perpetua,</strong></span> <span class='ocrx_word' id='word_1_100' title='bbox 1855 1352 1980 1408; x_wconf 75' lang='lat' dir='ltr'><strong>qua:</strong></span> 
     </span>
    </p>
   </div>
   <div class='ocr_carea' id='block_1_14' title="bbox 318 1418 1973 1494">
    <p class='ocr_par' dir='ltr' id='par_1_14' title="bbox 318 1418 1973 1494">
     <span class='ocr_line' id='line_1_14' title="bbox 318 1418 1973 1494; baseline -0.001 -21"><span class='ocrx_word' id='word_1_101' title='bbox 318 1433 433 1473; x_wconf 89' lang='lat' dir='ltr'><strong>non</strong></span> <span class='ocrx_word' id='word_1_102' title='bbox 456 1418 752 1483; x_wconf 74' lang='lat' dir='ltr'><strong>transibit;</strong></span> <span class='ocrx_word' id='word_1_103' title='bbox 771 1425 826 1476; x_wconf 92' lang='lat' dir='ltr'><strong>et</strong></span> <span class='ocrx_word' id='word_1_104' title='bbox 855 1437 1087 1491; x_wconf 86' lang='lat' dir='ltr'><strong>regnum</strong></span> <span class='ocrx_word' id='word_1_105' title='bbox 1111 1423 1228 1494; x_wconf 87' lang='lat' dir='ltr'><strong>ejus</strong></span> <span class='ocrx_word' id='word_1_106' title='bbox 1260 1437 1369 1477; x_wconf 90' lang='lat' dir='ltr'><strong>non</strong></span> <span class='ocrx_word' id='word_1_107' title='bbox 1402 1428 1785 1493; x_wconf 85' lang='lat' dir='ltr'><strong>corrumpetur</strong></span> <span class='ocrx_word' id='word_1_108' title='bbox 1807 1420 1973 1489; x_wconf 92' lang='lat' dir='ltr'><strong>(Dan.</strong></span> 
     </span>
    </p>
   </div>
   <div class='ocr_carea' id='block_1_15' title="bbox 320 1499 727 1571">
    <p class='ocr_par' dir='ltr' id='par_1_15' title="bbox 320 1499 727 1571">
     <span class='ocr_line' id='line_1_15' title="bbox 320 1499 727 1571; baseline 0.007 -19"><span class='ocrx_word' id='word_1_109' title='bbox 320 1514 423 1566; x_wconf 82' lang='lat' dir='ltr'><strong>vn,</strong></span> <span class='ocrx_word' id='word_1_110' title='bbox 459 1499 525 1555; x_wconf 89' lang='grc'><strong>13</strong></span> <span class='ocrx_word' id='word_1_111' title='bbox 551 1509 605 1556; x_wconf 91' lang='lat' dir='ltr'><strong>et</strong></span> <span class='ocrx_word' id='word_1_112' title='bbox 641 1500 727 1571; x_wconf 77' lang='grc'><strong>14)</strong></span> 
     </span>
    </p>
   </div>
   <div class='ocr_carea' id='block_1_16' title="bbox 391 1579 1976 1654">
    <p class='ocr_par' dir='ltr' id='par_1_16' title="bbox 391 1579 1976 1654">
     <span class='ocr_line' id='line_1_16' title="bbox 391 1579 1976 1654; baseline 0.001 -21"><span class='ocrx_word' id='word_1_113' title='bbox 391 1581 446 1635; x_wconf 91' lang='grc'><strong>2.</strong></span> <span class='ocrx_word' id='word_1_114' title='bbox 490 1579 748 1637; x_wconf 87' lang='lat' dir='ltr'><strong>Ezechiel</strong></span> <span class='ocrx_word' id='word_1_115' title='bbox 784 1598 1015 1654; x_wconf 84' lang='lat' dir='ltr'><strong>quoque</strong></span> <span class='ocrx_word' id='word_1_116' title='bbox 1063 1599 1223 1640; x_wconf 88' lang='lat' dir='ltr'><strong>more</strong></span> <span class='ocrx_word' id='word_1_117' title='bbox 1274 1582 1607 1654; x_wconf 89' lang='lat' dir='ltr'><strong>prophetico</strong></span> <span class='ocrx_word' id='word_1_118' title='bbox 1653 1598 1756 1654; x_wconf 79' lang='lat' dir='ltr'><strong>per</strong></span> <span class='ocrx_word' id='word_1_119' title='bbox 1796 1579 1976 1636; x_wconf 89' lang='lat' dir='ltr'><strong>David</strong></span> 
     </span>
    </p>
   </div>
   <div class='ocr_carea' id='block_1_17' title="bbox 320 1659 1973 1735">
    <p class='ocr_par' dir='ltr' id='par_1_17' title="bbox 320 1659 1973 1735">
     <span class='ocr_line' id='line_1_17' title="bbox 320 1659 1973 1735; baseline -0.001 -17"><span class='ocrx_word' id='word_1_120' title='bbox 320 1660 616 1718; x_wconf 85' lang='lat' dir='ltr'><strong>Christum</strong></span> <span class='ocrx_word' id='word_1_121' title='bbox 649 1662 1011 1734; x_wconf 77' lang='lat' dir='ltr'><strong>signiﬁcans,</strong></span> <span class='ocrx_word' id='word_1_122' title='bbox 1045 1664 1177 1735; x_wconf 86' lang='lat' dir='ltr'><strong>quia</strong></span> <span class='ocrx_word' id='word_1_123' title='bbox 1217 1680 1453 1721; x_wconf 89' lang='lat' dir='ltr'><strong>carnem</strong></span> <span class='ocrx_word' id='word_1_124' title='bbox 1486 1665 1555 1719; x_wconf 90' lang='lat' dir='ltr'><strong>de</strong></span> <span class='ocrx_word' id='word_1_125' title='bbox 1587 1663 1766 1718; x_wconf 82' lang='lat' dir='ltr'><strong>David</strong></span> <span class='ocrx_word' id='word_1_126' title='bbox 1799 1659 1973 1717; x_wconf 91' lang='lat' dir='ltr'><strong>semi-</strong></span> 
     </span>
    </p>
   </div>
   <div class='ocr_carea' id='block_1_18' title="bbox 321 1742 1980 1818">
    <p class='ocr_par' dir='ltr' id='par_1_18' title="bbox 321 1742 1980 1818">
     <span class='ocr_line' id='line_1_18' title="bbox 321 1742 1980 1818; baseline -0.001 -20"><span class='ocrx_word' id='word_1_127' title='bbox 321 1758 395 1798; x_wconf 88' lang='lat' dir='ltr'><strong>ne</strong></span> <span class='ocrx_word' id='word_1_128' title='bbox 419 1743 732 1814; x_wconf 88' lang='lat' dir='ltr'><strong>assumpsil</strong></span> <span class='ocrx_word' id='word_1_129' title='bbox 761 1768 776 1812; x_wconf 88' lang='lat'><strong>;</strong></span> <span class='ocrx_word' id='word_1_130' title='bbox 808 1749 1041 1817; x_wconf 84' lang='lat' dir='ltr'><strong>propter</strong></span> <span class='ocrx_word' id='word_1_131' title='bbox 1062 1762 1181 1818; x_wconf 89' lang='lat' dir='ltr'><strong>qua</strong></span> <span class='ocrx_word' id='word_1_132' title='bbox 1229 1747 1468 1802; x_wconf 86' lang='lat' dir='ltr'><strong>formam</strong></span> <span class='ocrx_word' id='word_1_133' title='bbox 1500 1744 1651 1800; x_wconf 84' lang='lat' dir='ltr'><strong>servi</strong></span> <span class='ocrx_word' id='word_1_134' title='bbox 1683 1742 1833 1815; x_wconf 63' lang='lat' dir='ltr'><strong>qua‘</strong></span> <span class='ocrx_word' id='word_1_135' title='bbox 1864 1746 1980 1798; x_wconf 87' lang='lat' dir='ltr'><strong>lac-</strong></span> 
     </span>
    </p>
   </div>
   <div class='ocr_carea' id='block_1_19' title="bbox 319 1823 1977 1892">
    <p class='ocr_par' dir='ltr' id='par_1_19' title="bbox 319 1823 1977 1892">
     <span class='ocr_line' id='line_1_19' title="bbox 319 1823 1977 1892; baseline 0 -13"><span class='ocrx_word' id='word_1_136' title='bbox 319 1828 421 1880; x_wconf 88' lang='lat' dir='ltr'><strong>tus</strong></span> <span class='ocrx_word' id='word_1_137' title='bbox 451 1828 541 1881; x_wconf 89' lang='lat' dir='ltr'><strong>est</strong></span> <span class='ocrx_word' id='word_1_138' title='bbox 573 1825 764 1892; x_wconf 90' lang='lat' dir='ltr'><strong>homo,</strong></span> <span class='ocrx_word' id='word_1_139' title='bbox 795 1828 969 1882; x_wconf 87' lang='lat' dir='ltr'><strong>etiam</strong></span> <span class='ocrx_word' id='word_1_140' title='bbox 1016 1844 1218 1883; x_wconf 84' lang='lat' dir='ltr'><strong>servus</strong></span> <span class='ocrx_word' id='word_1_141' title='bbox 1265 1828 1359 1883; x_wconf 89' lang='lat' dir='ltr'><strong>Dei</strong></span> <span class='ocrx_word' id='word_1_142' title='bbox 1411 1828 1626 1882; x_wconf 89' lang='lat' dir='ltr'><strong>dicitur</strong></span> <span class='ocrx_word' id='word_1_143' title='bbox 1670 1826 1825 1881; x_wconf 90' lang='lat' dir='ltr'><strong>idem</strong></span> <span class='ocrx_word' id='word_1_144' title='bbox 1874 1823 1977 1880; x_wconf 88' lang='lat' dir='ltr'><strong>Dei</strong></span> 
     </span>
    </p>
   </div>
   <div class='ocr_carea' id='block_1_20' title="bbox 323 1904 1976 1980">
    <p class='ocr_par' dir='ltr' id='par_1_20' title="bbox 323 1904 1976 1980">
     <span class='ocr_line' id='line_1_20' title="bbox 323 1904 1976 1980; baseline 0 -19"><span class='ocrx_word' id='word_1_145' title='bbox 323 1904 528 1974; x_wconf 85' lang='lat' dir='ltr'><strong>Filius,</strong></span> <span class='ocrx_word' id='word_1_146' title='bbox 561 1907 647 1963; x_wconf 88' lang='lat' dir='ltr'><strong>sic</strong></span> <span class='ocrx_word' id='word_1_147' title='bbox 677 1924 812 1964; x_wconf 91' lang='lat' dir='ltr'><strong>eum</strong></span> <span class='ocrx_word' id='word_1_148' title='bbox 844 1908 1244 1980; x_wconf 86' lang='lat' dir='ltr'><strong>prophetando</strong></span> <span class='ocrx_word' id='word_1_149' title='bbox 1285 1908 1638 1980; x_wconf 76' lang='lat' dir='ltr'><strong>prtenuntiat</strong></span> <span class='ocrx_word' id='word_1_150' title='bbox 1666 1924 1736 1963; x_wconf 83' lang='lat' dir='ltr'><strong>ex</strong></span> <span class='ocrx_word' id='word_1_151' title='bbox 1784 1921 1976 1978; x_wconf 88' lang='lat' dir='ltr'><strong>perso-</strong></span> 
     </span>
    </p>
   </div>
   <div class='ocr_carea' id='block_1_21' title="bbox 320 1986 1977 2063">
    <p class='ocr_par' dir='ltr' id='par_1_21' title="bbox 320 1986 1977 2063">
     <span class='ocr_line' id='line_1_21' title="bbox 320 1986 1977 2063; baseline 0 -21"><span class='ocrx_word' id='word_1_152' title='bbox 320 2002 400 2043; x_wconf 90' lang='lat' dir='ltr'><strong>na</strong></span> <span class='ocrx_word' id='word_1_153' title='bbox 446 1986 550 2043; x_wconf 90' lang='lat' dir='ltr'><strong>Dei</strong></span> <span class='ocrx_word' id='word_1_154' title='bbox 599 1988 836 2046; x_wconf 86' lang='lat' dir='ltr'><strong>Patris:</strong></span> <span class='ocrx_word' id='word_1_155' title='bbox 884 1990 949 2045; x_wconf 87' lang='lat' dir='ltr'><strong>Et</strong></span> <span class='ocrx_word' id='word_1_156' title='bbox 970 1990 1262 2057; x_wconf 84' lang='lat' dir='ltr'><strong>suscitabo,</strong></span> <span class='ocrx_word' id='word_1_157' title='bbox 1311 1990 1523 2063; x_wconf 86' lang='lat' dir='ltr'><strong>inquit,</strong></span> <span class='ocrx_word' id='word_1_158' title='bbox 1568 2004 1739 2060; x_wconf 83' lang='lat' dir='ltr'><strong>super</strong></span> <span class='ocrx_word' id='word_1_159' title='bbox 1782 2003 1977 2060; x_wconf 84' lang='lat' dir='ltr'><strong>pecora</strong></span> 
     </span>
    </p>
   </div>
   <div class='ocr_carea' id='block_1_22' title="bbox 320 2072 1978 2144">
    <p class='ocr_par' dir='ltr' id='par_1_22' title="bbox 320 2072 1978 2144">
     <span class='ocr_line' id='line_1_22' title="bbox 320 2072 1978 2144; baseline -0.002 -20"><span class='ocrx_word' id='word_1_160' title='bbox 320 2082 440 2125; x_wconf 88' lang='lat' dir='ltr'><strong>mea</strong></span> <span class='ocrx_word' id='word_1_161' title='bbox 490 2077 769 2137; x_wconf 84' lang='lat' dir='ltr'><strong>pastorem</strong></span> <span class='ocrx_word' id='word_1_162' title='bbox 813 2086 984 2126; x_wconf 89' lang='lat' dir='ltr'><strong>unum</strong></span> <span class='ocrx_word' id='word_1_163' title='bbox 1036 2072 1133 2144; x_wconf 87' lang='lat' dir='ltr'><strong>qui</strong></span> <span class='ocrx_word' id='word_1_164' title='bbox 1167 2075 1355 2143; x_wconf 88' lang='lat' dir='ltr'><strong>pascat</strong></span> <span class='ocrx_word' id='word_1_165' title='bbox 1395 2086 1481 2141; x_wconf 91' lang='lat' dir='ltr'><strong>ea,</strong></span> <span class='ocrx_word' id='word_1_166' title='bbox 1528 2086 1747 2125; x_wconf 89' lang='lat' dir='ltr'><strong>servum</strong></span> <span class='ocrx_word' id='word_1_167' title='bbox 1792 2083 1978 2123; x_wconf 89' lang='lat' dir='ltr'><strong>meum</strong></span> 
     </span>
    </p>
   </div>
   <div class='ocr_carea' id='block_1_23' title="bbox 321 2148 1974 2224">
    <p class='ocr_par' dir='ltr' id='par_1_23' title="bbox 321 2148 1974 2224">
     <span class='ocr_line' id='line_1_23' title="bbox 321 2148 1974 2224; baseline -0.002 -20"><span class='ocrx_word' id='word_1_168' title='bbox 321 2148 526 2205; x_wconf 81' lang='lat' dir='ltr'><strong>David:</strong></span> <span class='ocrx_word' id='word_1_169' title='bbox 556 2158 607 2207; x_wconf 90' lang='lat' dir='ltr'><strong>et</strong></span> <span class='ocrx_word' id='word_1_170' title='bbox 636 2150 752 2221; x_wconf 89' lang='lat' dir='ltr'><strong>ipse</strong></span> <span class='ocrx_word' id='word_1_171' title='bbox 778 2161 967 2222; x_wconf 86' lang='lat' dir='ltr'><strong>pascet</strong></span> <span class='ocrx_word' id='word_1_172' title='bbox 993 2168 1080 2221; x_wconf 91' lang='lat' dir='ltr'><strong>ea,</strong></span> <span class='ocrx_word' id='word_1_173' title='bbox 1124 2156 1179 2208; x_wconf 91' lang='lat' dir='ltr'><strong>et</strong></span> <span class='ocrx_word' id='word_1_174' title='bbox 1206 2151 1321 2224; x_wconf 86' lang='lat' dir='ltr'><strong>ipse</strong></span> <span class='ocrx_word' id='word_1_175' title='bbox 1349 2156 1457 2207; x_wconf 87' lang='lat' dir='ltr'><strong>erit</strong></span> <span class='ocrx_word' id='word_1_176' title='bbox 1488 2151 1565 2206; x_wconf 89' lang='lat' dir='ltr'><strong>eis</strong></span> <span class='ocrx_word' id='word_1_177' title='bbox 1591 2152 1650 2205; x_wconf 90' lang='lat' dir='ltr'><strong>in</strong></span> <span class='ocrx_word' id='word_1_178' title='bbox 1681 2154 1974 2221; x_wconf 76' lang='lat' dir='ltr'><strong>pastorem.</strong></span> 
     </span>
    </p>
   </div>
   <div class='ocr_carea' id='block_1_24' title="bbox 319 2231 1976 2301">
    <p class='ocr_par' dir='ltr' id='par_1_24' title="bbox 319 2231 1976 2301">
     <span class='ocr_line' id='line_1_24' title="bbox 319 2231 1976 2301; baseline -0.002 -16"><span class='ocrx_word' id='word_1_179' title='bbox 319 2231 430 2301; x_wconf 89' lang='lat' dir='ltr'><strong>Ego</strong></span> <span class='ocrx_word' id='word_1_180' title='bbox 458 2235 645 2288; x_wconf 85' lang='lat' dir='ltr'><strong>autem</strong></span> <span class='ocrx_word' id='word_1_181' title='bbox 674 2232 936 2289; x_wconf 83' lang='lat' dir='ltr'><strong>Dominus</strong></span> <span class='ocrx_word' id='word_1_182' title='bbox 961 2247 1059 2288; x_wconf 91' lang='lat' dir='ltr'><strong>ero</strong></span> <span class='ocrx_word' id='word_1_183' title='bbox 1086 2234 1165 2288; x_wconf 89' lang='lat' dir='ltr'><strong>eis</strong></span> <span class='ocrx_word' id='word_1_184' title='bbox 1211 2235 1269 2289; x_wconf 92' lang='lat' dir='ltr'><strong>in</strong></span> <span class='ocrx_word' id='word_1_185' title='bbox 1300 2233 1493 2301; x_wconf 92' lang='lat' dir='ltr'><strong>Deum,</strong></span> <span class='ocrx_word' id='word_1_186' title='bbox 1529 2237 1582 2288; x_wconf 91' lang='lat' dir='ltr'><strong>et</strong></span> <span class='ocrx_word' id='word_1_187' title='bbox 1609 2245 1798 2287; x_wconf 86' lang='lat' dir='ltr'><strong>servus</strong></span> <span class='ocrx_word' id='word_1_188' title='bbox 1825 2242 1976 2285; x_wconf 86' lang='lat' dir='ltr'><strong>meus</strong></span> 
     </span>
    </p>
   </div>
   <div class='ocr_carea' id='block_1_25' title="bbox 320 2310 1976 2384">
    <p class='ocr_par' dir='ltr' id='par_1_25' title="bbox 320 2310 1976 2384">
     <span class='ocr_line' id='line_1_25' title="bbox 320 2310 1976 2384; baseline -0.002 -18"><span class='ocrx_word' id='word_1_189' title='bbox 320 2311 492 2367; x_wconf 89' lang='lat' dir='ltr'><strong>David</strong></span> <span class='ocrx_word' id='word_1_190' title='bbox 533 2314 788 2384; x_wconf 87' lang='lat' dir='ltr'><strong>princeps</strong></span> <span class='ocrx_word' id='word_1_191' title='bbox 837 2315 899 2369; x_wconf 90' lang='lat' dir='ltr'><strong>in</strong></span> <span class='ocrx_word' id='word_1_192' title='bbox 928 2311 1107 2369; x_wconf 88' lang='lat' dir='ltr'><strong>medio</strong></span> <span class='ocrx_word' id='word_1_193' title='bbox 1135 2327 1364 2369; x_wconf 88' lang='lat' dir='ltr'><strong>eorum:</strong></span> <span class='ocrx_word' id='word_1_194' title='bbox 1390 2329 1492 2384; x_wconf 87' lang='lat' dir='ltr'><strong>ego</strong></span> <span class='ocrx_word' id='word_1_195' title='bbox 1540 2313 1802 2367; x_wconf 81' lang='lat' dir='ltr'><strong>Dominus</strong></span> <span class='ocrx_word' id='word_1_196' title='bbox 1832 2310 1976 2365; x_wconf 89' lang='lat' dir='ltr'><strong>locu-</strong></span> 
     </span>
    </p>
   </div>
   <div class='ocr_carea' id='block_1_26' title="bbox 321 2389 1978 2464">
    <p class='ocr_par' dir='ltr' id='par_1_26' title="bbox 321 2389 1978 2464">
     <span class='ocr_line' id='line_1_26' title="bbox 321 2389 1978 2464; baseline -0.002 -16"><span class='ocrx_word' id='word_1_197' title='bbox 321 2398 406 2449; x_wconf 87' lang='lat' dir='ltr'><strong>tus</strong></span> <span class='ocrx_word' id='word_1_198' title='bbox 452 2409 572 2448; x_wconf 81' lang='lat' dir='ltr'><strong>sum</strong></span> <span class='ocrx_word' id='word_1_199' title='bbox 620 2393 834 2464; x_wconf 70' lang='lat' dir='ltr'><strong>(Ezech.</strong></span> <span class='ocrx_word' id='word_1_200' title='bbox 879 2410 1069 2459; x_wconf 79' lang='lat' dir='ltr'><strong>xxnv,</strong></span> <span class='ocrx_word' id='word_1_201' title='bbox 1119 2393 1190 2449; x_wconf 87' lang='lat'><strong>23</strong></span> <span class='ocrx_word' id='word_1_202' title='bbox 1237 2399 1287 2449; x_wconf 83' lang='lat' dir='ltr'><strong>et</strong></span> <span class='ocrx_word' id='word_1_203' title='bbox 1323 2393 1435 2463; x_wconf 75' lang='grc'><strong>24).</strong></span> <span class='ocrx_word' id='word_1_204' title='bbox 1471 2393 1541 2448; x_wconf 86' lang='lat' dir='ltr'><strong>Et</strong></span> <span class='ocrx_word' id='word_1_205' title='bbox 1571 2391 1686 2448; x_wconf 87' lang='lat' dir='ltr'><strong>alio</strong></span> <span class='ocrx_word' id='word_1_206' title='bbox 1718 2391 1881 2447; x_wconf 87' lang='lat' dir='ltr'><strong>loco:</strong></span> <span class='ocrx_word' id='word_1_207' title='bbox 1914 2389 1978 2445; x_wconf 82' lang='lat' dir='ltr'><strong>Et</strong></span> 
     </span>
    </p>
   </div>
   <div class='ocr_carea' id='block_1_27' title="bbox 319 2473 1975 2545">
    <p class='ocr_par' dir='ltr' id='par_1_27' title="bbox 319 2473 1975 2545">
     <span class='ocr_line' id='line_1_27' title="bbox 319 2473 1975 2545; baseline 0 -19"><span class='ocrx_word' id='word_1_208' title='bbox 319 2489 441 2543; x_wconf 89' lang='lat' dir='ltr'><strong>rex,</strong></span> <span class='ocrx_word' id='word_1_209' title='bbox 490 2474 704 2545; x_wconf 86' lang='lat' dir='ltr'><strong>inquit,</strong></span> <span class='ocrx_word' id='word_1_210' title='bbox 746 2490 891 2530; x_wconf 90' lang='lat' dir='ltr'><strong>unus</strong></span> <span class='ocrx_word' id='word_1_211' title='bbox 937 2473 1047 2529; x_wconf 88' lang='lat' dir='ltr'><strong>erit</strong></span> <span class='ocrx_word' id='word_1_212' title='bbox 1093 2475 1346 2530; x_wconf 88' lang='lat' dir='ltr'><strong>omnibus</strong></span> <span class='ocrx_word' id='word_1_213' title='bbox 1405 2477 1724 2544; x_wconf 86' lang='lat' dir='ltr'><strong>imperans:</strong></span> <span class='ocrx_word' id='word_1_214' title='bbox 1774 2483 1825 2529; x_wconf 86' lang='lat' dir='ltr'><strong>et</strong></span> <span class='ocrx_word' id='word_1_215' title='bbox 1864 2488 1975 2527; x_wconf 85' lang='lat' dir='ltr'><strong>non</strong></span> 
     </span>
    </p>
   </div>
   <div class='ocr_carea' id='block_1_28' title="bbox 319 2553 1977 2626">
    <p class='ocr_par' dir='ltr' id='par_1_28' title="bbox 319 2553 1977 2626">
     <span class='ocr_line' id='line_1_28' title="bbox 319 2553 1977 2626; baseline -0.002 -15"><span class='ocrx_word' id='word_1_216' title='bbox 319 2562 487 2611; x_wconf 86' lang='lat' dir='ltr'><strong>erunt</strong></span> <span class='ocrx_word' id='word_1_217' title='bbox 514 2556 671 2611; x_wconf 90' lang='lat' dir='ltr'><strong>ultra</strong></span> <span class='ocrx_word' id='word_1_218' title='bbox 718 2555 845 2613; x_wconf 62' lang='lat' dir='ltr'><strong>dux</strong></span> <span class='ocrx_word' id='word_1_219' title='bbox 891 2561 1096 2625; x_wconf 82' lang='lat' dir='ltr'><strong>gentes,</strong></span> <span class='ocrx_word' id='word_1_220' title='bbox 1144 2571 1246 2611; x_wconf 89' lang='lat' dir='ltr'><strong>nec</strong></span> <span class='ocrx_word' id='word_1_221' title='bbox 1273 2555 1591 2611; x_wconf 81' lang='lat' dir='ltr'><strong>dividentur</strong></span> <span class='ocrx_word' id='word_1_222' title='bbox 1634 2553 1878 2626; x_wconf 83' lang='lat' dir='ltr'><strong>amplius</strong></span> <span class='ocrx_word' id='word_1_223' title='bbox 1915 2554 1977 2608; x_wconf 87' lang='lat' dir='ltr'><strong>in</strong></span> 
     </span>
    </p>
   </div>
   <div class='ocr_carea' id='block_1_29' title="bbox 317 2634 1979 2707">
    <p class='ocr_par' dir='ltr' id='par_1_29' title="bbox 317 2634 1979 2707">
     <span class='ocr_line' id='line_1_29' title="bbox 317 2634 1979 2707; baseline -0.001 -17"><span class='ocrx_word' id='word_1_224' title='bbox 317 2634 425 2691; x_wconf 88' lang='lat' dir='ltr'><strong>duo</strong></span> <span class='ocrx_word' id='word_1_225' title='bbox 456 2650 667 2703; x_wconf 85' lang='lat' dir='ltr'><strong>regna;</strong></span> <span class='ocrx_word' id='word_1_226' title='bbox 696 2651 872 2707; x_wconf 87' lang='lat' dir='ltr'><strong>neque</strong></span> <span class='ocrx_word' id='word_1_227' title='bbox 914 2634 1235 2707; x_wconf 87' lang='lat' dir='ltr'><strong>polluentur</strong></span> <span class='ocrx_word' id='word_1_228' title='bbox 1262 2636 1418 2691; x_wconf 87' lang='lat' dir='ltr'><strong>ultra</strong></span> <span class='ocrx_word' id='word_1_229' title='bbox 1454 2636 1517 2691; x_wconf 87' lang='lat' dir='ltr'><strong>in</strong></span> <span class='ocrx_word' id='word_1_230' title='bbox 1554 2634 1724 2692; x_wconf 80' lang='lat' dir='ltr'><strong>idolis</strong></span> <span class='ocrx_word' id='word_1_231' title='bbox 1761 2636 1895 2701; x_wconf 87' lang='lat' dir='ltr'><strong>suis,</strong></span> <span class='ocrx_word' id='word_1_232' title='bbox 1927 2642 1979 2690; x_wconf 89' lang='lat' dir='ltr'><strong>et</strong></span> 
     </span>
    </p>
   </div>
   <div class='ocr_carea' id='block_1_30' title="bbox 321 2714 1973 2787">
    <p class='ocr_par' dir='ltr' id='par_1_30' title="bbox 321 2714 1973 2787">
     <span class='ocr_line' id='line_1_30' title="bbox 321 2714 1973 2787; baseline -0.001 -17"><span class='ocrx_word' id='word_1_233' title='bbox 321 2714 830 2771; x_wconf 82' lang='lat' dir='ltr'><strong>abominationibus</strong></span> <span class='ocrx_word' id='word_1_234' title='bbox 858 2720 998 2778; x_wconf 85' lang='lat' dir='ltr'><strong>suis,</strong></span> <span class='ocrx_word' id='word_1_235' title='bbox 1028 2722 1080 2772; x_wconf 91' lang='lat' dir='ltr'><strong>et</strong></span> <span class='ocrx_word' id='word_1_236' title='bbox 1099 2717 1160 2772; x_wconf 89' lang='lat' dir='ltr'><strong>in</strong></span> <span class='ocrx_word' id='word_1_237' title='bbox 1187 2718 1394 2773; x_wconf 87' lang='lat' dir='ltr'><strong>cunctis</strong></span> <span class='ocrx_word' id='word_1_238' title='bbox 1418 2716 1809 2787; x_wconf 82' lang='lat' dir='ltr'><strong>iniquitatibus</strong></span> <span class='ocrx_word' id='word_1_239' title='bbox 1837 2715 1973 2770; x_wconf 87' lang='lat' dir='ltr'><strong>suis.</strong></span> 
     </span>
    </p>
   </div>
   <div class='ocr_carea' id='block_1_31' title="bbox 318 2795 1973 2866">
    <p class='ocr_par' dir='ltr' id='par_1_31' title="bbox 318 2795 1973 2866">
     <span class='ocr_line' id='line_1_31' title="bbox 318 2795 1973 2866; baseline 0 -16"><span class='ocrx_word' id='word_1_240' title='bbox 318 2797 385 2851; x_wconf 84' lang='lat' dir='ltr'><strong>Et</strong></span> <span class='ocrx_word' id='word_1_241' title='bbox 416 2795 594 2852; x_wconf 89' lang='lat' dir='ltr'><strong>salvos</strong></span> <span class='ocrx_word' id='word_1_242' title='bbox 637 2812 730 2852; x_wconf 84' lang='lat' dir='ltr'><strong>eos</strong></span> <span class='ocrx_word' id='word_1_243' title='bbox 778 2797 990 2866; x_wconf 84' lang='lat' dir='ltr'><strong>faciam</strong></span> <span class='ocrx_word' id='word_1_244' title='bbox 1034 2797 1101 2855; x_wconf 89' lang='lat' dir='ltr'><strong>de</strong></span> <span class='ocrx_word' id='word_1_245' title='bbox 1148 2798 1426 2854; x_wconf 77' lang='lat' dir='ltr'><strong>universis</strong></span> <span class='ocrx_word' id='word_1_246' title='bbox 1470 2800 1687 2854; x_wconf 83' lang='lat' dir='ltr'><strong>sedibus</strong></span> <span class='ocrx_word' id='word_1_247' title='bbox 1729 2799 1867 2866; x_wconf 85' lang='lat' dir='ltr'><strong>suis,</strong></span> <span class='ocrx_word' id='word_1_248' title='bbox 1915 2796 1973 2851; x_wconf 87' lang='lat' dir='ltr'><strong>in</strong></span> 
     </span>
    </p>
   </div>
   <div class='ocr_carea' id='block_1_32' title="bbox 316 2876 2015 2949">
    <p class='ocr_par' dir='ltr' id='par_1_32' title="bbox 316 2876 2015 2949">
     <span class='ocr_line' id='line_1_32' title="bbox 316 2876 2015 2949; baseline 0.001 -18"><span class='ocrx_word' id='word_1_249' title='bbox 316 2876 522 2948; x_wconf 77' lang='lat' dir='ltr'><strong>quibus</strong></span> <span class='ocrx_word' id='word_1_250' title='bbox 569 2881 955 2949; x_wconf 86' lang='lat' dir='ltr'><strong>peccaverunt,</strong></span> <span class='ocrx_word' id='word_1_251' title='bbox 1012 2883 1065 2933; x_wconf 92' lang='lat' dir='ltr'><strong>et</strong></span> <span class='ocrx_word' id='word_1_252' title='bbox 1095 2879 1368 2935; x_wconf 88' lang='lat' dir='ltr'><strong>mundabo</strong></span> <span class='ocrx_word' id='word_1_253' title='bbox 1404 2895 1533 2937; x_wconf 84' lang='lat' dir='ltr'><strong>eos:</strong></span> <span class='ocrx_word' id='word_1_254' title='bbox 1561 2886 1615 2937; x_wconf 90' lang='lat' dir='ltr'><strong>et</strong></span> <span class='ocrx_word' id='word_1_255' title='bbox 1642 2885 1805 2935; x_wconf 91' lang='lat' dir='ltr'><strong>erunt</strong></span> <span class='ocrx_word' id='word_1_256' title='bbox 1836 2877 1977 2933; x_wconf 81' lang='lat' dir='ltr'><strong>mihi</strong></span> <span class='ocrx_word' id='word_1_257' title='bbox 2014 2940 2015 2943; x_wconf 27' lang='grc' dir='ltr'><strong>η</strong></span> 
     </span>
    </p>
   </div>
   <div class='ocr_carea' id='block_1_33' title="bbox 317 2956 1977 3029">
    <p class='ocr_par' dir='ltr' id='par_1_33' title="bbox 317 2956 1977 3029">
     <span class='ocr_line' id='line_1_33' title="bbox 317 2956 1977 3029; baseline 0.002 -18"><span class='ocrx_word' id='word_1_258' title='bbox 317 2956 575 3029; x_wconf 88' lang='lat' dir='ltr'><strong>populus,</strong></span> <span class='ocrx_word' id='word_1_259' title='bbox 608 2963 660 3013; x_wconf 88' lang='lat' dir='ltr'><strong>et</strong></span> <span class='ocrx_word' id='word_1_260' title='bbox 689 2972 785 3029; x_wconf 86' lang='lat' dir='ltr'><strong>ego</strong></span> <span class='ocrx_word' id='word_1_261' title='bbox 820 2974 912 3015; x_wconf 91' lang='lat' dir='ltr'><strong>ero</strong></span> <span class='ocrx_word' id='word_1_262' title='bbox 940 2958 1060 3015; x_wconf 87' lang='lat' dir='ltr'><strong>illis</strong></span> <span class='ocrx_word' id='word_1_263' title='bbox 1111 2961 1286 3016; x_wconf 84' lang='lat' dir='ltr'><strong>Dens:</strong></span> <span class='ocrx_word' id='word_1_264' title='bbox 1319 2965 1370 3016; x_wconf 91' lang='lat' dir='ltr'><strong>et</strong></span> <span class='ocrx_word' id='word_1_265' title='bbox 1397 2976 1582 3017; x_wconf 84' lang='lat' dir='ltr'><strong>servus</strong></span> <span class='ocrx_word' id='word_1_266' title='bbox 1613 2977 1762 3017; x_wconf 88' lang='lat' dir='ltr'><strong>meus</strong></span> <span class='ocrx_word' id='word_1_267' title='bbox 1806 2957 1977 3015; x_wconf 86' lang='lat' dir='ltr'><strong>David</strong></span> 
     </span>
    </p>
   </div>
   <div class='ocr_carea' id='block_1_34' title="bbox 320 3039 1972 3113">
    <p class='ocr_par' dir='ltr' id='par_1_34' title="bbox 320 3039 1972 3113">
     <span class='ocr_line' id='line_1_34' title="bbox 320 3039 1972 3113; baseline 0.001 -19"><span class='ocrx_word' id='word_1_268' title='bbox 320 3053 424 3094; x_wconf 89' lang='lat' dir='ltr'><strong>rex</strong></span> <span class='ocrx_word' id='word_1_269' title='bbox 448 3054 616 3109; x_wconf 85' lang='lat' dir='ltr'><strong>super</strong></span> <span class='ocrx_word' id='word_1_270' title='bbox 641 3054 746 3108; x_wconf 91' lang='lat' dir='ltr'><strong>eos,</strong></span> <span class='ocrx_word' id='word_1_271' title='bbox 779 3046 830 3096; x_wconf 92' lang='lat' dir='ltr'><strong>et</strong></span> <span class='ocrx_word' id='word_1_272' title='bbox 855 3045 1046 3113; x_wconf 77' lang='lat' dir='ltr'><strong>pastor</strong></span> <span class='ocrx_word' id='word_1_273' title='bbox 1072 3057 1217 3097; x_wconf 87' lang='lat' dir='ltr'><strong>unus</strong></span> <span class='ocrx_word' id='word_1_274' title='bbox 1244 3043 1350 3098; x_wconf 89' lang='lat' dir='ltr'><strong>erit</strong></span> <span class='ocrx_word' id='word_1_275' title='bbox 1372 3042 1628 3098; x_wconf 86' lang='lat' dir='ltr'><strong>omnium</strong></span> <span class='ocrx_word' id='word_1_276' title='bbox 1656 3057 1847 3098; x_wconf 88' lang='lat' dir='ltr'><strong>eorum</strong></span> <span class='ocrx_word' id='word_1_277' title='bbox 1867 3039 1972 3112; x_wconf 90' lang='lat' dir='ltr'><strong>(Id.</strong></span> 
     </span>
    </p>
   </div>
   <div class='ocr_carea' id='block_1_35' title="bbox 317 3120 775 3193">
    <p class='ocr_par' dir='ltr' id='par_1_35' title="bbox 317 3120 775 3193">
     <span class='ocr_line' id='line_1_35' title="bbox 317 3120 775 3193; baseline 0 -17"><span class='ocrx_word' id='word_1_278' title='bbox 317 3135 528 3188; x_wconf 81' lang='lat' dir='ltr'><strong>xxxvn,</strong></span> <span class='ocrx_word' id='word_1_279' title='bbox 558 3120 775 3193; x_wconf 70' lang='lat'><strong>22-24).</strong></span> 
     </span>
    </p>
   </div>
   <div class='ocr_carea' id='block_1_36' title="bbox 318 3256 1974 3332">
    <p class='ocr_par' dir='ltr' id='par_1_36' title="bbox 318 3256 1974 3332">
     <span class='ocr_line' id='line_1_36' title="bbox 318 3256 1974 3332; baseline 0.001 -17"><span class='ocrx_word' id='word_1_280' title='bbox 318 3256 552 3316; x_wconf 81' lang='lat' dir='ltr'><strong>CAPUT</strong></span> <span class='ocrx_word' id='word_1_281' title='bbox 579 3257 791 3316; x_wconf 86' lang='lat' dir='ltr'><strong>XXXV.</strong></span> <span class='ocrx_word' id='word_1_282' title='bbox 823 3289 891 3303; x_wconf 88' lang='lat'><strong>—-</strong></span> <span class='ocrx_word' id='word_1_283' title='bbox 936 3260 1007 3317; x_wconf 91' lang='lat' dir='ltr'><strong>De</strong></span> <span class='ocrx_word' id='word_1_284' title='bbox 1036 3261 1205 3317; x_wconf 85' lang='lat' dir='ltr'><strong>trium</strong></span> <span class='ocrx_word' id='word_1_285' title='bbox 1250 3262 1640 3332; x_wconf 76' lang='lat' dir='ltr'><strong>prophetarum</strong></span> <span class='ocrx_word' id='word_1_286' title='bbox 1686 3261 1974 3328; x_wconf 86' lang='lat' dir='ltr'><strong>vaticinia,</strong></span> 
     </span>
    </p>
   </div>
   <div class='ocr_carea' id='block_1_37' title="bbox 604 3341 1726 3414">
    <p class='ocr_par' dir='ltr' id='par_1_37' title="bbox 604 3341 1726 3414">
     <span class='ocr_line' id='line_1_37' title="bbox 604 3341 1726 3414; baseline 0 -16"><span class='ocrx_word' id='word_1_287' title='bbox 604 3341 664 3398; x_wconf 90' lang='lat' dir='ltr'><strong>id</strong></span> <span class='ocrx_word' id='word_1_288' title='bbox 685 3345 784 3413; x_wconf 89' lang='lat' dir='ltr'><strong>est,</strong></span> <span class='ocrx_word' id='word_1_289' title='bbox 817 3342 1020 3414; x_wconf 72' lang='lat' dir='ltr'><strong>Aggxi,</strong></span> <span class='ocrx_word' id='word_1_290' title='bbox 1042 3342 1324 3399; x_wconf 73' lang='lat' dir='ltr'><strong>Zachariae</strong></span> <span class='ocrx_word' id='word_1_291' title='bbox 1342 3347 1394 3399; x_wconf 90' lang='lat' dir='ltr'><strong>et</strong></span> <span class='ocrx_word' id='word_1_292' title='bbox 1417 3342 1726 3401; x_wconf 69' lang='lat' dir='ltr'><strong>Malachise.</strong></span> 
     </span>
    </p>
   </div>
   <div class='ocr_carea' id='block_1_38' title="bbox 395 3477 1977 3552">
    <p class='ocr_par' dir='ltr' id='par_1_38' title="bbox 395 3477 1977 3552">
     <span class='ocr_line' id='line_1_38' title="bbox 395 3477 1977 3552; baseline -0.002 -14"><span class='ocrx_word' id='word_1_293' title='bbox 395 3485 445 3540; x_wconf 88' lang='lat' dir='ltr'><strong>l.</strong></span> <span class='ocrx_word' id='word_1_294' title='bbox 478 3482 719 3541; x_wconf 80' lang='lat' dir='ltr'><strong>Restant</strong></span> <span class='ocrx_word' id='word_1_295' title='bbox 736 3486 854 3538; x_wconf 88' lang='lat' dir='ltr'><strong>tres</strong></span> <span class='ocrx_word' id='word_1_296' title='bbox 886 3480 1141 3537; x_wconf 88' lang='lat' dir='ltr'><strong>minores</strong></span> <span class='ocrx_word' id='word_1_297' title='bbox 1181 3477 1500 3550; x_wconf 75' lang='lat' dir='ltr'><strong>Prophetas,</strong></span> <span class='ocrx_word' id='word_1_298' title='bbox 1533 3481 1633 3551; x_wconf 89' lang='lat' dir='ltr'><strong>qui</strong></span> <span class='ocrx_word' id='word_1_299' title='bbox 1666 3479 1977 3552; x_wconf 83' lang='lat' dir='ltr'><strong>propheta-</strong></span> 
     </span>
    </p>
   </div>
   <div class='ocr_carea' id='block_1_39' title="bbox 316 3560 1976 3636">
    <p class='ocr_par' dir='ltr' id='par_1_39' title="bbox 316 3560 1976 3636">
     <span class='ocr_line' id='line_1_39' title="bbox 316 3560 1976 3636; baseline -0.002 -17"><span class='ocrx_word' id='word_1_300' title='bbox 316 3568 527 3621; x_wconf 85' lang='lat' dir='ltr'><strong>verunt</strong></span> <span class='ocrx_word' id='word_1_301' title='bbox 556 3563 615 3620; x_wconf 94' lang='lat' dir='ltr'><strong>in</strong></span> <span class='ocrx_word' id='word_1_302' title='bbox 647 3564 763 3620; x_wconf 81' lang='lat' dir='ltr'><strong>line</strong></span> <span class='ocrx_word' id='word_1_303' title='bbox 792 3561 1166 3636; x_wconf 80' lang='lat' dir='ltr'><strong>captivitatis,</strong></span> <span class='ocrx_word' id='word_1_304' title='bbox 1194 3562 1462 3632; x_wconf 67' lang='lat' dir='ltr'><strong>Agamus,</strong></span> <span class='ocrx_word' id='word_1_305' title='bbox 1494 3561 1821 3626; x_wconf 80' lang='lat' dir='ltr'><strong>Zacharias,</strong></span> <span class='ocrx_word' id='word_1_306' title='bbox 1852 3560 1976 3616; x_wconf 86' lang='lat' dir='ltr'><strong>Ma-</strong></span> 
     </span>
    </p>
   </div>
   <div class='ocr_carea' id='block_1_40' title="bbox 316 3639 1976 3715">
    <p class='ocr_par' dir='ltr' id='par_1_40' title="bbox 316 3639 1976 3715">
     <span class='ocr_line' id='line_1_40' title="bbox 316 3639 1976 3715; baseline -0.004 -12"><span class='ocrx_word' id='word_1_307' title='bbox 316 3644 561 3703; x_wconf 88' lang='lat' dir='ltr'><strong>lachias.</strong></span> <span class='ocrx_word' id='word_1_308' title='bbox 619 3646 877 3712; x_wconf 89' lang='lat' dir='ltr'><strong>Quorum</strong></span> <span class='ocrx_word' id='word_1_309' title='bbox 936 3649 1185 3715; x_wconf 68' lang='lat' dir='ltr'><strong>Aggeus</strong></span> <span class='ocrx_word' id='word_1_310' title='bbox 1236 3640 1529 3697; x_wconf 88' lang='lat' dir='ltr'><strong>Christum</strong></span> <span class='ocrx_word' id='word_1_311' title='bbox 1566 3646 1626 3697; x_wconf 88' lang='lat' dir='ltr'><strong>et</strong></span> <span class='ocrx_word' id='word_1_312' title='bbox 1662 3639 1976 3697; x_wconf 88' lang='lat' dir='ltr'><strong>Ecclesiam</strong></span> 
     </span>
    </p>
   </div>
   <div class='ocr_carea' id='block_1_41' title="bbox 317 3721 1977 3798">
    <p class='ocr_par' dir='ltr' id='par_1_41' title="bbox 317 3721 1977 3798">
     <span class='ocr_line' id='line_1_41' title="bbox 317 3721 1977 3798; baseline -0.002 -17"><span class='ocrx_word' id='word_1_313' title='bbox 317 3724 431 3782; x_wconf 88' lang='lat' dir='ltr'><strong>hac</strong></span> <span class='ocrx_word' id='word_1_314' title='bbox 459 3725 718 3798; x_wconf 86' lang='lat' dir='ltr'><strong>apertius</strong></span> <span class='ocrx_word' id='word_1_315' title='bbox 776 3724 1056 3782; x_wconf 84' lang='lat' dir='ltr'><strong>brevitate</strong></span> <span class='ocrx_word' id='word_1_316' title='bbox 1103 3721 1438 3795; x_wconf 86' lang='lat' dir='ltr'><strong>prophetat:</strong></span> <span class='ocrx_word' id='word_1_317' title='bbox 1471 3723 1598 3780; x_wconf 70' lang='lat' dir='ltr'><strong>Haec</strong></span> <span class='ocrx_word' id='word_1_318' title='bbox 1624 3722 1757 3779; x_wconf 86' lang='lat' dir='ltr'><strong>dicit</strong></span> <span class='ocrx_word' id='word_1_319' title='bbox 1788 3722 1977 3779; x_wconf 86' lang='lat' dir='ltr'><strong>Domi-</strong></span> 
     </span>
    </p>
   </div>
   <div class='ocr_carea' id='block_1_42' title="bbox 316 3803 1978 3874">
    <p class='ocr_par' dir='ltr' id='par_1_42' title="bbox 316 3803 1978 3874">
     <span class='ocr_line' id='line_1_42' title="bbox 316 3803 1978 3874; baseline -0.002 -13"><span class='ocrx_word' id='word_1_320' title='bbox 316 3821 421 3862; x_wconf 86' lang='lat' dir='ltr'><strong>nus</strong></span> <span class='ocrx_word' id='word_1_321' title='bbox 474 3809 852 3868; x_wconf 84' lang='lat' dir='ltr'><strong>exercituum;</strong></span> <span class='ocrx_word' id='word_1_322' title='bbox 908 3803 1098 3860; x_wconf 80' lang='lat' dir='ltr'><strong>Adhuc</strong></span> <span class='ocrx_word' id='word_1_323' title='bbox 1123 3819 1299 3859; x_wconf 88' lang='lat' dir='ltr'><strong>unum</strong></span> <span class='ocrx_word' id='word_1_324' title='bbox 1354 3803 1630 3859; x_wconf 84' lang='lat' dir='ltr'><strong>modicum</strong></span> <span class='ocrx_word' id='word_1_325' title='bbox 1672 3812 1771 3871; x_wconf 89' lang='lat' dir='ltr'><strong>est,</strong></span> <span class='ocrx_word' id='word_1_326' title='bbox 1804 3809 1857 3858; x_wconf 89' lang='lat' dir='ltr'><strong>et</strong></span> <span class='ocrx_word' id='word_1_327' title='bbox 1883 3818 1978 3874; x_wconf 87' lang='lat' dir='ltr'><strong>ego</strong></span> 
     </span>
    </p>
   </div>
   <div class='ocr_carea' id='block_1_43' title="bbox 315 3884 1978 3951">
    <p class='ocr_par' dir='ltr' id='par_1_43' title="bbox 315 3884 1978 3951">
     <span class='ocr_line' id='line_1_43' title="bbox 315 3884 1978 3951; baseline -0.003 -8"><span class='ocrx_word' id='word_1_328' title='bbox 315 3890 659 3943; x_wconf 84' lang='lat' dir='ltr'><strong>commovebo</strong></span> <span class='ocrx_word' id='word_1_329' title='bbox 690 3886 907 3951; x_wconf 80' lang='lat' dir='ltr'><strong>extum,</strong></span> <span class='ocrx_word' id='word_1_330' title='bbox 936 3894 990 3941; x_wconf 86' lang='lat' dir='ltr'><strong>et</strong></span> <span class='ocrx_word' id='word_1_331' title='bbox 1019 3893 1249 3949; x_wconf 88' lang='lat' dir='ltr'><strong>terram,</strong></span> <span class='ocrx_word' id='word_1_332' title='bbox 1277 3887 1332 3939; x_wconf 92' lang='lat' dir='ltr'><strong>et</strong></span> <span class='ocrx_word' id='word_1_333' title='bbox 1366 3899 1542 3949; x_wconf 88' lang='lat' dir='ltr'><strong>mare,</strong></span> <span class='ocrx_word' id='word_1_334' title='bbox 1571 3893 1624 3940; x_wconf 91' lang='lat' dir='ltr'><strong>et</strong></span> <span class='ocrx_word' id='word_1_335' title='bbox 1653 3884 1893 3951; x_wconf 85' lang='lat' dir='ltr'><strong>aridam,</strong></span> <span class='ocrx_word' id='word_1_336' title='bbox 1923 3889 1978 3938; x_wconf 93' lang='lat' dir='ltr'><strong>et</strong></span> 
     </span>
    </p>
   </div>
   <div class='ocr_carea' id='block_1_44' title="bbox 315 3963 1978 4038">
    <p class='ocr_par' dir='ltr' id='par_1_44' title="bbox 315 3963 1978 4038">
     <span class='ocr_line' id='line_1_44' title="bbox 315 3963 1978 4038; baseline -0.002 -15"><span class='ocrx_word' id='word_1_337' title='bbox 315 3966 537 4023; x_wconf 85' lang='lat' dir='ltr'><strong>movebo</strong></span> <span class='ocrx_word' id='word_1_338' title='bbox 561 3981 747 4024; x_wconf 89' lang='lat' dir='ltr'><strong>omnes</strong></span> <span class='ocrx_word' id='word_1_339' title='bbox 790 3969 1017 4038; x_wconf 86' lang='lat' dir='ltr'><strong>gentes;</strong></span> <span class='ocrx_word' id='word_1_340' title='bbox 1053 3971 1105 4021; x_wconf 86' lang='lat' dir='ltr'><strong>et</strong></span> <span class='ocrx_word' id='word_1_341' title='bbox 1144 3966 1325 4020; x_wconf 89' lang='lat' dir='ltr'><strong>veniet</strong></span> <span class='ocrx_word' id='word_1_342' title='bbox 1374 3963 1727 4020; x_wconf 87' lang='lat' dir='ltr'><strong>Desideratus</strong></span> <span class='ocrx_word' id='word_1_343' title='bbox 1767 3965 1978 4019; x_wconf 89' lang='lat' dir='ltr'><strong>cunctis</strong></span> 
     </span>
    </p>
   </div>
   <div class='ocr_carea' id='block_1_45' title="bbox 316 4045 1977 4120">
    <p class='ocr_par' dir='ltr' id='par_1_45' title="bbox 316 4045 1977 4120">
     <span class='ocr_line' id='line_1_45' title="bbox 316 4045 1977 4120; baseline -0.003 -16"><span class='ocrx_word' id='word_1_344' title='bbox 316 4047 570 4119; x_wconf 78' lang='lat' dir='ltr'><strong>gentibus</strong></span> <span class='ocrx_word' id='word_1_345' title='bbox 625 4047 841 4120; x_wconf 70' lang='lat' dir='ltr'><strong>(Aggxi</strong></span> <span class='ocrx_word' id='word_1_346' title='bbox 871 4063 934 4115; x_wconf 84' lang='grc' dir='ltr'><strong>ιι,</strong></span> <span class='ocrx_word' id='word_1_347' title='bbox 964 4046 999 4099; x_wconf 89' lang='grc'>7</span> <span class='ocrx_word' id='word_1_348' title='bbox 1029 4052 1083 4101; x_wconf 88' lang='lat' dir='ltr'><strong>et</strong></span> <span class='ocrx_word' id='word_1_349' title='bbox 1112 4045 1192 4117; x_wconf 90' lang='lat'><strong>8).</strong></span> <span class='ocrx_word' id='word_1_350' title='bbox 1244 4045 1374 4101; x_wconf 63' lang='lat' dir='ltr'><strong>Haec</strong></span> <span class='ocrx_word' id='word_1_351' title='bbox 1430 4045 1733 4117; x_wconf 85' lang='lat' dir='ltr'><strong>prophetia</strong></span> <span class='ocrx_word' id='word_1_352' title='bbox 1763 4045 1977 4117; x_wconf 90' lang='lat' dir='ltr'><strong>partim</strong></span> 
     </span>
    </p>
   </div>
   <div class='ocr_carea' id='block_1_46' title="bbox 310 4125 1977 4201">
    <p class='ocr_par' dir='ltr' id='par_1_46' title="bbox 310 4125 1977 4201">
     <span class='ocr_line' id='line_1_46' title="bbox 310 4125 1977 4201; baseline -0.003 -16"><span class='ocrx_word' id='word_1_353' title='bbox 310 4127 440 4199; x_wconf 87' lang='lat' dir='ltr'><strong>jam</strong></span> <span class='ocrx_word' id='word_1_354' title='bbox 500 4127 790 4201; x_wconf 88' lang='lat' dir='ltr'><strong>completa</strong></span> <span class='ocrx_word' id='word_1_355' title='bbox 840 4126 1116 4194; x_wconf 91' lang='lat' dir='ltr'><strong>cernitur,</strong></span> <span class='ocrx_word' id='word_1_356' title='bbox 1178 4126 1386 4198; x_wconf 86' lang='lat' dir='ltr'><strong>partim</strong></span> <span class='ocrx_word' id='word_1_357' title='bbox 1444 4130 1713 4197; x_wconf 87' lang='lat' dir='ltr'><strong>speratur</strong></span> <span class='ocrx_word' id='word_1_358' title='bbox 1770 4127 1828 4181; x_wconf 91' lang='lat' dir='ltr'><strong>in</strong></span> <span class='ocrx_word' id='word_1_359' title='bbox 1863 4125 1977 4180; x_wconf 81' lang='lat' dir='ltr'><strong>line</strong></span> 
     </span>
    </p>
   </div>
   <div class='ocr_carea' id='block_1_47' title="bbox 319 4206 1977 4282">
    <p class='ocr_par' dir='ltr' id='par_1_47' title="bbox 319 4206 1977 4282">
     <span class='ocr_line' id='line_1_47' title="bbox 319 4206 1977 4282; baseline -0.003 -15"><span class='ocrx_word' id='word_1_360' title='bbox 319 4210 688 4282; x_wconf 85' lang='lat' dir='ltr'><strong>complenda.</strong></span> <span class='ocrx_word' id='word_1_361' title='bbox 723 4209 899 4266; x_wconf 79' lang='lat' dir='ltr'><strong>Movit</strong></span> <span class='ocrx_word' id='word_1_362' title='bbox 925 4208 1084 4265; x_wconf 90' lang='lat' dir='ltr'><strong>enim</strong></span> <span class='ocrx_word' id='word_1_363' title='bbox 1116 4206 1329 4263; x_wconf 77' lang='lat' dir='ltr'><strong>cmlum</strong></span> <span class='ocrx_word' id='word_1_364' title='bbox 1351 4206 1699 4275; x_wconf 75' lang='lat' dir='ltr'><strong>Angelorum</strong></span> <span class='ocrx_word' id='word_1_365' title='bbox 1732 4211 1790 4261; x_wconf 89' lang='lat' dir='ltr'><strong>et</strong></span> <span class='ocrx_word' id='word_1_366' title='bbox 1815 4206 1977 4262; x_wconf 87' lang='lat' dir='ltr'><strong>side-</strong></span> 
     </span>
    </p>
   </div>
   <div class='ocr_carea' id='block_1_48' title="bbox 312 4287 1971 4362">
    <p class='ocr_par' dir='ltr' id='par_1_48' title="bbox 312 4287 1971 4362">
     <span class='ocr_line' id='line_1_48' title="bbox 312 4287 1971 4362; baseline -0.004 -13"><span class='ocrx_word' id='word_1_367' title='bbox 312 4306 448 4349; x_wconf 69' lang='lat' dir='ltr'><strong>rum</strong></span> <span class='ocrx_word' id='word_1_368' title='bbox 479 4291 835 4361; x_wconf 91' lang='lat' dir='ltr'><strong>testimonio,</strong></span> <span class='ocrx_word' id='word_1_369' title='bbox 868 4290 1099 4362; x_wconf 87' lang='lat' dir='ltr'><strong>quando</strong></span> <span class='ocrx_word' id='word_1_370' title='bbox 1156 4289 1494 4344; x_wconf 88' lang='lat' dir='ltr'><strong>incarnatus</strong></span> <span class='ocrx_word' id='word_1_371' title='bbox 1549 4292 1640 4343; x_wconf 86' lang='lat' dir='ltr'><strong>est</strong></span> <span class='ocrx_word' id='word_1_372' title='bbox 1683 4287 1971 4343; x_wconf 88' lang='lat' dir='ltr'><strong>Christus.</strong></span> 
     </span>
    </p>
   </div>
   <div class='ocr_carea' id='block_1_49' title="bbox 318 4368 1973 4442">
    <p class='ocr_par' dir='ltr' id='par_1_49' title="bbox 318 4368 1973 4442">
     <span class='ocr_line' id='line_1_49' title="bbox 318 4368 1973 4442; baseline -0.004 -13"><span class='ocrx_word' id='word_1_373' title='bbox 318 4373 496 4429; x_wconf 76' lang='lat' dir='ltr'><strong>Movit</strong></span> <span class='ocrx_word' id='word_1_374' title='bbox 549 4376 766 4427; x_wconf 89' lang='lat' dir='ltr'><strong>terram</strong></span> <span class='ocrx_word' id='word_1_375' title='bbox 820 4370 1043 4442; x_wconf 83' lang='lat' dir='ltr'><strong>ingenti</strong></span> <span class='ocrx_word' id='word_1_376' title='bbox 1099 4369 1403 4434; x_wconf 89' lang='lat' dir='ltr'><strong>miraculo,</strong></span> <span class='ocrx_word' id='word_1_377' title='bbox 1451 4368 1524 4424; x_wconf 88' lang='lat' dir='ltr'><strong>de</strong></span> <span class='ocrx_word' id='word_1_378' title='bbox 1573 4368 1702 4440; x_wconf 90' lang='lat' dir='ltr'><strong>ipso</strong></span> <span class='ocrx_word' id='word_1_379' title='bbox 1733 4368 1973 4440; x_wconf 83' lang='lat' dir='ltr'><strong>virginis</strong></span> 
     </span>
    </p>
   </div>
   <div class='ocr_carea' id='block_1_50' title="bbox 317 4448 1974 4524">
    <p class='ocr_par' dir='ltr' id='par_1_50' title="bbox 317 4448 1974 4524">
     <span class='ocr_line' id='line_1_50' title="bbox 317 4448 1974 4524; baseline -0.002 -16"><span class='ocrx_word' id='word_1_380' title='bbox 317 4459 511 4524; x_wconf 85' lang='lat' dir='ltr'><strong>partu.</strong></span> <span class='ocrx_word' id='word_1_381' title='bbox 544 4451 723 4508; x_wconf 86' lang='lat' dir='ltr'><strong>Movit</strong></span> <span class='ocrx_word' id='word_1_382' title='bbox 753 4467 914 4507; x_wconf 87' lang='lat' dir='ltr'><strong>mare</strong></span> <span class='ocrx_word' id='word_1_383' title='bbox 954 4454 1011 4506; x_wconf 85' lang='lat' dir='ltr'><strong>et</strong></span> <span class='ocrx_word' id='word_1_384' title='bbox 1039 4450 1290 4515; x_wconf 88' lang='lat' dir='ltr'><strong>aridam,</strong></span> <span class='ocrx_word' id='word_1_385' title='bbox 1320 4464 1453 4505; x_wconf 89' lang='lat' dir='ltr'><strong>cum</strong></span> <span class='ocrx_word' id='word_1_386' title='bbox 1483 4455 1540 4504; x_wconf 90' lang='lat' dir='ltr'><strong>et</strong></span> <span class='ocrx_word' id='word_1_387' title='bbox 1570 4448 1627 4504; x_wconf 92' lang='lat' dir='ltr'><strong>in</strong></span> <span class='ocrx_word' id='word_1_388' title='bbox 1672 4448 1885 4505; x_wconf 83' lang='lat' dir='ltr'><strong>insulis</strong></span> <span class='ocrx_word' id='word_1_389' title='bbox 1914 4454 1974 4505; x_wconf 84' lang='lat' dir='ltr'><strong>et</strong></span> 
     </span>
    </p>
   </div>
   <div class='ocr_carea' id='block_1_51' title="bbox 315 4529 1970 4589">
    <p class='ocr_par' dir='ltr' id='par_1_51' title="bbox 315 4529 1970 4589">
     <span class='ocr_line' id='line_1_51' title="bbox 315 4529 1970 4589; baseline -0.001 -2"><span class='ocrx_word' id='word_1_390' title='bbox 315 4533 378 4588; x_wconf 92' lang='lat' dir='ltr'><strong>in</strong></span> <span class='ocrx_word' id='word_1_391' title='bbox 408 4532 547 4589; x_wconf 89' lang='lat' dir='ltr'><strong>orbe</strong></span> <span class='ocrx_word' id='word_1_392' title='bbox 573 4537 695 4589; x_wconf 88' lang='lat' dir='ltr'><strong>toto</strong></span> <span class='ocrx_word' id='word_1_393' title='bbox 722 4532 984 4588; x_wconf 85' lang='lat' dir='ltr'><strong>Christus</strong></span> <span class='ocrx_word' id='word_1_394' title='bbox 1031 4531 1429 4587; x_wconf 87' lang='lat' dir='ltr'><strong>annuntiatur.</strong></span> <span class='ocrx_word' id='word_1_395' title='bbox 1466 4530 1554 4585; x_wconf 87' lang='lat' dir='ltr'><strong>Ita</strong></span> <span class='ocrx_word' id='word_1_396' title='bbox 1602 4529 1816 4586; x_wconf 87' lang='lat' dir='ltr'><strong>moveri</strong></span> <span class='ocrx_word' id='word_1_397' title='bbox 1848 4546 1970 4586; x_wconf 89' lang='lat' dir='ltr'><strong>om-</strong></span> 
     </span>
    </p>
   </div>
   <div class='ocr_carea' id='block_1_52' title="bbox 314 4609 1970 4685">
    <p class='ocr_par' dir='ltr' id='par_1_52' title="bbox 314 4609 1970 4685">
     <span class='ocr_line' id='line_1_52' title="bbox 314 4609 1970 4685; baseline -0.001 -17"><span class='ocrx_word' id='word_1_398' title='bbox 314 4627 420 4669; x_wconf 88' lang='lat' dir='ltr'><strong>nes</strong></span> <span class='ocrx_word' id='word_1_399' title='bbox 452 4619 655 4685; x_wconf 88' lang='lat' dir='ltr'><strong>gentes</strong></span> <span class='ocrx_word' id='word_1_400' title='bbox 700 4613 968 4669; x_wconf 86' lang='lat' dir='ltr'><strong>videmus</strong></span> <span class='ocrx_word' id='word_1_401' title='bbox 1008 4611 1079 4667; x_wconf 91' lang='lat' dir='ltr'><strong>ad</strong></span> <span class='ocrx_word' id='word_1_402' title='bbox 1130 4609 1331 4667; x_wconf 80' lang='lat' dir='ltr'><strong>fidem.</strong></span> <span class='ocrx_word' id='word_1_403' title='bbox 1363 4610 1496 4667; x_wconf 86' lang='lat' dir='ltr'><strong>Jam</strong></span> <span class='ocrx_word' id='word_1_404' title='bbox 1537 4626 1668 4666; x_wconf 90' lang='lat' dir='ltr'><strong>vero</strong></span> <span class='ocrx_word' id='word_1_405' title='bbox 1699 4611 1852 4682; x_wconf 91' lang='lat' dir='ltr'><strong>quod</strong></span> <span class='ocrx_word' id='word_1_406' title='bbox 1879 4626 1970 4667; x_wconf 85' lang='lat' dir='ltr'><strong>se-</strong></span> 
     </span>
    </p>
   </div>
   <div class='ocr_carea' id='block_1_53' title="bbox 315 4692 1970 4765">
    <p class='ocr_par' dir='ltr' id='par_1_53' title="bbox 315 4692 1970 4765">
     <span class='ocr_line' id='line_1_53' title="bbox 315 4692 1970 4765; baseline -0.001 -16"><span class='ocrx_word' id='word_1_407' title='bbox 315 4695 540 4765; x_wconf 88' lang='lat' dir='ltr'><strong>quitur,</strong></span> <span class='ocrx_word' id='word_1_408' title='bbox 596 4695 663 4749; x_wconf 84' lang='lat' dir='ltr'><strong>Et</strong></span> <span class='ocrx_word' id='word_1_409' title='bbox 718 4694 897 4751; x_wconf 84' lang='lat' dir='ltr'><strong>veniet</strong></span> <span class='ocrx_word' id='word_1_410' title='bbox 945 4692 1291 4748; x_wconf 86' lang='lat' dir='ltr'><strong>Desideratus</strong></span> <span class='ocrx_word' id='word_1_411' title='bbox 1332 4692 1544 4748; x_wconf 87' lang='lat' dir='ltr'><strong>cunctis</strong></span> <span class='ocrx_word' id='word_1_412' title='bbox 1581 4692 1858 4762; x_wconf 84' lang='lat' dir='ltr'><strong>gentibus,</strong></span> <span class='ocrx_word' id='word_1_413' title='bbox 1898 4693 1970 4749; x_wconf 90' lang='lat' dir='ltr'><strong>de</strong></span> 
     </span>
    </p>
   </div>
   <div class='ocr_carea' id='block_1_54' title="bbox 314 4771 1969 4848">
    <p class='ocr_par' dir='ltr' id='par_1_54' title="bbox 314 4771 1969 4848">
     <span class='ocr_line' id='line_1_54' title="bbox 314 4771 1969 4848; baseline -0.001 -17"><span class='ocrx_word' id='word_1_414' title='bbox 314 4775 635 4833; x_wconf 90' lang='lat' dir='ltr'><strong>novissimo</strong></span> <span class='ocrx_word' id='word_1_415' title='bbox 678 4775 809 4848; x_wconf 87' lang='lat' dir='ltr'><strong>ejus</strong></span> <span class='ocrx_word' id='word_1_416' title='bbox 856 4778 1229 4847; x_wconf 78' lang='lat' dir='ltr'><strong>exspectatur</strong></span> <span class='ocrx_word' id='word_1_417' title='bbox 1273 4773 1526 4830; x_wconf 88' lang='lat' dir='ltr'><strong>adventu</strong></span> <span class='ocrx_word' id='word_1_418' title='bbox 1551 4773 1658 4844; x_wconf 89' lang='lat' dir='ltr'><strong>(a).</strong></span> <span class='ocrx_word' id='word_1_419' title='bbox 1708 4771 1783 4829; x_wconf 85' lang='lat' dir='ltr'><strong>Ut</strong></span> <span class='ocrx_word' id='word_1_420' title='bbox 1810 4772 1969 4829; x_wconf 91' lang='lat' dir='ltr'><strong>enim</strong></span> 
     </span>
    </p>
   </div>
   <div class='ocr_carea' id='block_1_55' title="bbox 309 4853 1969 4928">
    <p class='ocr_par' dir='ltr' id='par_1_55' title="bbox 309 4853 1969 4928">
     <span class='ocr_line' id='line_1_55' title="bbox 309 4853 1969 4928; baseline -0.002 -15"><span class='ocrx_word' id='word_1_421' title='bbox 309 4856 675 4913; x_wconf 85' lang='lat' dir='ltr'><strong>desideratus</strong></span> <span class='ocrx_word' id='word_1_422' title='bbox 742 4859 897 4914; x_wconf 88' lang='lat' dir='ltr'><strong>esset</strong></span> <span class='ocrx_word' id='word_1_423' title='bbox 940 4854 1432 4928; x_wconf 77' lang='lat' dir='ltr'><strong>exspectantibus,</strong></span> <span class='ocrx_word' id='word_1_424' title='bbox 1494 4854 1661 4925; x_wconf 89' lang='lat' dir='ltr'><strong>prius</strong></span> <span class='ocrx_word' id='word_1_425' title='bbox 1717 4853 1969 4925; x_wconf 79' lang='lat' dir='ltr'><strong>Oportuit</strong></span> 
     </span>
    </p>
   </div>
   <div class='ocr_carea' id='block_1_56' title="bbox 311 4935 1327 4995">
    <p class='ocr_par' dir='ltr' id='par_1_56' title="bbox 311 4935 1327 4995">
     <span class='ocr_line' id='line_1_56' title="bbox 311 4935 1327 4995; baseline -0.005 -1"><span class='ocrx_word' id='word_1_426' title='bbox 311 4951 448 4994; x_wconf 88' lang='lat' dir='ltr'><strong>eum</strong></span> <span class='ocrx_word' id='word_1_427' title='bbox 480 4937 757 4995; x_wconf 87' lang='lat' dir='ltr'><strong>dilectum</strong></span> <span class='ocrx_word' id='word_1_428' title='bbox 786 4951 917 4995; x_wconf 88' lang='lat' dir='ltr'><strong>esse</strong></span> <span class='ocrx_word' id='word_1_429' title='bbox 937 4935 1327 4993; x_wconf 87' lang='lat' dir='ltr'><strong>credentibus.</strong></span> 
     </span>
    </p>
   </div>
   <div class='ocr_carea' id='block_1_57' title="bbox 378 5128 1968 5208">
    <p class='ocr_par' dir='ltr' id='par_1_57' title="bbox 378 5128 1968 5208">
     <span class='ocr_line' id='line_1_57' title="bbox 378 5128 1968 5208; baseline -0.002 -25"><span class='ocrx_word' id='word_1_430' title='bbox 378 5133 403 5208; x_wconf 58' lang='grc' dir='ltr'>ξ</span> <span class='ocrx_word' id='word_1_431' title='bbox 442 5130 506 5208; x_wconf 66' lang='lat' dir='ltr'><strong>in</strong></span> <span class='ocrx_word' id='word_1_432' title='bbox 552 5132 823 5184; x_wconf 84' lang='lat' dir='ltr'><strong>veteribus</strong></span> <span class='ocrx_word' id='word_1_433' title='bbox 875 5130 1030 5182; x_wconf 82' lang='lat' dir='ltr'><strong>libris</strong></span> <span class='ocrx_word' id='word_1_434' title='bbox 1084 5131 1392 5183; x_wconf 87' lang='lat' dir='ltr'><strong>constanter</strong></span> <span class='ocrx_word' id='word_1_435' title='bbox 1449 5130 1724 5194; x_wconf 85' lang='lat' dir='ltr'><strong>scriptum.</strong></span> <span class='ocrx_word' id='word_1_436' title='bbox 1775 5128 1968 5181; x_wconf 68' lang='lat' dir='ltr'><strong>Hieze-</strong></span> 
     </span>
    </p>
   </div>
   <div class='ocr_carea' id='block_1_58' title="bbox 312 5194 1967 5334">
    <p class='ocr_par' dir='ltr' id='par_1_58' title="bbox 312 5194 1967 5334">
     <span class='ocr_line' id='line_1_58' title="bbox 312 5194 1967 5334; baseline -0.002 -26"><span class='ocrx_word' id='word_1_437' title='bbox 312 5194 569 5334; x_wconf 38' lang='lat' dir='ltr'><strong>fgefltls‘s.</strong></span> <span class='ocrx_word' id='word_1_438' title='bbox 615 5259 839 5323; x_wconf 75' lang='lat' dir='ltr'><strong>aliquot,</strong></span> <span class='ocrx_word' id='word_1_439' title='bbox 887 5266 937 5309; x_wconf 90' lang='lat' dir='ltr'><strong>et</strong></span> <span class='ocrx_word' id='word_1_440' title='bbox 993 5255 1257 5308; x_wconf 83' lang='lat' dir='ltr'><strong>Ecclesia.</strong></span> <span class='ocrx_word' id='word_1_441' title='bbox 1286 5255 1491 5307; x_wconf 83' lang='lat' dir='ltr'><strong>Caeteri</strong></span> <span class='ocrx_word' id='word_1_442' title='bbox 1534 5257 1641 5307; x_wconf 80' lang='lat' dir='ltr'><strong>fere</strong></span> <span class='ocrx_word' id='word_1_443' title='bbox 1682 5269 1882 5317; x_wconf 89' lang='lat' dir='ltr'><strong>omnes,</strong></span> <span class='ocrx_word' id='word_1_444' title='bbox 1917 5264 1967 5305; x_wconf 81' lang='lat' dir='ltr'><strong>et</strong></span> 
     </span>
    </p>
   </div>
   <div class='ocr_carea' id='block_1_59' title="bbox 310 5321 1830 5449">
    <p class='ocr_par' dir='ltr' id='par_1_59' title="bbox 310 5321 1830 5449">
     <span class='ocr_line' id='line_1_59' title="bbox 310 5321 1830 5372; baseline -0.003 -1"><span class='ocrx_word' id='word_1_445' title='bbox 310 5321 606 5372; x_wconf 77' lang='lat' dir='ltr'><strong>Ecclesiae.</strong></span> <span class='ocrx_word' id='word_1_446' title='bbox 706 5321 726 5323; x_wconf 62' lang='grc'><em>’</em></span> <span class='ocrx_word' id='word_1_447' title='bbox 1826 5352 1830 5356; x_wconf 31' lang='grc' dir='ltr'><strong>Α</strong></span> 
     </span>
     <span class='ocr_line' id='line_1_60' title="bbox 377 5383 1554 5449; baseline -0.003 -13"><span class='ocrx_word' id='word_1_448' title='bbox 377 5387 398 5449; x_wconf 56' lang='grc' dir='ltr'><strong>ἓ</strong></span> <span class='ocrx_word' id='word_1_449' title='bbox 428 5387 577 5449; x_wconf 84' lang='lat' dir='ltr'><strong>Lov.,</strong></span> <span class='ocrx_word' id='word_1_450' title='bbox 608 5392 658 5434; x_wconf 85' lang='lat' dir='ltr'><strong>et</strong></span> <span class='ocrx_word' id='word_1_451' title='bbox 688 5386 864 5447; x_wconf 78' lang='lat' dir='ltr'><strong>ﬁlius.</strong></span> <span class='ocrx_word' id='word_1_452' title='bbox 896 5383 1083 5449; x_wconf 80' lang='lat' dir='ltr'><strong>Verius</strong></span> <span class='ocrx_word' id='word_1_453' title='bbox 1110 5384 1253 5441; x_wconf 65' lang='lat' dir='ltr'><strong>Mss,</strong></span> <span class='ocrx_word' id='word_1_454' title='bbox 1285 5391 1346 5432; x_wconf 90' lang='lat' dir='ltr'><strong>ut</strong></span> <span class='ocrx_word' id='word_1_455' title='bbox 1375 5383 1554 5449; x_wconf 79' lang='lat' dir='ltr'><strong>ﬁlius.</strong></span> 
     </span>
    </p>
   </div>
   <div class='ocr_carea' id='block_1_60' title="bbox 375 5447 962 5512">
    <p class='ocr_par' dir='ltr' id='par_1_60' title="bbox 375 5447 962 5512">
     <span class='ocr_line' id='line_1_61' title="bbox 375 5447 962 5512; baseline 0.002 -14"><span class='ocrx_word' id='word_1_456' title='bbox 375 5447 400 5483; x_wconf 74' lang='lat'><strong>‘</strong></span> <span class='ocrx_word' id='word_1_457' title='bbox 421 5448 608 5499; x_wconf 85' lang='lat' dir='ltr'><strong>Plures</strong></span> <span class='ocrx_word' id='word_1_458' title='bbox 633 5450 776 5505; x_wconf 65' lang='lat' dir='ltr'><strong>Mss,</strong></span> <span class='ocrx_word' id='word_1_459' title='bbox 809 5447 962 5512; x_wconf 78' lang='lat' dir='ltr'><strong>quia.</strong></span> 
     </span>
    </p>
   </div>
   <div class='ocr_carea' id='block_1_61' title="bbox 377 5508 1965 5575">
    <p class='ocr_par' dir='ltr' id='par_1_61' title="bbox 377 5508 1965 5575">
     <span class='ocr_line' id='line_1_62' title="bbox 377 5508 1965 5575; baseline -0.003 -13"><span class='ocrx_word' id='word_1_460' title='bbox 377 5512 448 5575; x_wconf 82' lang='grc' dir='ltr'><strong>(α)</strong></span> <span class='ocrx_word' id='word_1_461' title='bbox 480 5513 553 5562; x_wconf 90' lang='lat' dir='ltr'><strong>De</strong></span> <span class='ocrx_word' id='word_1_462' title='bbox 589 5508 832 5563; x_wconf 50' lang='lat' dir='ltr'><strong>secundo&quot;</strong></span> <span class='ocrx_word' id='word_1_463' title='bbox 846 5512 1089 5575; x_wconf 86' lang='lat' dir='ltr'><strong>adventu</strong></span> <span class='ocrx_word' id='word_1_464' title='bbox 1112 5509 1306 5575; x_wconf 79' lang='lat' dir='ltr'><strong>Christi</strong></span> <span class='ocrx_word' id='word_1_465' title='bbox 1336 5509 1682 5575; x_wconf 78' lang='lat' dir='ltr'><strong>hunclocum</strong></span> <span class='ocrx_word' id='word_1_466' title='bbox 1708 5508 1965 5575; x_wconf 71' lang='lat' dir='ltr'><strong>interpre-</strong></span> 
     </span>
    </p>
   </div>
   <div class='ocr_carea' id='block_1_62' title="bbox 306 5573 1962 5637">
    <p class='ocr_par' dir='ltr' id='par_1_62' title="bbox 306 5573 1962 5637">
     <span class='ocr_line' id='line_1_63' title="bbox 306 5573 1962 5637; baseline -0.002 -14"><span class='ocrx_word' id='word_1_467' title='bbox 306 5573 462 5624; x_wconf 83' lang='lat' dir='ltr'><strong>tatus</strong></span> <span class='ocrx_word' id='word_1_468' title='bbox 495 5577 575 5626; x_wconf 85' lang='lat' dir='ltr'><strong>est</strong></span> <span class='ocrx_word' id='word_1_469' title='bbox 602 5576 763 5626; x_wconf 90' lang='lat' dir='ltr'><strong>etiam</strong></span> <span class='ocrx_word' id='word_1_470' title='bbox 790 5575 1034 5624; x_wconf 84' lang='lat' dir='ltr'><strong>Justinus</strong></span> <span class='ocrx_word' id='word_1_471' title='bbox 1072 5574 1295 5637; x_wconf 70' lang='lat' dir='ltr'><strong>martyr,</strong></span> <span class='ocrx_word' id='word_1_472' title='bbox 1338 5574 1396 5622; x_wconf 85' lang='lat' dir='ltr'><strong>in</strong></span> <span class='ocrx_word' id='word_1_473' title='bbox 1442 5573 1659 5637; x_wconf 79' lang='lat' dir='ltr'><strong>Dialogo</strong></span> <span class='ocrx_word' id='word_1_474' title='bbox 1686 5585 1809 5623; x_wconf 91' lang='lat' dir='ltr'><strong>cum</strong></span> <span class='ocrx_word' id='word_1_475' title='bbox 1834 5573 1962 5637; x_wconf 83' lang='lat' dir='ltr'><strong>Try-</strong></span> 
     </span>
    </p>
   </div>
   <div class='ocr_carea' id='block_1_63' title="bbox 308 5636 1459 5703">
    <p class='ocr_par' dir='ltr' id='par_1_63' title="bbox 308 5636 1459 5703">
     <span class='ocr_line' id='line_1_64' title="bbox 308 5636 1459 5703; baseline -0.003 -12"><span class='ocrx_word' id='word_1_476' title='bbox 308 5638 507 5702; x_wconf 82' lang='lat' dir='ltr'><strong>phone.</strong></span> <span class='ocrx_word' id='word_1_477' title='bbox 537 5639 727 5691; x_wconf 73' lang='lat' dir='ltr'><strong>Confer</strong></span> <span class='ocrx_word' id='word_1_478' title='bbox 750 5638 911 5703; x_wconf 74' lang='lat' dir='ltr'><strong>intra,</strong></span> <span class='ocrx_word' id='word_1_479' title='bbox 940 5650 1055 5703; x_wconf 83' lang='lat' dir='ltr'><strong>cap.</strong></span> <span class='ocrx_word' id='word_1_480' title='bbox 1084 5636 1165 5688; x_wconf 69' lang='lat'><strong>48.</strong></span> <span class='ocrx_word' id='word_1_481' title='bbox 1195 5636 1459 5693; x_wconf 73' lang='lat' dir='ltr'><strong>Cosanus.</strong></span> 
     </span>
    </p>
   </div>
   <div class='ocr_carea' id='block_1_64' title="bbox 1506 312 2557 379">
    <p class='ocr_par' dir='ltr' id='par_1_64' title="bbox 1506 312 2557 379">
     <span class='ocr_line' id='line_1_65' title="bbox 1506 312 2557 379; baseline 0 -2"><span class='ocrx_word' id='word_1_482' title='bbox 1506 315 1740 378; x_wconf 80' lang='lat' dir='ltr'><strong>LIBER</strong></span> <span class='ocrx_word' id='word_1_483' title='bbox 1779 312 2123 378; x_wconf 84' lang='lat' dir='ltr'><strong>DECIMUS</strong></span> <span class='ocrx_word' id='word_1_484' title='bbox 2168 313 2557 379; x_wconf 80' lang='lat' dir='ltr'><strong>OCTAVUS.</strong></span> 
     </span>
    </p>
   </div>
   <div class='ocr_carea' id='block_1_65' title="bbox 3619 311 3739 374">
    <p class='ocr_par' dir='ltr' id='par_1_65' title="bbox 3619 311 3739 374">
     <span class='ocr_line' id='line_1_66' title="bbox 3619 311 3739 374; baseline -0.017 0"><span class='ocrx_word' id='word_1_485' title='bbox 3619 311 3739 374; x_wconf 72' lang='grc'><strong>894</strong></span> 
     </span>
    </p>
   </div>
   <div class='ocr_carea' id='block_1_66' title="bbox 2156 441 3737 512">
    <p class='ocr_par' dir='ltr' id='par_1_66' title="bbox 2156 441 3737 512">
     <span class='ocr_line' id='line_1_67' title="bbox 2156 441 3737 512; baseline -0.004 -9"><span class='ocrx_word' id='word_1_486' title='bbox 2156 449 2210 506; x_wconf 91' lang='lat'><strong>2.</strong></span> <span class='ocrx_word' id='word_1_487' title='bbox 2241 447 2552 506; x_wconf 89' lang='lat' dir='ltr'><strong>Zacharias</strong></span> <span class='ocrx_word' id='word_1_488' title='bbox 2583 447 2654 504; x_wconf 88' lang='lat' dir='ltr'><strong>de</strong></span> <span class='ocrx_word' id='word_1_489' title='bbox 2682 446 2911 503; x_wconf 89' lang='lat' dir='ltr'><strong>Christo</strong></span> <span class='ocrx_word' id='word_1_490' title='bbox 2939 446 2998 500; x_wconf 88' lang='lat' dir='ltr'><strong>et</strong></span> <span class='ocrx_word' id='word_1_491' title='bbox 3035 442 3324 502; x_wconf 89' lang='lat' dir='ltr'><strong>Ecclesia:</strong></span> <span class='ocrx_word' id='word_1_492' title='bbox 3359 441 3606 512; x_wconf 82' lang='lat' dir='ltr'><strong>Exsulta,</strong></span> <span class='ocrx_word' id='word_1_493' title='bbox 3635 442 3737 497; x_wconf 91' lang='lat' dir='ltr'><strong>in-</strong></span> 
     </span>
    </p>
   </div>
   <div class='ocr_carea' id='block_1_67' title="bbox 2088 524 3738 599">
    <p class='ocr_par' dir='ltr' id='par_1_67' title="bbox 2088 524 3738 599">
     <span class='ocr_line' id='line_1_68' title="bbox 2088 524 3738 599; baseline -0.004 -15"><span class='ocrx_word' id='word_1_494' title='bbox 2088 530 2235 599; x_wconf 82' lang='lat' dir='ltr'><strong>quit,</strong></span> <span class='ocrx_word' id='word_1_495' title='bbox 2271 529 2448 598; x_wconf 86' lang='lat' dir='ltr'><strong>valde,</strong></span> <span class='ocrx_word' id='word_1_496' title='bbox 2482 531 2602 599; x_wconf 75' lang='lat' dir='ltr'><strong>ﬂlia</strong></span> <span class='ocrx_word' id='word_1_497' title='bbox 2643 529 2774 585; x_wconf 77' lang='lat' dir='ltr'><strong>Sion</strong></span> <span class='ocrx_word' id='word_1_498' title='bbox 2794 548 2817 595; x_wconf 85' lang='lat'><strong>,-</strong></span> <span class='ocrx_word' id='word_1_499' title='bbox 2855 526 3052 595; x_wconf 80' lang='lat' dir='ltr'><strong>iubila,</strong></span> <span class='ocrx_word' id='word_1_500' title='bbox 3098 526 3219 596; x_wconf 83' lang='lat' dir='ltr'><strong>ﬁlia</strong></span> <span class='ocrx_word' id='word_1_501' title='bbox 3254 524 3585 581; x_wconf 80' lang='lat' dir='ltr'><strong>‘Jesusalem:</strong></span> <span class='ocrx_word' id='word_1_502' title='bbox 3619 537 3738 579; x_wconf 86' lang='lat' dir='ltr'><strong>ecce</strong></span> 
     </span>
    </p>
   </div>
   <div class='ocr_carea' id='block_1_68' title="bbox 2089 605 3737 681">
    <p class='ocr_par' dir='ltr' id='par_1_68' title="bbox 2089 605 3737 681">
     <span class='ocr_line' id='line_1_69' title="bbox 2089 605 3737 681; baseline -0.005 -15"><span class='ocrx_word' id='word_1_503' title='bbox 2089 611 2201 667; x_wconf 77' lang='lat' dir='ltr'><strong>Rex</strong></span> <span class='ocrx_word' id='word_1_504' title='bbox 2229 617 2353 666; x_wconf 87' lang='lat' dir='ltr'><strong>tuus</strong></span> <span class='ocrx_word' id='word_1_505' title='bbox 2385 617 2557 667; x_wconf 80' lang='lat' dir='ltr'><strong>veniet</strong></span> <span class='ocrx_word' id='word_1_506' title='bbox 2588 610 2712 680; x_wconf 88' lang='lat' dir='ltr'><strong>tibi,</strong></span> <span class='ocrx_word' id='word_1_507' title='bbox 2741 611 2950 681; x_wconf 77' lang='lat' dir='ltr'><strong>justus,</strong></span> <span class='ocrx_word' id='word_1_508' title='bbox 2970 615 3023 663; x_wconf 90' lang='lat' dir='ltr'><strong>et</strong></span> <span class='ocrx_word' id='word_1_509' title='bbox 3052 607 3326 671; x_wconf 82' lang='lat' dir='ltr'><strong>salvator;</strong></span> <span class='ocrx_word' id='word_1_510' title='bbox 3358 605 3477 674; x_wconf 85' lang='lat' dir='ltr'><strong>ipse</strong></span> <span class='ocrx_word' id='word_1_511' title='bbox 3505 620 3737 673; x_wconf 79' lang='lat' dir='ltr'><strong>pauper,</strong></span> 
     </span>
    </p>
   </div>
   <div class='ocr_carea' id='block_1_69' title="bbox 2084 684 3736 761">
    <p class='ocr_par' dir='ltr' id='par_1_69' title="bbox 2084 684 3736 761">
     <span class='ocr_line' id='line_1_70' title="bbox 2084 684 3736 761; baseline -0.005 -14"><span class='ocrx_word' id='word_1_512' title='bbox 2084 700 2136 748; x_wconf 89' lang='lat' dir='ltr'><strong>et</strong></span> <span class='ocrx_word' id='word_1_513' title='bbox 2164 693 2455 747; x_wconf 66' lang='lat' dir='ltr'><strong>ascendens</strong></span> <span class='ocrx_word' id='word_1_514' title='bbox 2481 708 2649 761; x_wconf 86' lang='lat' dir='ltr'><strong>super</strong></span> <span class='ocrx_word' id='word_1_515' title='bbox 2701 688 2976 756; x_wconf 78' lang='lat' dir='ltr'><strong>usinam&#39;,</strong></span> <span class='ocrx_word' id='word_1_516' title='bbox 3008 697 3057 743; x_wconf 85' lang='lat' dir='ltr'><strong>et</strong></span> <span class='ocrx_word' id='word_1_517' title='bbox 3106 702 3267 757; x_wconf 64' lang='lat' dir='ltr'><strong>super</strong></span> <span class='ocrx_word' id='word_1_518' title='bbox 3307 687 3523 755; x_wconf 86' lang='lat' dir='ltr'><strong>pullum</strong></span> <span class='ocrx_word' id='word_1_519' title='bbox 3552 684 3736 754; x_wconf 79' lang='lat' dir='ltr'><strong>filium</strong></span> 
     </span>
    </p>
   </div>
   <div class='ocr_carea' id='block_1_70' title="bbox 2085 767 3742 845">
    <p class='ocr_par' dir='ltr' id='par_1_70' title="bbox 2085 767 3742 845">
     <span class='ocr_line' id='line_1_71' title="bbox 2085 767 3742 845; baseline -0.005 -18"><span class='ocrx_word' id='word_1_520' title='bbox 2085 774 2269 829; x_wconf 71' lang='lat' dir='ltr'><strong>asinae</strong></span> <span class='ocrx_word' id='word_1_521' title='bbox 2289 789 2308 827; x_wconf 88' lang='lat'><strong>:</strong></span> <span class='ocrx_word' id='word_1_522' title='bbox 2338 782 2394 828; x_wconf 85' lang='lat' dir='ltr'><strong>et</strong></span> <span class='ocrx_word' id='word_1_523' title='bbox 2433 779 2668 845; x_wconf 66' lang='lat' dir='ltr'><strong>patestas</strong></span> <span class='ocrx_word' id='word_1_524' title='bbox 2711 774 2833 842; x_wconf 86' lang='lat' dir='ltr'><strong>ejus</strong></span> <span class='ocrx_word' id='word_1_525' title='bbox 2877 789 2911 826; x_wconf 91' lang='lat' dir='ltr'><strong>a</strong></span> <span class='ocrx_word' id='word_1_526' title='bbox 2948 771 3101 824; x_wconf 85' lang='lat' dir='ltr'><strong>mari</strong></span> <span class='ocrx_word' id='word_1_527' title='bbox 3129 783 3301 839; x_wconf 81' lang='lat' dir='ltr'><strong>usque</strong></span> <span class='ocrx_word' id='word_1_528' title='bbox 3329 767 3400 822; x_wconf 92' lang='lat' dir='ltr'><strong>ad</strong></span> <span class='ocrx_word' id='word_1_529' title='bbox 3429 782 3603 832; x_wconf 88' lang='lat' dir='ltr'><strong>mare,</strong></span> <span class='ocrx_word' id='word_1_530' title='bbox 3627 768 3679 820; x_wconf 88' lang='lat' dir='ltr'><strong>et</strong></span> <span class='ocrx_word' id='word_1_531' title='bbox 3707 781 3742 819; x_wconf 88' lang='lat' dir='ltr'><strong>a</strong></span> 
     </span>
    </p>
   </div>
   <div class='ocr_carea' id='block_1_71' title="bbox 2081 850 3737 928">
    <p class='ocr_par' dir='ltr' id='par_1_71' title="bbox 2081 850 3737 928">
     <span class='ocr_line' id='line_1_72' title="bbox 2081 850 3737 928; baseline -0.004 -19"><span class='ocrx_word' id='word_1_532' title='bbox 2081 853 2406 924; x_wconf 83' lang='lat' dir='ltr'><strong>ﬂuminibus</strong></span> <span class='ocrx_word' id='word_1_533' title='bbox 2435 871 2606 928; x_wconf 86' lang='lat' dir='ltr'><strong>usque</strong></span> <span class='ocrx_word' id='word_1_534' title='bbox 2647 855 2716 909; x_wconf 87' lang='lat' dir='ltr'><strong>ad</strong></span> <span class='ocrx_word' id='word_1_535' title='bbox 2744 855 2879 926; x_wconf 81' lang='lat' dir='ltr'><strong>ﬁnes</strong></span> <span class='ocrx_word' id='word_1_536' title='bbox 2910 852 3102 909; x_wconf 71' lang='lat' dir='ltr'><strong>terrx’</strong></span> <span class='ocrx_word' id='word_1_537' title='bbox 3146 850 3331 922; x_wconf 82' lang='lat' dir='ltr'><strong>(Zach.</strong></span> <span class='ocrx_word' id='word_1_538' title='bbox 3377 867 3455 915; x_wconf 83' lang='lat' dir='ltr'><strong>1x,</strong></span> <span class='ocrx_word' id='word_1_539' title='bbox 3486 851 3521 903; x_wconf 89' lang='lat'>9</span> <span class='ocrx_word' id='word_1_540' title='bbox 3550 862 3599 903; x_wconf 85' lang='lat' dir='ltr'><strong>et</strong></span> <span class='ocrx_word' id='word_1_541' title='bbox 3632 850 3737 916; x_wconf 81' lang='grc'><strong>10).</strong></span> 
     </span>
    </p>
   </div>
   <div class='ocr_carea' id='block_1_72' title="bbox 2089 931 3737 1008">
    <p class='ocr_par' dir='ltr' id='par_1_72' title="bbox 2089 931 3737 1008">
     <span class='ocr_line' id='line_1_73' title="bbox 2089 931 3737 1008; baseline -0.005 -17"><span class='ocrx_word' id='word_1_542' title='bbox 2089 937 2203 992; x_wconf 83' lang='lat' dir='ltr'><strong>Hoc</strong></span> <span class='ocrx_word' id='word_1_543' title='bbox 2249 936 2485 1008; x_wconf 87' lang='lat' dir='ltr'><strong>quando</strong></span> <span class='ocrx_word' id='word_1_544' title='bbox 2534 939 2749 993; x_wconf 88' lang='lat' dir='ltr'><strong>factum</strong></span> <span class='ocrx_word' id='word_1_545' title='bbox 2798 936 2896 1002; x_wconf 88' lang='lat' dir='ltr'><strong>sit,</strong></span> <span class='ocrx_word' id='word_1_546' title='bbox 2948 938 3012 988; x_wconf 91' lang='lat' dir='ltr'><strong>ut</strong></span> <span class='ocrx_word' id='word_1_547' title='bbox 3062 934 3342 988; x_wconf 87' lang='lat' dir='ltr'><strong>Dominus</strong></span> <span class='ocrx_word' id='word_1_548' title='bbox 3380 931 3648 987; x_wconf 80' lang='lat' dir='ltr'><strong>Christus</strong></span> <span class='ocrx_word' id='word_1_549' title='bbox 3680 931 3737 983; x_wconf 85' lang='lat' dir='ltr'><strong>in</strong></span> 
     </span>
    </p>
   </div>
   <div class='ocr_carea' id='block_1_73' title="bbox 2086 1013 3741 1089">
    <p class='ocr_par' dir='ltr' id='par_1_73' title="bbox 2086 1013 3741 1089">
     <span class='ocr_line' id='line_1_74' title="bbox 2086 1013 3741 1089; baseline -0.005 -17"><span class='ocrx_word' id='word_1_550' title='bbox 2086 1017 2581 1088; x_wconf 89' lang='lat' dir='ltr'><strong>itinerejumento</strong></span> <span class='ocrx_word' id='word_1_551' title='bbox 2612 1018 2789 1089; x_wconf 87' lang='lat' dir='ltr'><strong>hujus</strong></span> <span class='ocrx_word' id='word_1_552' title='bbox 2818 1016 3047 1089; x_wconf 86' lang='lat' dir='ltr'><strong>generis</strong></span> <span class='ocrx_word' id='word_1_553' title='bbox 3086 1020 3365 1081; x_wconf 87' lang='lat' dir='ltr'><strong>uteretur,</strong></span> <span class='ocrx_word' id='word_1_554' title='bbox 3398 1017 3455 1068; x_wconf 89' lang='lat' dir='ltr'><strong>in</strong></span> <span class='ocrx_word' id='word_1_555' title='bbox 3486 1013 3741 1080; x_wconf 86' lang='lat' dir='ltr'><strong>Evange-</strong></span> 
     </span>
    </p>
   </div>
   <div class='ocr_carea' id='block_1_74' title="bbox 2086 1096 3737 1171">
    <p class='ocr_par' dir='ltr' id='par_1_74' title="bbox 2086 1096 3737 1171">
     <span class='ocr_line' id='line_1_75' title="bbox 2086 1096 3737 1171; baseline -0.004 -19"><span class='ocrx_word' id='word_1_556' title='bbox 2086 1096 2164 1154; x_wconf 90' lang='lat' dir='ltr'><strong>lio</strong></span> <span class='ocrx_word' id='word_1_557' title='bbox 2208 1098 2452 1171; x_wconf 85' lang='lat' dir='ltr'><strong>legitur:</strong></span> <span class='ocrx_word' id='word_1_558' title='bbox 2508 1100 2608 1155; x_wconf 91' lang='lat' dir='ltr'><strong>ubi</strong></span> <span class='ocrx_word' id='word_1_559' title='bbox 2655 1104 2712 1154; x_wconf 88' lang='lat' dir='ltr'><strong>et</strong></span> <span class='ocrx_word' id='word_1_560' title='bbox 2760 1098 2882 1155; x_wconf 64' lang='lat' dir='ltr'><strong>haec</strong></span> <span class='ocrx_word' id='word_1_561' title='bbox 2920 1097 3218 1169; x_wconf 83' lang='lat' dir='ltr'><strong>prophetia</strong></span> <span class='ocrx_word' id='word_1_562' title='bbox 3248 1101 3737 1150; x_wconf 88' lang='lat' dir='ltr'><strong>commemoratur</strong></span> 
     </span>
    </p>
   </div>
   <div class='ocr_carea' id='block_1_75' title="bbox 2084 1174 3735 1253">
    <p class='ocr_par' dir='ltr' id='par_1_75' title="bbox 2084 1174 3735 1253">
     <span class='ocr_line' id='line_1_76' title="bbox 2084 1174 3735 1253; baseline -0.008 -13"><span class='ocrx_word' id='word_1_563' title='bbox 2084 1195 2153 1234; x_wconf 84' lang='lat' dir='ltr'><strong>ex</strong></span> <span class='ocrx_word' id='word_1_564' title='bbox 2211 1185 2392 1251; x_wconf 86' lang='lat' dir='ltr'><strong>parte,</strong></span> <span class='ocrx_word' id='word_1_565' title='bbox 2440 1187 2726 1253; x_wconf 89' lang='lat' dir='ltr'><strong>quantum</strong></span> <span class='ocrx_word' id='word_1_566' title='bbox 2781 1180 2867 1236; x_wconf 92' lang='lat' dir='ltr'><strong>illi</strong></span> <span class='ocrx_word' id='word_1_567' title='bbox 2926 1181 3050 1236; x_wconf 83' lang='lat' dir='ltr'><strong>loco</strong></span> <span class='ocrx_word' id='word_1_568' title='bbox 3104 1177 3374 1234; x_wconf 84' lang='lat' dir='ltr'><strong>sufficere</strong></span> <span class='ocrx_word' id='word_1_569' title='bbox 3411 1174 3607 1230; x_wconf 91' lang='lat' dir='ltr'><strong>visum</strong></span> <span class='ocrx_word' id='word_1_570' title='bbox 3646 1174 3735 1227; x_wconf 90' lang='lat' dir='ltr'><strong>est</strong></span> 
     </span>
    </p>
   </div>
   <div class='ocr_carea' id='block_1_76' title="bbox 2084 1253 3735 1333">
    <p class='ocr_par' dir='ltr' id='par_1_76' title="bbox 2084 1253 3735 1333">
     <span class='ocr_line' id='line_1_77' title="bbox 2084 1253 3735 1333; baseline -0.005 -18"><span class='ocrx_word' id='word_1_571' title='bbox 2084 1260 2292 1332; x_wconf 73' lang='lat' dir='ltr'><strong>(Matth.</strong></span> <span class='ocrx_word' id='word_1_572' title='bbox 2322 1263 2460 1333; x_wconf 82' lang='lat' dir='ltr'><strong>xxi).</strong></span> <span class='ocrx_word' id='word_1_573' title='bbox 2493 1264 2619 1319; x_wconf 88' lang='lat' dir='ltr'><strong>Alio</strong></span> <span class='ocrx_word' id='word_1_574' title='bbox 2642 1262 2766 1319; x_wconf 90' lang='lat' dir='ltr'><strong>loco</strong></span> <span class='ocrx_word' id='word_1_575' title='bbox 2788 1262 2860 1319; x_wconf 89' lang='lat' dir='ltr'><strong>ad</strong></span> <span class='ocrx_word' id='word_1_576' title='bbox 2882 1261 3073 1331; x_wconf 90' lang='lat' dir='ltr'><strong>ipsum</strong></span> <span class='ocrx_word' id='word_1_577' title='bbox 3100 1260 3392 1316; x_wconf 89' lang='lat' dir='ltr'><strong>Christum</strong></span> <span class='ocrx_word' id='word_1_578' title='bbox 3421 1255 3477 1311; x_wconf 93' lang='lat' dir='ltr'><strong>in</strong></span> <span class='ocrx_word' id='word_1_579' title='bbox 3509 1253 3735 1326; x_wconf 89' lang='lat' dir='ltr'><strong>Spiritu</strong></span> 
     </span>
    </p>
   </div>
   <div class='ocr_carea' id='block_1_77' title="bbox 2086 1342 3735 1416">
    <p class='ocr_par' dir='ltr' id='par_1_77' title="bbox 2086 1342 3735 1416">
     <span class='ocr_line' id='line_1_78' title="bbox 2086 1342 3735 1416; baseline -0.005 -20"><span class='ocrx_word' id='word_1_580' title='bbox 2086 1342 2400 1414; x_wconf 62' lang='lat' dir='ltr'><strong>prophetiae</strong></span> <span class='ocrx_word' id='word_1_581' title='bbox 2428 1344 2678 1416; x_wconf 88' lang='lat' dir='ltr'><strong>loquens</strong></span> <span class='ocrx_word' id='word_1_582' title='bbox 2728 1345 2798 1400; x_wconf 90' lang='lat' dir='ltr'><strong>de</strong></span> <span class='ocrx_word' id='word_1_583' title='bbox 2827 1342 3167 1399; x_wconf 88' lang='lat' dir='ltr'><strong>remissione</strong></span> <span class='ocrx_word' id='word_1_584' title='bbox 3219 1342 3583 1410; x_wconf 89' lang='lat' dir='ltr'><strong>peccatorum</strong></span> <span class='ocrx_word' id='word_1_585' title='bbox 3634 1348 3735 1416; x_wconf 88' lang='lat' dir='ltr'><strong>per</strong></span> 
     </span>
    </p>
   </div>
   <div class='ocr_carea' id='block_1_78' title="bbox 2084 1415 3734 1496">
    <p class='ocr_par' dir='ltr' id='par_1_78' title="bbox 2084 1415 3734 1496">
     <span class='ocr_line' id='line_1_79' title="bbox 2084 1415 3734 1496; baseline -0.006 -19"><span class='ocrx_word' id='word_1_586' title='bbox 2084 1422 2212 1493; x_wconf 77' lang='lat' dir='ltr'><strong>eius</strong></span> <span class='ocrx_word' id='word_1_587' title='bbox 2271 1415 2657 1495; x_wconf 86' lang='lat' dir='ltr'><strong>sanguinem:</strong></span> <span class='ocrx_word' id='word_1_588' title='bbox 2700 1428 2782 1481; x_wconf 85' lang='lat' dir='ltr'><strong>Tu</strong></span> <span class='ocrx_word' id='word_1_589' title='bbox 2835 1441 3065 1496; x_wconf 86' lang='lat' dir='ltr'><strong>quoque,</strong></span> <span class='ocrx_word' id='word_1_590' title='bbox 3114 1422 3326 1491; x_wconf 85' lang='lat' dir='ltr'><strong>inquit,</strong></span> <span class='ocrx_word' id='word_1_591' title='bbox 3356 1422 3416 1474; x_wconf 85' lang='lat' dir='ltr'><strong>in</strong></span> <span class='ocrx_word' id='word_1_592' title='bbox 3459 1415 3734 1484; x_wconf 85' lang='lat' dir='ltr'><strong>sanguine</strong></span> 
     </span>
    </p>
   </div>
   <div class='ocr_carea' id='block_1_79' title="bbox 2084 1500 3732 1567">
    <p class='ocr_par' dir='ltr' id='par_1_79' title="bbox 2084 1500 3732 1567">
     <span class='ocr_line' id='line_1_80' title="bbox 2084 1500 3732 1567; baseline -0.006 -9"><span class='ocrx_word' id='word_1_593' title='bbox 2084 1508 2398 1561; x_wconf 80' lang='lat' dir='ltr'><strong>testamenti</strong></span> <span class='ocrx_word' id='word_1_594' title='bbox 2425 1507 2514 1561; x_wconf 88' lang='lat' dir='ltr'><strong>tui</strong></span> <span class='ocrx_word' id='word_1_595' title='bbox 2567 1509 2798 1561; x_wconf 75' lang='lat' dir='ltr'><strong>emisisti</strong></span> <span class='ocrx_word' id='word_1_596' title='bbox 2826 1510 3035 1561; x_wconf 79' lang='lat' dir='ltr'><strong>vinctos</strong></span> <span class='ocrx_word' id='word_1_597' title='bbox 3093 1514 3212 1559; x_wconf 89' lang='lat' dir='ltr'><strong>tuos</strong></span> <span class='ocrx_word' id='word_1_598' title='bbox 3243 1501 3308 1556; x_wconf 90' lang='lat' dir='ltr'><strong>de</strong></span> <span class='ocrx_word' id='word_1_599' title='bbox 3359 1501 3503 1565; x_wconf 83' lang='lat' dir='ltr'><strong>lacu,</strong></span> <span class='ocrx_word' id='word_1_600' title='bbox 3540 1500 3597 1551; x_wconf 85' lang='lat' dir='ltr'><strong>in</strong></span> <span class='ocrx_word' id='word_1_601' title='bbox 3629 1510 3732 1567; x_wconf 89' lang='lat' dir='ltr'><strong>quo</strong></span> 
     </span>
    </p>
   </div>
   <div class='ocr_carea' id='block_1_80' title="bbox 2084 1577 3736 1658">
    <p class='ocr_par' dir='ltr' id='par_1_80' title="bbox 2084 1577 3736 1658">
     <span class='ocr_line' id='line_1_81' title="bbox 2084 1577 3736 1658; baseline -0.007 -19"><span class='ocrx_word' id='word_1_602' title='bbox 2084 1602 2192 1640; x_wconf 83' lang='lat' dir='ltr'><strong>non</strong></span> <span class='ocrx_word' id='word_1_603' title='bbox 2221 1595 2298 1642; x_wconf 84' lang='lat' dir='ltr'><strong>est</strong></span> <span class='ocrx_word' id='word_1_604' title='bbox 2326 1603 2471 1658; x_wconf 86' lang='lat' dir='ltr'><strong>aqua</strong></span> <span class='ocrx_word' id='word_1_605' title='bbox 2517 1588 2807 1657; x_wconf 73' lang='lat' dir='ltr'><strong>(lac/1.1x,</strong></span> <span class='ocrx_word' id='word_1_606' title='bbox 2844 1588 2950 1656; x_wconf 85' lang='grc'><strong>11).</strong></span> <span class='ocrx_word' id='word_1_607' title='bbox 3013 1586 3157 1649; x_wconf 79' lang='lat' dir='ltr'><strong>Quid</strong></span> <span class='ocrx_word' id='word_1_608' title='bbox 3202 1599 3300 1653; x_wconf 88' lang='lat' dir='ltr'><strong>per</strong></span> <span class='ocrx_word' id='word_1_609' title='bbox 3347 1581 3502 1634; x_wconf 83' lang='lat' dir='ltr'><strong>hunc</strong></span> <span class='ocrx_word' id='word_1_610' title='bbox 3544 1577 3736 1631; x_wconf 83' lang='lat' dir='ltr'><strong>lacum</strong></span> 
     </span>
    </p>
   </div>
   <div class='ocr_carea' id='block_1_81' title="bbox 2083 1663 3739 1741">
    <p class='ocr_par' dir='ltr' id='par_1_81' title="bbox 2083 1663 3739 1741">
     <span class='ocr_line' id='line_1_82' title="bbox 2083 1663 3739 1741; baseline -0.007 -20"><span class='ocrx_word' id='word_1_611' title='bbox 2083 1670 2221 1722; x_wconf 86' lang='lat' dir='ltr'><strong>velit</strong></span> <span class='ocrx_word' id='word_1_612' title='bbox 2250 1669 2513 1741; x_wconf 81' lang='lat' dir='ltr'><strong>intelligi,</strong></span> <span class='ocrx_word' id='word_1_613' title='bbox 2551 1675 2784 1739; x_wconf 74' lang='lat' dir='ltr'><strong>possunt</strong></span> <span class='ocrx_word' id='word_1_614' title='bbox 2817 1669 3045 1722; x_wconf 85' lang='lat' dir='ltr'><strong>diversa</strong></span> <span class='ocrx_word' id='word_1_615' title='bbox 3075 1664 3295 1727; x_wconf 84' lang='lat' dir='ltr'><strong>sentiri,</strong></span> <span class='ocrx_word' id='word_1_616' title='bbox 3331 1663 3502 1716; x_wconf 73' lang='lat' dir='ltr'><strong>etiam</strong></span> <span class='ocrx_word' id='word_1_617' title='bbox 3528 1673 3739 1713; x_wconf 67' lang='lat' dir='ltr'><strong>secun—</strong></span> 
     </span>
    </p>
   </div>
   <div class='ocr_carea' id='block_1_82' title="bbox 2084 1742 3737 1819">
    <p class='ocr_par' dir='ltr' id='par_1_82' title="bbox 2084 1742 3737 1819">
     <span class='ocr_line' id='line_1_83' title="bbox 2084 1742 3737 1819; baseline -0.007 -17"><span class='ocrx_word' id='word_1_618' title='bbox 2084 1747 2220 1803; x_wconf 90' lang='lat' dir='ltr'><strong>dum</strong></span> <span class='ocrx_word' id='word_1_619' title='bbox 2256 1754 2471 1804; x_wconf 87' lang='lat' dir='ltr'><strong>rectam</strong></span> <span class='ocrx_word' id='word_1_620' title='bbox 2505 1748 2679 1803; x_wconf 79' lang='lat' dir='ltr'><strong>ﬁdem</strong></span> <span class='ocrx_word' id='word_1_621' title='bbox 2712 1748 2808 1819; x_wconf 87' lang='lat' dir='ltr'><strong>(a).</strong></span> <span class='ocrx_word' id='word_1_622' title='bbox 2847 1746 2979 1802; x_wconf 83' lang='lat' dir='ltr'><strong>Mihi</strong></span> <span class='ocrx_word' id='word_1_623' title='bbox 3032 1758 3222 1800; x_wconf 86' lang='lat' dir='ltr'><strong>tamen</strong></span> <span class='ocrx_word' id='word_1_624' title='bbox 3268 1742 3494 1797; x_wconf 84' lang='lat' dir='ltr'><strong>videtur</strong></span> <span class='ocrx_word' id='word_1_625' title='bbox 3526 1754 3637 1792; x_wconf 87' lang='lat' dir='ltr'><strong>non</strong></span> <span class='ocrx_word' id='word_1_626' title='bbox 3671 1751 3737 1791; x_wconf 88' lang='lat' dir='ltr'><strong>eo</strong></span> 
     </span>
    </p>
   </div>
   <div class='ocr_carea' id='block_1_83' title="bbox 2083 1820 3736 1900">
    <p class='ocr_par' dir='ltr' id='par_1_83' title="bbox 2083 1820 3736 1900">
     <span class='ocr_line' id='line_1_84' title="bbox 2083 1820 3736 1900; baseline -0.007 -16"><span class='ocrx_word' id='word_1_627' title='bbox 2083 1830 2403 1900; x_wconf 74' lang='lat' dir='ltr'><strong>significari</strong></span> <span class='ocrx_word' id='word_1_628' title='bbox 2458 1829 2689 1897; x_wconf 80' lang='lat' dir='ltr'><strong>melius,</strong></span> <span class='ocrx_word' id='word_1_629' title='bbox 2738 1830 2849 1886; x_wconf 87' lang='lat' dir='ltr'><strong>nisi</strong></span> <span class='ocrx_word' id='word_1_630' title='bbox 2899 1828 3170 1884; x_wconf 70' lang='lat' dir='ltr'><strong>humanas</strong></span> <span class='ocrx_word' id='word_1_631' title='bbox 3222 1822 3468 1880; x_wconf 69' lang='lat' dir='ltr'><strong>miserias</strong></span> <span class='ocrx_word' id='word_1_632' title='bbox 3518 1820 3736 1875; x_wconf 81' lang='lat' dir='ltr'><strong>siccam</strong></span> 
     </span>
    </p>
   </div>
   <div class='ocr_carea' id='block_1_84' title="bbox 2085 1901 3736 1983">
    <p class='ocr_par' dir='ltr' id='par_1_84' title="bbox 2085 1901 3736 1983">
     <span class='ocr_line' id='line_1_85' title="bbox 2085 1901 3736 1983; baseline -0.005 -20"><span class='ocrx_word' id='word_1_633' title='bbox 2085 1912 2536 1983; x_wconf 80' lang='lat' dir='ltr'><strong>profunditatem</strong></span> <span class='ocrx_word' id='word_1_634' title='bbox 2583 1911 3017 1981; x_wconf 89' lang='lat' dir='ltr'><strong>quodammodo</strong></span> <span class='ocrx_word' id='word_1_635' title='bbox 3063 1914 3119 1964; x_wconf 90' lang='lat' dir='ltr'><strong>et</strong></span> <span class='ocrx_word' id='word_1_636' title='bbox 3158 1905 3431 1972; x_wconf 89' lang='lat' dir='ltr'><strong>sterilem,</strong></span> <span class='ocrx_word' id='word_1_637' title='bbox 3476 1901 3575 1983; x_wconf 86' lang='lat' dir='ltr'><strong>ubi</strong></span> <span class='ocrx_word' id='word_1_638' title='bbox 3618 1916 3736 1983; x_wconf 87' lang='lat' dir='ltr'><strong>non</strong></span> 
     </span>
    </p>
   </div>
   <div class='ocr_carea' id='block_1_85' title="bbox 2083 1981 3737 2062">
    <p class='ocr_par' dir='ltr' id='par_1_85' title="bbox 2083 1981 3737 2062">
     <span class='ocr_line' id='line_1_86' title="bbox 2083 1981 3737 2062; baseline -0.007 -15"><span class='ocrx_word' id='word_1_639' title='bbox 2083 1981 2220 2047; x_wconf 79' lang='lat' dir='ltr'><strong>sunt</strong></span> <span class='ocrx_word' id='word_1_640' title='bbox 2248 1992 2748 2062; x_wconf 82' lang='lat' dir='ltr'><strong>ﬂuentajustitiae,</strong></span> <span class='ocrx_word' id='word_1_641' title='bbox 2782 1992 2881 2047; x_wconf 91' lang='lat' dir='ltr'><strong>sed</strong></span> <span class='ocrx_word' id='word_1_642' title='bbox 2915 1988 3236 2061; x_wconf 77' lang='lat' dir='ltr'><strong>iniquitatis</strong></span> <span class='ocrx_word' id='word_1_643' title='bbox 3263 1986 3473 2042; x_wconf 88' lang='lat' dir='ltr'><strong>lutum.</strong></span> <span class='ocrx_word' id='word_1_644' title='bbox 3518 1982 3597 2037; x_wconf 89' lang='lat' dir='ltr'><strong>De</strong></span> <span class='ocrx_word' id='word_1_645' title='bbox 3629 1981 3737 2062; x_wconf 90' lang='lat' dir='ltr'><strong>hoc</strong></span> 
     </span>
    </p>
   </div>
   <div class='ocr_carea' id='block_1_86' title="bbox 2083 2061 3736 2144">
    <p class='ocr_par' dir='ltr' id='par_1_86' title="bbox 2083 2061 3736 2144">
     <span class='ocr_line' id='line_1_87' title="bbox 2083 2061 3736 2144; baseline -0.007 -17"><span class='ocrx_word' id='word_1_646' title='bbox 2083 2072 2299 2144; x_wconf 87' lang='lat' dir='ltr'><strong>quippe</strong></span> <span class='ocrx_word' id='word_1_647' title='bbox 2346 2073 2523 2128; x_wconf 89' lang='lat' dir='ltr'><strong>etiam</strong></span> <span class='ocrx_word' id='word_1_648' title='bbox 2564 2073 2626 2128; x_wconf 90' lang='lat' dir='ltr'><strong>in</strong></span> <span class='ocrx_word' id='word_1_649' title='bbox 2674 2072 2906 2128; x_wconf 81' lang='lat' dir='ltr'><strong>Pssimo</strong></span> <span class='ocrx_word' id='word_1_650' title='bbox 2944 2071 3194 2124; x_wconf 88' lang='lat' dir='ltr'><strong>dicitur:</strong></span> <span class='ocrx_word' id='word_1_651' title='bbox 3242 2068 3305 2121; x_wconf 84' lang='lat' dir='ltr'><strong>Et</strong></span> <span class='ocrx_word' id='word_1_652' title='bbox 3331 2064 3525 2121; x_wconf 80' lang='lat' dir='ltr'><strong>eduxit</strong></span> <span class='ocrx_word' id='word_1_653' title='bbox 3556 2079 3634 2117; x_wconf 84' lang='lat' dir='ltr'><strong>me</strong></span> <span class='ocrx_word' id='word_1_654' title='bbox 3671 2061 3736 2117; x_wconf 87' lang='lat' dir='ltr'><strong>de</strong></span> 
     </span>
    </p>
   </div>
   <div class='ocr_carea' id='block_1_87' title="bbox 2085 2145 3492 2221">
    <p class='ocr_par' dir='ltr' id='par_1_87' title="bbox 2085 2145 3492 2221">
     <span class='ocr_line' id='line_1_88' title="bbox 2085 2145 3492 2221; baseline -0.007 -13"><span class='ocrx_word' id='word_1_655' title='bbox 2085 2154 2211 2209; x_wconf 84' lang='lat' dir='ltr'><strong>lacu</strong></span> <span class='ocrx_word' id='word_1_656' title='bbox 2232 2153 2497 2221; x_wconf 64' lang='lat' dir='ltr'><strong>miserias,</strong></span> <span class='ocrx_word' id='word_1_657' title='bbox 2521 2152 2664 2209; x_wconf 86' lang='lat' dir='ltr'><strong>etde</strong></span> <span class='ocrx_word' id='word_1_658' title='bbox 2692 2153 2809 2209; x_wconf 87' lang='lat' dir='ltr'><strong>luto</strong></span> <span class='ocrx_word' id='word_1_659' title='bbox 2839 2150 2963 2206; x_wconf 80' lang='lat' dir='ltr'><strong>limi</strong></span> <span class='ocrx_word' id='word_1_660' title='bbox 2994 2149 3168 2221; x_wconf 78' lang='lat' dir='ltr'><strong>(Psal.</strong></span> <span class='ocrx_word' id='word_1_661' title='bbox 3191 2162 3383 2212; x_wconf 79' lang='lat' dir='ltr'><strong>xxxix,</strong></span> <span class='ocrx_word' id='word_1_662' title='bbox 3413 2145 3492 2215; x_wconf 88' lang='lat'><strong>3).</strong></span> 
     </span>
    </p>
   </div>
   <div class='ocr_carea' id='block_1_88' title="bbox 2153 2226 3736 2304">
    <p class='ocr_par' dir='ltr' id='par_1_88' title="bbox 2153 2226 3736 2304">
     <span class='ocr_line' id='line_1_89' title="bbox 2153 2226 3736 2304; baseline -0.009 -15"><span class='ocrx_word' id='word_1_663' title='bbox 2153 2234 2208 2289; x_wconf 90' lang='lat'><strong>3.</strong></span> <span class='ocrx_word' id='word_1_664' title='bbox 2240 2232 2558 2289; x_wconf 85' lang='lat' dir='ltr'><strong>Malachias</strong></span> <span class='ocrx_word' id='word_1_665' title='bbox 2615 2231 2968 2304; x_wconf 83' lang='lat' dir='ltr'><strong>praphetane</strong></span> <span class='ocrx_word' id='word_1_666' title='bbox 3027 2226 3363 2291; x_wconf 88' lang='lat' dir='ltr'><strong>Ecclesiam,</strong></span> <span class='ocrx_word' id='word_1_667' title='bbox 3414 2236 3736 2304; x_wconf 82' lang='lat' dir='ltr'><strong>quamper</strong></span> 
     </span>
    </p>
   </div>
   <div class='ocr_carea' id='block_1_89' title="bbox 2084 2300 3733 2386">
    <p class='ocr_par' dir='ltr' id='par_1_89' title="bbox 2084 2300 3733 2386">
     <span class='ocr_line' id='line_1_90' title="bbox 2084 2300 3733 2386; baseline -0.009 -15"><span class='ocrx_word' id='word_1_668' title='bbox 2084 2314 2379 2372; x_wconf 86' lang='lat' dir='ltr'><strong>Christum</strong></span> <span class='ocrx_word' id='word_1_669' title='bbox 2415 2300 3143 2386; x_wconf 29' lang='lat' dir='ltr'><strong>cernimusvpropagatam,</strong></span> <span class='ocrx_word' id='word_1_670' title='bbox 3188 2305 3406 2365; x_wconf 73' lang='lat' dir='ltr'><strong>Judaais</strong></span> <span class='ocrx_word' id='word_1_671' title='bbox 3437 2300 3733 2386; x_wconf 89' lang='lat' dir='ltr'><strong>apertissi-</strong></span> 
     </span>
    </p>
   </div>
   <div class='ocr_carea' id='block_1_90' title="bbox 2084 2384 3731 2468">
    <p class='ocr_par' dir='ltr' id='par_1_90' title="bbox 2084 2384 3731 2468">
     <span class='ocr_line' id='line_1_91' title="bbox 2084 2384 3731 2468; baseline -0.009 -15"><span class='ocrx_word' id='word_1_672' title='bbox 2084 2413 2178 2453; x_wconf 89' lang='lat' dir='ltr'><strong>me</strong></span> <span class='ocrx_word' id='word_1_673' title='bbox 2209 2396 2348 2453; x_wconf 83' lang='lat' dir='ltr'><strong>dicit</strong></span> <span class='ocrx_word' id='word_1_674' title='bbox 2377 2413 2445 2453; x_wconf 88' lang='lat' dir='ltr'><strong>ex</strong></span> <span class='ocrx_word' id='word_1_675' title='bbox 2491 2384 2904 2468; x_wconf 41' lang='lat' dir='ltr'><strong>persona—Dei:</strong></span> <span class='ocrx_word' id='word_1_676' title='bbox 2939 2393 3055 2449; x_wconf 84' lang='lat' dir='ltr'><strong>Non</strong></span> <span class='ocrx_word' id='word_1_677' title='bbox 3101 2395 3181 2447; x_wconf 90' lang='lat' dir='ltr'><strong>est</strong></span> <span class='ocrx_word' id='word_1_678' title='bbox 3222 2389 3362 2445; x_wconf 81' lang='lat' dir='ltr'><strong>mihi</strong></span> <span class='ocrx_word' id='word_1_679' title='bbox 3390 2387 3642 2443; x_wconf 84' lang='lat' dir='ltr'><strong>voluntas</strong></span> <span class='ocrx_word' id='word_1_680' title='bbox 3672 2384 3731 2468; x_wconf 76' lang='lat' dir='ltr'><strong>in</strong></span> 
     </span>
    </p>
   </div>
   <div class='ocr_carea' id='block_1_91' title="bbox 2084 2463 3733 2545">
    <p class='ocr_par' dir='ltr' id='par_1_91' title="bbox 2084 2463 3733 2545">
     <span class='ocr_line' id='line_1_92' title="bbox 2084 2463 3733 2545; baseline -0.01 -11"><span class='ocrx_word' id='word_1_681' title='bbox 2084 2477 2253 2545; x_wconf 86' lang='lat' dir='ltr'><strong>vobis,</strong></span> <span class='ocrx_word' id='word_1_682' title='bbox 2286 2484 2337 2535; x_wconf 86' lang='lat' dir='ltr'><strong>et</strong></span> <span class='ocrx_word' id='word_1_683' title='bbox 2362 2463 2564 2533; x_wconf 47' lang='lat' dir='ltr'><strong>man-us</strong></span> <span class='ocrx_word' id='word_1_684' title='bbox 2618 2492 2727 2532; x_wconf 90' lang='lat' dir='ltr'><strong>non</strong></span> <span class='ocrx_word' id='word_1_685' title='bbox 2756 2475 3054 2545; x_wconf 84' lang='lat' dir='ltr'><strong>suscipiam</strong></span> <span class='ocrx_word' id='word_1_686' title='bbox 3110 2471 3176 2527; x_wconf 86' lang='lat' dir='ltr'><strong>de</strong></span> <span class='ocrx_word' id='word_1_687' title='bbox 3215 2485 3387 2525; x_wconf 87' lang='lat' dir='ltr'><strong>manu</strong></span> <span class='ocrx_word' id='word_1_688' title='bbox 3423 2474 3624 2523; x_wconf 78' lang='lat' dir='ltr'><strong>vestra.</strong></span> <span class='ocrx_word' id='word_1_689' title='bbox 3656 2463 3733 2519; x_wconf 79' lang='lat' dir='ltr'><strong>Ab</strong></span> 
     </span>
    </p>
   </div>
   <div class='ocr_carea' id='block_1_92' title="bbox 2083 2553 3738 2630">
    <p class='ocr_par' dir='ltr' id='par_1_92' title="bbox 2083 2553 3738 2630">
     <span class='ocr_line' id='line_1_93' title="bbox 2083 2553 3738 2630; baseline -0.01 -14"><span class='ocrx_word' id='word_1_690' title='bbox 2083 2564 2207 2616; x_wconf 86' lang='lat' dir='ltr'><strong>ortu</strong></span> <span class='ocrx_word' id='word_1_691' title='bbox 2252 2562 2400 2615; x_wconf 89' lang='lat' dir='ltr'><strong>enim</strong></span> <span class='ocrx_word' id='word_1_692' title='bbox 2440 2561 2571 2617; x_wconf 79' lang='lat' dir='ltr'><strong>solis</strong></span> <span class='ocrx_word' id='word_1_693' title='bbox 2601 2573 2772 2630; x_wconf 85' lang='lat' dir='ltr'><strong>usque</strong></span> <span class='ocrx_word' id='word_1_694' title='bbox 2799 2558 2870 2613; x_wconf 87' lang='lat' dir='ltr'><strong>ad</strong></span> <span class='ocrx_word' id='word_1_695' title='bbox 2906 2570 3185 2622; x_wconf 86' lang='lat' dir='ltr'><strong>occasum,</strong></span> <span class='ocrx_word' id='word_1_696' title='bbox 3218 2553 3604 2630; x_wconf 10' lang='lat' dir='ltr'><strong>magnumiest</strong></span> <span class='ocrx_word' id='word_1_697' title='bbox 3635 2561 3738 2630; x_wconf 84' lang='lat' dir='ltr'><strong>no-</strong></span> 
     </span>
    </p>
   </div>
   <div class='ocr_carea' id='block_1_93' title="bbox 2083 2627 3740 2712">
    <p class='ocr_par' dir='ltr' id='par_1_93' title="bbox 2083 2627 3740 2712">
     <span class='ocr_line' id='line_1_94' title="bbox 2083 2627 3740 2712; baseline -0.011 -15"><span class='ocrx_word' id='word_1_698' title='bbox 2083 2655 2207 2696; x_wconf 88' lang='lat' dir='ltr'><strong>men</strong></span> <span class='ocrx_word' id='word_1_699' title='bbox 2227 2656 2409 2696; x_wconf 89' lang='lat' dir='ltr'><strong>meum</strong></span> <span class='ocrx_word' id='word_1_700' title='bbox 2440 2640 2501 2696; x_wconf 90' lang='lat' dir='ltr'><strong>in</strong></span> <span class='ocrx_word' id='word_1_701' title='bbox 2526 2627 2800 2712; x_wconf 81' lang='lat' dir='ltr'><strong>gentibus,</strong></span> <span class='ocrx_word' id='word_1_702' title='bbox 2828 2647 2879 2695; x_wconf 89' lang='lat' dir='ltr'><strong>et</strong></span> <span class='ocrx_word' id='word_1_703' title='bbox 2907 2637 2968 2694; x_wconf 89' lang='lat' dir='ltr'><strong>in</strong></span> <span class='ocrx_word' id='word_1_704' title='bbox 2996 2634 3150 2693; x_wconf 91' lang='lat' dir='ltr'><strong>omni</strong></span> <span class='ocrx_word' id='word_1_705' title='bbox 3178 2637 3296 2689; x_wconf 88' lang='lat' dir='ltr'><strong>loco</strong></span> <span class='ocrx_word' id='word_1_706' title='bbox 3331 2627 3740 2712; x_wconf 82' lang='lat' dir='ltr'><strong>sacrificabitur</strong></span> 
     </span>
    </p>
   </div>
   <div class='ocr_carea' id='block_1_94' title="bbox 2081 2710 3742 2794">
    <p class='ocr_par' dir='ltr' id='par_1_94' title="bbox 2081 2710 3742 2794">
     <span class='ocr_line' id='line_1_95' title="bbox 2081 2710 3742 2794; baseline -0.01 -18"><span class='ocrx_word' id='word_1_707' title='bbox 2081 2727 2135 2776; x_wconf 90' lang='lat' dir='ltr'><strong>et</strong></span> <span class='ocrx_word' id='word_1_708' title='bbox 2194 2722 2457 2794; x_wconf 69' lang='lat' dir='ltr'><strong>offeretur</strong></span> <span class='ocrx_word' id='word_1_709' title='bbox 2500 2710 2719 2777; x_wconf 75' lang='lat' dir='ltr'><strong>nomini</strong></span> <span class='ocrx_word' id='word_1_710' title='bbox 2760 2735 2881 2776; x_wconf 69' lang='lat' dir='ltr'><strong>mro</strong></span> <span class='ocrx_word' id='word_1_711' title='bbox 2928 2717 3131 2772; x_wconf 82' lang='lat' dir='ltr'><strong>oblatio</strong></span> <span class='ocrx_word' id='word_1_712' title='bbox 3177 2712 3422 2770; x_wconf 88' lang='lat' dir='ltr'><strong>munda:</strong></span> <span class='ocrx_word' id='word_1_713' title='bbox 3455 2710 3742 2794; x_wconf 73' lang='lat' dir='ltr'><strong>quiama-</strong></span> 
     </span>
    </p>
   </div>
   <div class='ocr_carea' id='block_1_95' title="bbox 2084 2787 3739 2870">
    <p class='ocr_par' dir='ltr' id='par_1_95' title="bbox 2084 2787 3739 2870">
     <span class='ocr_line' id='line_1_96' title="bbox 2084 2787 3739 2870; baseline -0.008 -14"><span class='ocrx_word' id='word_1_714' title='bbox 2084 2787 2255 2870; x_wconf 73' lang='lat' dir='ltr'><strong>gnum</strong></span> <span class='ocrx_word' id='word_1_715' title='bbox 2284 2819 2481 2858; x_wconf 88' lang='lat' dir='ltr'><strong>nomen</strong></span> <span class='ocrx_word' id='word_1_716' title='bbox 2528 2818 2709 2857; x_wconf 87' lang='lat' dir='ltr'><strong>meum</strong></span> <span class='ocrx_word' id='word_1_717' title='bbox 2739 2804 2799 2856; x_wconf 90' lang='lat' dir='ltr'><strong>in</strong></span> <span class='ocrx_word' id='word_1_718' title='bbox 2851 2799 3123 2867; x_wconf 85' lang='lat' dir='ltr'><strong>gentibus,</strong></span> <span class='ocrx_word' id='word_1_719' title='bbox 3153 2794 3286 2850; x_wconf 85' lang='lat' dir='ltr'><strong>dicit</strong></span> <span class='ocrx_word' id='word_1_720' title='bbox 3312 2794 3572 2848; x_wconf 88' lang='lat' dir='ltr'><strong>Dominus</strong></span> <span class='ocrx_word' id='word_1_721' title='bbox 3599 2787 3739 2870; x_wconf 67' lang='lat' dir='ltr'><strong>(Ma-</strong></span> 
     </span>
    </p>
   </div>
   <div class='ocr_carea' id='block_1_96' title="bbox 2086 2868 3741 2956">
    <p class='ocr_par' dir='ltr' id='par_1_96' title="bbox 2086 2868 3741 2956">
     <span class='ocr_line' id='line_1_97' title="bbox 2086 2868 3741 2956; baseline -0.011 -18"><span class='ocrx_word' id='word_1_722' title='bbox 2086 2868 2226 2940; x_wconf 82' lang='lat' dir='ltr'><strong>lach.</strong></span> <span class='ocrx_word' id='word_1_723' title='bbox 2260 2900 2299 2949; x_wconf 84' lang='grc' dir='ltr'><strong>ι,</strong></span> <span class='ocrx_word' id='word_1_724' title='bbox 2338 2885 2444 2955; x_wconf 86' lang='grc'><strong>10).</strong></span> <span class='ocrx_word' id='word_1_725' title='bbox 2479 2884 2595 2940; x_wconf 85' lang='lat' dir='ltr'><strong>Hoc</strong></span> <span class='ocrx_word' id='word_1_726' title='bbox 2624 2882 2973 2939; x_wconf 81' lang='lat' dir='ltr'><strong>sacrificium</strong></span> <span class='ocrx_word' id='word_1_727' title='bbox 3009 2895 3106 2949; x_wconf 88' lang='lat' dir='ltr'><strong>per</strong></span> <span class='ocrx_word' id='word_1_728' title='bbox 3135 2872 3521 2956; x_wconf 80' lang='lat' dir='ltr'><strong>sacerdotium</strong></span> <span class='ocrx_word' id='word_1_729' title='bbox 3553 2868 3741 2956; x_wconf 58' lang='lat' dir='ltr'><strong>Chris:</strong></span> 
     </span>
    </p>
   </div>
   <div class='ocr_carea' id='block_1_97' title="bbox 2084 2952 3739 3038">
    <p class='ocr_par' dir='ltr' id='par_1_97' title="bbox 2084 2952 3739 3038">
     <span class='ocr_line' id='line_1_98' title="bbox 2084 2952 3739 3038; baseline -0.01 -17"><span class='ocrx_word' id='word_1_730' title='bbox 2084 2966 2128 3021; x_wconf 95' lang='lat' dir='ltr'><strong>ti</strong></span> <span class='ocrx_word' id='word_1_731' title='bbox 2158 2952 2471 3022; x_wconf 80' lang='lat' dir='ltr'><strong>secundum</strong></span> <span class='ocrx_word' id='word_1_732' title='bbox 2505 2965 2767 3020; x_wconf 88' lang='lat' dir='ltr'><strong>ordinem</strong></span> <span class='ocrx_word' id='word_1_733' title='bbox 2819 2956 3263 3021; x_wconf 86' lang='lat' dir='ltr'><strong>Melchisedech,</strong></span> <span class='ocrx_word' id='word_1_734' title='bbox 3312 2968 3446 3038; x_wconf 80' lang='lat' dir='ltr'><strong>cu_m</strong></span> <span class='ocrx_word' id='word_1_735' title='bbox 3479 2952 3537 3038; x_wconf 80' lang='lat' dir='ltr'><strong>in</strong></span> <span class='ocrx_word' id='word_1_736' title='bbox 3579 2952 3739 3038; x_wconf 74' lang='lat' dir='ltr'><strong>omni</strong></span> 
     </span>
    </p>
   </div>
   <div class='ocr_carea' id='block_1_98' title="bbox 2084 3031 3740 3120">
    <p class='ocr_par' dir='ltr' id='par_1_98' title="bbox 2084 3031 3740 3120">
     <span class='ocr_line' id='line_1_99' title="bbox 2084 3031 3740 3120; baseline -0.011 -20"><span class='ocrx_word' id='word_1_737' title='bbox 2084 3045 2212 3102; x_wconf 90' lang='lat' dir='ltr'><strong>loco</strong></span> <span class='ocrx_word' id='word_1_738' title='bbox 2234 3064 2267 3101; x_wconf 89' lang='lat' dir='ltr'><strong>a</strong></span> <span class='ocrx_word' id='word_1_739' title='bbox 2296 3044 2438 3102; x_wconf 88' lang='lat' dir='ltr'><strong>solis</strong></span> <span class='ocrx_word' id='word_1_740' title='bbox 2460 3045 2518 3101; x_wconf 89' lang='lat' dir='ltr'><strong>iu</strong></span> <span class='ocrx_word' id='word_1_741' title='bbox 2547 3052 2672 3101; x_wconf 89' lang='lat' dir='ltr'><strong>ortu</strong></span> <span class='ocrx_word' id='word_1_742' title='bbox 2723 3059 2913 3115; x_wconf 87' lang='lat' dir='ltr'><strong>usque</strong></span> <span class='ocrx_word' id='word_1_743' title='bbox 2942 3042 3015 3097; x_wconf 90' lang='lat' dir='ltr'><strong>ad</strong></span> <span class='ocrx_word' id='word_1_744' title='bbox 3046 3052 3332 3120; x_wconf 74' lang='lat' dir='ltr'><strong>occasum</strong></span> <span class='ocrx_word' id='word_1_745' title='bbox 3365 3034 3479 3090; x_wconf 90' lang='lat' dir='ltr'><strong>Deo</strong></span> <span class='ocrx_word' id='word_1_746' title='bbox 3501 3031 3625 3101; x_wconf 78' lang='lat' dir='ltr'><strong>jam</strong></span> <span class='ocrx_word' id='word_1_747' title='bbox 3657 3031 3740 3120; x_wconf 72' lang='lat' dir='ltr'><strong>vi-</strong></span> 
     </span>
    </p>
   </div>
   <div class='ocr_carea' id='block_1_99' title="bbox 2083 3116 3741 3195">
    <p class='ocr_par' dir='ltr' id='par_1_99' title="bbox 2083 3116 3741 3195">
     <span class='ocr_line' id='line_1_100' title="bbox 2083 3116 3741 3195; baseline -0.009 -13"><span class='ocrx_word' id='word_1_748' title='bbox 2083 3126 2327 3183; x_wconf 89' lang='lat' dir='ltr'><strong>deamus</strong></span> <span class='ocrx_word' id='word_1_749' title='bbox 2349 3126 2565 3195; x_wconf 88' lang='lat' dir='ltr'><strong>oll&#39;erri,</strong></span> <span class='ocrx_word' id='word_1_750' title='bbox 2593 3125 2943 3182; x_wconf 79' lang='lat' dir='ltr'><strong>sacrificium</strong></span> <span class='ocrx_word' id='word_1_751' title='bbox 2996 3125 3191 3176; x_wconf 90' lang='lat' dir='ltr'><strong>autem</strong></span> <span class='ocrx_word' id='word_1_752' title='bbox 3221 3116 3578 3195; x_wconf 72' lang='lat' dir='ltr'><strong>Judeorum,</strong></span> <span class='ocrx_word' id='word_1_753' title='bbox 3612 3116 3741 3180; x_wconf 74' lang='lat' dir='ltr'><strong>Qui-</strong></span> 
     </span>
    </p>
   </div>
   <div class='ocr_carea' id='block_1_100' title="bbox 2084 3193 3744 3275">
    <p class='ocr_par' dir='ltr' id='par_1_100' title="bbox 2084 3193 3744 3275">
     <span class='ocr_line' id='line_1_101' title="bbox 2084 3193 3744 3275; baseline -0.01 -13"><span class='ocrx_word' id='word_1_754' title='bbox 2084 3206 2198 3263; x_wconf 88' lang='lat' dir='ltr'><strong>bus</strong></span> <span class='ocrx_word' id='word_1_755' title='bbox 2228 3208 2448 3264; x_wconf 86' lang='lat' dir='ltr'><strong>dictum</strong></span> <span class='ocrx_word' id='word_1_756' title='bbox 2481 3193 2587 3275; x_wconf 85' lang='lat' dir='ltr'><strong>est,</strong></span> <span class='ocrx_word' id='word_1_757' title='bbox 2628 3208 2744 3263; x_wconf 87' lang='lat' dir='ltr'><strong>Non</strong></span> <span class='ocrx_word' id='word_1_758' title='bbox 2774 3208 2856 3261; x_wconf 89' lang='lat' dir='ltr'><strong>est</strong></span> <span class='ocrx_word' id='word_1_759' title='bbox 2890 3202 3035 3259; x_wconf 85' lang='lat' dir='ltr'><strong>mihi</strong></span> <span class='ocrx_word' id='word_1_760' title='bbox 3074 3200 3327 3257; x_wconf 85' lang='lat' dir='ltr'><strong>voluntas</strong></span> <span class='ocrx_word' id='word_1_761' title='bbox 3357 3197 3415 3251; x_wconf 90' lang='lat' dir='ltr'><strong>in</strong></span> <span class='ocrx_word' id='word_1_762' title='bbox 3449 3193 3614 3257; x_wconf 87' lang='lat' dir='ltr'><strong>vobis,</strong></span> <span class='ocrx_word' id='word_1_763' title='bbox 3645 3205 3744 3246; x_wconf 92' lang='lat' dir='ltr'><strong>nec</strong></span> 
     </span>
    </p>
   </div>
   <div class='ocr_carea' id='block_1_101' title="bbox 2086 3288 3744 3357">
    <p class='ocr_par' dir='ltr' id='par_1_101' title="bbox 2086 3288 3744 3357">
     <span class='ocr_line' id='line_1_102' title="bbox 2086 3288 3744 3357; baseline -0.01 -14"><span class='ocrx_word' id='word_1_764' title='bbox 2086 3292 2351 3357; x_wconf 85' lang='lat' dir='ltr'><strong>accipiam</strong></span> <span class='ocrx_word' id='word_1_765' title='bbox 2381 3289 2451 3345; x_wconf 88' lang='lat' dir='ltr'><strong>de</strong></span> <span class='ocrx_word' id='word_1_766' title='bbox 2478 3288 2734 3344; x_wconf 78' lang='lat' dir='ltr'><strong>manibus</strong></span> <span class='ocrx_word' id='word_1_767' title='bbox 2784 3288 2974 3342; x_wconf 88' lang='lat' dir='ltr'><strong>vestris</strong></span> <span class='ocrx_word' id='word_1_768' title='bbox 3002 3297 3228 3349; x_wconf 89' lang='lat' dir='ltr'><strong>munus,</strong></span> <span class='ocrx_word' id='word_1_769' title='bbox 3252 3291 3511 3357; x_wconf 85' lang='lat' dir='ltr'><strong>cessasse</strong></span> <span class='ocrx_word' id='word_1_770' title='bbox 3532 3288 3744 3357; x_wconf 70' lang='lat' dir='ltr'><strong>negare</strong></span> 
     </span>
    </p>
   </div>
   <div class='ocr_carea' id='block_1_102' title="bbox 2089 3352 3741 3442">
    <p class='ocr_par' dir='ltr' id='par_1_102' title="bbox 2089 3352 3741 3442">
     <span class='ocr_line' id='line_1_103' title="bbox 2089 3352 3741 3442; baseline -0.011 -19"><span class='ocrx_word' id='word_1_771' title='bbox 2089 3352 2215 3424; x_wconf 41' lang='lat' dir='ltr'><strong>non&#39;</strong></span> <span class='ocrx_word' id='word_1_772' title='bbox 2248 3375 2489 3442; x_wconf 87' lang='lat' dir='ltr'><strong>possunt</strong></span> <span class='ocrx_word' id='word_1_773' title='bbox 2517 3388 2531 3435; x_wconf 90' lang='lat'><strong>;</strong></span> <span class='ocrx_word' id='word_1_774' title='bbox 2565 3368 2703 3439; x_wconf 91' lang='lat' dir='ltr'><strong>quid</strong></span> <span class='ocrx_word' id='word_1_775' title='bbox 2742 3367 2933 3422; x_wconf 87' lang='lat' dir='ltr'><strong>adhuc</strong></span> <span class='ocrx_word' id='word_1_776' title='bbox 2961 3364 3300 3442; x_wconf 82' lang='lat' dir='ltr'><strong>exspectant</strong></span> <span class='ocrx_word' id='word_1_777' title='bbox 3330 3356 3509 3442; x_wconf 87' lang='lat' dir='ltr'><strong>alium</strong></span> <span class='ocrx_word' id='word_1_778' title='bbox 3543 3352 3741 3442; x_wconf 79' lang='lat' dir='ltr'><strong>Chris-</strong></span> 
     </span>
    </p>
   </div>
   <div class='ocr_carea' id='block_1_103' title="bbox 2090 3432 3750 3517">
    <p class='ocr_par' dir='ltr' id='par_1_103' title="bbox 2090 3432 3750 3517">
     <span class='ocr_line' id='line_1_104' title="bbox 2090 3432 3750 3517; baseline -0.011 -14"><span class='ocrx_word' id='word_1_779' title='bbox 2090 3432 2404 3514; x_wconf 47' lang='lat' dir='ltr'><strong>tum,&#39;cum</strong></span> <span class='ocrx_word' id='word_1_780' title='bbox 2441 3432 2546 3503; x_wconf 86' lang='lat' dir='ltr'><strong>hoc</strong></span> <span class='ocrx_word' id='word_1_781' title='bbox 2577 3432 2730 3517; x_wconf 72' lang='lat' dir='ltr'><strong>quod</strong></span> <span class='ocrx_word' id='word_1_782' title='bbox 2766 3432 3170 3516; x_wconf 83' lang='lat' dir='ltr'><strong>prepbetatum</strong></span> <span class='ocrx_word' id='word_1_783' title='bbox 3208 3439 3406 3517; x_wconf 86' lang='lat' dir='ltr'><strong>legunt</strong></span> <span class='ocrx_word' id='word_1_784' title='bbox 3446 3438 3523 3517; x_wconf 79' lang='lat' dir='ltr'><strong>et_</strong></span> <span class='ocrx_word' id='word_1_785' title='bbox 3549 3432 3750 3517; x_wconf 59' lang='lat' dir='ltr'><strong>imple:</strong></span> 
     </span>
    </p>
   </div>
   <div class='ocr_carea' id='block_1_104' title="bbox 2088 3508 3751 3596">
    <p class='ocr_par' dir='ltr' id='par_1_104' title="bbox 2088 3508 3751 3596">
     <span class='ocr_line' id='line_1_105' title="bbox 2088 3508 3751 3596; baseline -0.012 -14"><span class='ocrx_word' id='word_1_786' title='bbox 2088 3508 2232 3583; x_wconf 40' lang='lat' dir='ltr'><strong>tum&#39;</strong></span> <span class='ocrx_word' id='word_1_787' title='bbox 2247 3528 2469 3591; x_wconf 87' lang='lat' dir='ltr'><strong>vident,</strong></span> <span class='ocrx_word' id='word_1_788' title='bbox 2498 3508 2732 3596; x_wconf 81' lang='lat' dir='ltr'><strong>impleri</strong></span> <span class='ocrx_word' id='word_1_789' title='bbox 2766 3508 2899 3578; x_wconf 48' lang='lat' dir='ltr'><strong>&#39;non</strong></span> <span class='ocrx_word' id='word_1_790' title='bbox 2931 3519 3203 3593; x_wconf 87' lang='lat' dir='ltr'><strong>poluerit,</strong></span> <span class='ocrx_word' id='word_1_791' title='bbox 3237 3513 3347 3571; x_wconf 85' lang='lat' dir='ltr'><strong>nisi</strong></span> <span class='ocrx_word' id='word_1_792' title='bbox 3382 3529 3483 3596; x_wconf 62' lang='lat' dir='ltr'><strong>per</strong></span> <span class='ocrx_word' id='word_1_793' title='bbox 3512 3508 3751 3596; x_wconf 74' lang='lat' dir='ltr'><strong>i_psu_m?</strong></span> 
     </span>
    </p>
   </div>
   <div class='ocr_carea' id='block_1_105' title="bbox 2088 3590 3749 3678">
    <p class='ocr_par' dir='ltr' id='par_1_105' title="bbox 2088 3590 3749 3678">
     <span class='ocr_line' id='line_1_106' title="bbox 2088 3590 3749 3678; baseline -0.013 -15"><span class='ocrx_word' id='word_1_794' title='bbox 2088 3609 2240 3664; x_wconf 91' lang='lat' dir='ltr'><strong>Dicit</strong></span> <span class='ocrx_word' id='word_1_795' title='bbox 2268 3614 2423 3663; x_wconf 86' lang='lat' dir='ltr'><strong>enim</strong></span> <span class='ocrx_word' id='word_1_796' title='bbox 2458 3590 2626 3677; x_wconf 75' lang='lat' dir='ltr'><strong>paulo</strong></span> <span class='ocrx_word' id='word_1_797' title='bbox 2658 3608 2789 3676; x_wconf 89' lang='lat' dir='ltr'><strong>post</strong></span> <span class='ocrx_word' id='word_1_798' title='bbox 2815 3604 2887 3659; x_wconf 90' lang='lat' dir='ltr'><strong>de</strong></span> <span class='ocrx_word' id='word_1_799' title='bbox 2916 3590 3045 3674; x_wconf 76' lang='lat' dir='ltr'><strong>ipso</strong></span> <span class='ocrx_word' id='word_1_800' title='bbox 3069 3616 3137 3655; x_wconf 83' lang='lat' dir='ltr'><strong>ex</strong></span> <span class='ocrx_word' id='word_1_801' title='bbox 3169 3610 3413 3669; x_wconf 88' lang='lat' dir='ltr'><strong>persona</strong></span> <span class='ocrx_word' id='word_1_802' title='bbox 3435 3592 3542 3678; x_wconf 83' lang='lat' dir='ltr'><strong>Dei</strong></span> <span class='ocrx_word' id='word_1_803' title='bbox 3575 3607 3589 3644; x_wconf 89' lang='lat'><strong>:</strong></span> <span class='ocrx_word' id='word_1_804' title='bbox 3626 3590 3749 3678; x_wconf 54' lang='lat' dir='ltr'><strong>l‘es:</strong></span> 
     </span>
    </p>
   </div>
   <div class='ocr_carea' id='block_1_106' title="bbox 2088 3668 3748 3748">
    <p class='ocr_par' dir='ltr' id='par_1_106' title="bbox 2088 3668 3748 3748">
     <span class='ocr_line' id='line_1_107' title="bbox 2088 3668 3748 3748; baseline -0.014 -2"><span class='ocrx_word' id='word_1_805' title='bbox 2088 3695 2395 3748; x_wconf 76' lang='lat' dir='ltr'><strong>(amentum</strong></span> <span class='ocrx_word' id='word_1_806' title='bbox 2427 3668 2607 3745; x_wconf 80' lang='lat' dir='ltr'><strong>meum</strong></span> <span class='ocrx_word' id='word_1_807' title='bbox 2645 3668 2766 3742; x_wconf 76' lang='lat' dir='ltr'><strong>erat</strong></span> <span class='ocrx_word' id='word_1_808' title='bbox 2810 3668 2959 3741; x_wconf 48' lang='lat' dir='ltr'><strong>cum_</strong></span> <span class='ocrx_word' id='word_1_809' title='bbox 2979 3698 3041 3738; x_wconf 90' lang='lat' dir='ltr'><strong>eo</strong></span> <span class='ocrx_word' id='word_1_810' title='bbox 3070 3668 3203 3737; x_wconf 63' lang='lat' dir='ltr'><strong>vitae</strong></span> <span class='ocrx_word' id='word_1_811' title='bbox 3244 3680 3295 3734; x_wconf 91' lang='lat' dir='ltr'><strong>et</strong></span> <span class='ocrx_word' id='word_1_812' title='bbox 3321 3673 3512 3747; x_wconf 86' lang='lat' dir='ltr'><strong>pacis:</strong></span> <span class='ocrx_word' id='word_1_813' title='bbox 3543 3679 3593 3726; x_wconf 90' lang='lat' dir='ltr'><strong>et</strong></span> <span class='ocrx_word' id='word_1_814' title='bbox 3621 3668 3748 3724; x_wconf 90' lang='lat' dir='ltr'><strong>dedi</strong></span> 
     </span>
    </p>
   </div>
   <div class='ocr_carea' id='block_1_107' title="bbox 2086 3753 3748 3844">
    <p class='ocr_par' dir='ltr' id='par_1_107' title="bbox 2086 3753 3748 3844">
     <span class='ocr_line' id='line_1_108' title="bbox 2086 3753 3748 3844; baseline -0.016 -13"><span class='ocrx_word' id='word_1_815' title='bbox 2086 3776 2141 3831; x_wconf 90' lang='lat' dir='ltr'><strong>ei</strong></span> <span class='ocrx_word' id='word_1_816' title='bbox 2167 3777 2228 3829; x_wconf 89' lang='lat' dir='ltr'><strong>ut</strong></span> <span class='ocrx_word' id='word_1_817' title='bbox 2259 3776 2455 3829; x_wconf 88' lang='lat' dir='ltr'><strong>timore</strong></span> <span class='ocrx_word' id='word_1_818' title='bbox 2483 3771 2700 3827; x_wconf 88' lang='lat' dir='ltr'><strong>timeret</strong></span> <span class='ocrx_word' id='word_1_819' title='bbox 2721 3783 2827 3837; x_wconf 91' lang='lat' dir='ltr'><strong>me,</strong></span> <span class='ocrx_word' id='word_1_820' title='bbox 2859 3775 2911 3822; x_wconf 89' lang='lat' dir='ltr'><strong>et</strong></span> <span class='ocrx_word' id='word_1_821' title='bbox 2940 3782 2973 3821; x_wconf 91' lang='lat' dir='ltr'><strong>a</strong></span> <span class='ocrx_word' id='word_1_822' title='bbox 3001 3764 3144 3835; x_wconf 80' lang='lat' dir='ltr'><strong>facie</strong></span> <span class='ocrx_word' id='word_1_823' title='bbox 3172 3753 3556 3844; x_wconf 33' lang='lat' dir='ltr'><strong>nominis-mei</strong></span> <span class='ocrx_word' id='word_1_824' title='bbox 3594 3765 3748 3844; x_wconf 60' lang='lat' dir='ltr'><strong>reve-</strong></span> 
     </span>
    </p>
   </div>
   <div class='ocr_carea' id='block_1_108' title="bbox 2087 3832 3748 3926">
    <p class='ocr_par' dir='ltr' id='par_1_108' title="bbox 2087 3832 3748 3926">
     <span class='ocr_line' id='line_1_109' title="bbox 2087 3832 3748 3926; baseline -0.016 -13"><span class='ocrx_word' id='word_1_825' title='bbox 2087 3860 2321 3913; x_wconf 89' lang='lat' dir='ltr'><strong>reretur.</strong></span> <span class='ocrx_word' id='word_1_826' title='bbox 2357 3856 2467 3911; x_wconf 90' lang='lat' dir='ltr'><strong>Lex</strong></span> <span class='ocrx_word' id='word_1_827' title='bbox 2491 3851 2742 3909; x_wconf 83' lang='lat' dir='ltr'><strong>veritatis</strong></span> <span class='ocrx_word' id='word_1_828' title='bbox 2789 3832 2908 3905; x_wconf 78' lang='lat' dir='ltr'><strong>erat</strong></span> <span class='ocrx_word' id='word_1_829' title='bbox 2955 3832 3016 3902; x_wconf 85' lang='lat' dir='ltr'><strong>in</strong></span> <span class='ocrx_word' id='word_1_830' title='bbox 3066 3858 3158 3901; x_wconf 91' lang='lat' dir='ltr'><strong>ore</strong></span> <span class='ocrx_word' id='word_1_831' title='bbox 3183 3840 3379 3914; x_wconf 87' lang='lat' dir='ltr'><strong>ipsius,</strong></span> <span class='ocrx_word' id='word_1_832' title='bbox 3411 3832 3748 3926; x_wconf 51' lang='lat' dir='ltr'><strong>infacedi—</strong></span> 
     </span>
    </p>
   </div>
   <div class='ocr_carea' id='block_1_109' title="bbox 2088 3916 3735 4007">
    <p class='ocr_par' dir='ltr' id='par_1_109' title="bbox 2088 3916 3735 4007">
     <span class='ocr_line' id='line_1_110' title="bbox 2088 3916 3735 4007; baseline -0.017 -12"><span class='ocrx_word' id='word_1_833' title='bbox 2088 3939 2277 4007; x_wconf 86' lang='lat' dir='ltr'><strong>rigens</strong></span> <span class='ocrx_word' id='word_1_834' title='bbox 2305 3934 2608 3993; x_wconf 84' lang='lat' dir='ltr'><strong>ambulavit</strong></span> <span class='ocrx_word' id='word_1_835' title='bbox 2639 3947 2872 4001; x_wconf 89' lang='lat' dir='ltr'><strong>mecum,</strong></span> <span class='ocrx_word' id='word_1_836' title='bbox 2905 3938 2958 3985; x_wconf 87' lang='lat' dir='ltr'><strong>et</strong></span> <span class='ocrx_word' id='word_1_837' title='bbox 2981 3926 3183 3982; x_wconf 87' lang='lat' dir='ltr'><strong>multos</strong></span> <span class='ocrx_word' id='word_1_838' title='bbox 3212 3916 3602 4007; x_wconf 30' lang='lat' dir='ltr'><strong>convert-itiab</strong></span> <span class='ocrx_word' id='word_1_839' title='bbox 3624 3916 3735 4007; x_wconf 77' lang='lat' dir='ltr'><strong>ini-</strong></span> 
     </span>
    </p>
   </div>
   <div class='ocr_carea' id='block_1_110' title="bbox 2087 4000 3745 4093">
    <p class='ocr_par' dir='ltr' id='par_1_110' title="bbox 2087 4000 3745 4093">
     <span class='ocr_line' id='line_1_111' title="bbox 2087 4000 3745 4093; baseline -0.017 -17"><span class='ocrx_word' id='word_1_840' title='bbox 2087 4000 2337 4091; x_wconf 75' lang='lat' dir='ltr'><strong>quitate:</strong></span> <span class='ocrx_word' id='word_1_841' title='bbox 2383 4018 2645 4090; x_wconf 89' lang='lat' dir='ltr'><strong>quoniam</strong></span> <span class='ocrx_word' id='word_1_842' title='bbox 2692 4000 2861 4069; x_wconf 9' lang='lat' dir='ltr'><strong>labia,</strong></span> <span class='ocrx_word' id='word_1_843' title='bbox 2887 4007 3178 4093; x_wconf 76' lang='lat' dir='ltr'><strong>sacerdotis</strong></span> <span class='ocrx_word' id='word_1_844' title='bbox 3227 4000 3526 4093; x_wconf 76' lang='lat' dir='ltr'><strong>custodierit</strong></span> <span class='ocrx_word' id='word_1_845' title='bbox 3563 4000 3745 4093; x_wconf 77' lang='lat' dir='ltr'><strong>scien-</strong></span> 
     </span>
    </p>
   </div>
   <div class='ocr_carea' id='block_1_111' title="bbox 2088 4088 3747 4172">
    <p class='ocr_par' dir='ltr' id='par_1_111' title="bbox 2088 4088 3747 4172">
     <span class='ocr_line' id='line_1_112' title="bbox 2088 4088 3747 4172; baseline -0.016 -15"><span class='ocrx_word' id='word_1_846' title='bbox 2088 4088 2247 4165; x_wconf 77' lang='lat' dir='ltr'><strong>tiam,</strong></span> <span class='ocrx_word' id='word_1_847' title='bbox 2270 4111 2322 4156; x_wconf 92' lang='lat' dir='ltr'><strong>et</strong></span> <span class='ocrx_word' id='word_1_848' title='bbox 2343 4088 2514 4172; x_wconf 77' lang='lat' dir='ltr'><strong>legem</strong></span> <span class='ocrx_word' id='word_1_849' title='bbox 2550 4097 2838 4169; x_wconf 73' lang='lat' dir='ltr'><strong>inquirant</strong></span> <span class='ocrx_word' id='word_1_850' title='bbox 2884 4109 2954 4149; x_wconf 75' lang='lat' dir='ltr'><strong>ex</strong></span> <span class='ocrx_word' id='word_1_851' title='bbox 2982 4105 3074 4172; x_wconf 85' lang='lat' dir='ltr'><strong>ore</strong></span> <span class='ocrx_word' id='word_1_852' title='bbox 3101 4088 3542 4172; x_wconf 58' lang='lat' dir='ltr'><strong>ejus;_quotiiam</strong></span> <span class='ocrx_word' id='word_1_853' title='bbox 3571 4090 3747 4171; x_wconf 79' lang='lat' dir='ltr'><strong>ange-</strong></span> 
     </span>
    </p>
   </div>
   <div class='ocr_carea' id='block_1_112' title="bbox 2087 4163 3743 4253">
    <p class='ocr_par' dir='ltr' id='par_1_112' title="bbox 2087 4163 3743 4253">
     <span class='ocr_line' id='line_1_113' title="bbox 2087 4163 3743 4253; baseline -0.014 -17"><span class='ocrx_word' id='word_1_854' title='bbox 2087 4182 2173 4238; x_wconf 88' lang='lat' dir='ltr'><strong>lus</strong></span> <span class='ocrx_word' id='word_1_855' title='bbox 2203 4163 2425 4238; x_wconf 49' lang='lat' dir='ltr'><strong>Domin&#39;i</strong></span> <span class='ocrx_word' id='word_1_856' title='bbox 2453 4163 2841 4247; x_wconf 74' lang='lat' dir='ltr'><strong>omnipotentis</strong></span> <span class='ocrx_word' id='word_1_857' title='bbox 2870 4182 2949 4229; x_wconf 89' lang='lat' dir='ltr'><strong>est</strong></span> <span class='ocrx_word' id='word_1_858' title='bbox 2978 4170 3075 4253; x_wconf 81' lang='lat' dir='ltr'><strong>(Id.</strong></span> <span class='ocrx_word' id='word_1_859' title='bbox 3108 4185 3171 4253; x_wconf 78' lang='lat' dir='ltr'><strong>ii,</strong></span> <span class='ocrx_word' id='word_1_860' title='bbox 3202 4167 3337 4253; x_wconf 78' lang='lat'><strong>5-7).</strong></span> <span class='ocrx_word' id='word_1_861' title='bbox 3370 4163 3486 4253; x_wconf 66' lang='lat' dir='ltr'><strong>Nec</strong></span> <span class='ocrx_word' id='word_1_862' title='bbox 3526 4163 3743 4253; x_wconf 57' lang='lat' dir='ltr'><strong>mirati:</strong></span> 
     </span>
    </p>
   </div>
   <div class='ocr_carea' id='block_1_113' title="bbox 2088 4241 3744 4333">
    <p class='ocr_par' dir='ltr' id='par_1_113' title="bbox 2088 4241 3744 4333">
     <span class='ocr_line' id='line_1_114' title="bbox 2088 4241 3744 4333; baseline -0.016 -14"><span class='ocrx_word' id='word_1_863' title='bbox 2088 4264 2227 4319; x_wconf 91' lang='lat' dir='ltr'><strong>dum</strong></span> <span class='ocrx_word' id='word_1_864' title='bbox 2261 4268 2370 4330; x_wconf 88' lang='lat' dir='ltr'><strong>est,</strong></span> <span class='ocrx_word' id='word_1_865' title='bbox 2404 4264 2537 4333; x_wconf 89' lang='lat' dir='ltr'><strong>quia</strong></span> <span class='ocrx_word' id='word_1_866' title='bbox 2569 4241 2994 4327; x_wconf 85' lang='lat' dir='ltr'><strong>omnipotentis</strong></span> <span class='ocrx_word' id='word_1_867' title='bbox 3024 4252 3124 4308; x_wconf 87' lang='lat' dir='ltr'><strong>Dei</strong></span> <span class='ocrx_word' id='word_1_868' title='bbox 3156 4246 3397 4319; x_wconf 79' lang='lat' dir='ltr'><strong>angelus</strong></span> <span class='ocrx_word' id='word_1_869' title='bbox 3430 4242 3625 4333; x_wconf 67' lang='lat' dir='ltr'><strong>dictus</strong></span> <span class='ocrx_word' id='word_1_870' title='bbox 3654 4241 3744 4295; x_wconf 88' lang='lat' dir='ltr'><strong>est</strong></span> 
     </span>
    </p>
   </div>
   <div class='ocr_carea' id='block_1_114' title="bbox 2087 4324 3737 4400">
    <p class='ocr_par' dir='ltr' id='par_1_114' title="bbox 2087 4324 3737 4400">
     <span class='ocr_line' id='line_1_115' title="bbox 2087 4324 3737 4400; baseline -0.016 0"><span class='ocrx_word' id='word_1_871' title='bbox 2087 4324 2366 4400; x_wconf 80' lang='lat' dir='ltr'><strong>Christus</strong></span> <span class='ocrx_word' id='word_1_872' title='bbox 2383 4324 2571 4399; x_wconf 71' lang='lat' dir='ltr'><strong>Iesus.</strong></span> <span class='ocrx_word' id='word_1_873' title='bbox 2603 4324 2763 4395; x_wconf 74' lang='lat' dir='ltr'><strong>sicut</strong></span> <span class='ocrx_word' id='word_1_874' title='bbox 2793 4337 2950 4393; x_wconf 89' lang='lat' dir='ltr'><strong>enim</strong></span> <span class='ocrx_word' id='word_1_875' title='bbox 2982 4347 3183 4389; x_wconf 83' lang='lat' dir='ltr'><strong>servus</strong></span> <span class='ocrx_word' id='word_1_876' title='bbox 3233 4335 3457 4400; x_wconf 84' lang='lat' dir='ltr'><strong>propter</strong></span> <span class='ocrx_word' id='word_1_877' title='bbox 3489 4324 3737 4379; x_wconf 87' lang='lat' dir='ltr'><strong>formam</strong></span> 
     </span>
    </p>
   </div>
   <div class='ocr_carea' id='block_1_115' title="bbox 2086 4400 3740 4495">
    <p class='ocr_par' dir='ltr' id='par_1_115' title="bbox 2086 4400 3740 4495">
     <span class='ocr_line' id='line_1_116' title="bbox 2086 4400 3740 4495; baseline -0.016 -14"><span class='ocrx_word' id='word_1_878' title='bbox 2086 4425 2260 4491; x_wconf 88' lang='lat' dir='ltr'><strong>servi,</strong></span> <span class='ocrx_word' id='word_1_879' title='bbox 2320 4426 2379 4480; x_wconf 91' lang='lat' dir='ltr'><strong>in</strong></span> <span class='ocrx_word' id='word_1_880' title='bbox 2430 4440 2547 4495; x_wconf 90' lang='lat' dir='ltr'><strong>qua</strong></span> <span class='ocrx_word' id='word_1_881' title='bbox 2601 4422 2759 4477; x_wconf 90' lang='lat' dir='ltr'><strong>venit</strong></span> <span class='ocrx_word' id='word_1_882' title='bbox 2816 4420 2887 4474; x_wconf 91' lang='lat' dir='ltr'><strong>ad</strong></span> <span class='ocrx_word' id='word_1_883' title='bbox 2943 4412 3245 4495; x_wconf 80' lang='lat' dir='ltr'><strong>homines;</strong></span> <span class='ocrx_word' id='word_1_884' title='bbox 3284 4409 3461 4495; x_wconf 70' lang='lat' dir='ltr'><strong>_sic_et</strong></span> <span class='ocrx_word' id='word_1_885' title='bbox 3497 4400 3740 4495; x_wconf 31' lang='lat' dir='ltr'><strong>angit-lus</strong></span> 
     </span>
    </p>
   </div>
   <div class='ocr_carea' id='block_1_116' title="bbox 2086 4484 3738 4578">
    <p class='ocr_par' dir='ltr' id='par_1_116' title="bbox 2086 4484 3738 4578">
     <span class='ocr_line' id='line_1_117' title="bbox 2086 4484 3738 4578; baseline -0.015 -15"><span class='ocrx_word' id='word_1_886' title='bbox 2086 4484 2322 4578; x_wconf 81' lang='lat' dir='ltr'><strong>propter</strong></span> <span class='ocrx_word' id='word_1_887' title='bbox 2377 4484 2778 4575; x_wconf 66' lang='lat' dir='ltr'><strong>Evangelium,</strong></span> <span class='ocrx_word' id='word_1_888' title='bbox 2836 4497 2989 4570; x_wconf 90' lang='lat' dir='ltr'><strong>quod</strong></span> <span class='ocrx_word' id='word_1_889' title='bbox 3038 4492 3328 4578; x_wconf 66' lang='lat' dir='ltr'><strong>nuntiavit</strong></span> <span class='ocrx_word' id='word_1_890' title='bbox 3384 4484 3738 4578; x_wconf 76' lang='lat' dir='ltr'><strong>hominibus.</strong></span> 
     </span>
    </p>
   </div>
   <div class='ocr_carea' id='block_1_117' title="bbox 2083 4568 3738 4659">
    <p class='ocr_par' dir='ltr' id='par_1_117' title="bbox 2083 4568 3738 4659">
     <span class='ocr_line' id='line_1_118' title="bbox 2083 4568 3738 4659; baseline -0.013 -16"><span class='ocrx_word' id='word_1_891' title='bbox 2083 4568 2230 4642; x_wconf 74' lang='lat' dir='ltr'><strong>Nam</strong></span> <span class='ocrx_word' id='word_1_892' title='bbox 2263 4587 2312 4643; x_wconf 90' lang='lat' dir='ltr'><strong>si</strong></span> <span class='ocrx_word' id='word_1_893' title='bbox 2331 4602 2519 4659; x_wconf 70' lang='lat' dir='ltr'><strong>graeca</strong></span> <span class='ocrx_word' id='word_1_894' title='bbox 2538 4568 2653 4641; x_wconf 72' lang='lat' dir='ltr'><strong>ista</strong></span> <span class='ocrx_word' id='word_1_895' title='bbox 2674 4568 3149 4659; x_wconf 71' lang='lat' dir='ltr'><strong>interpretemur,</strong></span> <span class='ocrx_word' id='word_1_896' title='bbox 3163 4580 3222 4631; x_wconf 91' lang='lat' dir='ltr'><strong>et</strong></span> <span class='ocrx_word' id='word_1_897' title='bbox 3243 4571 3618 4659; x_wconf 51' lang='lat' dir='ltr'><strong>Ejiingelium</strong></span> <span class='ocrx_word' id='word_1_898' title='bbox 3644 4568 3738 4623; x_wconf 86' lang='lat' dir='ltr'><strong>bo-</strong></span> 
     </span>
    </p>
   </div>
   <div class='ocr_carea' id='block_1_118' title="bbox 2084 4654 3738 4735">
    <p class='ocr_par' dir='ltr' id='par_1_118' title="bbox 2084 4654 3738 4735">
     <span class='ocr_line' id='line_1_119' title="bbox 2084 4654 3738 4735; baseline -0.015 -10"><span class='ocrx_word' id='word_1_899' title='bbox 2084 4684 2160 4725; x_wconf 89' lang='lat' dir='ltr'><strong>na</strong></span> <span class='ocrx_word' id='word_1_900' title='bbox 2188 4654 2477 4725; x_wconf 78' lang='lat' dir='ltr'><strong>nuntiatio</strong></span> <span class='ocrx_word' id='word_1_901' title='bbox 2505 4672 2613 4735; x_wconf 87' lang='lat' dir='ltr'><strong>est,</strong></span> <span class='ocrx_word' id='word_1_902' title='bbox 2643 4670 2699 4722; x_wconf 87' lang='lat' dir='ltr'><strong>et</strong></span> <span class='ocrx_word' id='word_1_903' title='bbox 2718 4661 2964 4735; x_wconf 86' lang='lat' dir='ltr'><strong>angelus</strong></span> <span class='ocrx_word' id='word_1_904' title='bbox 2987 4656 3251 4716; x_wconf 88' lang='lat' dir='ltr'><strong>nuntius.</strong></span> <span class='ocrx_word' id='word_1_905' title='bbox 3276 4655 3357 4710; x_wconf 88' lang='lat' dir='ltr'><strong>De</strong></span> <span class='ocrx_word' id='word_1_906' title='bbox 3374 4654 3502 4724; x_wconf 87' lang='lat' dir='ltr'><strong>ipso</strong></span> <span class='ocrx_word' id='word_1_907' title='bbox 3524 4654 3738 4720; x_wconf 85' lang='lat' dir='ltr'><strong>quippe</strong></span> 
     </span>
    </p>
   </div>
   <div class='ocr_carea' id='block_1_119' title="bbox 2145 4989 3625 5059">
    <p class='ocr_par' dir='ltr' id='par_1_119' title="bbox 2145 4989 3625 5059">
     <span class='ocr_line' id='line_1_120' title="bbox 2145 4989 3625 5059; baseline 0 -9"><span class='ocrx_word' id='word_1_908' title='bbox 2145 5004 2164 5039; x_wconf 76' lang='grc' dir='ltr'>ί</span> <span class='ocrx_word' id='word_1_909' title='bbox 2196 4999 2352 5051; x_wconf 87' lang='lat' dir='ltr'><strong>Vind.</strong></span> <span class='ocrx_word' id='word_1_910' title='bbox 2380 4998 2495 5049; x_wconf 72' lang='lat' dir='ltr'><strong>Am.</strong></span> <span class='ocrx_word' id='word_1_911' title='bbox 2529 4997 2583 5047; x_wconf 90' lang='lat' dir='ltr'><strong>et</strong></span> <span class='ocrx_word' id='word_1_912' title='bbox 2609 4993 2752 5051; x_wconf 65' lang='lat' dir='ltr'><strong>Mss,</strong></span> <span class='ocrx_word' id='word_1_913' title='bbox 2782 4989 3027 5059; x_wconf 72' lang='lat' dir='ltr'><strong>asinum.</strong></span> <span class='ocrx_word' id='word_1_914' title='bbox 3311 5046 3353 5059; x_wconf 41' lang='grc' dir='ltr'><strong>Μ</strong></span> <span class='ocrx_word' id='word_1_915' title='bbox 3436 5050 3447 5059; x_wconf 89' lang='lat'>_</span> <span class='ocrx_word' id='word_1_916' title='bbox 3576 5042 3591 5059; x_wconf 84' lang='lat'><strong>,</strong></span> <span class='ocrx_word' id='word_1_917' title='bbox 3614 5045 3625 5059; x_wconf 89' lang='grc'><em>,</em></span> 
     </span>
    </p>
   </div>
   <div class='ocr_carea' id='block_1_120' title="bbox 2145 5042 3736 5125">
    <p class='ocr_par' dir='ltr' id='par_1_120' title="bbox 2145 5042 3736 5125">
     <span class='ocr_line' id='line_1_121' title="bbox 2145 5042 3736 5125; baseline -0.011 -12"><span class='ocrx_word' id='word_1_918' title='bbox 2145 5064 2168 5098; x_wconf 78' lang='grc'>²</span> <span class='ocrx_word' id='word_1_919' title='bbox 2196 5042 2361 5125; x_wconf 53' lang='lat'><strong>125$:</strong></span> <span class='ocrx_word' id='word_1_920' title='bbox 2373 5042 2555 5125; x_wconf 50' lang='lat' dir='ltr'><strong>{Qui</strong></span> <span class='ocrx_word' id='word_1_921' title='bbox 2564 5042 2657 5108; x_wconf 60' lang='lat' dir='ltr'><strong>ad</strong></span> <span class='ocrx_word' id='word_1_922' title='bbox 2661 5042 2814 5123; x_wconf 49' lang='lat' dir='ltr'><strong>7w;</strong></span> <span class='ocrx_word' id='word_1_923' title='bbox 2854 5042 3008 5105; x_wconf 7' lang='lat' dir='ltr'><strong>Corbis</strong></span> <span class='ocrx_word' id='word_1_924' title='bbox 3055 5061 3255 5103; x_wconf 85' lang='lat' dir='ltr'><strong>terrae.</strong></span> <span class='ocrx_word' id='word_1_925' title='bbox 3294 5046 3474 5112; x_wconf 81' lang='lat' dir='ltr'><strong>Abest,</strong></span> <span class='ocrx_word' id='word_1_926' title='bbox 3503 5042 3670 5107; x_wconf 70' lang='lat' dir='ltr'><strong>orbis,</strong></span> <span class='ocrx_word' id='word_1_927' title='bbox 3702 5052 3736 5096; x_wconf 88' lang='lat' dir='ltr'><strong>a</strong></span> 
     </span>
    </p>
   </div>
   <div class='ocr_carea' id='block_1_121' title="bbox 2081 5124 2496 5177">
    <p class='ocr_par' dir='ltr' id='par_1_121' title="bbox 2081 5124 2496 5177">
     <span class='ocr_line' id='line_1_122' title="bbox 2081 5124 2496 5177; baseline -0.012 0"><span class='ocrx_word' id='word_1_928' title='bbox 2081 5126 2301 5177; x_wconf 81' lang='lat' dir='ltr'><strong>caeteris</strong></span> <span class='ocrx_word' id='word_1_929' title='bbox 2329 5124 2496 5173; x_wconf 83' lang='lat' dir='ltr'><strong>libris.</strong></span> 
     </span>
    </p>
   </div>
   <div class='ocr_carea' id='block_1_122' title="bbox 2145 5172 3735 5250">
    <p class='ocr_par' dir='ltr' id='par_1_122' title="bbox 2145 5172 3735 5250">
     <span class='ocr_line' id='line_1_123' title="bbox 2145 5172 3735 5250; baseline -0.011 -12"><span class='ocrx_word' id='word_1_930' title='bbox 2145 5172 2298 5238; x_wconf 63' lang='lat' dir='ltr'><strong>ssi;</strong></span> <span class='ocrx_word' id='word_1_931' title='bbox 2314 5172 2493 5250; x_wconf 58' lang='lat' dir='ltr'><strong>pleias</strong></span> <span class='ocrx_word' id='word_1_932' title='bbox 2519 5183 2870 5250; x_wconf 80' lang='lat' dir='ltr'><strong>manuscripti</strong></span> <span class='ocrx_word' id='word_1_933' title='bbox 2904 5181 3061 5245; x_wconf 76' lang='lat' dir='ltr'><strong>juxta</strong></span> <span class='ocrx_word' id='word_1_934' title='bbox 3086 5179 3234 5229; x_wconf 85' lang='lat' dir='ltr'><strong>Lxx.</strong></span> <span class='ocrx_word' id='word_1_935' title='bbox 3270 5178 3338 5227; x_wconf 81' lang='lat' dir='ltr'><strong>At</strong></span> <span class='ocrx_word' id='word_1_936' title='bbox 3370 5174 3516 5233; x_wconf 86' lang='lat' dir='ltr'><strong>editi,</strong></span> <span class='ocrx_word' id='word_1_937' title='bbox 3548 5172 3735 5223; x_wconf 84' lang='lat' dir='ltr'><strong>ambu-</strong></span> 
     </span>
    </p>
   </div>
   <div class='ocr_carea' id='block_1_123' title="bbox 2082 5248 3707 5310">
    <p class='ocr_par' dir='ltr' id='par_1_123' title="bbox 2082 5248 3707 5310">
     <span class='ocr_line' id='line_1_124' title="bbox 2082 5248 3707 5310; baseline -0.002 -10"><span class='ocrx_word' id='word_1_938' title='bbox 2082 5250 2221 5301; x_wconf 75' lang='lat' dir='ltr'><strong>labat</strong></span> <span class='ocrx_word' id='word_1_939' title='bbox 2248 5248 2480 5304; x_wconf 76' lang='lat' dir='ltr'><strong>mecum,</strong></span> <span class='ocrx_word' id='word_1_940' title='bbox 2511 5259 2560 5296; x_wconf 88' lang='lat' dir='ltr'><strong>et</strong></span> <span class='ocrx_word' id='word_1_941' title='bbox 2590 5248 2793 5297; x_wconf 77' lang='lat' dir='ltr'><strong>multas</strong></span> <span class='ocrx_word' id='word_1_942' title='bbox 2820 5252 3101 5296; x_wconf 81' lang='lat' dir='ltr'><strong>convertet.</strong></span> <span class='ocrx_word' id='word_1_943' title='bbox 3265 5304 3275 5310; x_wconf 92' lang='lat'><em>_</em></span> <span class='ocrx_word' id='word_1_944' title='bbox 3471 5302 3502 5310; x_wconf 52' lang='grc' dir='ltr'>η</span> <span class='ocrx_word' id='word_1_945' title='bbox 3527 5300 3538 5310; x_wconf 85' lang='lat'><strong>_</strong></span> <span class='ocrx_word' id='word_1_946' title='bbox 3616 5300 3631 5310; x_wconf 79' lang='lat'>_</span> <span class='ocrx_word' id='word_1_947' title='bbox 3672 5298 3707 5310; x_wconf 55' lang='grc' dir='ltr'>η</span> 
     </span>
    </p>
   </div>
   <div class='ocr_carea' id='block_1_124' title="bbox 2142 5300 3733 5374">
    <p class='ocr_par' dir='ltr' id='par_1_124' title="bbox 2142 5300 3733 5374">
     <span class='ocr_line' id='line_1_125' title="bbox 2142 5300 3733 5374; baseline -0.011 -11"><span class='ocrx_word' id='word_1_948' title='bbox 2142 5320 2215 5369; x_wconf 77' lang='grc' dir='ltr'><strong>σα)</strong></span> <span class='ocrx_word' id='word_1_949' title='bbox 2273 5315 2344 5364; x_wconf 89' lang='lat' dir='ltr'><strong>De</strong></span> <span class='ocrx_word' id='word_1_950' title='bbox 2399 5300 2562 5361; x_wconf 86' lang='lat' dir='ltr'><strong>limbo</strong></span> <span class='ocrx_word' id='word_1_951' title='bbox 2618 5314 2849 5374; x_wconf 83' lang='lat' dir='ltr'><strong>patrum,</strong></span> <span class='ocrx_word' id='word_1_952' title='bbox 2888 5304 3431 5374; x_wconf 15' lang='lat' dir='ltr'><strong>Aquorumuanimaa</strong></span> <span class='ocrx_word' id='word_1_953' title='bbox 3468 5300 3543 5350; x_wconf 89' lang='lat' dir='ltr'><strong>ibi</strong></span> <span class='ocrx_word' id='word_1_954' title='bbox 3602 5300 3733 5374; x_wconf 52' lang='lat' dir='ltr'><strong>deti.</strong></span> 
     </span>
    </p>
   </div>
   <div class='ocr_carea' id='block_1_125' title="bbox 2080 5365 3733 5437">
    <p class='ocr_par' dir='ltr' id='par_1_125' title="bbox 2080 5365 3733 5437">
     <span class='ocr_line' id='line_1_126' title="bbox 2080 5365 3733 5437; baseline -0.01 -11"><span class='ocrx_word' id='word_1_955' title='bbox 2080 5365 2350 5427; x_wconf 83' lang='lat' dir='ltr'><strong>nebantur</strong></span> <span class='ocrx_word' id='word_1_956' title='bbox 2399 5388 2568 5437; x_wconf 86' lang='lat' dir='ltr'><strong>usque</strong></span> <span class='ocrx_word' id='word_1_957' title='bbox 2618 5365 2692 5423; x_wconf 67' lang='lat' dir='ltr'><strong>ad</strong></span> <span class='ocrx_word' id='word_1_958' title='bbox 2757 5365 3060 5436; x_wconf 72' lang='lat' dir='ltr'><strong>passionem</strong></span> <span class='ocrx_word' id='word_1_959' title='bbox 3128 5367 3341 5437; x_wconf 60' lang='lat' dir='ltr'><strong>Christi,</strong></span> <span class='ocrx_word' id='word_1_960' title='bbox 3417 5366 3600 5437; x_wconf 53' lang='lat' dir='ltr'><strong>ipsas&quot;</strong></span> <span class='ocrx_word' id='word_1_961' title='bbox 3618 5365 3733 5437; x_wconf 67' lang='lat' dir='ltr'><strong>ten-</strong></span> 
     </span>
    </p>
   </div>
   <div class='ocr_carea' id='block_1_126' title="bbox 2079 5425 3732 5499">
    <p class='ocr_par' dir='ltr' id='par_1_126' title="bbox 2079 5425 3732 5499">
     <span class='ocr_line' id='line_1_127' title="bbox 2079 5425 3732 5499; baseline -0.01 -10"><span class='ocrx_word' id='word_1_962' title='bbox 2079 5425 2214 5489; x_wconf 22' lang='lat' dir='ltr'><strong>dam“</strong></span> <span class='ocrx_word' id='word_1_963' title='bbox 2258 5440 2382 5488; x_wconf 87' lang='lat' dir='ltr'><strong>inde</strong></span> <span class='ocrx_word' id='word_1_964' title='bbox 2412 5425 2415 5426; x_wconf 14' lang='grc' dir='ltr'><em>ν</em></span> <span class='ocrx_word' id='word_1_965' title='bbox 2441 5425 2735 5497; x_wconf 80' lang='lat' dir='ltr'><strong>liberantis,</strong></span> <span class='ocrx_word' id='word_1_966' title='bbox 2757 5425 3065 5499; x_wconf 47' lang='lat' dir='ltr'><strong>‘exponunt</strong></span> <span class='ocrx_word' id='word_1_967' title='bbox 3127 5425 3499 5499; x_wconf 74' lang='lat' dir='ltr'><strong>Hieronymus,</strong></span> <span class='ocrx_word' id='word_1_968' title='bbox 3565 5425 3732 5499; x_wconf 54' lang='lat' dir='ltr'><strong>Cyril-</strong></span> 
     </span>
    </p>
   </div>
   <div class='ocr_carea' id='block_1_127' title="bbox 2079 5492 3728 5615">
    <p class='ocr_par' dir='ltr' id='par_1_127' title="bbox 2079 5492 3728 5615">
     <span class='ocr_line' id='line_1_128' title="bbox 2079 5492 3728 5615; baseline -0.01 -63"><span class='ocrx_word' id='word_1_969' title='bbox 2079 5504 2181 5615; x_wconf 57' lang='grc' dir='ltr'>ἓιε,</span> <span class='ocrx_word' id='word_1_970' title='bbox 2240 5502 2291 5551; x_wconf 89' lang='lat' dir='ltr'><strong>S.</strong></span> <span class='ocrx_word' id='word_1_971' title='bbox 2348 5503 2593 5556; x_wconf 87' lang='lat' dir='ltr'><strong>Thomas,</strong></span> <span class='ocrx_word' id='word_1_972' title='bbox 2637 5492 2773 5564; x_wconf 80' lang='lat' dir='ltr'><strong>quos</strong></span> <span class='ocrx_word' id='word_1_973' title='bbox 2814 5492 2997 5550; x_wconf 78' lang='lat' dir='ltr'><strong>omnes</strong></span> <span class='ocrx_word' id='word_1_974' title='bbox 3052 5495 3368 5546; x_wconf 83' lang='lat' dir='ltr'><strong>recentiores</strong></span> <span class='ocrx_word' id='word_1_975' title='bbox 3413 5492 3728 5554; x_wconf 87' lang='lat' dir='ltr'><strong>sequuntur.</strong></span> 
     </span>
     <span class='ocr_line' id='line_1_129' title="bbox 2118 5580 2347 5615; baseline 0 0"><span class='ocrx_word' id='word_1_976' title='bbox 2118 5580 2347 5615; x_wconf 73' lang='grc' dir='ltr'><strong>οοσλεσε.</strong></span> 
     </span>
    </p>
   </div>
   <div class='ocr_carea' id='block_1_128' title="bbox 2118 5580 2347 5620">
    <p class='ocr_par' dir='ltr' id='par_1_128' title="bbox 2118 5580 2347 5620">
     <span class='ocr_line' id='line_1_130' title="bbox 2118 5580 2347 5620; baseline 0 -4"><span class='ocrx_word' id='word_1_977' title='bbox 2118 5580 2236 5620; x_wconf 76' lang='grc' dir='ltr'><strong>00οΑ</strong></span> <span class='ocrx_word' id='word_1_978' title='bbox 2245 5580 2347 5616; x_wconf 69' lang='grc'><strong>808.</strong></span> 
     </span>
    </p>
   </div>
  </div>
