4110 6196
341 297 461 359 595

344 433 557 489 iterum
587 428 763 485 dicit:
800 427 929 481 Ecce
959 424 1145 478 mitto‘
1196 420 1457 489 angelum
1498 434 1703 481 meum,
1754 424 1808 471 et
1844 430 1998 486 pros-

344 512 514 584 piciet
564 510 712 565 viam
766 508 892 561 ante
933 501 1138 575 faciem
1166 516 1377 569 meam;
1437 504 1487 556 et
1511 499 1688 555 subito
1736 496 2002 584 veniatin

347 576 611 663 templum
639 603 801 643 suum
826 583 1090 642 Dominus
1119 598 1274 655 quem
1300 596 1389 637 vos
1403 581 1687 663 quaeritis,
1707 576 2004 663 et_angelus

348 656 656 728 testamenti
682 682 839 739 quem
870 680 958 721 vos
980 662 1164 721 vultis.
1216 663 1347 717 Ecce
1374 660 1546 729 venit,
1577 658 1711 715 dicit
1736 656 2004 739 Dominus

348 735 759 823 omnipotens}:
807 755 857 803 et
901 747 1025 817 quis
1071 742 1359 799 sustinebit
1399 735 2007 823 diermqintroituseius.’

347 836 445 889 aut
464 813 587 904 quis
636 828 851 884 resistet
895 813 957 882 in
985 828 1209 897 aspectu
1245 824 1401 890 eius?
1429 820 1803 904 (Molucham,
1837 816 1892 886 1,
1924 813 2005 886 2).

350 900 623 969 ΗοοῚοοο
657 913 711 964 et
743 908 1001 980 primum
1031 911 1088 963 et
1135 904 1460 961 secundum
1491 900 1710 956 Christi
1744 912 2014 980 praenun-

349 991 516 1048 tiavit
561 976 878 1046 adventum
912 1003 926 1041 :
979 987 1233 1058 primum
1278 984 1521 1048 scilicet,
1571 982 1640 1036 de
1671 995 1786 1051 quo
1809 977 1913 1042 ait,
1946 976 2011 1030 Et

349 1073 534 1128 subito
562 1068 744 1127 veniet
771 1071 829 1123 in
861 1068 1122 1138 templum
1167 1081 1364 1132 suum;
1425 1064 1481 1118 id
1534 1065 1642 1129 est,
1672 1060 1731 1114 in
1777 1070 2011 1113 carnem

354 1169 543 1223 suam,
603 1152 675 1207 de
723 1166 839 1222 qua
869 1148 1009 1204 dixit
1052 1149 1111 1201 in
1144 1143 1473 1214 Evangelia,
1511 1142 1713 1198 Solvite
1746 1138 2014 1223 templum

354 1232 476 1300 hoc,
506 1220 558 1289 et
588 1233 648 1287 in
678 1220 863 1285 triduo
892 1226 1228 1284 resuscitabo
1275 1223 1427 1279 illud
1473 1224 1649 1295 (Joan.
1685 1237 1747 1285 ιι,
1782 1220 1869 1289 19)
1886 1234 1909 1300 τΔ
1932 1231 2017 1271 se-

356 1297 613 1371 cundum
670 1328 825 1380 vero,
885 1309 987 1365 ubi
1045 1309 1147 1375 ait,
1213 1312 1341 1363 Ecce
1387 1307 1556 1374 venit,
1586 1303 1723 1358 dicit
1758 1297 2015 1380 Dominus

359 1397 720 1467 omnipotens,
753 1378 819 1448 et
863 1392 986 1463 quis
1042 1386 1336 1444 sustinebit
1387 1386 1532 1441 diem
1562 1383 1824 1467 introitus
1872 1378 2013 1467 ejus,

360 1482 455 1532 aut
483 1459 604 1548 quis
634 1475 841 1530 resistet
869 1459 947 1526 ~in
974 1479 1204 1541 aspectu
1250 1468 1404 1538 ejus?
1450 1462 1617 1548 Quod
1646 1467 1825 1548 autem
1856 1459 2013 1548 dicit,

362 1537 623 1614 Dominus
675 1569 837 1627 quem
894 1568 982 1607 vos
1032 1537 1306 1622 quxritis,
1354 1551 1407 1604 et
1447 1546 1676 1615 angelus
1705 1537 2020 1627 testamenti

363 1654 521 1710 quem
567 1653 660 1694 vos
684 1623 892 1703 'vultis,
943 1630 1298 1703 signiﬁcavit
1345 1628 1550 1700 utique
1592 1627 1760 1710 etiam
1787 1623 2021 1679 Judasos

364 1708 693 1776 secundum
731 1716 1060 1786 Scripturas
1091 1728 1238 1785 quas
1278 1710 1500 1783 legunt,
1535 1708 1827 1765 Christum
1861 1719 2017 1775 quee-

365 1816 513 1868 rere,
545 1805 602 1857 et
631 1797 798 1855 velle.
828 1796 938 1852 Sed
975 1793 1143 1850 multi
1191 1808 1415 1861 eorum,
1449 1806 1625 1863 quem
1670 1786 2024 1860 quaesierunt

366 1886 424 1939 et
469 1881 802 1946 voluerunt,
834 1876 1066 1934 venisse
1098 1892 1211 1932 non
1245 1875 1621 1947 agnoverunt,
1666 1868 1932 1925 exsecuti
1961 1868 2021 1922 in

368 1963 643 2019 cordibus
691 1959 815 2015 suis
863 1956 1328 2030 praecedentibus
1391 1952 1618 2009 meritis
1660 1952 1804 2008 suis.
1860 1949 2023 2015 Quod

370 2058 511 2101 sane
542 2043 639 2098 hic
672 2040 939 2097 nominat
967 2042 1409 2102 testamentum,
1440 2033 1529 2091 vel
1564 2050 1764 2104 supra,
1799 2031 1899 2087 ubi
1921 2030 2023 2098 ait,

372 2124 770 2181 Testamentum
814 2134 1002 2175 meum
1053 2124 1175 2173 erat
1200 2132 1324 2172 cum
1371 2131 1430 2172 eo
1455 2133 1474 2176 :
1500 2113 1585 2171 vel
1620 2114 1735 2181 hic,
1769 2111 1867 2167 ubi
1892 2125 2023 2166 eum

370 2204 516 2261 dixit
571 2201 843 2275 angelum
901 2199 1270 2255 testamenti:
1323 2213 1536 2253 novum
1586 2190 2024 2275 proculdubio

367 2273 806 2342 Testamentum
839 2281 1118 2337 debemus
1166 2278 1452 2349 accipere,
1485 2277 1580 2332 ubi
1624 2273 2025 2346 sempiterna;

371 2382 489 2423 non
513 2370 700 2431 vetus,
734 2363 833 2417 ubi
860 2358 1209 2431 temporalia
1230 2362 1368 2414 sunt
1398 2355 1685 2428 promissa
1714 2370 1727 2408 :
1762 2369 1890 2424 quae
1924 2367 2028 2422 pro

372 2462 587 2518 magno
616 2443 903 2499 habentes
950 2439 1181 2510 plurimi
1218 2437 1456 2507 inﬁrmi,
1502 2440 1561 2491 et
1607 2434 1723 2518 Deo
1757 2449 1905 2518 vero
1935 2436 2028 2518 ta-

373 2512 520 2584 lium
552 2539 744 2581 rerum
777 2521 1045 2578 mercede
1072 2519 1416 2583 servientes,
1453 2515 1686 2589 quando
1715 2514 1916 2569 vident
1945 2512 2029 2567 eis

375 2604 591 2678 impios
634 2602 954 2666 abundare,
1004 2599 1335 2678 turbantur.
1385 2593 1827 2678 PrOpiterquod
1875 2591 2028 2678 idem

375 2676 680 2758 propheta,
712 2686 778 2738 ut
823 2680 952 2736 novi
985 2677 1344 2735 Testamenti
1388 2677 1819 2758 beatitudinem
1866 2676 2031 2758 mter-

373 2755 532 2829 nam,
566 2779 693 2834 quae
726 2777 842 2817 non
893 2760 1130 2814 dabitur
1179 2759 1294 2815 nisi
1340 2758 1533 2825 bonis,
1586 2755 1968 2825 distingueret
1996 2768 2031 2808 a

373 2844 585 2903 veteris
614 2848 842 2898 terrena
873 2841 1166 2907 felicitate,
1218 2856 1346 2912 quae
1398 2838 1743 2910 plerumque
1775 2834 1944 2889 datur
1974 2837 2033 2888 et

375 2923 584 2981 malis:
632 2922 999 2991 Ingravastis,
1045 2921 1261 2993 inquit,
1304 2935 1467 2989 super
1508 2934 1593 2974 me
1635 2916 1797 2973 verba
1826 2918 2026 2993 vestra,

373 3003 508 3061 dicit
536 3004 828 3069 Dominus,
858 3009 912 3057 et
958 2991 1206 3068 dixistis,
1237 3001 1301 3055 In
1330 3013 1434 3070 quo
1473 2994 1818 3053 detraximus
1847 2991 1912 3047 de
1942 2993 2033 3046 te?

378 3084 627 3152 Dixistis,
699 3081 877 3138 Vanus
932 3091 1013 3136 est
1068 3084 1248 3137 omnis
1304 3078 1400 3148 qui
1453 3078 1620 3133 servit
1654 3076 1879 3135 Deo:et
1903 3070 2033 3152 quid

373 3167 519 3239 plus,
552 3162 687 3236 quia
729 3160 1126 3217 custodivimus
1176 3159 1576 3214 observationes
1629 3156 1769 3223 eius,
1819 3157 1871 3209 et
1902 3151 2035 3225 quia

376 3235 780 3303 ambulavimus
808 3241 1184 3313 supplicantes
1229 3245 1385 3295 antes
1431 3240 1635 3308 [aciem
1664 3235 1888 3293 Domini
1917 3250 2035 3289 om-

375 3327 672 3400 nipotentis
691 3325 717 3377 γ
745 3324 812 3379 Et
830 3336 976 3378 nunc
1022 3336 1118 3376 nos
1149 3319 1524 3392 beatiﬁcamus
1553 3317 1793 3387 alienos,
1822 3323 1877 3400 et
1902 3328 2037 3400 restes

379 3396 687 3479 diﬁcantur
741 3417 929 3461 omnes
985 3401 1080 3474 qui
1137 3402 1352 3470 faciunt
1397 3400 1634 3471 iniqua:
1664 3406 1716 3454 et
1756 3396 2040 3453 adversati

380 3491 510 3545 sunt
540 3487 665 3558 Deo,
694 3490 744 3543 et
775 3483 918 3540 salii
961 3486 1097 3554 facti
1144 3488 1290 3537 sunt.
1339 3482 1466 3538 Haec
1494 3479 1733 3538 oblocuti
1772 3487 1921 3545 sunt,
1945 3478 2042 3548 qui

382 3571 648 3626 timebant
676 3568 986 3632 Dominum,
1012 3567 1390 3637 unusquisque
1409 3562 1480 3619 ad
1505 3564 1825 3635 proximum
1855 3575 2041 3614 suum:

385 3656 437 3707 et
465 3649 871 3705 animadvertit
913 3648 1198 3715 Dominus,
1246 3650 1298 3701 et
1337 3644 1593 3700 audivit:
1621 3648 1675 3699 et
1721 3640 1940 3712 scripsit
1971 3640 2041 3695 li-

390 3732 545 3786 brum
567 3731 846 3785 memoria
896 3729 956 3783 in
1006 3735 1295 3796 conspectu
1323 3741 1439 3795 suo,
1478 3726 1557 3781 eis
1586 3727 1685 3795 qui
1712 3724 1901 3778 timent
1930 3722 2041 3777 Do-

391 3813 627 3882 minum,
658 3818 707 3866 et
739 3818 1063 3865 reverentur
1091 3823 1288 3864 nomen
1320 3807 1454 3876 eius.
1489 3807 1606 3861 Isto
1637 3803 1783 3859 libro
1814 3801 2044 3872 signiﬁ-

391 3898 582 3949 catum
615 3899 697 3948 est
727 3890 1162 3947 Testamentum
1195 3887 1439 3944 Novum.
1475 3885 1733 3956 Denique
1763 3883 1919 3955 quod
1953 3897 2047 3937 se-

392 3974 616 4047 quitur,
677 3972 1024 4030 andiamus:
1058 3970 1123 4024 Et
1184 3975 1344 4025 erunt
1398 3967 1564 4035 mihi,
1610 3964 1748 4021 dicit
1781 3964 2048 4047 Dominus

396 4043 758 4126 omnipotens,
809 4052 869 4108 in
919 4051 1061 4108 diem
1080 4050 1122 4119 ³,
1178 4066 1286 4122 qua
1315 4065 1412 4118 ego
1446 4050 1612 4119 facio,
1644 4047 1703 4103 in
1734 4043 2047 4117 acquisitio-

397 4152 524 4191 nem
544 4152 567 4197 ;
595 4140 650 4190 et
678 4132 882 4204 eligam
920 4147 1030 4201 eos,
1076 4130 1217 4191 sicut
1267 4129 1422 4184 homo
1465 4127 1658 4196 eligit‘
1686 4126 1865 4195 filium
1895 4138 2051 4179 suum

398 4214 723 4271 servientem
752 4213 896 4269 sibi:
926 4216 976 4266 et
1026 4209 1441 4277 oonvertemini,
1495 4216 1547 4264 et
1601 4204 1855 4262 videbitis
1908 4205 2056 4258 inter

401 4297 606 4365 iustum
648 4303 697 4348 et
747 4293 1036 4362 injustam,
1069 4300 1118 4345 et
1148 4294 1293 4343 inter
1339 4287 1666 4345 servientem
1714 4288 1838 4348 Deo,
1869 4294 1919 4340 et
1947 4300 2055 4338 non

401 4363 747 4430 servientem.
783 4373 1063 4438 Quoniam
1093 4386 1209 4424 ecce
1249 4370 1362 4423 dies
1392 4368 1539 4424 venit
1569 4367 1770 4423 ardens
1799 4365 1936 4421 sicut
1954 4363 2029 4419 cli
2041 4396 2052 4404 -

406 4455 600 4519 bonus,
632 4459 682 4507 et
715 4452 1082 4506 cancremubit
1113 4467 1205 4505 cos
1229 4468 1247 4504 :
1278 4462 1327 4505 et
1378 4454 1534 4505 erant
1564 4464 1749 4504 omnes
1790 4445 2060 4513 alienige-

402 4550 509 4597 nae,
543 4539 595 4587 et
627 4549 809 4588 omnes
842 4532 1110 4600 facientes
1142 4532 1496 4602 iniquitatem
1535 4530 1761 4600 stipula,
1795 4535 1846 4582 et
1877 4526 2062 4581 incen-

404 4616 495 4671 det
522 4616 649 4671 illos
679 4613 790 4669 dies
819 4615 913 4684 qui
937 4614 1208 4678 adveniet,
1241 4612 1374 4667 dicit
1407 4613 1663 4667 Dominus
1694 4611 2060 4679 omnipotens:

405 4702 457 4753 et
482 4713 591 4754 non
621 4696 1037 4766 derelinquetur
1066 4712 1251 4751 eorum
1274 4693 1458 4758 radix,
1491 4708 1663 4763 neque
1692 4698 2057 4745 sarmentum.

404 4781 469 4837 Et
498 4781 709 4835 orietur
756 4776 905 4833 vobis
934 4777 1249 4833 timentibus
1299 4789 1496 4830 nomen
1525 4788 1729 4839 meum,
1770 4768 2061 4839 soljusti-

405 4863 503 4919 tiae
525 4880 545 4915 :
571 4868 622 4916 et
649 4861 859 4914 sanitas
887 4857 944 4913 in
976 4860 1170 4929 pennis
1200 4858 1350 4928 ejus:
1386 4859 1440 4909 et
1486 4852 1730 4919 exibitis,
1762 4859 1812 4906 et
1841 4849 2063 4907 exiilta-

407 4942 537 4999 bilis
565 4943 703 4997 sicut
732 4941 893 4996 vituli
922 4957 993 4996 ex
1024 4940 1269 4995 vinculis
1316 4936 1587 4996 resoluti;
1618 4944 1670 4991 et
1718 4932 2061 4989 conculcabi-

406 5022 475 5080 tis
497 5024 733 5093 iniquos,
766 5024 818 5077 et
863 5029 1027 5077 erant
1072 5020 1216 5075 cinis
1237 5020 1332 5074 sab
1375 5017 1613 5089 pedibus
1645 5017 1834 5073 vestris
1866 5016 1923 5068 in
1949 5013 2057 5080 die,

407 5106 465 5160 in
496 5119 602 5178 quo
623 5118 717 5174 ego
748 5102 913 5171 facio,
946 5100 1081 5156 dicit
1135 5102 1407 5154 Dominus
1437 5097 1778 5167 omnipotens
1811 5093 2057 5178 (Malacb.

407 5175 721 5254 "1,1348;
754 5201 825 5251 ιν,
858 5185 995 5253 1-3).
1032 5184 1131 5237 IIic
1164 5191 1245 5237 est
1290 5181 1386 5252 qui
1420 5181 1632 5236 dicitur
1663 5180 1789 5235 dies
1814 5175 2053 5249 judicii:

472 5371 489 5406 ί
517 5373 684 5423 Codex
712 5370 821 5431 258,
852 5373 1090 5419 mittam.
1114 5367 1179 5417 M.

468 5439 490 5474 ²
514 5435 672 5489 Editi.
702 5426 838 5483 dicit
863 5431 1139 5482 Dominus
1160 5431 1305 5478 Deus
1329 5428 1688 5489 omnipotens.
1720 5426 1852 5488 Vox,
1882 5426 2050 5474 Deus.

406 5499 558 5549 abest
582 5511 616 5547 a
641 5495 1032 5559 manuscriptis.

470 5563 491 5598 ³
529 5561 691 5619 Editi,
720 5560 783 5609 in
829 5554 934 5609 die:
966 5556 1180 5609 Codices
1218 5554 1361 5612 Mss.
1397 5556 1461 5606 in
1502 5554 1686 5605 diem:
1724 5554 1882 5618 juxta
1909 5562 2053 5615 grae-

406 5636 529 5676 cum
556 5621 920 5684 Septuaginta.

468 5686 501 5723 ⁴-
519 5680 694 5737 Nostri
721 5680 941 5741 codices,
971 5683 1139 5748 elegit
1164 5682 1338 5735 homo.
1367 5680 1435 5733 Μ.

1400 283 1501 343 DE
1544 279 1912 343 ClVI’I‘A’I‘E
1953 276 2104 342 DEI.
2151 276 2216 335 S.
2267 272 2687 336 AUGUSTINI

3639 273 3757 336 596

2110 411 2184 504 de
2213 427 2327 482 quo
2357 427 2464 467 suo
2495 410 2643 482 loco,
2675 410 2723 466 si
2762 410 2915 467 Deus
2963 410 3231 479 voluerit,
3280 409 3588 484 loquemur
3630 414 3771 470 ube-

2118 507 2263 548 nus.

2188 668 2422 726 CAPUT
2466 669 2704 726 XXXVI.
2757 700 2838 807 -ὶ
2869 672 2946 726 De
2974 669 3150 727 Esdra
3194 675 3245 727 et
3293 670 3453 729 libris
3480 672 3699 729 lacha-

2842 767 3071 807 eorum.

2842 767 3071 812 aeorum.

2188 904 2326 961 Post
2367 905 2475 962 hoc
2514 910 2632 962 tres
2677 906 3009 979 prophetas,
3068 910 3363 981 Aggzsum,
3403 908 3770 978 Zachariam,

2118 986 2487 1055 Malachiam,
2539 1003 2641 1059 per
2686 989 2841 1044 idem
2890 993 3119 1061 tempus
3168 990 3530 1047 liberationis
3571 990 3777 1063 populi

2118 1082 2187 1123 ex
2218 1067 2565 1139 Babylonica
2614 1068 2888 1125 servitute
2935 1070 3167 1143 scripsit
3196 1070 3372 1128 etiam
3404 1071 3639 1141 Esdras,
3673 1069 3776 1143 qui

2120 1149 2303 1220 magis
2331 1163 2525 1205 rerum
2561 1154 2860 1222 gestarum
2891 1152 3137 1223 scriptor
3179 1160 3267 1209 est
3315 1153 3571 1222 habitus,
3599 1167 3775 1224 quam

2122 1231 2436 1302 propheta:
2471 1230 2642 1286 sicuti
2673 1242 2756 1288 est
2786 1237 2843 1288 et
2875 1231 3038 1302 liber,
3073 1232 3175 1305 qui
3197 1233 3521 1307 appellatur
3551 1234 3777 1292 Esther:

2122 1313 2295 1384 cujus
2328 1329 2416 1369 res
2448 1320 2613 1385 gesta
2643 1314 2701 1369 in
2760 1313 2990 1370 laudem
3056 1316 3152 1372 Dei
3212 1332 3325 1371 non
3381 1315 3553 1388 longe
3583 1319 3655 1373 ab
3690 1315 3781 1373 bis

2122 1394 2488 1465 temporibus
2545 1394 2873 1451 invenitur:
2936 1395 3049 1451 nisi
3108 1396 3256 1452 forte
3311 1396 3527 1453 Esdras
3592 1396 3655 1453 in
3714 1411 3783 1452 eo

2124 1472 2412 1530 Christum
2444 1477 2822 1545 pr0phetasse
2851 1474 3269 1547 intelligendus
3299 1481 3412 1543 est,
3443 1476 3596 1547 quod
3630 1476 3784 1532 inter

2118 1555 2359 1624 juvenes
2406 1555 2687 1624 quosdam
2745 1559 2874 1610 orta
2930 1554 3268 1626 quaestione,
3331 1555 3472 1627 quid
3524 1555 3786 1628 amplius

2126 1631 2341 1690 valeret
2384 1634 2443 1689 in
2494 1634 2705 1703 rebus;
2738 1651 2870 1691 cum
2922 1651 3085 1708 reges
3137 1652 3293 1692 unus
3341 1635 3607 1700 dixisset,
3639 1635 3788 1692 alter

2126 1713 2350 1779 vinum,
2399 1716 2602 1770 tertius
2651 1715 2948 1785 mulieres,
3000 1732 3125 1787 qua:
3177 1715 3521 1789 plerumque
3552 1715 3789 1785 regibus

2129 1793 2520 1865 imperarent:
2567 1796 2721 1851 idem
2776 1800 2970 1852 tamen
3017 1796 3225 1852 tertius
3269 1795 3567 1852 veritatem
3612 1811 3790 1867 super

2129 1874 2326 1930 omnia
2374 1873 2796 1931 demonstravit
2845 1893 2974 1932 esse
3003 1876 3299 1932 victricem
3326 1876 3426 1949 (ΙΙΙ
3459 1875 3666 1944 Esdrae,
3700 1892 3788 1941 ιιι,

2129 1955 2164 2009 9
2203 1956 2372 2027 seqq.)
2398 1955 2496 2028 (a).
2547 1956 2826 2013 Consulto
2879 1964 3070 2012 autem
3122 1957 3450 2027 Evangelio,
3483 1956 3790 2013 Christum

2133 2038 2540 2108 cognoscimus
2573 2054 2701 2094 esse
2729 2039 3052 2095 veritatem.
3087 2039 3172 2094 Ab
3205 2038 3312 2093 hoc
3339 2043 3600 2111 tempore
3630 2037 3793 2109 apud

2132 2117 2363 2174 Judzeos
2394 2119 2662 2174 restituto
2694 2118 2938 2190 templo,
2985 2132 3101 2175 non
3135 2135 3321 2192 reges,
3364 2120 3465 2175 sed
3500 2118 3796 2190 principes

2136 2200 2349 2254 fuerint
2383 2216 2565 2271 usque
2595 2200 2665 2255 ad
2695 2199 3098 2256 Aristobulum
3124 2201 3237 2272 (b):
3272 2217 3522 2272 quorum
3571 2215 3799 2272 suppu-

2134 2277 2276 2334 tatio
2306 2283 2639 2352 temporum
2674 2297 2789 2337 non
2823 2281 2881 2336 in
2914 2281 3229 2352 Scripturis
3259 2284 3500 2350 sanctis,
3533 2296 3661 2352 quas
3691 2295 3800 2335 ca—

2136 2359 2362 2417 nonicos
2392 2361 2782 2432 appellantur,
2810 2362 2913 2418 sed
2944 2362 3002 2417 in
3059 2361 3190 2417 aliis
3221 2361 3537 2432 invenitur,
3569 2362 3628 2417 in
3660 2360 3801 2432 qui-

2137 2440 2249 2497 bus
2276 2447 2413 2497 sunt
2459 2447 2516 2497 et
2563 2442 3024 2501 Machabmorum
3076 2443 3208 2499 libri
3231 2443 3329 2515 (ε),
3379 2460 3527 2513 quos
3552 2461 3665 2500 non
3696 2444 3799 2499 Ju-

2138 2519 2270 2588 daei,
2303 2523 2399 2576 sed
2435 2520 2689 2578 Ecclesia
2719 2539 2823 2594 pro
2855 2522 3148 2579 canonicis
3172 2522 3360 2593 habet,
3394 2532 3628 2595 prepter
3657 2539 3801 2595 quo-

2137 2601 2409 2657 rumdam
2454 2602 2777 2675 Martyrum
2838 2603 3140 2676 passiones
3197 2602 3568 2659 vehementes
3623 2608 3796 2674 atque

2138 2680 2461 2752 mirabiles,
2506 2682 2601 2754 qui
2647 2687 2954 2756 antequam
2984 2684 3250 2740 Christus
3290 2682 3543 2740 venisset
3576 2684 3634 2738 in
3668 2698 3795 2738 car-

2139 2761 2327 2831 nem‘,
2353 2779 2532 2833 usque
2564 2765 2633 2819 ad
2684 2770 2931 2820 mortem
2967 2782 3069 2837 pro
3118 2764 3217 2821 Dei
3249 2764 3373 2837 iege
3402 2766 3796 2830 certaverunt,

2139 2847 2196 2897 et
2228 2843 2380 2898 mala
2412 2843 2754 2915 gravissima
2785 2849 2961 2918 atque
2989 2845 3288 2902 horribilia
3320 2843 3747 2917 pertuluerunt.

2142 3023 2375 3080 CAPUT
2431 3022 2705 3080 XXXVII.
2775 3054 2831 3065 -
2904 3024 3055 3093 Quod
3117 3024 3438 3096 prophetica
3492 3020 3803 3078 auctoritas

2214 3106 2367 3198 omni
2393 3107 2608 3175 origine
2635 3105 2882 3177 gentillis
2910 3105 3274 3178 philosOphiz
3304 3105 3627 3161 inveniatur
3654 3104 3804 3160 anti-

2215 3203 2395 3259 quior.
3816 3204 3820 3207 Α

2217 3343 2500 3415 Tempore
2549 3341 2727 3414 igitur
2777 3342 3200 3415 Prophetarum
3251 3344 3608 3409 nostrorum,
3651 3356 3807 3413 quo-

2148 3440 2277 3481 rum
2304 3426 2426 3495 jam
2460 3424 2682 3496 scripta
2712 3424 2780 3479 ad
2813 3423 3080 3479 notitiam
3111 3424 3228 3480 fere
3253 3421 3517 3479 omnium
3540 3422 3807 3495 gentium

2151 3510 2561 3578 pervenerunt,
2621 3503 2954 3576 philosophi
2999 3503 3262 3574 gentium
3313 3502 3570 3557 nondum
3618 3505 3807 3569 erant,

2150 3586 2285 3658 qui'
2319 3585 2426 3642 hoc
2458 3586 2634 3641 etiam
2686 3586 2924 3640 nomine
2970 3591 3333 3653 vocarentur,
3361 3585 3517 3656 quod
3569 3583 3745 3655 cmpit
3775 3599 3813 3638 a

2151 3666 2348 3723 Samio
2389 3666 2777 3738 Phythagora,
2829 3665 2930 3737 qui
2979 3681 3045 3722 eo
3095 3674 3372 3737 tempore,
3419 3679 3535 3736 quo
3563 3663 3813 3720 1οάῶο-

2154 3762 2284 3802 rum
2315 3751 2405 3801 est
2455 3746 2652 3801 soluta
2707 3746 3033 3817 captivitas,
3094 3747 3268 3818 cmpit
3297 3743 3576 3801 excellere
3635 3749 3815 3815 atque

2154 3825 2426 3898 cognosci
2448 3826 2543 3897 (ά).
2606 3825 2790 3882 Multo
2832 3840 2966 3895 ergo
3015 3825 3202 3896 magis
3233 3823 3422 3882 caeteri
3471 3820 3813 3897 philosophi

2226 4098 2245 4134 ι
2276 4096 2420 4152 Mss,
2456 4096 2517 4145 in
2550 4110 2735 4145 carne.

2224 4159 2247 4194 ²
2275 4159 2467 4209 Omnes
2510 4159 2633 4222 Mss.
2682 4158 2821 4222 post,
2859 4163 3256 4222 pervenerunt,
3285 4154 3368 4222 _s_ic
3396 4156 3816 4222 prosequuntur,

2164 4230 2215 4272 et
2244 4194 2637 4296 gemmas;
2654 4194 2779 4298 εἷΞῖ
2784 4194 3820 4280 303.1%":Eumenem};

2202 4300 2279 4333 αι.

2166 4302 2304 4409 qua)
2332 4346 2537 4395 Tertius
2563 4346 2700 4395 liber
2725 4345 2936 4409 Esdrae,
2972 4344 3041 4409 in
3084 4357 3213 4409 quo,
3234 4343 3382 4409 haec
3409 4342 3637 4409 historia
3662 4340 3827 4390 habe-

2165 4406 2275 4469 tur,
2304 4410 2539 4459 continet
2573 4411 2720 4469 gesta
2744 4411 2869 4458 ante
2886 4408 3081 4457 Esdrae
3100 4406 3152 4456 et
3173 4406 3453 4456 Nehemiae
3478 4406 3644 4454 libros
3669 4416 3824 4469 prae-

2168 4466 2414 4523 cedentes
2444 4486 2457 4527 ;
2487 4466 2711 4534 ideoque
2751 4471 2894 4534 apud
2934 4470 3160 4519 Graecos
3200 4472 3254 4518 et
3299 4469 3588 4534 canonicus
3632 4466 3825 4534 setmet

2168 4487 2414 4523 cedentes
2444 4487 2457 4527 ;
2487 4487 2711 4534 meoque
2751 4487 2784 4521 a
2821 4487 2894 4521 nu
2934 4487 3160 4519 uraecos
3200 4487 3254 4518 et
3299 4487 3588 4519 canomcus
3632 4487 3710 4517 est
3762 4487 3825 4515 οι

2167 4536 2375 4610 Estis-ae
2404 4535 2622 4610 primus.
2655 4536 2735 4583 Ah
2764 4487 3001 4610 ‘grig‘eno
3033 4534 3252 4610 citatqu
3274 4534 3337 4581 ut
3372 4527 3825 4610 rcanonicum‘ﬁm

2171 4599 2321 4647 milia
2345 4597 2376 4645 9
2403 4591 2461 4646 in
2488 4598 2646 4646 Josue
2673 4612 2686 4657 ;
2729 4597 2797 4646 ab
2839 4591 3151 4653 Athanasio,
3186 4595 3322 4643 libro
3371 4593 3403 4643 3
3448 4596 3638 4643 contra
3674 4591 3827 4657 Alfiu-

2170 4675 2269 4711 nos
2298 4675 2312 4722 ;
2344 4673 2377 4709 a
2403 4654 2686 4723 Cypriano,
2709 4658 2943 4723 Epistola
2969 4658 3048 4715 74,
3097 4658 3166 4708 ad
3214 4656 3542 4723 Pompeium,
3591 4658 3645 4705 et
3681 4654 3827 4723 iibro

2172 4726 2237 4774 de
2279 4717 2648 4786 singul'aritate
2693 4717 3022 4786 clericorum,
3073 4734 3187 4786 cap:
3233 4718 3295 4768 21
3328 4717 3363 4778 ;”
3385 4722 3438 4769 et
3491 4717 3830 4786 Augustinus

2172 4780 2394 4837 videtur
2417 4786 2505 4835 hic
2548 4799 2657 4835 non
2686 4785 2909 4835 obscure
2952 4797 3075 4833 eum
3102 4780 3299 4832 habere
3324 4796 3416 4840 pro
3456 4782 3731 4840 canonico,
3760 4780 3830 4827 ut

2173 4797 2386 4837 Videtur
2418 4797 2505 4835 mc
2548 4799 2657 4835 non
2686 4797 2909 4835 onscure
2952 4797 3075 4833 eum
3102 4797 3299 4832 neuere
3357 4797 3416 4831 ro
3456 4797 3731 4840 canomco,
3761 4797 3830 4827 ιιι

2173 4851 2267 4913 qui
2299 4848 2619 4913 sententiam
2644 4848 2760 4910 ejus
2794 4846 3127 4910 prophetiam
3170 4846 3235 4894 de
3281 4797 3490 4895 (Ξενίαιο
3520 4844 3626 4896 dici
3670 4854 3833 4906 posse

2172 4912 2386 4975 iudicet.
2419 4912 2674 4975 Cosanus.

2233 4976 2305 5037 (ὁ)
2335 4975 2589 5037 Hyrcano
2612 4971 3124 5037 Pontiﬁceumortuo
3170 4970 3422 5037 successit
3462 4967 3828 5037 Aristobulus,

2173 5030 2475 5114 eiusﬁlius,
2505 5036 2600 5098 qui
2625 5036 2828 5099 primus
2854 5035 3101 5083 diadema
3127 5033 3372 5097 sumpsit,
3402 5045 3548 5108 anno
3581 5030 3672 5080 104
3700 5032 3832 5080 ante

2174 5101 2443 5148 Chnstum
2487 5101 2692 5147 natum.
2742 5101 2938 5160 Auctor
2976 5097 3253 5160 Josephus,
3300 5095 3697 5159 Anhquitatum
3735 5094 3833 5143 Ju-

2172 5163 2443 5212 daicarum
2472 5162 2608 5211 libro
2639 5161 2715 5214 13.
2746 5174 2857 5223 cap.
2891 5159 2968 5210 19.
2998 5159 3235 5209 mum.

2239 5227 2304 5289 (ο)
2326 5225 2577 5289 Viderlib.
2609 5223 2641 5273 2
2669 5225 2739 5289 de
2755 5218 3004 5289 Doctrina
3035 5222 3355 5289 Christiana,
3384 5234 3441 5271 n.
3472 5219 3551 5285 13,
3583 5221 3637 5272 et
3652 5219 3747 5270 lib.
3779 5218 3831 5279 1,

2176 5283 2362 5340 contra
2389 5288 2677 5350 Epistolam
2705 5285 3014 5350 Gaudentii._
3034 5298 3090 5334 n.
3120 5283 3201 5350 3_8.

2242 5354 2344 5422 (d)__
2366 5347 2694 5414 Pithegoras
2719 5349 2925 5422 _ﬂorui_t
2967 5347 3288 5422 Olympiade,
3333 5347 3528 5422 juxta“
3544 5347 3834 5422 Diogenen}

2178 5408 2462 5470 Laertium.
2497 5408 2841 5475 seiragesima.
2879 5408 3057 5474 Ipsum
3085 5408 3345 5475 Eusebius
3384 5412 3442 5460 in
3474 5408 3732 5475 Chronico
3759 5408 3835 5475 ad

2177 5477 2534 5541 olympiadem
2564 5470 2946 5541 seiugesimafn
2984 5474 3197 5524 tertiam
3225 5474 3402 5541 refert,
3424 5476 3515 5541 “et
3547 5473 3639 5541 lib.
3674 5470 3740 5541 1Q
3764 5472 3838 5522 de

2175 5534 2578 5603 Praeparatione
2646 5534 2968 5603 evangelica,
3043 5550 3157 5603 cap.
3222 5537 3271 5599 4,
3335 5535 3523 5603 scribit
3576 5534 3837 5603 claruisse

2175 5552 2578 5603 rraeparauone
2646 5552 2968 5601 evangeucu.
3043 5552 3105 5588 ca
3146 5574 3157 5586 .
3222 5552 3271 5599 ιι,
3338 5552 3523 5586 scr-mu
3576 5552 3837 5586 exaruisse

2175 5602 2479 5667 Olympiade
2537 5601 2865 5666 sexagesima
2916 5552 3169 5658 secanti;
3222 5599 3474 5664 pontiﬁce
3530 5598 3674 5664 apud
3732 5596 3837 5649 He-
