4110 6196
309 345 436 407 597

307 484 443 549 post
476 477 794 549 Prophetas
841 477 1206 548 reperiuntur
1255 477 1455 534 fuisse.
1510 478 1656 535 Nam
1709 481 1834 552 ipse
1865 484 1972 539 So-

307 562 494 614 crates
551 558 944 623 Atheniensis,
1003 557 1278 630 magister
1335 559 1601 614 omnium
1659 562 1759 632 qui
1818 567 1957 619 tunc

311 639 564 694 maxime
595 640 952 705 claruerunt,
983 641 1187 693 tenens
1219 638 1276 693 in
1309 655 1376 694 ea
1408 647 1590 708 parte,
1624 656 1748 710 quae
1780 659 1962 698 mora-

305 717 380 774 lis
407 717 494 773 vel
526 719 713 774 activa
745 719 974 784 dicitur,
1009 719 1424 790 principatum,
1459 725 1591 791 post
1631 721 1870 778 Esdram
1906 724 1964 777 in

305 797 610 855 Chronicis
642 796 934 852 invenitur
955 797 1053 866 (a).
1086 797 1211 853 Non
1244 799 1430 854 multo
1463 803 1596 870 post
1625 800 1798 856 etiam
1831 801 1963 856 Pla-

307 883 365 934 to
398 887 569 934 natus
595 882 708 944 est,
731 879 831 949 qui
865 878 1034 949 longe
1084 884 1323 935 caeteros
1373 880 1618 936 Socratis
1649 881 1966 952 discipulos

308 960 553 1016 anteiret
584 959 678 1031 (b).
723 959 948 1026 Quibus
987 958 1036 1014 si
1076 960 1366 1016 addamus
1408 962 1579 1016 etiam
1613 965 1964 1032 superiores,

309 1041 410 1112 qui
442 1039 703 1096 nondum
756 1038 1088 1111 philosophi
1139 1041 1520 1112 vocabantur,
1553 1051 1776 1113 septem
1811 1041 1966 1098 scili-

307 1130 396 1176 cet
424 1120 744 1191 Sapientes,
778 1136 843 1175 ac
875 1119 1084 1175 deinde
1132 1120 1404 1192 physicos
1449 1123 1546 1193 qui
1574 1123 1797 1178 Thaleti
1829 1141 1966 1180 suc-

308 1205 636 1262 cesserunt,
669 1201 728 1256 in
761 1201 1182 1271 perscrutanda
1232 1211 1438 1257 natura
1472 1219 1668 1258 rerum
1702 1203 1962 1258 studium

308 1282 441 1353 ejus
473 1281 710 1346 imitati,
746 1280 1244 1336 Anaximandrum
1297 1281 1521 1337 scilicet
1567 1288 1624 1337 et
1653 1283 1968 1339 Anaxime-

309 1378 444 1418 nem
503 1370 555 1418 et
616 1363 1041 1432 Anaxagoram,
1092 1361 1356 1432 aliosque
1406 1362 1738 1431 nonnullos,
1799 1367 1962 1418 ante-

307 1459 486 1515 quam
519 1441 872 1514 Pythagoras
925 1440 1339 1513 philosophum
1393 1442 1616 1512 primus
1667 1443 1962 1512 profitere-

303 1528 419 1588 tur,
453 1539 557 1578 nec
584 1521 667 1576 illi
702 1521 1018 1593 Prophetas
1069 1527 1297 1577 nostros
1346 1522 1648 1578 universos
1691 1524 1967 1593 temporis

301 1603 647 1675 antiquitate
678 1603 1013 1674 praecedunt
1039 1619 1054 1656 :
1080 1603 1555 1674 quandoquidem
1575 1603 1808 1670 Thales,
1835 1608 1968 1674 post

301 1702 472 1757 quem
506 1685 694 1741 caeteri
729 1685 989 1750 fuerunt,
1023 1689 1300 1756 regnante
1333 1684 1582 1740 Romqu
1615 1685 1962 1741 eminuisse‘

302 1767 506 1834 fertur,
557 1766 794 1838 quando
844 1766 916 1819 de
961 1765 1222 1820 fontibus
1271 1765 1442 1820 Israel
1493 1765 1551 1820 in
1603 1765 1684 1822 eis
1730 1765 1965 1834 litteris,

301 1863 438 1918 quae
469 1852 586 1902 toto
633 1846 770 1902 orbe
800 1854 1129 1912 manarent,
1163 1844 1477 1916 prophetiae
1501 1845 1719 1902 ﬂumen
1750 1847 1962 1918 erupit.

301 1927 426 1984 Soli
457 1927 640 1999 igitur
666 1925 753 1981 illi
786 1925 1033 1994 theologi
1067 1931 1268 1997 poetae,
1293 1925 1581 1997 Orpheus,
1611 1928 1810 1990 Linus,
1845 1928 1964 1982 Mu-

309 2024 488 2076 saeus,
521 2014 573 2062 et
605 2007 654 2062 si
689 2007 822 2077 quis
855 2006 1001 2061 alius
1050 2007 1204 2077 apud
1257 2005 1486 2062 Graecos
1527 2008 1656 2074 fuit,
1703 2007 1796 2063 his
1830 2009 1966 2063 Pro-

317 2088 514 2158 phetis
547 2087 820 2153 llebrteis,
855 2103 1100 2157 quorum
1152 2087 1370 2158 scripta
1401 2089 1458 2141 in
1490 2090 1830 2143 auctoritate
1861 2089 1968 2143 ha-

310 2168 549 2233 bemus,
581 2167 754 2223 annis
787 2167 1156 2237 reperiuntur
1190 2167 1428 2236 priores.
1461 2167 1568 2220 Sed
1601 2183 1704 2222 nec
1734 2167 1840 2238 ipsi
1873 2184 1968 2223 ve-

312 2264 449 2303 rum
481 2245 814 2317 theologum
866 2251 1133 2300 nostrum
1187 2246 1446 2317 Moysen,
1497 2248 1594 2316 qui
1648 2263 1829 2301 unum
1868 2264 1966 2302 ve-

312 2342 449 2381 rum
482 2325 660 2380 Deum
691 2324 972 2380 veraciter
995 2325 1342 2396 praedicavit,
1376 2327 1546 2394 cujus
1579 2342 1736 2380 nunc
1753 2326 1969 2397 scripta

309 2405 372 2459 in
409 2404 756 2461 auctoritate
788 2421 1005 2460 canone
1055 2405 1239 2473 prima
1269 2413 1426 2468 sunt,
1478 2412 1730 2474 tempore
1759 2423 1967 2476 praeve-

307 2494 524 2540 nerunt
551 2502 563 2540 :
597 2501 661 2540 ac
693 2502 796 2555 per
818 2485 925 2540 hoc
955 2490 1238 2555 quantum
1283 2485 1352 2538 ad
1388 2484 1612 2540 Graecos
1644 2487 1876 2553 attinet,
1906 2486 1966 2542 in

305 2581 420 2636 qua
456 2566 656 2636 lingua
678 2565 886 2620 litterae
905 2565 1084 2635 hujus
1107 2565 1301 2620 saeculi
1328 2567 1575 2620 maxime
1606 2565 1964 2636 ferliuerunt,

301 2647 452 2703 nihil
496 2647 715 2703 habent
761 2649 912 2704 unde
971 2647 1323 2718 sapientiam
1364 2665 1530 2703 suam
1555 2649 1801 2718 jactent,
1853 2666 1966 2721 quo

300 2727 588 2800 religione
620 2733 842 2793 nostra,
877 2729 970 2783 ubi
1008 2744 1144 2783 vera
1195 2728 1479 2798 sapientia
1509 2736 1616 2796 est,
1645 2731 1695 2784 si
1723 2748 1837 2785 non
1869 2749 1968 2785 su-

301 2811 514 2880 perior,
548 2809 756 2865 saltem
791 2809 1057 2864 videatur
1085 2809 1399 2880 antiquior.
1432 2809 1670 2878 Verum,
1702 2813 1856 2882 quod
1888 2813 1967 2867 fa-

299 2891 545 2947 tendum
569 2896 680 2959 est,
708 2906 820 2945 non
854 2890 1090 2960 quidem
1119 2889 1176 2944 in
1203 2889 1443 2958 Graecia,
1477 2892 1574 2945 sed
1607 2892 1667 2946 in
1700 2892 1965 2948 barbaris

303 2971 606 3044 gentibus,
638 2971 790 3026 sicut
829 2971 886 3024 in
916 2970 1179 3042 zEgypto,
1207 2971 1333 3040 jam
1385 2971 1542 3025 {uera
1571 2976 1706 3026 ante
1735 2972 1965 3043 Moysen

304 3052 598 3109 nonnulla
638 3051 923 3118 doctrina,
955 3068 1082 3122 quae
1129 3050 1356 3106 illorum
1406 3051 1696 3122 sapientia
1743 3053 1965 3109 dicere-

303 3137 448 3188 tur:
480 3131 740 3202 alioquin
771 3147 885 3186 non
910 3130 1198 3200 scriptum
1238 3135 1394 3185 esset
1422 3129 1482 3185 in
1515 3131 1700 3186 Libris
1722 3133 1961 3202 sanctis,

306 3213 552 3280 Moysen
599 3211 896 3266 eruditum
943 3207 1120 3265 fuisse
1160 3210 1321 3265 omni
1349 3210 1638 3281 sapientia
1666 3211 1968 3284 )Egyptio-

306 3308 447 3348 rum
477 3292 613 3363 (Act.
649 3307 746 3358 m,
776 3291 890 3362 22),
949 3297 1086 3346 tunc
1141 3289 1341 3361 utique
1397 3292 1631 3362 quando
1678 3292 1759 3346 ibi
1793 3298 1966 3348 natus

308 3376 425 3442 est,
458 3377 516 3428 et
553 3389 587 3428 a
629 3372 745 3426 tilia
785 3372 1106 3427 Pharaonis
1150 3371 1458 3440 adoptatus
1489 3378 1660 3443 atque
1689 3375 1967 3441 nutritus,

306 3455 495 3512 etiam
541 3451 857 3508 liberaliter
905 3454 1181 3508 educatus
1225 3455 1330 3506 est.
1385 3453 1494 3507 Sed
1548 3468 1652 3508 nec
1684 3455 1971 3524 sapientia

307 3534 719 3607 Egyptiorum
772 3533 1121 3605 sapientiam
1174 3532 1593 3602 Prophetarum
1638 3541 1969 3588 nostrorum

307 3620 576 3686 tempore
606 3616 945 3670 antecedere
969 3613 1171 3682 potuit,
1195 3612 1672 3682 quandoquidem
1705 3617 1761 3666 et
1790 3614 1973 3668 Abra-

307 3695 453 3754 ham
487 3695 770 3767 pr0pheta
798 3694 910 3757 fuit
939 3694 1094 3763 (Gen.
1127 3709 1217 3759 xx,
1248 3693 1324 3764 7).
1359 3693 1501 3756 Quid
1525 3701 1714 3747 autem
1745 3693 1976 3763 sapien-

309 3777 410 3831 tiae
469 3791 597 3831 esse
658 3776 844 3846 potuit
894 3777 949 3828 in
1003 3773 1266 3844 Egypto,
1323 3780 1634 3843 antequam
1695 3773 1779 3828 eis
1838 3773 1970 3840 Isis,

305 3873 490 3930 quam
524 3862 816 3911 mortuam
849 3861 1123 3926 tanquam
1159 3854 1324 3908 deam
1359 3869 1630 3924 magnam
1665 3853 1969 3909 colendam

306 3941 691 4010 putaverunt,
744 3936 969 3992 litteras
1027 3935 1332 3990 traderet?
1391 3936 1496 3990 Isis
1555 3951 1722 4005 porro
1772 3935 1972 3990 Inachi

305 4019 437 4075 filia
492 4017 669 4074 fuisse
727 4017 1008 4088 proditur,
1072 4015 1172 4086 qui
1227 4015 1452 4087 primus
1510 4031 1750 4085 regnare
1797 4017 1973 4087 coepit

300 4099 563 4170 Argivis,
616 4097 847 4169 quando
887 4094 1090 4150 Arabas
1133 4095 1259 4164 jam
1316 4101 1554 4166 nepotes
1602 4095 1972 4166 reperiuntur

305 4178 516 4235 exorti.

302 4296 499 4345 braeos
553 4294 678 4343 Iesu
739 4293 871 4342 Filio
927 4294 1202 4348 Josedech,
1257 4295 1310 4343 et
1371 4293 1605 4356 principe
1668 4294 1970 4349 Zorobabel,

302 4372 414 4422 quo
469 4359 706 4422 tempore
775 4357 1167 4422 prophetabant
1241 4357 1499 4422 Aggaeus,
1576 4357 1854 4422 Zacharias
1891 4360 1974 4422 _et

305 4420 618 4473 Malachias.
677 4421 937 4480 regnabat
992 4423 1173 4469 autem
1228 4421 1370 4481 apud
1431 4420 1698 4469 Romanos
1755 4420 1972 4469 Servius

305 4485 532 4534 Tullius.
591 4483 922 4532 Jamblichus
978 4484 1117 4532 circa
1172 4483 1531 4544 Olympiadem
1588 4484 1973 4545 sexagesimam

307 4548 598 4598 secundam
658 4546 870 4595 venisse
935 4545 993 4594 in
1071 4545 1283 4594 Italiam
1358 4547 1584 4598 scribit:
1656 4547 1711 4594 id
1773 4545 1969 4600 Cicero.

309 4611 526 4669 Quaest.
558 4609 770 4658 Tuscul.
803 4609 899 4658 lib.
953 4608 997 4662 1.
1049 4607 1345 4672 imperante
1395 4609 1682 4672 Tarquinio
1735 4608 1970 4672 Superbo

310 4673 614 4734 contigisse,
637 4672 959 4733 ibidemque,
991 4672 1084 4719 lib.
1107 4674 1155 4725 4,
1186 4671 1362 4733 prodit
1389 4671 1555 4720 fuisse
1583 4685 1704 4719 eum
1733 4672 1789 4718 in
1821 4672 1973 4720 Italia

309 4736 502 4785 iisdem
564 4735 889 4797 temporibus
949 4734 1144 4796 quibus
1216 4734 1421 4797 Junius
1482 4735 1675 4781 Brutus
1745 4735 1975 4797 patriam

310 4797 588 4847 liberavit.
656 4795 987 4860 Pythagoras
1042 4797 1266 4860 mortem
1320 4796 1454 4860 obiit
1521 4809 1663 4844 anno
1719 4795 1973 4860 olympia-

309 4861 393 4932 d_i_s
452 4858 872 4932 septuagesimae
919 4861 1111 4932 quarto
1124 4859 1238 4932 “vel.
1277 4858 1493 4932 quinto,
1552 4859 1972 4932 juxtamlgl‘usebii

313 4918 744 4977 Chroniconfid
793 4925 889 4979 est,
933 4918 1073 4971 ante
1120 4918 1390 4969 Christum
1445 4918 1652 4970 circiter
1710 4918 1820 4979 498,
1851 4933 1972 4970 cum

311 4987 541 5099 vLiaxistset
589 4999 758 5036 annos
811 4985 874 5034 8O
950 4985 1034 5034 vel
1100 4981 1180 5045 90,
1236 4985 1298 5032 ut
1347 4986 1533 5033 auctor
1581 4985 1662 5032 est
1717 4982 1972 5044 Diogenes

387 5062 446 5099 er
471 5061 575 5099 ius.

387 5049 575 5102 ertius.

381 5115 400 5149 ι
439 5110 564 5161 Sola
591 5111 754 5161 editio
787 5112 932 5169 Lov.,
964 5107 1276 5158 emicuisse.

379 5179 457 5234 (at
490 5173 758 5224 Socratem
786 5175 1040 5236 Diogenes
1087 5171 1325 5236 Laertius
1371 5174 1559 5220 natum
1612 5172 1792 5220 scribit
1830 5185 1972 5221 anno

318 5240 511 5300 quarto
563 5238 913 5300 Olympiadis,
945 5235 1398 5300 septuagesimae‘
1435 5235 1704 5297 septimae.
1776 5235 1870 5296 qui
1918 5235 1973 5282 in

323 5297 526 5351 annum
572 5297 666 5350 468
715 5297 838 5350 ante
889 5299 1156 5347 Christum
1203 5297 1474 5356 incurrit;
1533 5300 1802 5346 mortuum
1849 5311 1974 5346 vero

318 5377 432 5474 sese
458 5364 798 5474 annouprimo
826 5361 1148 5426 Olympiadis
1179 5361 1552 5422 nonagesimue
1579 5361 1813 5422 quintae,
1838 5363 1975 5408 aeta-

337 5441 387 5474 1s
415 5440 556 5474 anno
651 5463 663 5474 .

314 5427 387 5477 tis
415 5440 556 5476 anno
583 5426 663 5475 70.

375 5490 446 5551 (bi
492 5490 661 5548 Plato,
714 5491 774 5539 ut
820 5487 964 5548 Diog.
1013 5485 1254 5551 Laertius
1301 5501 1367 5536 ex
1414 5485 1730 5551 Apollodoro
1774 5485 1972 5546 scribit,

316 5549 476 5602 natus
514 5555 595 5602 est
642 5552 938 5614 Olympiade
972 5550 1292 5614 octogesima
1333 5549 1806 5614 octava,__ejusque
1834 5561 1974 5614 anno

319 5615 491 5677 primo
520 5612 764 5665 mortuus
787 5612 871 5663 est
901 5626 1043 5663 anno
1072 5612 1632 5677 primoﬂolympiad‘is
1658 5612 1976 5677 centesimae

323 5673 562 5736 octavae,
592 5679 684 5741 qui
727 5680 808 5728 est
835 5690 1018 5741 annus
1057 5673 1182 5728 ante
1232 5673 1498 5726 Christum
1543 5673 1652 5738 348,
1698 5688 1826 5728 suae
1867 5675 1976 5738 ipse

325 5742 520 5796 aetatis
546 5737 750 5803 annum
778 5752 940 5805 agens
965 5737 1045 5794 8t.

2057 12 2060 14 η
2089 10 2438 17 ἡμὴ-*ὴν

1505 346 1732 408 LIBER
1774 348 2114 412 DECIMUS
2157 349 2545 415 OCTAVUS.

3613 366 3734 426 598

2082 483 2312 540 CAPUT
2341 485 2644 541 XXXVIII.
2680 516 2747 527 --
2776 487 2925 555 Quod
2956 489 3204 560 quaedam
3223 497 3538 550 sanctorum
3557 497 3737 566 scrip-

2151 569 2210 619 ta
2231 567 2630 622 ecclesiasticus
2659 583 2832 623 canon
2857 576 3088 640 propter
3116 571 3349 628 nimiam
3377 591 3490 630 non
3521 591 3737 648 recepe-

2153 649 2229 700 rit
2260 655 2597 713 vetustatem,
2629 665 2699 704 ne
2719 665 2814 720 per
2834 651 3169 708 occasionem
3204 668 3388 710 eorum
3419 657 3565 723 falsa
3594 645 3738 714 veris
3785 645 3788 652 ’

2154 729 2548 782 inscrerentur.

2153 853 2280 907 Iam
2332 869 2460 908 vero
2505 853 2552 909 si
2603 853 2769 925 longe
2821 856 3147 928 antiquiora
3198 864 3475 928 repetam,
3509 871 3565 918 et
3597 867 3730 918 ante

2082 927 2225 988 illud
2257 936 2476 1003 grande
2507 933 2784 991 diluvium
2838 943 3036 992 noster
3081 944 3206 995 erat
3245 927 3442 1012 utique
3464 927 3588 999 Noe
3622 961 3731 1014 pa-

2084 1014 2358 1082 triarcha,
2393 1031 2565 1085 quem
2601 1016 2944 1087 pr0phetam
2995 1035 3228 1090 quoque
3282 1037 3397 1076 non
3439 1023 3729 1079 immerito

2085 1093 2327 1148 dixerim
2355 1110 2368 1147 :
2397 1094 2448 1148 si
2480 1095 2715 1167 quidem
2750 1096 2879 1168 ipsa
2901 1114 3036 1152 arca
3057 1114 3230 1168 quam
3261 1100 3417 1170 fecit,
3443 1110 3494 1156 et
3529 1102 3584 1156 in
3617 1118 3733 1173 qua

2083 1190 2214 1230 cum
2249 1176 2370 1229 suis
2417 1176 2621 1243 evasit,
2669 1177 2969 1248 prophetia
3023 1185 3358 1237 nostrorum
3403 1188 3731 1253 temporum

2085 1255 2212 1309 fuit.
2247 1255 2393 1320 Quid
2429 1256 2620 1311 Enoch
2655 1259 2943 1328 septimus
2972 1258 3042 1314 ab
3081 1261 3288 1326 Adam,
3331 1278 3524 1318 nonne
3555 1263 3733 1319 etiam

2083 1335 2141 1390 in
2166 1335 2444 1391 canonica
2465 1336 2710 1406 epistola
2730 1338 2972 1409 apostoli
2999 1339 3163 1395 Judae
3194 1341 3574 1413 pr0phetasse
3597 1361 3735 1415 pras-

2083 1416 2310 1471 dicatur
2338 1417 2525 1489 (Judw
2548 1419 2678 1489 l4)?
2698 1419 2951 1483 Quorum
2976 1422 3194 1492 scripta
3228 1428 3288 1478 ut
3317 1425 3467 1495 apud
3498 1424 3732 1481 Judaeos

2082 1502 2140 1552 et
2171 1499 2322 1566 apud
2359 1515 2462 1553 nos
2495 1498 2553 1553 in
2602 1500 2943 1556 auctoritate
2979 1517 3092 1556 non
3127 1507 3344 1570 essent,
3385 1503 3567 1559 nimia
3600 1505 3732 1560 fecit

2082 1579 2423 1648 antiquitas,
2457 1587 2692 1650 propter
2723 1596 2892 1649 quam
2934 1581 3276 1638 videbantur
3308 1583 3574 1639 habenda
3604 1600 3728 1640 esse

2080 1663 2374 1731 suspecta,
2404 1676 2475 1714 ne
2505 1661 2897 1730 proferrentur
2929 1661 3067 1716 falsa
3115 1679 3216 1733 pro
3245 1665 3398 1719 veris
3441 1664 3541 1736 (a).
3584 1669 3727 1720 Nam

2079 1743 2133 1795 et
2164 1741 2535 1811 proferuntur
2566 1741 2834 1811 quaedam
2868 1758 2993 1813 quae
3024 1741 3286 1813 ipsorum
3319 1761 3443 1800 esse
3464 1745 3728 1800 dicantur

2080 1821 2150 1876 ab
2181 1822 2264 1877 eis
2299 1821 2398 1893 qui
2430 1838 2531 1892 pro
2564 1839 2668 1878 suo
2699 1839 2874 1878 sensu
2922 1824 3158 1894 passim,
3190 1840 3306 1894 quo
3339 1825 3560 1890 volunt,
3606 1842 3727 1881 cre-

2081 1903 2247 1956 dunt.
2279 1903 2387 1958 Sed
2411 1919 2478 1958 ea
2507 1905 2745 1959 castitas
2767 1905 3010 1960 canonis
3033 1921 3149 1959 non
3179 1908 3416 1976 recepit,
3444 1924 3555 1961 non
3577 1906 3729 1976 quod

2081 1999 2280 2037 eorum
2316 1983 2645 2047 hominum,
2693 1986 2793 2056 qui
2826 1985 2943 2040 Deo
2979 1985 3344 2055 placuerunt,
3397 1989 3734 2057 reprobetur

2082 2064 2418 2130 auctoritas,
2451 2066 2546 2118 sed
2583 2067 2732 2134 quod
2767 2066 2880 2119 ista
2908 2081 3037 2119 esse
3069 2082 3182 2120 non
3216 2067 3528 2122 credantur
3571 2067 3735 2138 ipso—

2085 2157 2236 2196 rum.
2288 2142 2402 2196 Nec
2435 2142 2644 2196 mirum
2680 2143 2850 2198 debet
2894 2143 3096 2206 videri,
3131 2146 3283 2214 quod
3331 2153 3602 2214 suspecta
3623 2146 3733 2201 ha-

2085 2221 2315 2290 bentur,
2350 2239 2478 2292 qua
2509 2221 2618 2276 sub
2662 2227 2834 2276 tantae
2862 2224 3232 2293 antiquitatis
3282 2227 3518 2280 nomine
3551 2227 3734 2296 profe-

2083 2309 2344 2370 runtur;
2405 2303 2877 2375 quandoquidem
2938 2304 2996 2357 in
3065 2304 3190 2372 ipsa
3249 2303 3489 2360 historia
3532 2321 3730 2376 regum

2080 2381 2236 2438 Juda
2257 2386 2274 2418 ¹
2307 2389 2360 2438 et
2389 2399 2591 2454 regum
2626 2382 2819 2449 Israel,
2855 2399 2978 2452 qua
3010 2399 3101 2438 res
3131 2389 3323 2455 gestas
3351 2385 3630 2454 continet,
3662 2387 3732 2441 de

2083 2465 2297 2535 quibus
2327 2465 2512 2519 eidem
2545 2465 2856 2535 Scriptura
2891 2465 3180 2520 canonica:
3212 2467 3534 2534 credimus,
3566 2483 3730 2523 com-

2084 2549 2489 2600 memorantur
2532 2543 2808 2615 plurima,
2841 2561 2969 2615 quae
3001 2544 3080 2600 ibi
3113 2561 3227 2600 non
3258 2545 3640 2617 explicantur,
3675 2550 3733 2602 et

2084 2624 2143 2679 in
2193 2625 2354 2681 libris
2403 2624 2532 2681 aliis
2581 2625 2825 2680 inveniri
2873 2625 3169 2694 dicuntur,
3232 2643 3380 2697 quos
3433 2627 3732 2697 Prophetas

2083 2705 2465 2776 scripserunt,
2499 2711 2554 2761 et
2585 2705 2798 2760 alicubi
2831 2721 3029 2761 eorum
3062 2722 3285 2776 quoque
3317 2707 3734 2778 Prophetarum

2084 2787 2324 2840 nomina
2361 2803 2475 2841 non
2526 2789 2793 2841 tacentur
2822 2786 2864 2855 (l
2899 2791 3031 2841 Par.
3084 2802 3235 2854 χχιχ,
3269 2786 3379 2853 29;
3411 2786 3457 2841 ll
3492 2789 3626 2841 Par.
3655 2802 3733 2850 rx,

2081 2867 2210 2937 29);
2241 2882 2346 2922 nec
2379 2872 2572 2922 tamen
2608 2867 2992 2922 inveniuntur
3015 2867 3071 2922 in
3104 2883 3347 2934 canone,
3372 2883 3545 2939 quem
3579 2883 3738 2922 rece-

2084 2951 2170 3022 pit
2201 2947 2454 3018 populus
2485 2948 2606 3003 Dei.
2641 2949 2824 3018 Cujus
2855 2949 2959 3016 rei,
2994 2949 3200 3016 fateor,
3232 2964 3410 3004 causa
3442 2963 3535 3003 me
3561 2947 3733 3016 latet;

2083 3031 2191 3087 nisi
2225 3030 2379 3101 quod
2413 3030 2702 3097 existimo,
2755 3029 2929 3084 etiam
2963 3031 3140 3101 ipsos,
3171 3031 3381 3102 quibus
3407 3047 3472 3086 ea
3521 3046 3649 3103 quas
3672 3029 3733 3085 in

2083 3111 2424 3169 auctoritate
2455 3111 2750 3182 religionis
2780 3127 2908 3167 esse
2940 3112 3236 3179 deberent,
3270 3116 3509 3168 sanctus
3533 3112 3734 3183 utique

2083 3192 2336 3264 Spiritus
2364 3192 2670 3260 revelabat,
2704 3191 2819 3246 alia
2857 3191 3008 3247 sicut
3047 3191 3316 3249 homines
3346 3193 3622 3248 historica
3653 3192 3737 3248 di-

2084 3272 2345 3344 ligentia,
2400 3271 2514 3326 alia
2554 3273 2708 3326 sicut
2749 3270 3065 3341 Pr0phetas
3113 3271 3493 3343 inspiratione
3542 3272 3738 3327 divina

2084 3353 2339 3408 scribere
2388 3352 2684 3422 potuisse;
2720 3357 2894 3421 atque
2944 3351 3064 3406 haec
3097 3353 3177 3406 ita
3217 3351 3397 3408 fuisse
3446 3352 3739 3420 distincta,

2088 3438 2149 3489 ttt
2181 3433 2278 3487 illa
2309 3438 2583 3499 tanquam
2635 3432 2801 3500 ipsis,
2852 3433 2962 3486 ista
3011 3449 3140 3486 vero
3191 3437 3460 3502 tanquam
3497 3434 3606 3489 Deo
3638 3450 3740 3504 per

2086 3515 2243 3582 ipsos
2272 3511 2553 3582 loquenti,
2575 3511 2973 3578 judicarentur
3011 3528 3140 3567 esse
3177 3513 3526 3579 tribuenda;
3560 3529 3625 3567 ac
3655 3515 3739 3568 sic

2089 3593 2188 3648 illa
2219 3591 2580 3662 pertinerent
2611 3591 2679 3645 ad
2716 3589 3042 3647 ubertatem
3073 3592 3447 3663 cognitionis,
3498 3593 3620 3646 haec
3667 3593 3740 3648 ad

2090 3675 2386 3746 religionis
2409 3671 2811 3726 auctoritatem
2844 3687 2856 3725 :
2891 3671 2948 3726 in
2970 3689 3085 3742 qua
3116 3672 3456 3728 auctoritate
3487 3673 3742 3727 custodi-

2088 3761 2183 3811 tur
2213 3771 2421 3820 canon,
2459 3761 2658 3824 praeter
2691 3767 2862 3823 quem
2888 3753 2932 3806 si
2973 3753 3236 3823 quajam
3278 3753 3450 3808 etiam
3492 3754 3601 3809 sub
3633 3770 3734 3809 no-

2091 3835 2246 3890 mine
2277 3838 2535 3888 veterum
2586 3831 3010 3902 Prophetarum
3047 3833 3069 3865 ²
3102 3833 3315 3901 scripta
3348 3833 3738 3902 proferuntur,

2089 3933 2194 3972 nec
2239 3916 2305 3969 ad
2361 3915 2544 3985 ipsam
2602 3915 2824 3984 copiam
2877 3913 3128 3968 scientiae
3187 3914 3405 3981 valent,
3463 3916 3741 3984 quoniam

2091 4001 2284 4052 utrum
2318 4011 2517 4050 eorum
2541 3994 2677 4057 sint,
2698 4009 2941 4062 quorum
2967 4011 3095 4050 esse
3118 3993 3411 4059 dicuntur,
3445 3994 3735 4050 incertum

2088 4084 2209 4145 est;
2243 4083 2298 4133 et
2328 4078 2400 4131 ob
2434 4075 2541 4131 hoc
2572 4076 2654 4130 eis
2681 4091 2795 4130 non
2820 4074 3068 4130 habetur
3093 4075 3257 4144 fides,
3286 4074 3533 4131 maxime
3565 4074 3656 4130 his
3678 4076 3738 4130 in

2089 4159 2304 4229 quibus
2340 4155 2509 4212 etiam
2551 4160 2753 4212 contra
2784 4154 2957 4210 fidem
3007 4155 3288 4211 librorum
3323 4156 3737 4211 canonicorum

2090 4240 2354 4312 quaedam
2383 4238 2680 4309 leguntur,
2700 4241 2930 4308 propter
2953 4237 3106 4308 quod
3123 4253 3190 4293 ea
3215 4253 3451 4308 prorsus
3474 4253 3586 4293 non
3610 4252 3740 4293 esse

2090 4325 2330 4392 apparet
2358 4318 2605 4374 illorum.

2089 4472 2320 4529 CAPUT
2373 4471 2624 4528 XXXIX.
2667 4503 2736 4513 -ο
2769 4473 2842 4527 De
2881 4471 3152 4528 hebraicis
3185 4472 3410 4539 litteris,
3443 4489 3567 4545 quae
3593 4491 3745 4530 nun-

2196 4571 2359 4625 quam
2391 4558 2448 4607 z'n
2476 4569 2594 4610 suae
2635 4553 2848 4622 lingua
2874 4558 3214 4624 [roprictatc
3264 4571 3371 4610 non
3398 4558 3632 4625 fuerint.

2160 4691 2283 4747 Non
2316 4691 2511 4760 itaque
2564 4691 2914 4746 credendum
2949 4694 3057 4759 est,
3092 4692 3244 4762 quod
3287 4691 3550 4746 nonnulli
3584 4692 3742 4745 arbi-

2089 4775 2332 4840 trantur,
2357 4770 2644 4825 hebraaam
2674 4771 3178 4828 tantumlinguam
3205 4786 3303 4839 per
3325 4770 3488 4825 illum
3521 4771 3620 4839 qui
3642 4786 3738 4824 vo-

2088 4854 2331 4909 cabatur
2363 4852 2569 4919 Heber,
2621 4853 2776 4906 unde
2821 4851 3185 4905 Hebraeorum
3241 4851 3587 4905 vocabulum
3622 4854 3736 4916 est,

2088 4935 2262 4989 fuisse
2287 4938 2595 4996 servatam,
2616 4937 2787 5000 atque
2810 4931 2944 4984 inde
2968 4929 3298 5000 pervenisse
3321 4930 3392 4984 ad
3419 4928 3734 4996 Abraham,

2088 5015 2350 5069 hebrrens
2381 5017 2575 5066 autem
2604 5011 2822 5065 litteras
2846 5027 2878 5063 a
2911 5011 3031 5080 lege
3050 5009 3314 5080 coepisse,
3340 5026 3468 5080 quas
3493 5009 3626 5064 data
3647 5016 3736 5065 est

2090 5113 2188 5164 per
2238 5094 2515 5163 Moysen;
2556 5091 2656 5145 sed
2699 5091 2890 5160 potius
2936 5108 3033 5160 per
3091 5091 3246 5146 illam
3309 5091 3736 5148 successionem

2091 5182 2343 5246 patrum,
2379 5178 2750 5226 memoratam
2787 5173 3046 5243 linguam
3079 5189 3211 5228 cum
3237 5175 3361 5228 suis
3383 5172 3590 5228 litteris
3611 5189 3742 5229 cus-

2090 5254 2333 5311 toditam
2366 5251 2463 5323 (b).
2501 5253 2757 5324 Denique
2796 5253 3014 5322 Moyses
3046 5254 3102 5307 in
3145 5252 3355 5326 populo
3388 5254 3488 5309 Dei
3518 5253 3737 5310 consti-

2156 5487 2171 5520 ι
2205 5483 2290 5531 Sic
2317 5483 2437 5531 Mss.
2469 5481 2610 5529 Editi
2632 5493 2775 5542 vero,
2806 5480 3006 5529 Judae.

2155 5545 2176 5578 ²
2211 5546 2383 5594 Nostri
2411 5545 2631 5600 codices,
2664 5559 2922 5591 verorum
2947 5542 3367 5606 prophetarum.
3403 5543 3470 5591 M.

2155 5608 2226 5670 (α)
2257 5608 2404 5657 Conl.
2437 5621 2615 5670 supra,
2648 5608 2741 5655 lib.
2775 5607 2851 5665 15,
2883 5605 2994 5670 cap.
3029 5605 3108 5662 23,
3139 5618 3195 5653 n.
3225 5605 3274 5653 4.

2150 5667 2222 5733 (b)
2252 5671 2405 5722 Multi
2433 5667 2774 5733 enimpvelut
2820 5667 3067 5733 Cyrinus,
3115 5670 3303 5718 contra
3345 5667 3637 5733 Iulianum,
3666 5669 3739 5717 li-

2092 5731 2187 5788 bro
2255 5733 2304 5796 7,
2378 5747 2497 5800 pag.
2570 5731 2686 5797 231,
2758 5733 2818 5792 D,
2887 5733 2941 5782 et
3012 5731 3250 5784 Clemens
3319 5732 3734 5793 Alexandrinus,
