4124 6188
331 328 450 388 599

334 460 467 528 tuit,
491 459 586 531 qui
637 458 913 515 docendis
945 457 1153 515 litteris
1202 463 1540 532 praeessent,
1601 460 1762 532 prius
1811 478 1984 533 quam

335 543 542 597 divinae
568 540 711 611 legis
736 538 884 595 ullas
908 538 1129 595 litteras
1154 546 1410 597 nossent.
1439 541 1816 614 llosappellat
1840 544 1988 599 Scri-

335 627 506 693 ptura
549 625 1192 694 γραμματοεισαγωγεῖς,
1248 624 1344 694 qui
1380 622 1560 678 latine
1590 624 1702 678 dici
1735 631 1982 694 possunt

335 705 655 759 litterarum
681 704 1013 759 inductores
1033 703 1121 759 vel
1154 706 1596 775 iutroductores,
1622 722 1685 760 eo
1709 709 1859 777 quod
1883 724 1983 763 eas

333 787 638 851 inducant,
669 783 725 838 id
752 791 841 840 est
874 786 1241 840 introducunt
1285 788 1715 858 quodammodo
1746 787 1804 842 in
1857 805 1983 844 cor-

335 865 408 919 da
440 863 810 934 discentium,
845 865 929 919 vel
963 865 1023 920 in
1055 883 1150 921 eas
1176 867 1367 936 potius
1403 867 1559 936 ipsos
1585 884 1731 939 quos
1754 869 1983 924 docent.

335 945 510 1000 Nulla
542 946 719 1016 igitur
744 961 886 1016 gens
929 947 998 1002 de
1029 948 1378 1018 antiquitate
1408 947 1703 1018 sapientiae
1736 967 1854 1004 suae
1887 967 1988 1005 su-

336 1041 440 1096 per
472 1024 833 1080 Patriarchas
864 1030 921 1081 et
967 1026 1284 1098 PrOphetas
1319 1032 1566 1090 nostros.
1600 1029 1814 1100 quibus
1865 1030 1986 1084 ine-

335 1113 422 1160 rat
453 1103 650 1160 divina
699 1105 1004 1175 sapientia,
1071 1109 1187 1161 ulla
1249 1124 1310 1163 se
1359 1109 1610 1163 vanitate
1649 1109 1989 1179 jactaverit;

337 1186 570 1256 quando
606 1202 709 1240 nec
743 1187 1020 1257 Egyptus
1051 1187 1364 1255 invenitur,
1398 1205 1522 1257 quae
1563 1189 1711 1244 solet
1760 1189 1903 1244 t’also
1934 1195 1991 1245 et

340 1268 593 1322 inaniter
623 1268 694 1321 de
725 1284 963 1321 suarum
1013 1269 1412 1325 doctrinarum
1466 1271 1816 1340 antiquitate
1863 1271 1988 1342 glo-

341 1348 498 1413 riari,
551 1349 966 1419 qualicumque
1014 1351 1296 1421 sapientia
1355 1367 1458 1404 sua
1516 1352 1988 1406 Patriarcharum

341 1440 670 1484 nostrorum
705 1436 962 1498 tempore
995 1434 1335 1501 prtevenisse
1385 1430 1742 1500 sapientiam.
1796 1432 1992 1503 Neque

340 1509 495 1566 enim
529 1511 835 1582 quisquam
869 1511 1060 1565 dicere
1091 1511 1328 1566 audebit
1353 1511 1706 1566 mirabilium
1732 1513 1994 1582 discipli-

338 1607 542 1646 narum
586 1606 685 1646 eos
732 1591 1114 1662 peritissimos
1149 1593 1346 1658 fuisse,
1392 1598 1708 1665 antequam
1765 1595 1989 1648 litteras

337 1679 595 1736 nossent,
630 1672 684 1725 id
717 1677 826 1739 est,
861 1684 1172 1744 antequam
1218 1673 1322 1728 Isis
1352 1690 1417 1728 eo
1449 1676 1724 1740 venisset,
1779 1690 1992 1745 easque

336 1753 414 1807 ibi
446 1753 755 1808 docuisset.
798 1752 930 1823 Ipsa
958 1770 1124 1824 porro
1156 1769 1357 1810 eorum
1409 1753 1802 1810 memorabilis
1851 1755 1987 1810 doc-

338 1832 512 1898 trina,
549 1849 673 1903 quas
723 1833 1008 1902 appellata
1037 1840 1126 1889 est
1174 1834 1480 1904 sapientia,
1513 1835 1652 1906 quid
1705 1839 1829 1890 erat
1877 1834 1994 1889 nisi

349 1913 604 1966 maxime
635 1914 1012 1981 astronomia,
1044 1925 1096 1969 et
1133 1915 1181 1970 si
1215 1915 1350 1984 quid
1383 1915 1538 1970 aliud
1588 1915 1790 1971 talium
1823 1916 1995 1970 disci-

341 1992 633 2063 plinarum
685 1995 867 2065 magis
907 1995 977 2050 ad
1020 1997 1340 2050 exercenda
1391 1996 1649 2068 ingenia,
1700 2012 1874 2067 quam
1925 1997 1994 2050 ad

342 2072 763 2128 illuminandas
812 2092 944 2130 vera
981 2077 1270 2144 sapientia
1300 2083 1522 2132 mentes
1567 2078 1753 2133 valere
1803 2074 1993 2132 solet?

343 2157 489 2208 Nam
525 2158 677 2224 quod
715 2156 918 2210 attinet
956 2159 1023 2209 ad
1067 2155 1511 2226 phiIOSOphiam,
1545 2175 1668 2228 quae
1701 2175 1762 2212 se
1793 2157 1998 2212 docere

342 2235 649 2306 proﬁtetur
690 2234 936 2305 aliquid,
987 2241 1138 2290 unde
1171 2236 1314 2290 fiant
1343 2236 1608 2292 homines
1643 2238 1815 2303 beati,
1849 2236 2001 2292 circa

342 2327 602 2388 tempora
625 2315 915 2382 Mercurii,
947 2333 1122 2389 quem
1145 2317 1588 2389 Trismegistum
1621 2321 2002 2386 vocaverunt,

343 2398 403 2453 in
435 2397 554 2452 illis
600 2397 769 2452 terris
813 2397 1104 2467 ejusmodi
1153 2398 1348 2452 studia
1405 2397 1784 2453 claruerunt:
1831 2397 2002 2469 longe

345 2477 579 2550 quidem
612 2484 747 2533 ante
778 2479 1076 2548 sapientes
1107 2477 1193 2533 vel
1227 2478 1604 2550 philosophos
1626 2479 1875 2546 Gracia),
1902 2479 1999 2534 sed

345 2570 540 2616 tamen
564 2565 692 2630 post
719 2560 1034 2627 Abraham,
1067 2565 1122 2614 et
1146 2559 1325 2626 Isaac,
1351 2565 1409 2616 et
1429 2560 1630 2621 Jacob,
1663 2570 1720 2616 et
1749 2562 1999 2633 Joseph;

346 2641 629 2696 nimirum
661 2640 833 2697 etiam
857 2646 986 2712 post
1011 2642 1204 2712 ipsum
1233 2642 1495 2714 Moysen.
1521 2642 1598 2698 Eo
1623 2644 1838 2714 quippe
1859 2647 2003 2697 tem-

348 2739 506 2793 pore,
540 2738 655 2792 quo
687 2722 912 2792 Moyses
944 2728 1119 2777 natus
1150 2727 1256 2790 est,
1298 2723 1480 2778 fuisse
1522 2724 1809 2794 reperitur
1840 2723 2004 2778 Atlas

347 2802 446 2857 ille
479 2818 718 2872 magnus
743 2803 1098 2875 astrologus,
1126 2803 1456 2860 Promethei
1483 2805 1678 2872 frater,
1708 2810 2004 2860 maternus

347 2898 489 2937 avus
520 2881 790 2938 Mercurii
824 2885 1082 2955 majoris,
1117 2885 1285 2955 cujus
1311 2901 1487 2956 nepos
1511 2885 1620 2940 fuit
1651 2885 2005 2956 'l‘rismegis-

349 2969 446 3020 tus
477 2964 588 3022 iste
615 2964 936 3023 Mercurius
971 2968 1077 3038 (a).

349 3127 578 3186 CAPUT
593 3130 702 3188 XL.
727 3161 794 3171 —
816 3131 890 3186 De
909 3131 1290 3201 [Egyptiorum
1308 3129 1725 3187 menducissima
1746 3132 2006 3199 vanitate,

422 3226 547 3284 qux
567 3212 903 3283 antiquitati
921 3209 1170 3267 scientia:
1190 3225 1310 3268 sua
1329 3221 1541 3267 centum
1553 3212 1734 3267 millia
1748 3211 2012 3268 adscribit

429 3309 729 3350 annorum.

427 3425 665 3482 Frustra
691 3427 888 3498 itaque
907 3426 1220 3486 vanissima
1263 3430 1722 3502 praesumptione
1751 3430 2010 3500 garriunt

357 3509 619 3578 quidam,
654 3510 934 3574 dicentes,
972 3525 1039 3564 ex
1072 3526 1186 3582 quo
1241 3511 1523 3566 rationem
1565 3511 1822 3566 siderum
1856 3527 2012 3567 eom-

359 3589 665 3661 prehendit
686 3590 978 3662 zEgyptus,
995 3591 1249 3660 amplius
1273 3607 1448 3662 quam
1470 3601 1703 3646 centum
1722 3607 2010 3647 annorum

362 3671 547 3726 millia
573 3673 886 3727 numerari.
919 3674 979 3727 In
1005 3672 1220 3742 quibus
1244 3674 1398 3728 enim
1423 3673 1587 3728 libris
1613 3674 1787 3728 istum
1814 3689 2016 3728 nume-

361 3765 493 3803 rum
539 3749 914 3821 cullegerunt,
949 3752 1047 3822 qui
1083 3768 1198 3806 non
1257 3753 1510 3806 multum
1562 3758 1695 3807 ante
1728 3767 2012 3807 annorum

363 3830 479 3885 duo
513 3830 695 3885 millia
728 3831 950 3888 litteras
989 3833 1269 3902 magistra
1301 3834 1447 3888 Iside
1479 3832 1808 3888 didicerunt
1835 3832 1861 3886 ?
1891 3832 2012 3887 Non

364 3911 520 3968 enim
555 3928 761 3983 parvus
802 3918 1004 3970 auctor
1052 3919 1141 3968 est
1169 3913 1229 3968 in
1272 3913 1514 3969 historia
1547 3913 1741 3980 Varro,
1775 3914 1875 3984 qui
1907 3913 2018 3970 hoc

365 4064 694 4116 Stromatum
749 4065 886 4115 libro
942 4065 988 4122 1,
1033 4081 1148 4131 cap.
1204 4066 1283 4122 23,
1345 4068 1372 4131 §
1429 4068 1539 4125 153,
1612 4069 1851 4117 scribunt
1912 4065 2016 4115 Mo-

366 4143 460 4179 sen
510 4130 741 4191 primum
795 4131 958 4179 fuisse
1030 4130 1442 4190 sapientem,'ac
1488 4132 1694 4179 litteras
1749 4133 1800 4177 et
1848 4143 2018 4189 gram-

366 4192 615 4241 maticam
701 4192 934 4253 primum
1023 4192 1307 4240 tradidisse
1412 4193 1643 4247 Judaeis,
1747 4193 2020 4253 Phoenices

367 4255 627 4315 accepisse
681 4252 719 4301 a7
767 4255 1000 4314 Judaeis,
1057 4267 1090 4301 a
1130 4254 1468 4303 Phoenicibus
1529 4255 1767 4303 Graecos.
1828 4252 2022 4301 Verum

368 4318 715 4374 Augustinus,
778 4316 877 4363 hoc
930 4329 1037 4364 non
1086 4316 1333 4376 probans.
1395 4317 1533 4375 vult,
1580 4316 2022 4376 quemadmodum

371 4380 493 4424 ante
540 4376 806 4423 diluvium
861 4378 963 4424 fuit
1017 4377 1200 4434 lingua
1269 4378 1532 4430 hebraica.
1592 4377 1669 4425 ita
1735 4378 1892 4426 etiam
1947 4378 2024 4425 in-

373 4439 561 4484 ventos
604 4437 768 4484 fuisse
796 4437 1125 4485 characteres
1163 4438 1453 4489 hebraicos.
1514 4440 1658 4488 lianc
1704 4441 2024 4490 sententiam

372 4497 699 4565 confirmare
743 4498 958 4565 videtur
997 4500 1152 4565 quod
1209 4501 1389 4565 scribit
1444 4503 1724 4564 Josephus.
1783 4504 2024 4565 Antiqui-

373 4563 548 4626 tatum
601 4560 955 4626 Judaicarumr
996 4562 1167 4626 libro,
1208 4561 1278 4626 1,7
1310 4578 1424 4626 cap.
1497 4560 1664 4624 3,-do
1715 4567 1844 4614 filiis
1895 4560 2023 4614 seth

372 4625 644 4686 loquens:
704 4642 730 4668 α
761 4624 1048 4674 Sideralem
1099 4624 1393 4684 scientiam,
1428 4646 1453 4671 »
1508 4628 1700 4687 inquit,
1758 4648 1784 4672 «
1818 4631 1870 4677 et
1925 4642 2025 4679 coc-

375 4706 401 4732 «
438 4687 676 4751 Ιϐειὶιιων
735 4701 911 4736 rerum
982 4688 1336 4749 cognitionem
1418 4691 1869 4751 excogitaverunt.
1956 4691 2025 4739 Ne

378 4770 400 4794 «
433 4753 612 4799 autem
664 4750 887 4800 inventa
942 4765 1039 4800 sua
1087 4764 1153 4799 ex
1213 4751 1485 4802 hominum
1559 4750 1752 4800 notitia
1823 4753 2026 4801 delabe-

379 4833 405 4859 α
434 4817 636 4879 rentur,
699 4814 751 4862 et
830 4815 975 4877 prius
1045 4815 1278 4878 perirent
1340 4831 1502 4879 quam
1570 4819 2024 4878 pernoscerentur,

377 4896 402 4921 α
435 4878 660 4926 scientes
720 4879 1043 4939 praedixisse
1097 4878 1374 4927 Adamunf
1410 4879 1669 4941 duplicem
1742 4879 1853 4927 fore
1906 4879 2026 4928 uni-

382 4956 404 4987 ι
437 4942 698 4989 versalem
745 4955 922 4989 rerum
995 4942 1288 4996 interitum,
1361 4958 1528 4992 unum
1593 4943 1854 5000 incendio,
1902 4943 2029 4991 alte-

381 5022 405 5046 α
441 5017 579 5068 ιδυωῄ
619 5003 855 5068 diluvio,
899 5005 1143 5053 excitatis
1207 5006 1414 5055 duabus
1479 5005 1755 5060 columnis,
1816 5006 2028 5068 utrique

383 5084 408 5110 «
439 5079 536 5114 sua
567 5066 790 5129 inventa
843 5066 1269 5129 inscripserunt:
1315 5072 1391 5125 ut,
1452 5070 1496 5118 si
1551 5069 1836 5117 lateritiam
1893 5066 2027 5118 dilu-

382 5148 410 5174 «
438 5129 527 5193 vio
584 5127 744 5193 deleri
791 5127 1133 5193 contingeret.
1205 5132 1412 5193 lapidea
1489 5135 1756 5193 superstes
1803 5132 2030 5181 homini-

384 5209 407 5234 (ι
442 5191 541 5239 bus
594 5191 828 5240 discendi
857 5191 1299 5256 cepiamrfaceret,
1330 5197 1383 5242 et
1409 5191 1830 5256 quae'inscripta
1856 5195 2031 5244 conti—

383 5272 409 5296 α
441 5256 606 5317 neret,
638 5255 922 5315 Spectanda
942 5255 1213 5303 exhiberet.
1236 5270 1247 5310 ;
1275 5257 1483 5317 lapidea
1512 5270 1667 5317 porro
1689 5255 1937 5306 columna
1965 5258 2031 5306 ab

388 5331 409 5361 ι
441 5315 567 5423 ispsis
595 5317 787 5371 dicata,
819 5317 1015 5366 nostris
1039 5317 1198 5366 etiam
1231 5315 1554 5380 temporibus
1582 5323 1758 5368 exstat
1804 5321 1862 5369 in
1891 5324 2033 5369 terra

388 5396 414 5421 et
485 5379 617 5423 vrin.
652 5397 678 5423 »
716 5378 972 5423 Coomsns.

388 5396 414 5421 α
445 5378 617 5439 Syria.
652 5397 678 5423 »
716 5378 972 5430 Coomsns.

449 5443 529 5500 (α)
566 5442 714 5490 Atlas
743 5442 881 5491 vixit
917 5456 1057 5490 anno
1086 5445 1209 5491 ante
1255 5443 1523 5491 Christum
1572 5443 1711 5503 1638,
1743 5446 2031 5495 secundum

386 5501 668 5550 Eusebium
701 5519 712 5560 ;
745 5505 909 5553 Moses
955 5518 1082 5554 vero
1128 5507 1365 5554 nascitur
1397 5520 1538 5554 anno
1569 5501 1848 5558 1609'ante
1889 5509 2033 5557 Chri-

389 5565 569 5632 stum,
595 5569 807 5632 auctore
852 5568 1105 5632 Eusebio,
1137 5568 1649 5632 deAPraeparatione
1708 5573 2030 5632 evangelica,

389 5625 482 5673 lib.
517 5624 732 5694 10,cap.
764 5628 812 5694 9,
841 5645 992 5694 pagg.
1024 5624 1133 5692 483,
1178 5630 1286 5680 484.
1319 5624 1452 5681 Hinc
1495 5632 1562 5681 ab
1593 5633 1806 5684 Atlante
1834 5624 1901 5684 id
1931 5624 2035 5684 Mol

391 5700 485 5740 seu
514 5691 640 5739 sunt
666 5691 796 5740 anni
819 5691 1008 5756 viginti
1038 5708 1228 5746 novem
1258 5695 1496 5746 Lucana.

1388 327 1489 385 DE
1531 325 1903 387 CIVITA'I‘E
1947 327 2105 398 DEI,
2151 331 2211 388 S.
2263 327 2689 390 AUGUSTINI

3633 329 3750 387 600

2100 463 2374 534 prodidit,
2409 464 2560 534 quod
2591 482 2624 518 a
2663 464 2984 519 litterarum
3027 463 3204 518 etiam
3249 463 3577 518 divinarum
3599 462 3757 518 veri-

2100 549 2214 599 tate
2248 561 2358 599 non
2399 545 2678 599 dissonat.
2731 543 2875 599 Cum
2907 542 3064 598 enim
3118 548 3189 598 ab
3221 543 3349 614 ipso
3399 544 3590 616 primo
3650 543 3762 598 ho-

2103 625 2280 690 mine,
2313 623 2411 695 qui
2441 629 2531 680 est
2559 623 2888 695 appellatus
2915 625 3120 691 Adam,
3155 625 3412 680 nondum
3443 641 3545 680 sex
3577 622 3771 678 millia

2101 721 2388 760 annorum
2422 704 2848 776 compleantur,
2900 705 3194 775 quomodo
3253 721 3366 760 non
3401 705 3495 759 isti
3533 703 3772 758 ridendi

2101 785 2315 856 potius,
2349 803 2524 857 quam
2560 784 2855 841 refellendi
2883 792 3040 850 sunt,
3075 785 3170 856 qui
3213 787 3283 840 de
3315 785 3506 856 spatio
3539 789 3772 856 tempo-

2103 882 2236 920 rum
2273 873 2388 921 tam
2439 867 2692 932 diversa,
2724 871 2782 922 et
2830 866 2965 922 huic
2996 866 3305 938 exploratae
3356 865 3588 922 veritati
3647 875 3771 921 tam

2099 948 2389 1002 contraria
2441 948 2786 1018 persuadere
2830 946 3163 1003 conantur?
3195 947 3299 1002 Cui
3351 947 3509 1003 enim
3556 948 3774 1003 melius

2100 1029 2358 1083 narranti
2391 1028 2677 1099 praalerita
2700 1030 3018 1099 credimus,
3045 1046 3221 1100 quam
3247 1029 3343 1099 qui
3367 1028 3542 1084 etiam
3568 1030 3780 1084 futura.

2103 1109 2381 1177 praedixit,
2417 1125 2539 1179 quae
2573 1110 3022 1179 praesentiajam
3043 1108 3354 1164 videmus?
3383 1108 3529 1164 Nam
3562 1109 3780 1180 etipsa

2103 1188 2515 1243 historicorum
2568 1189 2720 1244 inter
2767 1204 2829 1244 se
2887 1189 3264 1243 dissonantia
3313 1189 3539 1259 copiam
3599 1189 3780 1244 nobis

2104 1270 2339 1338 przebet,
2375 1275 2438 1323 ut
2467 1271 2514 1323 ei
2553 1271 2738 1338 potius
2768 1271 3000 1325 credere
3032 1271 3379 1332 debeamus,
3404 1269 3504 1341 qui
3538 1269 3781 1337 divinas,

2102 1366 2276 1420 quam
2303 1357 2588 1418 tenemus,
2615 1367 2723 1405 non
2749 1357 3034 1422 repugnat
3056 1351 3332 1406 historiae.
3363 1353 3541 1406 Porro
3567 1357 3778 1406 autem

2105 1435 2256 1484 cives
2290 1433 2478 1499 impia:
2514 1431 2778 1500 civitatis,
2813 1432 3009 1486 dill'usi
3047 1447 3467 1502 usquequaque
3502 1448 3602 1501 per
3645 1435 3781 1487 ter-

2105 1525 2218 1579 ras,
2253 1527 2385 1564 cum
2422 1512 2615 1580 legunt
2636 1511 3008 1566 doctissimos
3038 1511 3327 1578 homines,
3358 1528 3610 1582 quorum
3633 1510 3779 1565 nul-

2104 1589 2221 1644 lius
2251 1592 2675 1647 contemnenda
2724 1593 2984 1647 videatur
3014 1592 3355 1654 auctoritas,
3391 1593 3542 1646 inter
3591 1609 3655 1646 se
3700 1592 3783 1647 de

2107 1670 2280 1726 rebus
2312 1672 2492 1743 gestis
2542 1673 2611 1726 ab
2644 1673 2829 1727 aetatis
2862 1676 3069 1727 nostra:
3113 1672 3393 1728 memoria
3442 1671 3784 1728 remotissi-

2108 1753 2220 1805 mis
2252 1752 2667 1823 discrepantes,
2701 1753 2790 1807 cui
2838 1753 3027 1824 potius
3061 1756 3295 1809 credere
3343 1754 3618 1817 debeant,
3651 1769 3780 1808 non

2107 1832 2431 1888 inveniunt.
2468 1833 2582 1890 Nos
2631 1849 2763 1887 vero
2793 1834 2849 1888 in
2883 1839 3095 1888 nostra:
3146 1833 3445 1903 religionis
3496 1833 3776 1901 historia,

2106 1912 2237 1967 fulti
2277 1913 2615 1968 auctoritate
2668 1914 2883 1980 divina,
2938 1913 3222 1984 quidquid
3263 1915 3311 1969 ei
3349 1914 3586 1980 resistit,
3650 1931 3778 1969 non

2108 1992 2445 2048 dubitamus
2494 2009 2622 2048 esse
2671 1994 3079 2062 falsissimum,
3133 1994 3577 2065 quomodolibet
3641 2011 3783 2050 sese

2109 2073 2364 2129 habeant
2405 2078 2610 2128 cetera
2660 2074 2716 2128 in
2769 2075 3144 2130 saecularibus
3194 2073 3446 2142 litteris;
3479 2091 3607 2145 qua:
3667 2091 3779 2130 seu

2108 2171 2244 2209 vera
2276 2170 2379 2208 seu
2412 2153 2559 2209 falsa
2589 2154 2728 2223 sint,
2765 2154 2908 2210 nihil
2943 2156 3220 2211 momenti
3250 2154 3526 2222 afferunt,
3551 2172 3663 2226 quo
3688 2172 3784 2213 re-

2109 2240 2197 2290 cte
2231 2235 2514 2306 beateque
2553 2235 2840 2290 vivamus.

2110 2426 2341 2482 CAPUT
2374 2425 2512 2482 XLI.
2546 2458 2616 2468 -
2644 2429 2721 2482 De
2759 2427 3262 2498 philosOphicarum
3302 2428 3632 2499 apiniomtm
3656 2427 3783 2483 dis-

2178 2507 2543 2571 sensionibus,
2566 2511 2617 2562 et
2646 2510 3039 2564 canonicarum
3061 2508 3208 2581 apud
3233 2509 3527 2564 Ecclesium
3549 2525 3784 2565 concor-

2183 2588 2280 2644 dia
2299 2588 2746 2660 Scripturarum.

2187 2751 2237 2805 1.
2269 2751 2341 2806 Ut
2371 2759 2563 2807 autem
2591 2753 2714 2822 jam
2766 2751 3156 2823 cognitionem
3203 2751 3547 2808 omittamus
3581 2751 3786 2810 histo-

2115 2829 2233 2898 rias,
2268 2831 2378 2902 ipsi
2410 2831 2760 2904 philosophi,
2793 2849 2824 2886 a
2849 2832 3060 2900 quibus
3097 2833 3168 2888 ad
3203 2833 3315 2889 ista
3346 2834 3638 2904 progressi
3673 2851 3785 2889 su-

2120 2928 2275 2978 mus,
2311 2914 2412 2983 qui
2443 2931 2556 2969 non
2608 2914 2879 2968 videntur
2923 2912 3223 2968 laborasse
3254 2913 3311 2968 in
3363 2914 3576 2969 studiis
3623 2915 3778 2982 suis,

2117 2993 2230 3046 nisi
2263 3001 2324 3047 ut
2345 2993 2672 3049 invenirent
2693 2993 2983 3064 quomodo
3013 2994 3326 3049 vivendum
3357 2998 3511 3049 esset
3542 3010 3782 3051 accom-

2119 3074 2348 3129 modate
2381 3075 2451 3129 ad
2483 3074 2904 3130 beatitudinem
2937 3076 3378 3145 capessendam,
3416 3092 3524 3130 cur
3551 3077 3782 3132 dissen-

2119 3161 2319 3209 serunt
2348 3159 2404 3211 et
2427 3172 2460 3210 a
2492 3155 2792 3226 magistris
2831 3155 3126 3226 discipuli,
3160 3160 3216 3212 et
3257 3155 3413 3212 inter
3441 3173 3504 3213 se
3536 3158 3778 3213 condis-

2118 3237 2315 3308 cipuli,
2351 3237 2462 3293 nisi
2513 3238 2652 3308 quia
2684 3242 2749 3292 ut
2791 3237 3064 3293 homines
3110 3237 3382 3293 humanis
3423 3238 3698 3294 sensibus
3725 3242 3788 3294 et

2122 3317 2390 3373 humanis
2445 3315 2990 3372 ratiocinationibus
3047 3316 3158 3371 ista
3214 3315 3624 3386 quesierunt?
3672 3315 3786 3371 Ubi

2122 3397 2392 3471 quamvis
2437 3412 2561 3452 esse
2613 3397 2860 3466 potuerit
2907 3400 2964 3451 et
2994 3395 3251 3450 studium
3285 3397 3602 3468 gloriandi,
3664 3412 3788 3467 quo

2122 3481 2369 3553 quisque
2399 3478 2510 3534 alio
2544 3478 2864 3548 sapientior
2894 3483 2950 3534 et
2980 3480 3205 3534 acutior
3236 3479 3415 3534 videri
3449 3480 3635 3549 cupit,
3676 3493 3786 3533 nec

2121 3561 2420 3618 sententia:
2468 3560 2896 3630 quodammodo
2948 3559 3218 3614 addictus
3265 3559 3490 3624 alienis,
3533 3561 3636 3615 sed
3693 3559 3786 3614 sui

2121 3644 2402 3715 dogmatis
2433 3648 2490 3698 et
2526 3640 2822 3712 opinionis
2863 3641 3160 3696 inventor:
3196 3646 3392 3697 tamen
3426 3647 3489 3697 ut
3522 3644 3784 3698 nonnul-

2124 3723 2209 3778 los
2253 3723 2342 3779 vel
2391 3722 2565 3777 etiam
2616 3723 2898 3792 plurimos
2947 3737 3150 3778 eorum
3211 3724 3390 3779 fuisse
3438 3725 3784 3792 concedam,

2125 3821 2274 3876 quos
2303 3822 2335 3859 a
2364 3803 2490 3858 suis
2522 3803 2855 3858 doctoribus
2881 3802 2967 3858 vel
2999 3803 3259 3859 discendi
3295 3804 3470 3861 sociis
3500 3821 3669 3861 amor
3690 3822 3786 3862 ve-

2128 3886 2314 3941 ritatis
2343 3885 2656 3954 abruperit,
2691 3890 2754 3939 ut
2787 3900 2887 3956 pro
2913 3899 2978 3939 ea
3025 3889 3336 3953 certarent,
3369 3902 3543 3957 quam
3577 3889 3790 3944 verita-

2125 3971 2241 4022 tem
2264 3969 2556 4039 putarent,
2576 3964 2808 4020 siveilla
2821 3969 2991 4033 esset,
3008 3965 3127 4021 sive
3152 3982 3267 4021 non
3285 3974 3435 4022 esset
3453 3992 3466 4033 ;
3483 3967 3625 4037 quid
3643 3970 3788 4041 agit,

2128 4053 2356 4119 autquo
2373 4046 2462 4102 vel
2482 4063 2617 4118 qua,
2640 4051 2701 4101 ut
2717 4047 2784 4101 ad
2811 4045 3230 4102 beatitudinem
3259 4049 3647 4117 perveniatur,
3680 4051 3793 4105 hu-

2130 4146 2304 4184 mana
2332 4144 2393 4182 se
2443 4127 2683 4198 porrigit
2713 4126 3042 4195 infelicitas,
3088 4127 3136 4182 si
3193 4128 3390 4182 divina
3448 4145 3562 4184 non
3624 4130 3791 4186 ducit

2127 4210 2440 4266 auctoritas
2468 4206 2495 4260 ‘I
2519 4207 2781 4278 Denique
2811 4213 3077 4263 auctores
3103 4209 3310 4276 nostri,
3335 4208 3394 4264 in
3421 4209 3635 4280 quibus
3667 4227 3788 4268 non

2132 4291 2343 4344 frustra
2395 4302 2695 4342 sacrarum
2731 4287 3058 4342 litterarum
3093 4287 3292 4356 ﬁgitur
3329 4293 3386 4343 et
3435 4292 3791 4348 terminatur

2129 4383 2340 4432 canon,
2360 4365 2514 4419 absit
2539 4370 2603 4419 ut
2620 4366 2768 4423 inter
2788 4384 2846 4422 se
2861 4368 3058 4439 aliqua
3077 4367 3300 4423 ratione
3315 4369 3666 4426 dissentiant
3683 4371 3788 4442 (a).

2133 4446 2297 4502 Unde
2329 4460 2442 4499 non
2473 4444 2785 4517 immerito,
2811 4465 2942 4504 cum
2973 4447 3075 4502 illa
3107 4448 3446 4513 scriberent,
3483 4451 3565 4506 eis
3596 4451 3787 4507 Deum

2130 4525 2217 4580 vel
2245 4542 2344 4596 per
2386 4541 2484 4580 eos
2532 4526 2814 4596 locutum,
2849 4546 2962 4583 non
3019 4528 3183 4598 pauci
3235 4529 3297 4585 in
3349 4530 3567 4586 scholis
3616 4537 3792 4604 atque

2133 4611 2456 4679 gymnasiis
2486 4610 2750 4678 litigiosis
2782 4610 3281 4678 disputationibus
3317 4613 3557 4683 garruli,
3590 4615 3693 4669 sed
3729 4616 3788 4670 in

2134 4688 2290 4758 agris
2312 4694 2484 4762 atque
2526 4691 2585 4746 in
2619 4690 2859 4746 urbibus
2901 4706 3034 4746 cum
3085 4692 3266 4746 doctis
3310 4700 3483 4765 atque
3532 4693 3790 4752 indoctis

2134 4777 2220 4827 tot
2259 4777 2523 4843 tantique
2563 4772 2762 4844 populi
2809 4773 3198 4829 crediderunt.
3253 4776 3372 4846 Ipsi
3412 4791 3555 4832 sane
3615 4778 3789 4847 pauci

2134 4868 2264 4908 esse
2295 4853 2644 4922 debuerunt,
2678 4870 2748 4908 ne
2783 4851 3153 4909 multitudine
3181 4853 3482 4911 vilesceret
3513 4857 3668 4926 quod
3701 4873 3793 4913 re-

2134 4932 2348 5004 ligione
2379 4950 2578 4989 earum
2611 4950 2738 4990 esse
2767 4938 3094 5004 oporteret:
3130 4951 3234 4990 nec
3261 4940 3455 4992 tamen
3475 4935 3558 4992 ita
3589 4939 3790 5008 pauci,

2136 5020 2201 5068 ut
2231 5029 2432 5068 eorum
2469 5030 2581 5068 non
2623 5015 2699 5068 sit
2732 5014 2996 5069 miranda
3027 5016 3356 5071 consensio.
3394 5015 3592 5088 Neque
3624 5018 3792 5073 enim

2138 5094 2197 5148 in
2260 5093 2636 5149 multitudine
2685 5094 3188 5166 philosophorum,
3221 5096 3322 5166 qui
3355 5096 3553 5153 labore
3607 5098 3792 5152 etiam

2200 5385 2280 5444 (a)
2335 5382 2419 5433 Sic
2493 5383 2880 5433 ratiocinatur:
2949 5382 3140 5434 Omnes
3212 5384 3515 5447 philosophi
3585 5388 3794 5437 certant

2138 5445 2387 5512 invicem,
2446 5459 2598 5512 saepe
2643 5447 2742 5512 sibi
2793 5447 3046 5496 contrarii
3102 5445 3271 5512 sunt;
3327 5445 3462 5498 sacri
3513 5451 3794 5512 scriptores

2140 5523 2247 5556 non
2326 5510 2648 5558 dissentiunt
2723 5510 2865 5558 inter
2935 5524 3032 5560 se:
3108 5511 3410 5573 phiIOSOpbi
3466 5510 3796 5562 dissentiunt

2141 5572 2279 5636 inter
2327 5586 2401 5632 se,
2456 5573 2584 5634 quia
2629 5573 2870 5622 homines
2928 5572 3185 5636 proclives
3235 5572 3360 5622 sunt
3397 5574 3465 5623 ad
3519 5588 3790 5635 errorem;

2141 5634 2285 5703 sacri
2332 5635 2585 5703 Auctores
2642 5634 3289 5703 nunquam—dissentiunt
3343 5637 3486 5686 inter
3541 5651 3617 5700 se,
3664 5640 3796 5703 quia

2142 5697 2359 5748 sanctus
2388 5697 2614 5760 Spiritus
2641 5711 2732 5750 ore
2759 5697 2943 5750 eorum
2969 5700 3227 5763 loquitur.
3257 5700 3495 5751 Lanam.
