4110 6196
270 379 384 438 601

262 507 542 565 litterario
592 511 973 566 monumenta
1001 525 1238 566 suorum
1283 511 1622 581 dogmatum
1663 513 1924 586 relique-

263 594 421 658 runt,
456 589 626 646 facile
668 589 799 661 quis
829 590 1135 660 invenerit,
1168 591 1322 646 inter
1369 608 1513 663 quos
1546 598 1757 649 cuncta
1787 611 1918 665 quae

262 685 500 726 sensere
554 671 956 726 conveniant:
1019 671 1171 743 quod
1232 673 1533 728 ostendere
1584 673 1694 730 hoc
1749 691 1922 746 opere

260 750 499 822 longum
532 755 640 806 est.

329 853 382 906 2.
417 850 556 915 Quis
588 855 782 906 autem
814 855 985 906 sectae
1018 851 1325 922 cujuslibet
1357 858 1558 910 auctor
1587 853 1669 910 sic
1719 859 1809 911 est
1856 854 1920 913 in

259 930 368 983 hac
400 928 782 985 daemonicola
812 931 1040 986 civitate
1073 933 1451 1003 approbatus,
1501 937 1565 990 ut
1596 934 1784 990 caeteri
1817 935 1922 990 im-

259 1011 665 1082 probarentur,
718 1011 819 1082 qui
869 1013 1096 1068 diversa
1145 1019 1203 1069 et
1256 1015 1494 1070 adversa
1553 1012 1918 1072 senserunt?

255 1091 462 1147 Nonne
493 1093 653 1164 apud
707 1093 967 1149 Athenas
995 1099 1051 1149 et
1096 1096 1364 1167 Epicurei
1397 1097 1712 1166 clarebant,
1761 1114 1918 1154 asse-

257 1181 450 1228 rentes
485 1189 574 1228 res
604 1173 897 1230 humanas
928 1175 999 1228 ad
1049 1176 1288 1230 deorum
1329 1192 1529 1232 curam
1579 1195 1694 1234 non
1745 1179 1914 1248 perti-

255 1269 414 1319 nere,
447 1261 499 1309 et
543 1253 742 1320 Stoici,
777 1255 876 1325 qui
922 1256 1215 1311 contraria
1260 1257 1600 1324 sentientes,
1647 1275 1746 1314 eas
1796 1260 1918 1329 regi

256 1338 438 1405 atque
474 1335 691 1389 muniri
725 1335 835 1390 diis
867 1336 1236 1406 adjutoribus
1262 1342 1430 1407 atque
1462 1339 1752 1395 tutoribus
1793 1339 1917 1396 dis-

255 1413 590 1485 putabant?
619 1413 780 1469 Unde
808 1416 987 1470 miror
1016 1432 1122 1472 cur
1154 1421 1526 1490 Anaxagoras
1559 1436 1693 1476 reus
1725 1421 1914 1476 factus

255 1496 354 1562 sit,
375 1495 510 1565 quia
533 1495 716 1550 solem
741 1511 868 1551 esse
893 1496 1038 1552 dixit
1067 1498 1319 1568 lapidem
1347 1499 1670 1570 ardentem,
1697 1516 1915 1571 negans

257 1575 462 1645 utique
494 1574 700 1640 Deum,
734 1592 860 1630 cum
897 1577 956 1630 in
989 1578 1191 1631 eadem
1226 1577 1453 1634 civitate
1482 1579 1666 1649 gloria
1705 1579 1917 1635 ﬂorue-

253 1656 333 1709 rit
365 1654 667 1724 Epicurus,
704 1655 1030 1727 vixeritque
1052 1673 1316 1727 securus,
1352 1676 1468 1714 non
1500 1659 1693 1715 solum
1729 1661 1914 1716 solem

253 1733 345 1791 vel
380 1735 567 1790 ullum
592 1736 852 1792 siderum
879 1738 1058 1792 Deum
1092 1755 1215 1794 esse
1240 1755 1354 1795 non
1379 1741 1642 1808 credens,
1678 1740 1781 1796 sed
1811 1756 1918 1798 nec

253 1817 481 1886 Jovem,
504 1836 606 1875 nec
639 1819 824 1875 ullum
859 1821 1099 1876 deorum
1133 1823 1372 1878 omnino
1404 1823 1462 1878 in
1496 1825 1714 1880 mundo
1748 1824 1915 1880 habi-

255 1901 381 1954 tare
420 1899 798 1967 contendens,
831 1901 901 1956 ad
922 1918 1094 1972 quem
1122 1919 1320 1974 preces
1357 1904 1665 1959 hominum
1701 1905 1919 1977 suppli-

257 1978 998 2050 cationesqueperveniant.
1017 1982 1316 2038 Nonneibi
1338 1983 1663 2056 Aristippus
1687 1986 1744 2039 in
1761 1985 1918 2039 volu-

261 2063 423 2128 ptate
437 2061 693 2130 corporis
711 2077 1009 2116 summum
1025 2063 1242 2118 bonum
1259 2080 1500 2134 ponens,
1520 2065 1597 2118 ibi
1616 2064 1920 2120 Antisthe-

259 2154 365 2194 nes
381 2139 591 2195 virtute
605 2140 779 2195 animi
799 2141 990 2211 potius
1009 2143 1301 2197 hominem
1319 2144 1436 2198 fieri
1453 2145 1684 2198 beatum
1701 2161 1920 2199 asseve-

258 2236 419 2288 rans,
451 2222 565 2275 duo
600 2221 929 2292 philosOphi
971 2223 1195 2278 nobiles
1227 2229 1281 2279 et
1321 2224 1488 2278 ambo
1527 2225 1827 2290 Socratici,
1861 2225 1920 2279 in

261 2304 392 2354 tam
425 2301 670 2356 diversis
701 2307 876 2372 atque
915 2302 1068 2358 inter
1106 2319 1166 2358 se
1206 2304 1514 2360 contrariis
1546 2304 1763 2360 ﬁnibus
1795 2306 1920 2360 vita:

259 2396 564 2435 summam
599 2382 875 2451 locantes,
926 2397 1174 2452 quorum
1216 2381 1391 2438 etiam
1437 2381 1533 2438 ille
1565 2383 1922 2455 fugiendam,

257 2459 380 2515 iste
411 2461 933 2516 administrandam
965 2461 1217 2534 sapienti
1265 2462 1497 2520 dicebat
1526 2480 1650 2520 esse
1683 2481 1925 2538 rempu-

257 2538 505 2606 blicam,
538 2542 606 2595 ad
641 2557 801 2596 suam
836 2541 1079 2613 quisque
1119 2547 1339 2599 sectam
1371 2545 1703 2600 sectandam
1745 2544 1921 2601 disci-

258 2619 436 2692 pulos
467 2622 903 2693 congregabat?
950 2623 1166 2694 Nempe
1199 2625 1392 2695 palam
1433 2625 1491 2680 in
1525 2627 1842 2698 conspicua
1871 2629 1925 2682 et

266 2702 578 2758 notissima
611 2703 855 2772 porticu,
891 2704 948 2758 in
977 2706 1325 2776 gymnasiis,
1358 2707 1417 2762 in
1451 2706 1721 2772 hortulis,
1753 2707 1813 2762 in
1846 2707 1923 2763 lo-

259 2783 346 2838 cis
380 2783 632 2854 publicis
663 2801 730 2839 ac
755 2785 1016 2855 privatis,
1049 2787 1382 2842 catervatim
1416 2803 1516 2858 pro
1540 2804 1646 2843 sua
1676 2787 1924 2859 quisque

259 2865 539 2936 Opinione
570 2869 907 2922 certabant:
951 2867 1049 2923 alii
1093 2873 1419 2924 asserentes
1464 2886 1668 2934 unum,
1701 2869 1799 2924 alii
1830 2871 1922 2925 in-

265 2948 667 3005 numerabiles
697 2950 947 3004 mundos
975 2967 988 3016 ;
1024 2949 1221 3020 ipsum
1252 2955 1448 3006 autem
1483 2967 1662 3007 unum
1697 2951 1796 3006 alii
1827 2969 1924 3007 or-

260 3035 393 3086 tum
425 3045 576 3097 esse,
607 3029 703 3085 alii
736 3047 869 3086 vero
899 3030 1132 3086 initium
1161 3048 1277 3088 non
1307 3031 1558 3102 habere;
1591 3031 1689 3088 alii
1720 3031 1924 3087 interi-

256 3115 485 3180 turum,
519 3111 616 3166 alii
640 3127 869 3183 semper
899 3111 1163 3168 futurum
1193 3129 1206 3182 ;
1237 3113 1335 3169 alii
1369 3122 1558 3169 mente
1580 3113 1801 3183 divina,
1822 3113 1921 3172 alii

257 3193 506 3249 fortuitu
535 3197 590 3248 et
610 3193 841 3249 casibus
862 3192 951 3263 agi
976 3209 989 3248 :
1016 3191 1114 3250 alii
1135 3193 1496 3250 immortales
1518 3209 1646 3251 esse
1669 3193 1920 3260 animas,

259 3273 356 3329 alii
414 3274 690 3330 mortales
733 3279 836 3342 ;et
886 3274 987 3346 qui
1037 3275 1426 3345 immortales,
1458 3275 1557 3331 alii
1607 3276 1822 3332 revolvi
1861 3277 1920 3330 in

256 3353 505 3423 bestias,
559 3354 652 3410 alii
709 3371 1123 3427 nequaquam;
1156 3355 1258 3427 qui
1297 3373 1431 3412 vero
1481 3357 1774 3426 mortales,
1821 3356 1923 3412 alii

258 3451 399 3491 mox
425 3435 658 3491 interire
683 3443 812 3508 post
835 3452 1070 3508 corpus,
1104 3435 1204 3492 alii
1254 3437 1441 3493 vivere
1488 3436 1665 3492 etiam
1717 3444 1924 3507 postea

256 3516 340 3573 vel
378 3515 704 3585 paululum,
739 3516 822 3572 vel
854 3517 1079 3572 diutius
1123 3532 1240 3572 non
1286 3521 1483 3572 tamen
1516 3533 1780 3589 semper:
1819 3516 1926 3571 alii

254 3595 312 3650 in
345 3612 596 3666 corpore
635 3596 1054 3652 constituentes
1078 3596 1254 3652 ﬁnem
1279 3597 1433 3667 boni,
1470 3597 1566 3652 alii
1605 3599 1665 3652 in
1701 3595 1924 3665 animo,

257 3675 352 3731 alii
407 3676 465 3731 in
527 3681 792 3748 utroque,
825 3675 923 3732 alii
953 3676 1313 3732 extrinsecus
1345 3676 1534 3747 posita
1565 3677 1740 3732 etiam
1773 3675 1926 3733 bona

257 3757 327 3811 ad
390 3755 652 3812 animum
722 3761 780 3811 et
838 3773 1048 3827 corpus
1097 3757 1439 3812 addentes:
1495 3756 1591 3812 alii
1651 3755 1924 3813 sensibus

257 3837 526 3908 corporis
557 3853 804 3907 semper,
837 3835 937 3893 alii
982 3854 1096 3893 non
1149 3853 1398 3908 semper,
1443 3837 1541 3892 alii
1595 3853 1924 3909 nunquam,

259 3923 541 3990 putantes
587 3934 716 3974 esse
746 3918 1122 3974 credendum.
1158 3917 1274 3975 Has
1305 3923 1363 3974 et
1392 3917 1540 3974 alias
1569 3934 1715 3990 pene
1755 3920 1926 3974 innu-

260 4000 578 4058 merabiles
617 4001 1011 4057 dissensiones
1071 4000 1577 4073 phil080phorum,
1638 4001 1768 4073 quis
1809 4017 1921 4057 un-

261 4098 443 4154 quam
479 4081 751 4154 populus,
801 4081 936 4155 quis
967 4086 1224 4148 senatus,
1253 4080 1376 4153 quis
1410 4084 1699 4154 potestate
1721 4080 1808 4137 vel
1841 4081 1928 4136 di-

258 4165 458 4236 gnitas
533 4163 767 4235 publica
833 4163 1026 4236 impiae
1076 4163 1328 4220 civitatis
1385 4164 1817 4235 dijudicandas,
1871 4172 1929 4222 et

259 4245 408 4302 alias
456 4246 783 4316 probandas
831 4262 898 4301 ac
945 4245 1332 4317 recipiendas,
1393 4246 1538 4302 alias
1588 4244 1926 4317 improban-

259 4326 358 4384 das
379 4325 900 4398 repudiandasque
950 4325 1192 4393 curavit,
1248 4344 1314 4382 ac
1373 4343 1487 4382 non
1543 4327 1765 4399 passim
1798 4327 1926 4385 sine

259 4406 611 4478 ullojudicio
626 4406 1212 4478 contusequehabuit
1231 4407 1288 4462 in
1309 4407 1533 4480 gremio
1557 4424 1664 4463 suo
1687 4412 1773 4464 tot
1791 4424 1927 4464 con-

258 4488 571 4544 troversias
604 4487 910 4544 hominum
944 4487 1381 4554 dissidentium,
1413 4506 1529 4545 non
1574 4489 1647 4546 de
1679 4489 1832 4560 agris
1863 4494 1922 4546 et

263 4570 556 4640 domibus,
591 4569 675 4626 vel
708 4585 1069 4642 quacumque
1103 4571 1432 4642 pecuniaria
1455 4572 1699 4640 ratione,
1731 4571 1828 4626 sed
1854 4571 1924 4627 de

263 4649 352 4707 his
379 4651 578 4721 rebus,
607 4651 822 4720 quibus
854 4653 954 4706 aut
986 4651 1195 4706 misere
1225 4650 1432 4706 vivitur
1453 4656 1552 4707 aut
1575 4652 1736 4707 beate
1756 4651 1784 4706 ‘l
1816 4650 1919 4708 Ubi

263 4732 367 4787 etsi
403 4731 602 4803 aliqua
632 4748 766 4788 vera
814 4731 1178 4798 dicebantur,
1229 4733 1430 4787 eadem
1479 4730 1714 4788 licentia
1766 4731 1922 4786 dice-

264 4813 480 4868 bantur
511 4817 568 4868 et
592 4812 737 4868 falsa
763 4829 776 4879 ;
812 4829 1048 4884 prorsus
1071 4819 1132 4867 ut
1162 4829 1278 4867 non
1311 4813 1530 4868 frustra
1553 4811 1688 4867 talis
1719 4811 1923 4868 civitas

263 4897 578 4967 mysticum
603 4895 954 4951 vocabulum
993 4893 1306 4967 Babylonis
1329 4893 1630 4964 acceperit.
1667 4893 1922 4966 Babylon

263 4975 477 5046 quippe
499 4975 920 5048 interpretatur
940 4974 1232 5042 Confusio,
1259 4975 1412 5046 quod
1438 4975 1683 5042 nosjam
1705 4974 1922 5030 dixisse

267 5057 648 5112 meminimus
675 5056 860 5128 (Libro
895 5057 982 5123 16,
1015 5071 1143 5128 cap.
1170 5057 1226 5120 4,
1253 5061 1304 5110 et
1324 5054 1507 5125 alibi).
1535 5054 1649 5110 Nec
1678 5053 1924 5111 interest

263 5134 479 5193 diaboli
504 5137 656 5206 regis
684 5138 832 5208 ejus,
866 5152 1042 5208 quam
1081 5135 1386 5192 contrariis
1409 5135 1562 5191 inter
1581 5151 1643 5191 se
1665 5134 1924 5192 rixentur

263 5217 585 5284 erroribus,
627 5233 772 5286 quos
805 5215 1011 5273 merito
1043 5217 1246 5272 multae
1285 5214 1574 5286 variaeque
1605 5215 1920 5286 impietatis

269 5298 487 5368 pariter
518 5297 796 5368 possidet.

336 5408 388 5461 3.
424 5409 495 5462 At
524 5423 658 5463 vero
690 5422 830 5476 gens
867 5405 990 5474 illa,
1025 5405 1122 5461 ille
1145 5405 1416 5477 populus,
1440 5404 1535 5462 illa
1561 5405 1785 5473 civitas,
1822 5405 1922 5462 illa

267 5488 614 5558 respublica,
639 5486 724 5542 illi
747 5485 1048 5551 Israelitae,
1071 5486 1279 5556 quibus
1301 5485 1517 5541 credita
1538 5489 1674 5540 sunt
1694 5484 1923 5555 eloquia

266 5568 385 5636 Dei,
413 5568 572 5625 nullo
596 5569 768 5624 modo
793 5566 1330 5638 pseudOprophetas
1353 5582 1486 5622 cum
1509 5567 1658 5622 veris
1675 5567 1918 5638 Prophe-

263 5645 340 5704 tis
371 5649 495 5720 pari
526 5649 805 5706 licentia1
839 5648 1230 5706 confuderunt
1261 5664 1275 5704 :
1309 5648 1408 5705 sed
1425 5647 1741 5706 concordes
1767 5647 1921 5704 inter

269 5743 328 5784 se
359 5731 614 5802 atquein
659 5728 822 5788 nullo
861 5728 1294 5799 dissentientes,
1337 5743 1640 5788 sacrarum
1677 5728 1916 5787 Littera-

1462 378 1691 438 LIBER
1742 379 2084 444 DECIMUS
2129 383 2505 449 OCTAVUS.

3569 393 3689 450 602

2032 551 2162 590 rum
2184 553 2414 593 veraces
2436 538 2508 593 ah
2532 537 2615 595 eis
2628 539 3093 611 agnoscebantur
3124 543 3177 594 et
3195 539 3688 596 tenebanturauc-

2031 623 2197 673 tores.
2248 619 2364 687 Ipsi
2396 621 2478 674 eis
2509 627 2670 675 erant
2703 620 3056 693 pliilosOphi,
3091 620 3200 675 hoc
3244 625 3350 686 est,
3397 627 3687 677 amatores

2031 696 2352 768 sapientiae,
2387 698 2497 769 ipsi
2547 699 2860 770 sapientes,
2895 701 3003 771 ipsi
3056 699 3333 771 theologi,
3382 700 3493 771 ipsi
3553 717 3680 770 pro-

2031 777 2238 847 phetae,
2270 779 2378 850 ipsi
2414 780 2677 836 doctores
2712 782 3013 849 probitatis
3033 786 3211 852 atque
3243 780 3495 850 pietatis.
3545 780 3687 846 Qui-

2031 875 2280 930 cumque
2312 863 2634 916 secundum
2667 862 2799 918 illos
2832 863 3028 934 sapuit
3057 867 3113 917 et
3143 861 3306 929 vixit,
3332 879 3446 918 non
3480 877 3684 917 secun-

2032 941 2172 994 dum
2204 941 2489 1009 homines,
2524 943 2624 997 sed
2677 945 3007 999 secundum
3057 943 3264 1013 Deum,
3300 943 3399 1014 qui
3447 959 3548 1014 per
3587 960 3684 1000 eos

2031 1018 2257 1074 locutus
2287 1028 2395 1088 est,
2444 1021 2640 1092 sapuit
2672 1030 2723 1078 et
2772 1022 2932 1077 vixit.
2967 1022 3050 1077 Ibi
3101 1021 3152 1076 si
3203 1022 3557 1092 prohibitum
3597 1026 3684 1077 est

2031 1099 2420 1172 sacrilegium,
2454 1102 2606 1158 Deus
2637 1101 2954 1173 prohibuit.
2988 1103 3047 1159 Si
3078 1104 3299 1158 dictum
3323 1107 3432 1168 est,
3467 1104 3684 1158 Honora

2028 1182 2237 1249 panem
2272 1190 2428 1237 tuum
2463 1192 2516 1238 et
2545 1188 2780 1240 matrem
2799 1188 2968 1250 tuam,
2990 1183 3354 1253 Deusjussit.
3376 1183 3433 1238 Si
3458 1182 3680 1238 dictum

2029 1265 2138 1328 est,
2171 1263 2288 1318 Non
2317 1264 2692 1332 mneo/Laberis,
2717 1266 2833 1320 Non
2855 1265 3213 1321 homicidium
3245 1265 3434 1335 facies,
3462 1265 3575 1320 Non
3594 1265 3685 1333 fu-

2027 1344 2238 1398 raberis
2261 1344 2464 1416 (Exod.
2487 1363 2580 1414 xx,
2614 1346 2836 1419 12-15),
2870 1353 2927 1402 et
2957 1351 3158 1401 caetera
3181 1346 3541 1415 hujusmodi,
3569 1360 3681 1400 non

2028 1423 2149 1478 haec
2173 1442 2269 1480 cra
2295 1428 2568 1497 humana,
2589 1429 2689 1483 sed
2715 1426 2944 1482 oracula
2969 1428 3165 1482 divina
3190 1428 3484 1482 fuderunt.
3512 1426 3680 1492 Quidv

2029 1507 2167 1578 quid
2204 1507 3680 1580 philosophiquidaminterialsaﬁiuzeopinatisunt,

2029 1602 2224 1642 verum
2242 1589 2435 1644 videre
2449 1593 2847 1660 potuerunt,et
2861 1588 3168 1644 laboriosis
3184 1587 3679 1657 disputationibus

2029 1669 2377 1738 persuadere
2399 1669 2580 1724 moliti
2603 1677 2757 1732 sunt,
2781 1671 2933 1739 quod
2958 1670 3243 1723 mundum
3273 1669 3448 1722 istum
3481 1667 3684 1722 fecerit

2026 1747 2601 1821 Deus,eumqueipse
2629 1748 3174 1820 providentissimus
3198 1748 3588 1816 administret,
3613 1747 3683 1802 de

2027 1830 2329 1884 honestate
2342 1829 2642 1895 virtutum,
2661 1831 2729 1884 de
2746 1845 2939 1884 amore
2955 1829 3247 1898 patrie,de
3264 1827 3684 1894 iideamicitite,

2026 1907 2096 1962 de
2129 1909 2296 1964 bonis
2328 1909 2604 1980 operibus
2638 1913 2810 1979 atque
2844 1909 3115 1964 omnibus
3147 1910 3215 1964 ad
3252 1925 3442 1964 mores
3475 1907 3684 1978 probos

2027 1989 2455 2057 pertinentibus
2487 1991 2682 2058 rebus,
2734 1990 2997 2060 quamvis
3038 1990 3358 2045 nescientes
3388 1990 3456 2044 ad
3507 2005 3682 2060 quem

2028 2067 2203 2123 finem
2226 2073 2284 2124 et
2306 2085 2555 2139 quonam
2584 2071 2756 2125 modo
2779 2074 2975 2126 essent
2996 2070 3107 2124 ista
3138 2070 3337 2125 omnia
3360 2070 3682 2139 referenda,

2031 2148 2409 2218 propheticis,
2445 2150 2554 2206 hoc
2593 2155 2682 2205 est
2723 2150 2935 2206 divinis
2986 2151 3248 2214 vocibus,
3281 2149 3551 2220 quamvis
3584 2159 3686 2218 per

2030 2228 2318 2295 homines,
2352 2231 2411 2284 in
2445 2229 2545 2285 illa
2575 2231 2802 2286 civitate
2843 2230 3058 2302 populo
3091 2230 3499 2285 commendata
3527 2235 3682 2294 sunt,

2032 2324 2146 2364 non
2176 2309 2750 2380 argumentationum
2793 2310 3316 2366 concertationibus
3350 2308 3682 2376 inculcata;

2032 2395 2096 2446 ut
2127 2407 2242 2445 non
2300 2390 2556 2446 hominis
2597 2391 2922 2463 ingenium,
2959 2393 3056 2446 sed
3083 2391 3183 2446 Dei
3215 2390 3509 2460 eloquium
3542 2405 3680 2444 con-

2032 2476 2290 2527 temnere
2324 2471 2680 2539 formidaret,
2715 2472 2810 2544 qui
2844 2473 2944 2528 illa
2987 2480 3378 2544 cognosceret.

2034 2653 2266 2710 CAPUT
2306 2653 2466 2710 XLII.
2497 2685 2562 2695 --
2595 2653 2706 2722 Qua
2747 2653 3156 2726 dispensatione
3185 2651 3542 2724 providentia?
3587 2651 3687 2706 Dei

2106 2737 2414 2806 Scriptura?
2459 2749 2634 2791 sacra
2672 2735 2869 2790 Veteris
2901 2735 3235 2790 Testamenti
3265 2748 3332 2789 ea:
3372 2732 3585 2789 hebrazo
3622 2733 3684 2786 in

2099 2828 2345 2883 graecum
2366 2815 2643 2887 eloquium
2670 2815 2954 2871 translata
2982 2814 3116 2882 sint,
3140 2822 3200 2871 ut
3229 2813 3490 2869 Gentibus
3521 2812 3683 2867 ianos

2103 2899 2393 2952 tescerent.

2100 3071 2215 3129 Has
2254 3091 2452 3130 sacras
2499 3076 2749 3132 Litteras
2791 3075 2964 3132 etiam
2999 3090 3151 3131 unus
3198 3072 3686 3132 Ptolemmorum'

2029 3170 2229 3226 regum
2261 3155 2492 3228 Egypti
2523 3172 2698 3212 nosse
2730 3156 2954 3211 studuit
2997 3160 3056 3212 et
3087 3155 3316 3212 habere.
3361 3155 3508 3210 Nam
3562 3158 3688 3224 post

2029 3233 2333 3289 Alexandri
2367 3235 2725 3303 Macedonis,
2758 3236 2858 3307 qui
2899 3236 3070 3291 etiam
3105 3235 3353 3306 Magnus
3383 3232 3689 3306 cognomi-

2031 3317 2206 3368 natus
2229 3317 2336 3379 est,
2365 3314 2945 3370 miriﬁcentissimam
2980 3314 3331 3384 minimeque
3353 3313 3690 3369 diuturnam

2031 3392 2371 3463 potentiam,
2403 3409 2520 3463 qua
2550 3394 2886 3448 universam
2917 3394 3138 3457 Asiam,
3171 3393 3287 3448 imo
3322 3409 3466 3462 pene
3498 3399 3687 3447 totum

2032 3473 2253 3540 orbem,
2273 3472 2480 3543 partim
2503 3473 2558 3527 vi
2579 3477 2636 3527 et
2655 3473 2861 3537 armis,
2887 3473 3095 3542 partim
3119 3477 3336 3527 terrore
3357 3473 3687 3542 subegerat,

2031 3552 2266 3624 quando
2289 3551 2439 3606 inter
2461 3559 2669 3607 caetera
2687 3553 2935 3607 Orientis
2949 3551 2972 3584 ³
2993 3552 3165 3606 etiam
3181 3552 3442 3606 Judaaam
3468 3551 3688 3621 ingres-

2033 3649 2135 3688 sus
2167 3632 2455 3699 obtinuit;
2488 3647 2554 3687 eo
2587 3637 2814 3688 mortuo
2837 3632 3079 3688 comites
3100 3631 3250 3700 ejus,
3275 3647 3406 3686 cum
3439 3646 3685 3701 regnum

2033 3711 2177 3766 illud
2212 3710 2649 3782 amplissimum
2676 3727 2791 3766 non
2823 3710 3063 3782 paciﬁca
3092 3710 3240 3766 inter
3259 3727 3322 3766 se
3354 3710 3688 3782 possessuri

2031 3793 2382 3860 divisissent,
2416 3792 2516 3848 sed
2543 3791 2736 3864 potius
2760 3792 3162 3863 dissipassent,
3190 3791 3354 3847 bellis
3376 3791 3575 3846 omnia
3589 3808 3687 3848 va-

2031 3873 2264 3939 staturi,
2308 3871 2653 3928 Ptolemaaos
2707 3887 2874 3942 reges
2905 3871 3118 3927 habere
3160 3872 3330 3943 coepit
3359 3871 3636 3942 Egyptus
3670 3889 3685 3932 :

2032 3967 2284 4025 quorum
2313 3951 2535 4024 primus
2582 3950 2718 4022 Lagi
2751 3951 2924 4021 ﬁlius,
2959 3951 3178 4007 multos
3208 3968 3275 4007 ex
3317 3950 3518 4006 Judzea
3549 3967 3686 4022 cap-

2027 4034 2180 4090 tivos
2208 4033 2268 4088 in
2298 4033 2607 4104 ZEgyptum
2633 4033 2947 4090 transtulit.
2973 4031 3117 4088 Huic
3144 4037 3340 4088 autem
3364 4032 3687 4087 succedens

2031 4113 2182 4169 alius
2212 4112 2581 4179 Ptolemaeus,
2615 4113 2716 4183 qui
2767 4117 2857 4168 est
2887 4111 3211 4184 appellatus
3242 4111 3686 4182 Philadelphus,

2030 4209 2236 4251 omnes
2259 4210 2405 4266 quos
2427 4192 2525 4249 ille
2542 4193 3240 4264 adduxeratsubjugatos,
3269 4193 3476 4248 liberos
3499 4192 3686 4248 redire

2034 4275 2341 4346 permisit:
2382 4273 2626 4345 insuper
2669 4278 2725 4329 et
2759 4276 2908 4329 dona
2955 4273 3113 4346 regia
3161 4273 3219 4328 in
3255 4272 3532 4342 templum
3584 4273 3687 4329 Dei

2033 4356 2213 4425 misit,
2247 4357 2564 4428 petivitque
2619 4356 2691 4411 ab
2724 4356 2997 4412 Eleazaro
3038 4365 3174 4412 tunc
3220 4356 3506 4426 pontiﬁce,
3560 4354 3686 4410 dari

2030 4440 2144 4496 sibi
2173 4439 2520 4509 Scripturas,
2549 4453 2689 4508 quas
2720 4439 2974 4508 profecto
2997 4437 3262 4494 audierat
3293 4439 3445 4492 fama
3476 4437 3688 4509 praedi-

2029 4526 2197 4577 cante
2243 4519 2508 4587 divinas;
2542 4525 2601 4576 et
2630 4520 2760 4575 ideo
2805 4521 3219 4592 concupiverat
3248 4518 3460 4575 habere
3488 4519 3546 4574 in
3596 4519 3687 4574 bi-

2029 4600 2340 4666 bliotheca,
2373 4616 2549 4671 quam
2577 4599 3008 4656 nobilissimam
3043 4602 3276 4656 fecerat.
3321 4599 3434 4655 Has
3465 4599 3514 4656 ei
3549 4616 3681 4654 cum

2027 4681 2182 4737 idem
2215 4681 2476 4754 pontifex
2519 4681 2782 4737 misisset
2830 4681 3114 4750 hebraeas,
3175 4683 3306 4750 post
3363 4681 3536 4735 etiam
3584 4679 3683 4733 ille

2027 4763 2372 4835 interpretes
2397 4762 2748 4834 postulavit;
2774 4765 2830 4817 et
2853 4761 2975 4816 dati
2999 4764 3135 4815 sunt
3156 4758 3522 4828 septuaginta
3545 4757 3680 4826 duo,

2027 4845 2099 4900 de
2128 4843 2373 4917 singulis
2403 4842 2710 4899 duodecim
2765 4839 3033 4895 tribubus
3064 4838 3186 4894 seni
3221 4838 3506 4917 homines,
3567 4835 3682 4891 lin-

2026 4940 2155 4997 guae
2183 4916 2489 4994 utriusque
2532 4919 2884 4986 doctissimi,
2940 4917 3183 4973 hebraeis
3233 4916 3460 4997 scilicet
3505 4920 3683 4987 atque

2026 4995 2242 5077 greces.
2275 5005 2530 5067 Quorum
2560 4999 2974 5071 interpretatio
3005 5001 3070 5052 ut
3097 4995 3472 5067 Septuaginta
3513 5012 3680 5052 voce-

2025 5085 2290 5156 tur,jam
2333 5081 2585 5140 obtinuit
2613 5081 2996 5137 consuetudo.
3052 5077 3326 5134 Traditur
3373 5094 3513 5134 sane
3560 5081 3679 5135 tam

2092 5421 2108 5455 1
2141 5417 2202 5466 In
2231 5415 2625 5479 manuscriptis,
2654 5414 2951 5479 parilitate
2982 5412 3255 5463 licentiae.

2089 5480 2111 5514 ²
2140 5479 2332 5529 Omnes
2360 5475 2521 5542 prope
2565 5475 2710 5540 Mssl,
2747 5479 3196 5529 Ptolemaeorum
3223 5491 3244 5538 ;
3272 5475 3326 5525 et
3353 5475 3676 5534 constanter,

2024 5542 2355 5602 Ptolomeus,
2383 5542 2517 5600 loco,
2550 5542 2917 5592 Ptolemaeus.

2085 5607 2123 5682 3.
2160 5605 2318 5718 flgiti.
2373 5605 2617 5657 Orienti:
2665 5620 2862 5670 regna,
2918 5605 3098 5660 Abest,
3157 5616 3352 5665 regna,
3409 5614 3443 5653 a
3494 5615 3680 5655 manu-

2085 5683 2163 5718 rm
2190 5683 2207 5718 ι
2243 5704 2253 5717 .

2025 5682 2253 5733 scriptis.
