4124 6188
299 345 408 406 605

297 474 522 534 CAPUT
548 473 739 530 XLIV.
774 506 840 516 —
892 473 1032 543 Quid
1072 473 1490 545 intelligendum
1520 477 1591 530 sit
1621 474 1686 531 de
1714 474 1937 531 Ninivi-

363 561 541 613 tarum
569 555 804 621 excidio,
835 558 993 626 cujus
1038 555 1394 612 denuntiatio
1442 557 1500 610 in
1545 555 1762 613 heber
1792 573 1938 627 qua-

361 637 617 708 draginta
673 637 887 692 dierum
943 637 1125 706 spatio
1173 635 1433 704 tenditur,
1470 637 1526 692 in
1576 636 1938 708 Septuaginta

363 723 540 775 autem
573 718 750 774 tridui
779 718 1038 774 brevitate
1067 718 1435 775 concluditur.

362 858 468 916 Sed
496 858 577 914 ait
605 857 834 928 aliquis,
867 859 1167 924 Quomodo
1205 858 1386 914 sciam
1431 857 1570 930 quid
1599 857 1778 912 Jonas
1803 873 1935 927 pro-

294 940 465 1013 pheta
489 939 704 995 dixerit
737 939 1027 1008 Ninivilis,
1080 947 1275 994 utrum
1322 939 1603 1006 Triduum,
1655 942 1705 992 et
1735 937 1938 992 Ninive

292 1026 597 1086 evertetur;
627 1037 720 1087 an,
756 1020 1129 1091 Quadraginta
1177 1019 1294 1075 dies
1324 1021 1491 1088 (Iona
1540 1035 1626 1084 ιιι,
1677 1017 1769 1088 4)Ῡ
1798 1018 1937 1083 Quis

292 1103 440 1159 enim
475 1118 590 1158 non
623 1101 814 1156 videat
859 1118 973 1158 non
1015 1099 1275 1172 potuisse
1306 1105 1622 1170 utrumque
1654 1102 1791 1154 tunc
1823 1098 1936 1154 dici

288 1201 321 1240 a
351 1181 652 1254 Propheta,
703 1181 802 1254 qui
856 1181 1072 1236 missus
1123 1181 1310 1236 fuerat
1359 1191 1570 1237 terrere
1614 1180 1936 1235 commina-

288 1264 437 1320 tione
462 1262 823 1318 imminentis
853 1261 1010 1317 exitii
1043 1262 1338 1317 civitatem
1363 1263 1389 1315 ‘t
1431 1260 1532 1316 Cui
1566 1261 1613 1316 si
1647 1261 1812 1315 tertio
1844 1258 1937 1315 die

285 1345 469 1400 fuerat
501 1344 729 1399 futurus
763 1343 1053 1408 interitus,
1089 1359 1202 1398 non
1255 1342 1452 1413 utique
1493 1342 1935 1413 quadragesimo

284 1425 408 1480 die:
439 1424 492 1480 si
525 1429 717 1479 autem
751 1423 1219 1495 quadragesimo,
1252 1440 1366 1477 non
1419 1424 1621 1493 utique
1662 1422 1849 1476 tertio.
1878 1421 1935 1476 Si

286 1520 412 1576 ergo
444 1522 480 1560 a
539 1521 630 1561 me
687 1504 989 1576 quaeritur,
1024 1503 1164 1574 quid
1221 1505 1429 1559 horum
1473 1503 1654 1558 Jonas
1703 1500 1934 1568 dixerit,

285 1585 388 1641 hoc
419 1591 564 1656 puto
595 1586 787 1658 potius
835 1583 992 1656 quod
1043 1585 1255 1655 legitur
1303 1584 1360 1639 in
1391 1583 1636 1638 bebraao.
1689 1584 1938 1650 Quadra-

283 1668 434 1737 ginta
467 1665 597 1731 dies,
648 1670 699 1721 et
739 1667 938 1722 Ninive
981 1669 1270 1720 evertetur.
1315 1663 1690 1735 Septuaginta
1721 1665 1936 1734 quippe

283 1745 451 1817 longe
485 1747 771 1817 posterius
801 1745 1157 1817 interpretati
1185 1745 1341 1800 aliud
1374 1745 1566 1800 dicere
1598 1748 1932 1815 potuerunt,

285 1831 428 1900 quod
467 1835 662 1884 tamen
705 1829 774 1883 ad
818 1845 938 1885 rem
986 1829 1318 1900 pertineret,
1364 1833 1420 1883 et
1464 1828 1521 1882 in
1555 1843 1733 1883 unum
1767 1843 1932 1882 eum-

284 1911 532 1982 demque
563 1926 822 1978 sensum,
857 1910 1129 1982 quamvis
1145 1910 1255 1965 sub
1287 1909 1464 1965 altera
1489 1908 1930 1981 significatione,

282 1995 678 2057 concurreret;
713 1992 1169 2061 admoneretque
1200 1989 1498 2057 lectorem,
1523 1995 1767 2059 utraque
1794 2005 1934 2044 auc-

283 2071 522 2127 toritate
554 2088 667 2126 non
690 2077 905 2144 spreta,
939 2072 1011 2126 ab
1050 2069 1291 2126 historia
1313 2087 1440 2125 sese
1469 2069 1732 2125 attollere
1763 2072 1831 2124 ad
1867 2085 1935 2124 ea

281 2153 645 2223 requirenda,
679 2157 913 2225 prepter
943 2168 1070 2222 quae
1117 2150 1505 2222 signiﬁcanda
1535 2149 1775 2204 historia
1804 2149 1934 2220 ipsa

279 2233 608 2304 conscripta
639 2239 745 2290 est.
780 2236 952 2287 Gesta
982 2235 1118 2286 sunt
1142 2231 1356 2301 quippe
1399 2229 1499 2285 illa
1531 2230 1587 2285 in
1617 2229 1823 2284 Ninive
1851 2229 1933 2283 ci-

277 2312 472 2376 vitate,
505 2313 607 2368 sed
647 2313 868 2383 aliquid
903 2313 1078 2367 etiam
1106 2311 1600 2379 signiﬁcaverunt,
1633 2310 1780 2379 quod
1816 2325 1934 2363 mo-

277 2392 419 2447 dum
480 2393 642 2448 illius
695 2393 949 2448 civitatis
1009 2393 1280 2446 excedat:
1343 2390 1497 2445 sicut
1554 2395 1781 2459 gestum
1821 2394 1932 2457 est,

276 2473 426 2542 quod
458 2472 584 2544 ipse
617 2473 899 2544 Propheta
925 2471 981 2526 in
1013 2479 1212 2527 ventre
1242 2471 1346 2526 ceti
1391 2471 1584 2526 triduo
1615 2470 1742 2538 fuit,
1775 2475 1831 2525 et
1857 2480 1935 2525 ta-

278 2569 414 2608 men
448 2553 626 2608 alium
660 2553 1012 2624 significavit
1056 2552 1114 2606 in
1165 2551 1451 2622 profundo
1487 2550 1698 2606 inferni
1742 2551 1932 2606 triduo

278 2633 568 2701 futurum,
602 2633 702 2705 qui
730 2633 1012 2690 Dominus
1059 2638 1150 2688 est
1196 2632 1454 2689 omnium
1488 2631 1932 2703 Prophetarum.

276 2715 644 2784 Quapropter
690 2716 738 2770 si
778 2731 878 2786 per
924 2713 1087 2770 illam
1121 2714 1411 2770 civitatem
1446 2718 1599 2769 recte
1650 2715 1936 2784 accipitur

277 2793 538 2850 Ecclesia
566 2797 829 2866 gentium
867 2794 1203 2868 prophetica
1234 2796 1502 2866 ﬁgurata,
1536 2811 1734 2850 eversa
1776 2793 1932 2850 scili-

273 2878 365 2928 cet
397 2891 498 2944 per
520 2876 946 2946 paenitentiam,
971 2880 1035 2931 ut
1057 2875 1244 2947 qualis
1269 2877 1452 2931 fuerat
1469 2876 1588 2945 jam
1611 2891 1726 2930 non
1743 2883 1893 2930 esset
1917 2891 1930 2940 ;

275 2954 385 3010 hoc
415 2958 692 3026 quoniam
748 2973 850 3028 per
878 2956 1171 3012 Christum
1215 2956 1430 3011 factum
1463 2960 1552 3010 est
1582 2956 1640 3010 in
1675 2954 1933 3011 Ecclesia

277 3036 566 3105 gentium,
618 3037 790 3106 cujus
821 3037 921 3092 illa
975 3037 1178 3092 Ninive
1224 3037 1470 3106 ﬁguram
1521 3037 1776 3108 gerebat,
1809 3037 1932 3091 sive

280 3131 383 3185 per
414 3117 798 3187 quadraginta
826 3118 973 3186 dies,
1007 3116 1127 3172 sive
1174 3133 1274 3187 per
1302 3117 1590 3186 triduum,
1622 3116 1773 3171 idem
1807 3115 1930 3187 ipse

277 3195 643 3268 significatus
673 3201 762 3253 est
789 3197 1061 3254 Christus
1090 3213 1104 3266 ;
1152 3213 1250 3267 per
1280 3199 1663 3268 quadraginta
1687 3197 1927 3265 scilicet,

274 3278 405 3347 quia
435 3282 520 3333 tot
543 3279 670 3334 dies
692 3280 914 3351 peregit
938 3295 1072 3335 cum
1104 3277 1410 3350 discipulis
1433 3281 1554 3334 suis
1583 3282 1716 3350 post
1743 3293 1930 3334 resur-

272 3358 612 3428 rectionem,
671 3363 728 3415 et
782 3359 1046 3415 ascendit
1101 3360 1160 3414 in
1219 3359 1468 3426 cmlum;
1530 3373 1632 3428 per
1669 3357 1927 3412 triduum

271 3452 424 3506 vero,
450 3439 593 3510 quia
630 3439 722 3494 die
753 3443 920 3495 tertio
953 3437 1264 3495 resurrexit
1290 3453 1302 3492 :
1347 3443 1626 3508 tanquam
1656 3435 1929 3492 lectorem

274 3517 414 3573 nihil
439 3519 606 3575 aliud
656 3535 833 3591 quam
875 3518 1130 3575 historiae
1171 3533 1365 3574 rerum
1416 3521 1711 3587 gestarum
1745 3516 1929 3570 inhae-

272 3615 393 3656 rere
433 3601 791 3673 cupientem.
814 3603 884 3657 de
932 3615 1139 3657 somno
1171 3598 1549 3654 excitaverint
1582 3597 1928 3668 Septuagin-

273 3687 326 3736 ta
352 3680 721 3754 interpretes,
757 3684 1053 3753 iidemque
1088 3681 1408 3752 Prophetas,
1439 3681 1511 3736 ad
1557 3686 1928 3751 perscrutan-

271 3762 401 3818 dam
435 3765 811 3820 altitudinem
845 3764 1181 3836 prophetiae,
1215 3778 1271 3818 et
1302 3763 1732 3834 quodammodo
1771 3762 1928 3818 dixe-

271 3841 422 3900 rint:
459 3845 532 3900 In
565 3845 952 3916 quadraginta
999 3845 1206 3900 diebus
1258 3845 1448 3916 ipsum
1479 3859 1690 3914 quaere,
1725 3843 1782 3898 in
1815 3859 1928 3914 quo

269 3928 324 3978 et
349 3927 620 3983 triduum
653 3926 941 3999 potueris1
964 3925 1225 3982 invenire
1255 3945 1270 3994 ;
1303 3925 1448 3980 illud
1471 3926 1530 3980 in
1567 3926 1925 3993 ascensione,

271 4002 375 4061 hoc
404 4008 463 4064 in
507 4007 636 4077 ejus
695 4007 1117 4063 resurrectione
1169 4006 1442 4078 reperies.
1486 4007 1728 4075 Propter
1774 4005 1926 4075 quod

271 4091 523 4160 utroque
563 4103 808 4144 numero
866 4088 1186 4160 signiﬁcari
1236 4085 1785 4143 convenientissima
1828 4101 1930 4156 po-

270 4167 410 4236 tuit,
435 4184 689 4242 quorum
723 4184 905 4226 unum
932 4185 1031 4240 per
1051 4169 1262 4224 Jonam
1290 4167 1658 4240 prophetam,
1681 4166 1928 4222 alterum

270 4263 365 4318 per
419 4250 809 4322 Septuaginta
865 4250 1249 4321 interpretum
1310 4248 1700 4320 prophetiam,
1732 4251 1926 4303 tamen

272 4344 422 4387 unus
449 4336 631 4401 atque
660 4333 814 4388 idem
862 4331 1113 4401 Spiritus
1153 4331 1316 4385 dixit.
1351 4329 1800 4401 Longitudinem
1832 4328 1928 4382 fu-

269 4411 379 4480 gio,
409 4425 480 4468 ut
514 4429 627 4467 non
660 4412 782 4469 haec
813 4429 913 4483 per
944 4411 1128 4468 multa
1177 4413 1594 4480 demonstrem,
1627 4410 1685 4465 in
1719 4409 1928 4482 quibus

271 4490 337 4546 ab
367 4491 642 4549 bebraica
669 4493 906 4548 veritate
938 4498 1215 4562 putantur
1240 4493 1616 4563 Septuaginta
1645 4490 1926 4561 interpre-

271 4578 350 4626 tes
379 4574 734 4644 discrepare,
768 4578 824 4628 et
854 4574 1000 4628 bene
1049 4572 1331 4628 intellecti
1381 4573 1763 4626 inveniuntur
1801 4586 1925 4626 esse

271 4655 606 4710 concordes.
640 4653 802 4709 Unde
831 4654 1004 4709 etiam
1048 4669 1154 4725 ego
1197 4669 1298 4723 pro
1331 4668 1458 4708 meo
1490 4652 1724 4708 modulo
1754 4652 1926 4706 vesti-

270 4733 362 4802 gia
389 4751 646 4806 sequens
675 4734 1104 4804 Apostolorum,
1137 4735 1272 4804 quia
1303 4741 1355 4788 et
1394 4733 1506 4804 ipsi
1538 4749 1605 4787 ex
1636 4731 1920 4802 utrisque,

274 4812 326 4868 id
357 4821 464 4883 est,
521 4831 590 4871 ex
645 4814 890 4870 hebraeis
943 4819 1000 4870 et
1037 4831 1105 4870 ex
1143 4814 1543 4885 Septuaginta,
1589 4811 1924 4867 testimonia

274 4894 600 4966 prophetica
623 4899 963 4968 posuerunt,
996 4902 1234 4965 utraque
1265 4893 1611 4948 auctoritate
1642 4891 1922 4947 utendum

275 4977 492 5042 putavi,
536 4977 813 5048 quoniam
868 4980 1116 5047 utraque
1172 4991 1290 5030 una
1341 4978 1514 5044 atque
1559 4972 1754 5027 divina
1812 4977 1919 5029 est.

272 5055 377 5110 Sed
402 5056 527 5125 jam
561 5073 688 5129 quae
713 5060 956 5125 restant,
989 5064 1048 5111 ut
1079 5070 1414 5126 possumus,
1447 5068 1844 5124 exsequamur.

335 5305 352 5338 ⁸
382 5301 467 5354 Sic
484 5304 609 5356 Mss.
637 5305 778 5355 Editi
806 5317 958 5369 vero,
983 5303 1209 5368 poteris.

1490 342 1716 402 LIBER
1764 341 2106 407 DECIMUS
2151 343 2528 407 OCTAVUS.

3571 349 3688 411 606

2046 475 2273 532 CAPUT
2303 476 2461 532 XLV.
2513 509 2580 518 —
2633 477 2781 546 Quod
2826 486 2944 550 post
2991 480 3458 540 instaurationem
3506 481 3698 554 templi

2113 559 2402 631 prophetas
2446 560 2632 614 Judaei
2679 561 2882 616 habere
2927 561 3252 631 destiterint,
3297 568 3348 618 et
3377 564 3575 618 exinde
3603 580 3697 619 us-

2114 655 2224 710 que
2269 642 2342 694 ad
2385 641 2728 697 nativitatem
2781 641 2991 697 Christi
3027 645 3302 698 continuis
3349 645 3696 701 adversitati-

2115 721 2210 775 bus
2261 723 2374 775 sint
2423 723 2648 790 afﬂicti,
2709 731 2765 777 ut
2817 724 3145 793 probaretur
3201 725 3432 780 alterius
3501 725 3701 793 templi

2113 799 2540 869 wdiﬁcationem
2593 801 2927 873 propheticis
2983 805 3203 859 vocibus
3251 806 3419 874 fuisse
3459 807 3698 876 promis-

2111 896 2249 937 sam.

2118 1018 2167 1072 1.
2204 1017 2584 1089 Posteaquam
2635 1033 2778 1089 gens
2827 1018 3033 1075 Judaea
3085 1021 3257 1092 coepit
3315 1038 3430 1076 non
3485 1022 3698 1078 habere

2042 1098 2378 1168 Prophetas,
2412 1099 2608 1169 procul
2637 1100 2815 1156 dubio
2846 1101 3098 1158 deterior
3129 1104 3276 1157 facta
3308 1110 3413 1173 est,
3447 1120 3512 1159 eo
3543 1103 3699 1159 scili-

2042 1183 2130 1233 cet
2186 1183 2467 1250 tempore,
2498 1197 2609 1250 quo
2666 1197 2729 1236 se
2785 1182 3057 1252 sperabat
3117 1183 3443 1239 instaurato
3475 1185 3694 1255 templo

2042 1263 2171 1328 post
2199 1259 2616 1330 captivitatem,
2649 1277 2773 1332 quas
2818 1263 2924 1316 fuit
2974 1263 3031 1317 in
3071 1263 3407 1334 Babylonia,
3441 1265 3695 1320 futuram

2040 1353 2165 1393 esse
2198 1340 2516 1396 meliorem.
2548 1341 2641 1396 Sic
2673 1342 2892 1413 quippe
2922 1342 3280 1416 intelligebat
3315 1344 3562 1416 p0pulus
3600 1343 3697 1400 ille

2040 1418 2306 1489 carnalis,
2342 1420 2496 1488 quod
2529 1423 2987 1491 praenuntiatum
3027 1430 3115 1479 est
3145 1441 3244 1494 per
3269 1428 3543 1497 Aggmum
3569 1441 3700 1495 pro-

2038 1499 2268 1569 phetam
2319 1501 2627 1568 dicentem,
2679 1503 2872 1572 Magna
2920 1506 3025 1559 erit
3073 1505 3255 1575 gloria
3307 1507 3503 1561 domus
3535 1505 3697 1560 istius

2036 1580 2367 1644 novissimae,
2396 1581 2519 1650 plus
2547 1598 2714 1651 quam
2771 1600 2989 1653 prima.
3023 1584 3182 1648 Quod
3229 1586 3297 1640 de
3327 1602 3474 1640 novo
3506 1586 3700 1641 Testa-

2037 1669 2229 1716 mento
2262 1661 2479 1716 dictum
2535 1678 2684 1728 esse,
2711 1663 2880 1733 paulo
2933 1665 3208 1731 superius
3255 1665 3694 1732 demonstravit,

2040 1739 2136 1796 ubi
2195 1740 2277 1796 ait
2333 1750 2527 1813 aperte
2584 1743 2880 1798 Christum
2933 1745 3299 1816 promittens,
3354 1746 3417 1799 Et
3473 1744 3695 1800 movebo

2038 1835 2220 1877 omnes
2248 1831 2451 1892 gentes,
2484 1832 2536 1876 et
2585 1825 2761 1878 veniet
2806 1825 3166 1880 Desideratus
3195 1825 3407 1881 cunctis
3448 1824 3699 1895 gentibus

2036 1903 2249 1970 (Aggaei
2281 1918 2340 1969 ιι,
2370 1902 2453 1968 10,
2487 1902 2561 1972 8).
2598 1904 2720 1968 Quo
2769 1902 2894 1960 loco
2944 1904 3325 1976 Septuaginta
3356 1905 3698 1976 interpretes

2044 1980 2221 2035 alium
2256 1997 2498 2036 sensum
2533 1983 2720 2054 magis
2751 1985 2976 2054 corpori
3007 2001 3182 2054 quam
3216 1984 3412 2054 capiti,
3445 1983 3553 2040 hoc
3584 1990 3694 2050 est,

2039 2061 2221 2129 magis
2270 2060 2538 2117 Ecclesiae
2587 2078 2761 2132 quam
2804 2063 3027 2118 Christo
3077 2065 3514 2120 convenientem
3567 2081 3698 2134 pro-

2040 2141 2270 2210 phetica
2327 2145 2668 2198 auctoritate
2723 2142 3024 2200 dixerunt:
3071 2145 3302 2201 Veniant
3359 2161 3476 2215 quae
3521 2145 3697 2200 electa

2038 2225 2161 2275 sunt
2193 2223 2420 2278 Domini
2446 2223 2509 2278 de
2537 2226 2746 2280 cunctis
2774 2227 3050 2294 gentibus,
3098 2227 3153 2281 id
3188 2231 3277 2281 est
3307 2226 3594 2290 homines,
3629 2226 3699 2280 de

2039 2303 2251 2372 quibus
2326 2304 2448 2375 ipse
2520 2305 2688 2361 Jesus
2755 2307 2814 2360 in
2884 2307 3424 2377 Evangelio,lllulti,
3486 2307 3697 2378 inquit,

2039 2384 2236 2451 vocati,
2269 2385 2436 2456 pauci
2497 2402 2622 2441 vero
2671 2387 2829 2443 electi
2858 2389 3068 2458 (Matth.
3129 2406 3270 2454 XXII,
3317 2390 3424 2459 14).
3458 2387 3700 2443 Talibus

2039 2463 2199 2519 enim
2259 2465 2457 2520 electis
2488 2466 2776 2538 gentium,
2829 2468 3038 2523 domus
3082 2468 3180 2525 Dei
3228 2467 3547 2523 aedificatur
3601 2483 3702 2538 per

2041 2545 2487 2602 Testamentum
2522 2563 2735 2603 novum
2767 2547 3064 2619 lapidibus
3095 2549 3260 2616 vivis,
3295 2552 3466 2621 longe
3489 2547 3697 2619 glorio-

2042 2625 2178 2694 sior,
2214 2644 2390 2699 quam
2426 2628 2704 2700 templum
2746 2628 2890 2684 illud
2945 2631 3072 2700 fuit,
3119 2632 3272 2703 quod
3306 2649 3340 2686 a
3370 2647 3500 2702 rege
3533 2628 3698 2685 Salo-

2040 2721 2211 2762 mone
2241 2712 2639 2765 constructum
2672 2717 2779 2776 est,
2814 2717 2866 2766 et
2899 2715 3030 2782 post
3052 2712 3447 2782 captivitatem
3481 2711 3704 2765 instau-

2039 2791 2244 2842 ratum.
2278 2790 2520 2860 Propter
2551 2791 2656 2845 boc
2689 2806 2826 2862 ergo
2859 2807 2960 2846 nec
2985 2791 3300 2861 Prophetas
3327 2808 3395 2847 ex
3424 2789 3522 2846 illo
3553 2794 3700 2845 tem-

2039 2883 2175 2938 pore
2225 2868 2432 2924 habuit
2487 2869 2588 2926 illa
2635 2886 2800 2942 gens,
2845 2875 2901 2928 et
2933 2872 3137 2928 multis
3186 2873 3454 2928 cladibus
3486 2868 3700 2926 afﬂicta

2037 2952 2126 3002 est
2154 2948 2227 3002 ab
2257 2948 2600 3022 alienigenis
2659 2953 2916 3022 regibus,
2976 2952 3239 3024 ipsisque
3287 2950 3587 3018 Romanis,
3623 2963 3694 3004 ne

2035 3026 2186 3083 hanc
2215 3030 2413 3101 Aggaei
2438 3031 2796 3101 prophetiam
2823 3032 2881 3088 in
2914 3032 3014 3089 illa
3045 3033 3468 3090 instauratione
3491 3029 3696 3102 templi

2035 3109 2373 3180 opinaretur
2403 3111 2724 3182 impletum.

2101 3190 2155 3244 2.
2189 3189 2311 3246 Non
2361 3191 2548 3248 multo
2609 3193 2765 3249 enim
2816 3200 2947 3266 post
2981 3195 3325 3252 adveniente
3371 3192 3696 3249 Alexandro

2034 3269 2346 3342 subjugata
2363 3277 2451 3328 est
2470 3275 2564 3343 (a);
2585 3276 2821 3345 quando
2841 3276 2950 3331 etsi
2976 3276 3138 3332 nulla
3157 3277 3304 3332 tacta
3322 3283 3409 3331 est
3424 3271 3691 3340 vastatio,

2035 3352 2311 3420 quoniam
2344 3369 2461 3408 non
2501 3361 2642 3410 sunt
2673 3355 2800 3410 ausi
2828 3356 2877 3411 ei
2914 3356 3204 3425 resistere,
3245 3363 3297 3410 et
3329 3357 3458 3410 ideo
3492 3355 3686 3425 placa-

2034 3432 2156 3485 tum
2191 3431 2465 3489 facillime
2512 3435 2730 3490 subditi
2781 3441 3137 3507 receperunt,
3181 3452 3293 3492 non
3339 3440 3463 3491 erat
3493 3443 3688 3489 tamen

2035 3507 2218 3580 gloria
2248 3515 2410 3566 tanta
2473 3513 2679 3569 domus
2726 3514 2908 3582 illius,
2943 3520 3162 3586 quanta
3205 3516 3316 3570 fuit
3343 3515 3406 3569 in
3450 3527 3688 3567 suorum

2035 3607 2236 3661 regum
2297 3591 2479 3647 libera
2537 3598 2842 3664 potestate.
2906 3595 3134 3650 Hostias
3192 3610 3329 3650 sane
3366 3592 3690 3648 Alexander

2034 3671 2360 3727 immolavit
2392 3673 2450 3727 in
2483 3672 2586 3729 Dei
2619 3675 2859 3746 templo,
2897 3692 3009 3731 non
3042 3677 3109 3730 ad
3146 3676 3270 3746 ejus
3303 3675 3521 3731 cultum
3555 3687 3690 3728 vera
3723 3678 3730 3685 '

2036 3753 2251 3823 pietate
2306 3770 2642 3825 conversus,
2702 3755 2802 3810 sed
2864 3756 3040 3828 impia
3098 3758 3356 3812 vanitate
3409 3771 3543 3810 cum
3576 3753 3688 3808 diis

2035 3849 2170 3890 eum
2231 3833 2394 3890 falsis
2452 3835 2762 3892 colendum
2823 3847 3052 3910 putans.
3089 3837 3306 3893 Deinde
3341 3836 3684 3892 Ptolemaeus

2035 3915 2166 3988 Lagi
2200 3916 2374 3986 filius,
2403 3918 2557 3988 quod
2591 3935 2764 3989 supra
2806 3920 3147 3987 memoravi,
3198 3927 3326 3991 post
3373 3915 3686 3974 Alexandri

2036 4001 2282 4052 mortem
2316 3999 2570 4069 captivos
2598 3999 2728 4054 inde
2759 3999 2818 4055 in
2850 4001 3157 4072 Egyptum
3190 3999 3510 4067 transtulit,
3543 4013 3688 4068 quos

2033 4078 2160 4149 ejus
2211 4094 2515 4135 successor
2561 4079 2909 4137 Ptolemaeus
2968 4081 3383 4153 Philadelphus
3441 4081 3690 4135 benevo-

2033 4159 2355 4216 lentissime
2382 4161 2519 4217 inde
2548 4161 2802 4218 dimisit:
2837 4179 2940 4235 per
2960 4179 3130 4234 quem
3157 4163 3366 4218 factum
3400 4166 3506 4228 est,
3533 4159 3685 4232 quod

2031 4241 2205 4312 paulo
2252 4246 2387 4297 ante
2445 4243 2696 4312 narravi,
2756 4249 2821 4299 ut
2869 4244 3252 4316 Septuaginta
3301 4244 3683 4312 interpretum

2029 4324 2357 4394 Scripturas
2390 4324 2758 4382 haberemus.
2808 4326 3023 4382 Deinde
3055 4325 3287 4382 contriti
3319 4329 3459 4380 sunt
3489 4323 3682 4392 bellis,

2032 4421 2156 4475 quae
2190 4405 2245 4459 in
2276 4405 2738 4462 Machabteorum
2771 4407 2936 4463 libris
2967 4407 3348 4479 explicantur.
3394 4405 3526 4461 Post
3564 4405 3684 4459 hth

2031 4485 2182 4556 capti
2215 4503 2247 4541 a
2279 4503 2406 4556 rege
2438 4487 2792 4544 Alexandria:
2817 4489 3145 4557 Ptolemaeo,
3180 4489 3277 4560 qui
3308 4494 3395 4545 est
3425 4485 3683 4559 appella-

2027 4569 2122 4622 tus
2177 4567 2507 4639 Epiphanes
2528 4570 2636 4641 (b);
2701 4571 2834 4626 inde
2883 4571 2952 4625 ab
3011 4571 3299 4626 Antiocho
3345 4587 3479 4641 rege
3509 4567 3685 4640 Syrias

2031 4647 2230 4704 multis
2257 4654 2313 4705 et
2342 4651 2699 4722 gravissimis
2752 4650 2921 4706 malis
2964 4653 3034 4706 ad
3069 4651 3225 4706 idola
3255 4650 3496 4706 colenda
3527 4665 3686 4703 com-

2029 4729 2204 4800 pulsi,
2246 4732 2646 4803 templumque
2693 4733 2885 4802 ipsum
2938 4731 3216 4802 repletum
3249 4731 3549 4799 sacrilegis
3579 4744 3686 4781 su—

2029 4811 2464 4880 perstitionibus
2507 4813 2792 4882 gentium,
2830 4813 2982 4882 quod
3044 4819 3235 4865 tamen
3306 4811 3421 4864 dux
3477 4822 3682 4864 eorum

2028 4892 2472 4948 strenuissimus
2503 4892 2709 4957 Judas,
2761 4892 2896 4961 quis
2940 4889 3115 4945 etiam
3158 4888 3524 4944 Machabzeus
3555 4888 3680 4942 dic-

2028 4975 2126 5028 tus
2155 4981 2261 5040 est,
2294 4973 2564 5028 Antiochi
2586 4973 2837 5027 ducibus
2869 4971 3073 5042 pulsis,
3108 4971 3178 5027 ab
3225 4971 3384 5028 omni
3419 4969 3520 5026 illa
3551 4969 3684 5026 ido-

2026 5051 2268 5107 lolatrias
2301 5051 2793 5107 contaminatione
2827 5051 3243 5124 mundavit(c).

2093 5131 2148 5186 3.
2187 5131 2310 5188 Non
2362 5136 2559 5187 autem
2608 5131 2788 5188 multo
2839 5136 2971 5204 post
2997 5131 3259 5188 Alcimus
3309 5131 3549 5204 quidam
3582 5145 3684 5202 per

2025 5212 2428 5278 ambitionem,
2462 5229 2596 5268 cum
2629 5230 2660 5268 a
2707 5227 2918 5284 genere
2965 5213 3309 5271 sacerdolali
3353 5217 3508 5270 esset
3537 5211 3685 5268 alie-

2025 5309 2157 5362 nus,
2191 5295 2340 5366 quod
2365 5294 2527 5350 nefas
2559 5301 2700 5365 erat,
2750 5293 3012 5366 pontifex
3064 5295 3256 5352 factus
3286 5293 3492 5365 est(d).
3536 5291 3683 5350 Hinc

2082 5470 2164 5535 (ᾳ)
2182 5469 2466 5535 Josephus.
2490 5469 2685 5535 _libg.,_tt
2714 5471 2899 5535 Antiq.
2929 5472 3072 5535 Jud.,
3103 5483 3218 5535 cap.
3249 5471 3299 5521 8.

2083 5531 2148 5593 (b)
2171 5531 2318 5580 Cont.
2351 5533 2549 5593 enmd.,
2578 5533 2670 5582 lib.
2704 5533 2784 5589 12.
2818 5531 2936 5593 οιὶρ.
2964 5534 3011 5583 3.

2079 5595 2153 5657 (ο)
2179 5595 2334 5660 ibid,
2488 5596 2578 5646 cit.
2601 5609 2752 5660 capp.
2785 5597 2832 5654 7,
2863 5595 2901 5646 8
2921 5601 2975 5647 et
3004 5597 3295 5660 IMachab.
3329 5613 3394 5648 vt.

2080 5658 2476 5772 (Dd)115Machab.
2507 5673 2597 5720 vn,
2650 5658 2720 5710 et
2747 5660 3023 5725 Josephus,
3073 5661 3170 5714 lib.
3221 5659 3282 5712 12
3323 5661 3506 5726 Antiq.
3541 5659 3687 5718 Jnd-t
