4110 6196
375 306 490 369 6οἾ

366 441 487 512 jam
514 442 638 510 post
669 455 852 494 annos
882 437 1059 493 ferme
1109 433 1559 507 quinquaginta,
1603 433 1660 488 in
1693 431 1908 504 quibus
1939 430 2025 486 eis

375 529 568 578 tamen
619 538 725 593 pax
773 536 888 574 non
941 518 1072 584 fuit,
1120 516 1390 588 quamvis
1439 516 1637 588 aliqua
1667 523 1720 569 et
1751 528 2026 586 prospere

372 603 682 675 gesserint,
713 601 934 673 primus
984 599 1136 670 apud
1183 614 1281 654 eos
1319 595 1690 653 Aristobulus
1731 597 2026 665 assumpto

375 684 718 748 diademate,
754 686 810 736 et
839 696 936 736 rex
965 685 1022 735 et
1071 679 1330 750 pontifex
1380 679 1563 733 factus
1603 681 1694 732 est
1724 678 1818 746 (α).
1846 678 2030 750 Antea

375 765 610 834 quippe,
670 779 739 817 ex
791 776 904 833 quo
946 761 1017 816 de
1062 748 1384 830 Babyloniae
1432 758 1769 830 captivitate
1815 748 2028 812 reversi

375 853 536 910 sunt,
560 844 961 914 templumque
987 841 1380 895 instauratum
1423 843 1531 901 est,
1567 854 1681 894 non
1714 853 1899 908 reges,
1931 836 2028 891 sed

375 927 549 980 duces
579 925 666 978 vel
699 922 991 994 principes
1021 921 1344 976 habuerunt
1371 937 1383 974 :
1426 918 1688 989 quamvis
1719 926 1772 974 et
1803 919 1898 988 qui
1931 932 2032 972 rex

375 1010 482 1075 est,
530 1004 716 1074 possit
761 1003 876 1059 dici
919 1002 1189 1075 princeps
1229 1019 1263 1058 a
1311 999 1639 1072 principatu
1676 997 2029 1070 imperandi.

374 1091 432 1141 et
463 1086 579 1140 dux
609 1101 673 1142 eo
706 1085 858 1156 quod
893 1083 967 1138 sit
998 1083 1204 1138 ductor
1247 1082 1536 1138 exercitus
1563 1098 1575 1136 :
1609 1080 1710 1135 sed
1745 1095 1858 1134 non
1891 1095 2029 1134 con-

374 1167 537 1220 tinuo
583 1165 939 1237 quicumque
989 1163 1279 1236 principes
1307 1162 1396 1218 vel
1443 1163 1618 1216 duces
1660 1168 1814 1227 sunt,
1856 1160 2030 1216 etiam

374 1264 538 1318 reges
572 1247 683 1303 dici
717 1251 981 1319 possunt,
1016 1247 1170 1317 quod
1221 1245 1330 1301 iste
1381 1244 1740 1301 Aristobulus
1774 1243 1896 1299 fuit.
1931 1238 2030 1300 Cui

375 1328 656 1384 successit
712 1327 1054 1394 Alexander,
1114 1326 1288 1382 etiam
1347 1325 1472 1396 ipse
1525 1341 1623 1380 rex
1663 1327 1719 1378 et
1753 1323 2029 1394 pontifex,

375 1408 475 1479 qui
503 1407 816 1462 crudeliter
847 1408 904 1461 in
964 1423 1102 1463 suos
1161 1422 1435 1476 regnasse
1492 1404 1850 1474 traditur(b).
1897 1408 2034 1459 Post

372 1489 528 1543 hunc
588 1505 731 1544 uxor
815 1489 944 1558 ejus
1020 1488 1352 1542 Alexandra
1425 1485 1627 1556 regina
1691 1485 2027 1540 Judteorum

377 1569 480 1621 fuit
530 1569 620 1637 (c),
672 1585 739 1621 ex
769 1569 936 1637 cujus
982 1571 1240 1636 tempore
1286 1570 1342 1620 et
1389 1566 1664 1635 deinceps
1710 1564 1864 1619 mala
1894 1568 2033 1619 sunt

377 1663 475 1702 eos
507 1653 702 1702 secuta
742 1649 1028 1719 graviora.
1064 1648 1192 1702 Filii
1241 1646 1456 1717 quippe
1489 1647 1666 1715 hujus
1692 1645 2030 1701 Alexandra:

376 1727 753 1783 Aristobulus
785 1733 841 1783 et
867 1727 1172 1799 Hyrcanus
1205 1729 1359 1782 inter
1388 1744 1448 1782 se
1480 1728 1550 1782 de
1580 1727 1828 1797 imperio
1870 1727 2034 1782 dimi-

378 1814 594 1874 cantes,
626 1809 773 1864 vires
805 1810 1078 1864 adversus
1107 1808 1478 1863 Israeliticam
1511 1813 1738 1879 gentem
1766 1823 2034 1879 provoca-

379 1903 508 1944 vere
553 1893 866 1944 Romanas.
914 1887 1210 1960 Hyrcanus
1268 1903 1521 1958 namque
1573 1886 1645 1941 ab
1694 1886 1778 1942 eis
1825 1892 2033 1942 contra

379 1971 616 2026 fratrem
671 1969 930 2041 poposcit
985 1968 1262 2024 auxilium
1305 1968 1407 2038 (d).
1465 1969 1631 2023 Tunc
1680 1968 1805 2038 jam
1852 1968 2034 2023 Roma

381 2051 792 2121 subjugaverat
821 2049 1095 2115 Africam,
1131 2049 1860 2120 subjugaveratGrmciam,
1895 2049 2033 2104 late-

381 2145 493 2201 que
523 2130 696 2184 etiam
745 2128 875 2185 aliis
909 2127 1063 2183 orbis
1106 2129 1372 2199 partibus
1420 2128 1718 2200 imperans
1750 2132 2029 2199 tanquam

379 2227 442 2266 se
475 2211 662 2282 ipsam
711 2211 859 2265 ferre
907 2227 1022 2266 non
1068 2209 1290 2276 valens,
1341 2226 1447 2265 sua
1497 2227 1560 2266 se
1591 2210 2029 2283 qudoammodo

379 2289 781 2362 magnitudine
825 2291 1092 2361 fregerat.
1136 2289 1480 2346 Pervenerat
1529 2291 1747 2362 quippe
1771 2291 1838 2346 ad
1871 2290 2032 2346 sedi-

378 2371 564 2429 tiones
593 2371 940 2428 domeslicas
988 2386 1206 2441 graves,
1257 2374 1426 2442 atque
1472 2370 1608 2426 inde
1650 2372 1720 2426 ad
1756 2370 1905 2427 bella
1934 2387 2030 2428 so-

379 2453 568 2521 cialia,
601 2468 847 2524 moxque
877 2451 1090 2520 civilia,
1137 2457 1479 2523 tantumque
1520 2469 1582 2508 se
1613 2451 2032 2509 comminuerat

379 2539 551 2604 atque
581 2533 898 2601 attriverat,
933 2538 994 2588 ut
1023 2534 1076 2589 ei
1107 2534 1426 2590 mutandus
1458 2533 1788 2604 reipublicae
1821 2539 2029 2597 status,

380 2632 494 2687 quo
527 2620 824 2686 regeretur
855 2614 1108 2686 regibus,
1159 2614 1508 2670 immineret.
1536 2617 1852 2686 Pompeius
1896 2631 2032 2687 ergo

378 2697 578 2768 populi
620 2695 868 2751 Romani
913 2694 1386 2765 praeclarissimas
1433 2695 1722 2767 princeps,
1764 2696 2028 2752 Judaeam

379 2790 510 2829 cum
543 2774 798 2830 exercitu
863 2773 1165 2846 ingressus
1213 2774 1508 2830 civitatem
1540 2775 1712 2845 capit,
1744 2775 2029 2846 templum

379 2857 618 2919 reserat,
651 2869 767 2909 non
794 2854 1098 2910 devotione
1127 2853 1427 2926 supplicis,
1462 2855 1562 2910 sed
1601 2855 1738 2925 jure
1776 2854 2028 2926 victoris,

378 2939 434 2989 et
455 2935 526 2990 ad
560 2937 764 2992 sancta
809 2939 1166 3003 sanctorum,
1211 2951 1323 3005 quo
1354 2935 1462 2990 nisi
1515 2951 1803 2991 summum
1839 2951 2028 2991 sacer-

376 3015 570 3070 dotem
612 3031 725 3070 non
769 3014 979 3071 licebat
1028 3015 1267 3081 intrare,
1317 3032 1433 3071 non
1482 3019 1544 3070 ut
1572 3019 1895 3084 venerator,
1929 3015 2030 3072 sed

377 3101 442 3151 ut
472 3096 805 3166 profanator
833 3096 1091 3152 accedit:
1121 3096 1581 3168 confirmatoque
1613 3096 1858 3168 Hyrcani
1895 3113 2033 3168 pon-

377 3176 620 3245 tiflcatu,
660 3181 717 3232 et
747 3176 876 3246 subj
890 3182 1076 3247 ugataa
1105 3177 1261 3247 genti
1283 3177 1557 3248 imposito
1595 3177 1838 3233 custode
1867 3178 2029 3233 Anti-

380 3264 562 3332 patro,
599 3275 747 3331 quos
789 3268 928 3313 tunc
969 3263 1376 3330 procuratores
1421 3258 1724 3328 vocabant,
1777 3261 2028 3316 vinctum

377 3357 573 3397 secum
616 3338 1018 3396 Aristobulum
1059 3339 1334 3409 ducit(e).
1386 3339 1462 3395 Ex
1501 3339 1604 3396 illo
1633 3339 1820 3395 Judaei
1853 3341 2030 3396 etiam

378 3421 672 3478 tributarii
705 3420 1098 3476 Romanorum
1128 3436 1252 3476 esse
1299 3425 1621 3494 coeperunt.
1653 3419 1858 3477 Postea
1887 3421 2030 3478 Cas-

377 3503 503 3560 sius
549 3503 617 3574 (f)
665 3505 838 3558 etiam
884 3501 1164 3573 templum
1217 3501 1582 3573 exspoliavit.
1645 3502 1858 3557 Deinde
1903 3507 2031 3574 post

378 3599 596 3656 paucos
645 3599 830 3640 annos
873 3582 1046 3638 etiam
1090 3583 1372 3639 Herodem
1415 3581 1803 3653 alienigenam
1835 3599 2029 3655 regem

380 3664 594 3720 habere
643 3667 1000 3732 meruerunt,
1033 3679 1149 3734 quo
1193 3665 1472 3734 regnante
1515 3667 1686 3718 natus
1717 3670 1803 3718 est
1833 3661 2029 3718 Chris-

379 3746 590 3815 tus(g).
635 3743 764 3800 Jam
808 3743 962 3801 enim
995 3748 1231 3799 venerat
1280 3742 1578 3814 plenitudo
1622 3743 1903 3812 temporis
1949 3743 2032 3798 si-

439 3872 522 3934 (a)
548 3869 697 3921 Cont.
724 3884 886 3934 supra
912 3884 1026 3934 cap.
1056 3869 1132 3934 36.

443 3931 509 3998 (ὁ)
541 3934 688 3984 Conf.
718 3931 1023 3997 Josephum,
1050 3933 1142 3982 lib.
1179 3931 1239 3998 1_3_
1272 3933 1472 3996 Antiq.,
1505 3945 1599 3996 cap
1631 3932 1706 3983 12.

442 3996 511 4060 (ο)
547 3996 1006 4061 Ιοεθρὴιιείψίᾱη
1039 4010 1151 4059 cap.
1186 3996 1260 4044 16.

442 4058 515 4122 (ἆ)
545 4058 824 4124 Josephus,
853 4059 946 4110 lib.
986 4060 1060 4115 14,
1091 4058 1240 4121 capp.
1272 4058 1303 4107 3
1331 4061 1385 4124 et
1416 4072 1562 4124 seqq.

441 4120 517 4184 (e)
572 4120 790 4172 Factum
841 4123 942 4172 hac
975 4135 1116 4172 anno
1155 4120 1398 4172 "secundo
1427 4120 1755 4184 Olympiadis
1789 4120 1895 4178 179,
1914 4135 2032 4172 con-

382 4185 588 4235 sulibus
638 4186 812 4235 Marco
857 4185 1029 4234 Tullio
1081 4184 1327 4234 Cicerone
1385 4188 1439 4234 et
1483 4185 1608 4234 Caio
1661 4185 1894 4234 Antonio
1940 4186 2031 4235 Ne-

379 4251 519 4311 pote,
575 4251 637 4297 ut
706 4247 869 4311 tradit
935 4248 1240 4311 Josephus,_
1277 4248 1674 4310 Antiquitatum
1736 4248 1874 4297 libro
1951 4247 2028 4311 14.

381 4308 506 4422 Ep;
573 4313 622 4369 4,
691 4311 717 4372 §
779 4309 854 4367 3;
929 4308 1074 4358 ante
1125 4308 1650 4360 Christum—natum
1720 4323 1863 4360 anno
1947 4309 2027 4360 63.

511 4387 616 4419 BIB.

511 4387 616 4419 BIB.

445 4435 522 4493 (Γ)
571 4434 724 4483 Forte
787 4433 1089 4494 legendum,
1157 4433 1392 4484 Crassus
1421 4449 1440 4484 :
1493 4449 1620 4486 nam
1679 4435 1727 4484 is
1794 4449 1916 4486 cum
1974 4435 2032 4484 in

381 4495 606 4546 Parthos
662 4495 1219 4560 tenderettspoliavit
1273 4500 1531 4560 templum
1601 4498 1726 4548 8000
1797 4499 2031 4558 talentis,

381 4561 439 4609 id
493 4561 590 4618 est,
642 4557 720 4616 43,
782 4557 1013 4615 200,000‘
1047 4559 1200 4609 libris
1263 4557 1476 4612 nostrae
1539 4565 1800 4612 monetae.
1858 4563 2035 4611 Refert

381 4624 660 4686 Josephus,
729 4622 1126 4686 Antiquitatum
1199 4624 1336 4674 libro
1421 4624 1497 4680 1-1,
1557 4638 1671 4686 cap.
1753 4625 1802 4674 7.
1897 4625 2035 4674 Haec

381 4685 519 4738 acta’
558 4687 684 4736 sunt
743 4699 885 4736 anno
931 4685 993 4734 53
1049 4689 1173 4736 ante
1210 4687 1494 4736 Christum
1552 4685 1759 4735 natum.
1821 4686 2035 4735 Cassius

381 4763 528 4811 vero,
590 4750 811 4800 Caesare
867 4750 1054 4804 occiso.
1118 4752 1266 4799 venit
1324 4749 1380 4797 in
1429 4748 1641 4811 Syriam
1697 4750 1750 4796 et
1778 4749 2035 4811 _Judaeae

380 4809 645 4864 tributum
690 4814 978 4876 imperavit
1017 4811 1110 4862 700
1157 4809 1500 4872 talentorum,
1551 4811 1607 4859 id
1644 4813 1725 4876 est
1763 4809 2034 4876 3,780,000

381 4876 640 4926 librarum
687 4873 900 4926 nostrae
955 4877 1244 4934 monetae;
1303 4887 1445 4923 anno
1490 4875 1615 4924 ante
1655 4873 1924 4923 Christum
1950 4873 2030 4925 43.

380 4940 569 4990 Narrat
594 4940 873 5003 Iosephus,
900 4939 1097 5003 ibidem
1123 4952 1239 5000 cap.
1274 4937 1350 5003 11,
1378 4937 1416 5003 ἓ
1440 4937 1486 4986 2.
1525 4937 1756 4986 Lucan.

447 5005 518 5065 (g)
551 5001 779 5052 Herodes
805 5002 1016 5065 obtinet,
1055 5015 1276 5065 regnum
1317 5001 1550 5065 Judaeae
1605 5015 1671 5050 ex
1699 5002 2036 5051 senatuscon-

383 5062 542 5121 sulto.
573 5078 716 5114 anno
743 5067 868 5114 ante
901 5062 1169 5113 Christum
1197 5063 1274 5112 40.
1307 5062 1548 5112 Christus
1576 5066 1736 5113 natus
1773 5078 1887 5114 esse
1921 5078 2036 5114 cre-

383 5129 529 5179 ditur
555 5141 696 5178 anno
724 5128 916 5190 quarto
944 5126 1268 5190 Olympiadis
1302 5125 1410 5184 194,
1455 5127 1610 5176 Urbis
1651 5127 1895 5176 conditae
1921 5127 2033 5190 753.

383 5191 513 5242 Hinc
546 5204 672 5240 aera
718 5190 1023 5240 Christiana
1064 5189 1254 5250 incipit
1296 5202 1438 5238 anno
1485 5190 1727 5248 sequenti
1775 5189 1884 5240 754.
1935 5189 2037 5238 Sed

380 5267 568 5305 revera
593 5256 754 5304 natus
783 5255 863 5302 est
891 5265 1032 5301 anno
1079 5251 1325 5314 secundo,
1354 5253 1675 5314 Olympiadis
1719 5252 1826 5311 193,
1875 5253 2036 5314 paulo

385 5322 674 5380 antequam
711 5316 1050 5380 consulatum
1079 5314 1279 5362 inirent
1315 5313 1559 5380 Decimus
1587 5315 1795 5380 Laelius
1842 5313 2036 5380 Balbus

387 5383 439 5430 et
487 5377 646 5429 Caius
697 5379 964 5428 Antistius
993 5377 1173 5434 Vetus,
1205 5389 1347 5425 anno
1378 5377 1531 5427 Urbis
1578 5378 1823 5429 conditae
1848 5377 1960 5431 748,
1981 5377 2037 5426 id

385 5445 464 5492 est
503 5443 742 5505 quinque
770 5441 944 5499 annis,
975 5453 1169 5505 novem
1197 5439 1470 5505 mensibus
1493 5443 1570 5505 et_
1607 5443 1807 5503 septem
1849 5440 2036 5505 diebus

387 5502 539 5554 ante_
559 5502 738 5554 seram
785 5505 1079 5567 vulgarem.
1110 5502 1244 5552 Hinc
1261 5503 1642 5567 Areformandus
1671 5502 1877 5554 auctor
1912 5503 2037 5552 libri

385 5567 472 5619 cui
510 5567 705 5617 titulus
753 5571 852 5625 est,
887 5564 1046 5616 'l’Art
1093 5567 1157 5615 de
1206 5564 1428 5628 veriﬁer
1473 5566 1551 5614 les
1598 5566 1767 5626 dates,
1799 5567 1884 5616 cui
1929 5580 2039 5616 non

385 5629 605 5702 cautum
634 5630 743 5702 {ait
754 5631 858 5702 "de
872 5630 1081 5702 ratione
1116 5628 1519 5702 olympiadumz
1533 5629 1722 5702 Annus
1750 5693 1760 5702 _
1772 5631 2041 5702 secundus

387 5690 706 5754 olympiadis
726 5690 818 5741 193
844 5692 1040 5756 incepit
1067 5690 1246 5745 mense
1275 5690 1445 5756 iunio,
1476 5691 1616 5744 circa
1637 5691 1926 5743 solstitium
1947 5705 2043 5746 ae-

1430 298 1532 358 na:
1575 295 1943 358 CIVITATE
1990 294 2142 374 DEI,
2189 294 2252 356 s.
2297 297 2720 362 AUGUSTINI

3669 298 3786 360 608

2135 439 2408 511 gnificata
2455 443 2790 516 prophetico
2837 443 3058 517 Spiritu
3090 458 3193 515 per
3220 459 3284 500 os
3308 441 3650 515 patriarcha
3680 440 3790 498 Ja-

2136 523 2265 592 cob,
2297 524 2395 579 ubi
2427 523 2539 580 ait:
2579 525 2694 580 Non
2748 525 2970 595 deﬁciet
3006 525 3261 597 princeps
3305 540 3374 581 ex
3403 523 3565 591 Iuda,
3614 538 3791 594 neque

2134 603 2251 661 dua:
2277 605 2342 660 de
2368 607 2672 676 femoribus
2729 622 2868 678 ejus,
2915 607 3082 662 donec
3129 609 3314 662 veniat
3357 608 3448 661 cui
3491 607 3790 676 repositum

2134 689 2230 751 est,
2263 693 2317 740 et
2347 688 2460 757 ipse
2490 690 2818 758 exspectatio
2858 687 3111 757 gentium
3139 687 3294 757 (Gen.
3333 704 3482 755 χιιι,
3519 687 3627 754 10).
3663 685 3788 741 Non

2135 780 2270 836 ergo
2309 766 2493 820 defuit
2531 765 2860 822 Judteorum
2911 767 3184 838 princeps
3231 783 3301 822 ex
3329 766 3573 833 Judaeis,
3607 780 3789 834 usque

2137 845 2207 899 ad
2248 845 2423 900 istum
2458 846 2760 911 Herodem,
2795 863 2965 918 quem
2988 847 3240 918 primum
3275 850 3621 917 acceperunt
3651 843 3790 900 alie-

2137 926 2402 996 nigenam
2429 943 2638 998 regem.
2691 930 2940 999 Tempus
2985 944 3122 1000 ergo
3139 930 3262 1000 jam
3299 934 3442 992 erat,
3479 931 3543 982 ut
3573 927 3794 982 veniret

2138 1006 2234 1062 ille
2255 1008 2346 1063 cui
2381 1008 2694 1078 repositum
2745 1015 2884 1079 erat,
2933 1010 3086 1080 quod
3123 1025 3268 1065 novo
3311 1008 3664 1080 promissum
3702 1010 3794 1063 est

2137 1087 2530 1156 Testamento,
2585 1095 2650 1143 ut
2705 1088 2832 1160 ipse
2879 1093 3035 1144 esset
3093 1088 3443 1160 exspectatio
3500 1086 3786 1159 gentium.

2142 1167 2285 1223 Fieri
2336 1172 2528 1224 autem
2580 1185 2697 1223 non
2754 1172 2970 1239 posset,
3032 1172 3096 1224 ut
3154 1173 3555 1240 exspectarent
3585 1171 3792 1238 gentes

2137 1262 2269 1303 eum
2303 1256 2630 1313 venturum,
2664 1248 2816 1304 sicut
2845 1265 2981 1304 eum
3027 1249 3321 1304 cernimus
3353 1249 3695 1318 exspectari,
3729 1250 3794 1302 ut

2139 1329 2420 1384 veniatad
2471 1328 2800 1385 faciendum
2843 1329 3132 1400 judicium
3168 1329 3227 1384 in
3281 1329 3542 1384 claritate
3592 1333 3794 1400 poten-

2140 1411 2252 1476 tiae,
2284 1409 2395 1464 nisi
2422 1410 2580 1480 prius
2611 1409 2668 1464 in
2717 1427 2846 1465 eum
2881 1411 3204 1477 crederent,
3235 1426 3366 1466 cum
3395 1412 3553 1464 venit
3584 1409 3652 1464 ad
3689 1425 3792 1480 pa-

2142 1490 2397 1544 tiendum
2424 1489 2711 1560 judicium
2747 1490 2803 1544 in
2837 1489 3160 1545 humilitate
3190 1490 3503 1560 patientiae.

2139 1646 2374 1702 CAPUT
2404 1648 2604 1703 XLVI.
2633 1679 2699 1690 —
2731 1650 2806 1705 De
2851 1654 2976 1705 ortu
3024 1649 3333 1704 Saluatoris
3371 1648 3564 1712 nostri,
3596 1662 3796 1702 secun-

2210 1727 2340 1782 dum
2387 1729 2526 1800 quod
2580 1731 2804 1785 Verbum
2853 1745 2980 1786 caro
3001 1733 3208 1799 factum
3250 1738 3368 1796 est;
3397 1730 3541 1785 etde
3571 1729 3794 1797 disper-

2208 1811 2360 1864 sione
2411 1810 2727 1868 ladem-um
2782 1828 2878 1884 per
2925 1827 3106 1868 omnes
3152 1815 3369 1886 gentes,
3413 1810 3560 1867 sicut
3598 1813 3797 1881 fuerat

2207 1893 2605 1963 praphetatum.

2211 2027 2509 2100 Regnante
2539 2045 2676 2102 ergo
2709 2028 2930 2085 Herode
2961 2029 3020 2086 in
3052 2029 3276 2099 Judaea,
3308 2029 3465 2100 apud
3502 2029 3798 2084 Romanos

2140 2117 2328 2163 autem
2353 2107 2472 2177 jam
2505 2114 2724 2166 mutato
2748 2109 3082 2181 reipublicae
3107 2114 3282 2178 statu,
3315 2109 3642 2180 imperante
3672 2109 3797 2164 Cae-

2139 2205 2268 2246 sare
2299 2195 2580 2263 Augusto,
2631 2196 2687 2247 et
2727 2208 2828 2264 per
2869 2207 3003 2248 eum
3041 2191 3178 2248 orbe
3226 2195 3449 2264 pacato,
3503 2196 3671 2248 natus
3701 2195 3800 2246 est

2138 2271 2403 2328 Christus
2433 2275 2759 2330 secundum
2805 2275 3221 2345 praecedentem
3254 2273 3617 2346 prophetiam
3665 2275 3799 2343 (Hi-

2138 2352 2301 2408 chaea:
2329 2371 2386 2423 v,
2416 2354 2469 2414 2)
2497 2353 2556 2410 in
2599 2353 2936 2410 Bethlehem
2985 2353 3172 2422 Judaa,
3222 2354 3399 2411 homo
3445 2355 3798 2411 manifestus

2139 2449 2208 2489 ex
2239 2434 2476 2490 homine
2530 2436 2775 2506 virgine,
2828 2435 2983 2492 Deus
3033 2435 3297 2492 occultus
3344 2451 3412 2491 ex
3452 2435 3570 2492 Deo
3602 2437 3796 2491 Patre.

2139 2519 2234 2576 Sic
2265 2518 2421 2574 enim
2453 2517 2735 2590 propheta
2774 2519 3149 2590 praedixerat:
3185 2518 3318 2574 Ecce
3358 2519 3514 2587 virgo
3554 2520 3612 2572 in
3645 2527 3799 2574 utero

2139 2601 2388 2670 accipiet,
2411 2608 2464 2654 et
2491 2601 2668 2670 pariet
2697 2597 2897 2669 ﬁlium,
2929 2607 2980 2654 et
3003 2598 3270 2654 vocabunt
3294 2615 3501 2654 nomen
3531 2599 3648 2668 ejus
3681 2599 3800 2654 Em-

2138 2681 2382 2746 manuel,
2441 2680 2586 2752 quod
2639 2685 2715 2735 est
2789 2683 3229 2751 interpretatum,
3293 2679 3587 2734 Nobiscum
3654 2681 3798 2735 Deus

2139 2762 2288 2833 (lsai.
2321 2778 2421 2829 vn,
2455 2762 2558 2827 14;
2592 2760 2781 2816 Matth.
2815 2776 2852 2828 1,
2886 2761 2990 2829 23;
3026 2762 3151 2816 Luc.
3202 2777 3242 2829 ι,
3272 2761 3384 2831 31).
3417 2760 3525 2823 Qui
3550 2764 3611 2814 ut
3641 2760 3702 2815 in
3732 2775 3797 2816 se

2139 2843 2576 2899 commendaret
2605 2848 2811 2910 Deum,
2846 2841 3127 2898 miracula
3157 2842 3340 2898 multa
3359 2841 3525 2906 fecit;
3559 2856 3629 2895 ex
3661 2839 3800 2910 qui-

2140 2923 2249 2978 bus
2279 2922 2566 2993 quaedam,
2598 2927 2885 2993 quantum
2915 2923 2986 2978 ad
3017 2938 3149 2978 eum
3183 2921 3605 2994 pradicandum
3641 2921 3800 2976 satis

2139 3017 2264 3059 esse
2278 3003 2468 3058 visum
2481 3006 2587 3070 est,
2602 3003 2889 3072 scriptura
2901 3002 3233 3075 evangelica
3249 3001 3798 3067 continet.Quorum

2141 3083 2394 3154 primum
2427 3091 2534 3153 est,
2563 3082 2719 3154 quod
2745 3087 2864 3139 tam
2914 3083 3261 3138 mirabiliter
3301 3087 3474 3139 natus
3504 3087 3613 3138 est:
3651 3081 3802 3136 ulti-

2141 3179 2303 3219 mum
2336 3167 2555 3229 autem,
2587 3163 2739 3233 quod
2787 3179 2923 3219 cum
2971 3180 3080 3220 suo
3113 3164 3450 3220 resuscitato
3482 3179 3516 3217 a
3547 3161 3799 3217 mortuis

2140 3260 2378 3315 corpore
2409 3243 2672 3300 ascendit
2701 3244 2760 3300 in
2791 3243 3026 3300 caelum.
3057 3243 3245 3300 Judaei
3284 3248 3500 3313 autem,
3533 3243 3635 3314 qui
3664 3258 3800 3298 eum

2141 3325 2500 3390 occiderunt,
2558 3328 2617 3382 et
2673 3326 2732 3380 in
2785 3341 2918 3382 eum
2975 3328 3206 3382 credere
3263 3324 3600 3392 noluerunt,
3659 3322 3800 3395 quia

2141 3406 2442 3476 Oportebat
2469 3420 2605 3461 eum
2637 3405 2784 3462 mori
2814 3411 2874 3461 et
2917 3421 3237 3477 resurgere,
3266 3404 3474 3460 vastati
3504 3403 3798 3458 infelicius

2142 3502 2176 3541 a
2208 3485 2506 3552 Romanis,
2554 3486 2930 3558 funditusque
2959 3504 2992 3541 a
3037 3502 3146 3542 suo
3179 3501 3376 3555 regno,
3408 3483 3506 3539 ubi
3539 3485 3666 3554 jam
3712 3484 3799 3540 eis

2140 3565 2476 3638 alienigene
2553 3567 3026 3635 dominabantur,
3082 3566 3359 3623 eradicati
3428 3565 3800 3636 dispersique

2142 3663 2246 3720 per
2300 3652 2483 3705 terras
2533 3649 3031 3720 (quandoquidem
3092 3649 3311 3720 ubique
3367 3663 3484 3703 non
3533 3647 3796 3716 desunt),

2142 3746 2244 3801 per
2273 3729 2599 3802 Scripturas
2631 3747 2770 3786 suas
2792 3729 2811 3764 ¹
2842 3729 3170 3786 testimonio
3193 3729 3360 3786 nobis
3391 3732 3532 3784 sunt
3553 3727 3802 3800 prophe-

2143 3811 2251 3866 tias
2282 3827 2390 3866 nos
2421 3827 2535 3867 non
2565 3811 2806 3867 ﬁnxisse
2835 3812 2906 3867 de
2953 3812 3181 3868 Christo
3207 3827 3220 3878 ;
3255 3825 3398 3882 quas
3430 3809 3672 3882 plurimi
3701 3825 3798 3865 eo-

2143 3907 2272 3947 rum
2305 3890 2760 3960 considerantes,
2791 3895 2850 3948 et
2899 3895 3035 3948 ante
3067 3891 3420 3962 passionem,
3455 3894 3512 3946 et
3543 3889 3798 3946 maxime

2143 3976 2274 4044 post
2316 3974 2444 4042 ejus
2493 3973 2977 4030 resurrectionem
3028 3973 3402 4029 crediderunt
3449 3971 3507 4026 in
3539 3987 3699 4038 cum,
3728 3971 3800 4025 de

2143 4053 2358 4124 quibus
2407 4054 2750 4125 praedictum
2799 4059 2910 4123 est,
2946 4053 3008 4109 Si
3036 4056 3209 4124 fuerit
3255 4068 3521 4108 numerus
3551 4051 3802 4122 ﬁliorum

2143 4135 2310 4190 Israel
2338 4134 2476 4190 sicut
2505 4151 2676 4191 arena
2704 4137 2898 4200 maris,
2929 4135 3183 4206 reliquias
3211 4135 3386 4190 salvae
3413 4133 3543 4204 ﬁent
3575 4133 3801 4201 (lsai.x,

2142 4215 2253 4286 22).
2286 4215 2484 4271 Ceteri
2516 4231 2647 4272 vero
2689 4216 2957 4273 excecati
2991 4220 3155 4281 sunt,
3204 4217 3275 4271 de
3305 4216 3522 4286 quibus
3555 4214 3802 4284 praedic-

2143 4299 2270 4350 tum
2296 4301 2406 4363 est,
2441 4295 2562 4352 Fiat
2590 4313 2779 4352 mensa
2806 4313 2998 4354 eorum
3027 4312 3213 4353 coram
3235 4295 3409 4368 ipsis’
3429 4297 3486 4351 in
3521 4299 3803 4366 laqueum,

2143 4379 2197 4432 et
2249 4374 2309 4431 in
2367 4377 2808 4445 retributionem,
2835 4387 2886 4434 et
2932 4381 2993 4435 in
3047 4378 3388 4434 scandalum.
3431 4377 3808 4433 Obscurentur

2144 4457 2290 4512 oculi
2335 4472 2545 4525 eorum,
2592 4477 2665 4515 ne
2700 4459 2964 4521 videant;
2993 4463 3044 4516 et
3071 4459 3298 4515 dorsum
3337 4459 3561 4514 illorum
3595 4471 3810 4525 semper

2145 4536 2379 4594 incurva
2408 4537 2588 4608 (Psal.
2624 4556 2820 4605 vam,
2850 4539 2921 4594 23
2949 4545 2999 4596 et
3027 4539 3138 4610 2i).
3177 4539 3422 4595 Proinde
3451 4553 3578 4594 cum
3608 4537 3810 4606 Scrip-

2147 4615 2292 4674 turis
2334 4618 2551 4676 nostris
2593 4635 2708 4676 non
2757 4621 3029 4688 credunt,
3063 4619 3432 4690 complentur
3461 4620 3518 4674 in
3547 4619 3631 4674 eis
3662 4633 3808 4684 sum,

2149 4715 2296 4771 quas
2325 4700 2458 4755 caeci
2489 4699 2726 4770 legunt:
2761 4701 2876 4758 nisi
2924 4703 3070 4758 forte
3100 4701 3236 4773 quis
3265 4701 3472 4758 dixerit
3501 4699 3632 4757 illas
3666 4713 3809 4768 pro—

2147 4780 2378 4853 phetiae
2407 4780 2768 4838 Christianos
2795 4782 3032 4840 ﬁnxisse
3062 4783 3134 4840 de
3175 4782 3426 4850 Christo,
3461 4798 3588 4853 quae
3620 4780 3811 4853 Sibyl-

2149 4861 2215 4917 lze
2247 4863 2500 4932 nomine,
2531 4861 2621 4919 vel
2659 4863 2910 4920 aliorum
2959 4865 3352 4936 proferuntur,
3387 4864 3436 4920 si
3486 4879 3615 4934 quis
3645 4870 3810 4929 sunt,

2150 4959 2276 5014 quas
2309 4961 2425 5001 non
2460 4945 2751 5016 pertinent
2782 4947 2852 5002 ad
2883 4946 3167 5019 populum
3197 4945 3536 5002 Judteorum
3561 4943 3660 5016 (α).
3691 4942 3812 5000 Νο-

2149 5051 2350 5117 stivam
2379 5066 2392 5103 :
2441 5068 2562 5117 ergo
2592 5068 2685 5106 sex
2729 5068 2937 5105 menses
2976 5055 3132 5106 istius
3160 5055 3377 5106 secundi
3413 5053 3542 5104 anni
3569 5051 3815 5117 nondum

2148 5115 2314 5177 elapsi
2338 5115 2520 5167 erantf
2539 5119 2704 5168 Roma
2747 5121 2926 5168 autem
2963 5120 3177 5168 condita
3219 5119 3326 5167 fuit
3371 5131 3552 5167 mense
3580 5116 3815 5176 octobri,

2150 5189 2292 5227 anno
2321 5180 2476 5230 tertio
2527 5181 2847 5244 Olympiadis
2898 5185 3098 5240 sextae,
3148 5181 3440 5231 secundum
3477 5179 3808 5244 Tarrutium.

2149 5254 2308 5306 quem
2354 5241 2598 5306 sequitur
2651 5241 2858 5294 Varro:
2915 5245 3035 5293 vide
3088 5245 3385 5302 Patavium,
3443 5244 3508 5293 de
3553 5241 3812 5292 Doctrina

2151 5305 2468 5368 temporum,
2498 5308 2633 5356 libro
2660 5307 2707 5364 9,
2740 5321 2854 5370 cap.
2883 5307 2963 5356 54.
2995 5308 3230 5356 Lsscnxa.

2217 5384 2235 5418 ί
2288 5379 2444 5440 Editi,
2503 5379 2772 5426 eradicati
2825 5387 2978 5433 sunt,
3055 5379 3401 5441 dispersique
3453 5391 3557 5439 per
3603 5385 3806 5426 terras.

2155 5441 2611 5516 Quandoquidem
2669 5441 2882 5516 unbique
2918 5457 3033 5516 non
3105 5443 3322 5500 desunt,
3391 5449 3439 5516 et
3487 5455 3604 5516 _per
3658 5441 3811 5490 Scri-

2144 5515 2350 5565 pturas
2376 5520 2527 5560 suas.
2558 5507 2658 5554 etc.
2688 5505 3048 5554 Emendantur
3078 5518 3145 5555 ex
3173 5505 3571 5566 manuscriptis.

2217 5567 2239 5631 ξ
2269 5567 2554 5631 Omittunt,
2580 5567 2703 5631 Mss.
2734 5582 2921 5616 coram
2954 5568 3110 5631 ipsis.

2213 5630 2295 5691 (α)
2335 5630 2468 5679 Male
2514 5630 2688 5680 feriati
2709 5628 2992 5694 _homines_
3033 5631 3181 5694 inter
3219 5631 3420 5694 primos
3473 5628 3806 5681 Christianos

2152 5690 2430 5744 finxerunt
2457 5694 2675 5744 oracula
2703 5692 3030 5758 Sibyllarum
3058 5695 3124 5745 de
3157 5690 3380 5746 Ch'risto.
3412 5695 3649 5746 Luem.
