4110 6196
1500 373 1728 436 LIBER
1773 377 2012 441 DECIM
2027 381 2121 444 US
2165 385 2550 450 OCTAVUS.

309 489 395 574 bis
419 493 652 564 quidem
687 497 801 554 illa;
824 499 1144 568 sufﬁciunt,
1179 519 1308 574 quae
1337 505 1409 562 de
1467 512 1801 569 nostrorum
1851 512 1962 569 ini-

308 573 586 631 micorum
630 579 931 635 codicibus
975 573 1372 653 proferuntur,
1405 603 1553 658 quos
1588 593 1960 660 agnoscimus

307 664 543 746 propter
576 656 679 746 hoc
710 661 1133 746 testimonium,
1168 668 1320 735 quod
1355 656 1524 725 nobis
1565 656 1732 728 inviti
1765 675 1962 746 perhi-

304 732 698 793 benteosdem
731 741 954 826 codices
1001 732 1268 800 haben-do
1303 752 1480 820 atque
1518 732 1826 823 servando,
1860 772 1962 826 per

304 829 502 870 omnes
517 822 719 904 gentes
734 821 904 876 etiam
933 821 1090 892 ipsos
1122 840 1251 879 esse
1272 827 1587 897 dispersos,
1609 821 1962 904 quaquaver-

303 910 434 983 sum
467 897 683 983 Christi
736 899 990 956 Ecclesia
1027 902 1325 960 dilatatur.
1380 907 1524 964 Nam
1571 897 1867 983 preph'etia
1899 916 1956 971 in

303 975 572 1064 Psalmis,
632 997 780 1064 quos
830 983 1005 1037 etiam
1060 984 1285 1056 legunt,
1332 989 1403 1043 de
1437 991 1542 1046 hac
1568 975 1626 1048 re
1657 975 1960 1064 praemissa

298 1062 409 1126 est,
444 1059 541 1112 ubi
575 1063 856 1133 scriptum
889 1069 1004 1120 est:
1038 1065 1176 1121 Deus
1223 1085 1396 1136 meus,
1430 1059 1812 1131 misericordia
1839 1079 1960 1148 ejus

295 1141 599 1206 praeveniet
628 1157 733 1196 me.
776 1143 920 1198 Deus
970 1161 1121 1201 meus
1169 1146 1561 1208 demonstravit
1591 1154 1734 1210 mihi
1763 1156 1824 1211 in
1846 1141 1957 1213 ini-

295 1220 457 1300 micis
488 1223 620 1276 meis
636 1219 677 1282 1,'
711 1235 780 1276 ne
810 1224 1071 1281 occideris
1096 1243 1205 1297 eos,
1229 1245 1298 1284 ne
1317 1232 1531 1300 quando
1562 1233 1960 1292 obliviscantur

295 1297 660 1387 tegemntucim
682 1317 701 1354 :
733 1301 987 1387 disperge
1015 1321 1102 1361 eos
1132 1309 1191 1361 in
1237 1297 1439 1366 virtute
1468 1318 1563 1367 tua
1595 1315 1765 1384 (Psat.
1800 1334 1953 1387 LVIII,

295 1379 383 1468 ll,
423 1380 532 1468 1:2):
585 1381 1013 1468 Demonstravit
1058 1403 1190 1460 ergo
1241 1389 1395 1446 Deus
1432 1379 1703 1450 Ecclesiae
1737 1397 1794 1452 in
1827 1379 1955 1468 ejus

291 1459 552 1550 inimicis
601 1462 818 1550 Judmis
867 1459 1572 1537 gratiamimisericcrdiae
1623 1494 1762 1545 suze,
1816 1459 1955 1550 gito-

294 1538 470 1624 niam,
504 1541 649 1624 sicut
681 1542 824 1624 dicit
868 1547 1202 1616 Apostolus,
1253 1551 1528 1608 delictum
1569 1538 1950 1624 illorum,.sa-

291 1617 392 1674 lus
422 1621 738 1692 gentibusﬁ
766 1625 936 1693 (Rom.
970 1629 1186 1699 31,11).
1221 1630 1287 1684 Et
1316 1630 1442 1687 ideo
1468 1649 1576 1689 non
1612 1651 1708 1691 eos
1741 1617 1952 1693 occidit

289 1699 348 1790 id
384 1707 508 1790 est,
528 1719 641 1758 non
677 1703 735 1790 in
764 1705 848 1790 eis
882 1709 1129 1790 perdidit
1161 1712 1314 1781 quod
1347 1718 1480 1768 sunt
1508 1714 1713 1782 Judaei,
1749 1736 1952 1790 quam-

289 1782 378 1865 vis
411 1799 441 1836 a
473 1783 753 1865 Romanis
790 1787 1002 1842 fuerint
1033 1790 1238 1846 devicti
1262 1797 1320 1848 et
1349 1797 1647 1865 oppressi;
1684 1782 1945 1856 ηεξ-οὶ)ιὶιὶ

287 1859 480 1944 legem
514 1863 635 1944 Dei,
668 1865 739 1920 ad
799 1866 927 1936 hoc,
981 1867 1050 1922 de
1082 1887 1190 1940 quo
1250 1859 1499 1944 agimus,
1551 1859 1942 1935 testimonium

288 1939 441 2023 nihil
470 1943 743 1998 valerent.
785 1947 916 2001 Ideo
945 1939 1147 2015 parum
1184 1939 1315 2017 fuit:
1341 1960 1404 2008 ut.
1435 1939 1670 2023 diceret,
1697 1959 1772 2015 Ne
1801 1959 1947 2014 occi-

285 2019 444 2076 deris
487 2038 593 2089 eos,
627 2027 928 2096 nequando
949 2028 1344 2086 obliviscantur
1387 2032 1558 2105 legem
1603 2019 1796 2093 turam:
1833 2039 1944 2094 nisi

287 2102 464 2184 etiam
500 2105 759 2172 adderet,
808 2108 1062 2181 Dis-perge
1104 2129 1225 2167 eos:
1254 2102 1532 2184 quoniam
1583 2118 1630 2171 si
1672 2135 1802 2173 cum
1835 2121 1944 2175 isto

285 2183 625 2239 testimonio
648 2185 1080 2255 Seripturarum
1114 2191 1168 2244 in
1205 2183 1308 2246 sua
1341 2197 1743 2253 tantummodo
1775 2207 1942 2260 terra,

285 2277 408 2348 non
441 2264 655 2333 ubique
702 2272 920 2348 essent,
973 2269 1219 2336 profecto
1271 2271 1520 2328 Ecclesia
1560 2291 1686 2345 quae
1734 2278 1945 2348 ubique

279 2347 400 2408 est,
433 2358 532 2398 eos
581 2345 1041 2416 prophetiarum,
1073 2365 1199 2420 quae
1260 2353 1330 2406 de
1375 2353 1602 2410 Christo
1635 2345 1943 2426 praemissas

276 2427 450 2558 sapt,
486 2426 658 2480 testes
704 2426 764 2480 in
807 2429 1082 2485 omnibus
1112 2432 1385 2503 gentibus
1418 2434 1630 2492 habere
1665 2455 1780 2494 non
1811 2456 1941 2512 pos-

276 2519 346 2558 se
385 2545 399 2558 .

276 2519 399 2559 Βθῑ.

278 2657 521 2714 CAPUT
559 2659 778 2716 XLVII.
821 2693 889 2702 ——
918 2665 1001 2719 An
1029 2671 1158 2720 ante
1200 2672 1448 2740 tempora
1485 2670 1792 2730 christiana
1832 2677 1938 2732 ati-

354 2740 455 2825 ς]μὲ
483 2741 697 2825 iuerint
729 2746 888 2799 extra
915 2745 1284 2804 Israelitieum
1310 2766 1501 2821 genus,
1531 2753 1630 2825 qui
1657 2754 1728 2810 ad
1755 2759 1939 2814 cccles-

352 2819 430 2875 iis
457 2820 704 2877 civitatis
733 2825 1069 2881 consortium
1096 2819 1462 2898 pertinerent.

351 2983 1017 3069 Quapropterquisquis
1065 2992 1412 3065 alienigena,
1457 2998 1513 3054 id
1561 3004 1668 3069 est,
1703 3018 1817 3057 non
1867 3019 1935 3058 ex

279 3065 462 3120 Israel
509 3068 862 3147 progenitus,
903 3087 1004 3126 nec
1049 3072 1119 3127 ab
1167 3072 1265 3128 illo
1308 3077 1518 3147 populo
1561 3081 1616 3134 in
1650 3065 1932 3138 canonem

276 3162 582 3202 sacrarum
615 3146 939 3205 litterarum
978 3157 1265 3224 receptus,
1300 3146 1507 3227 legitur
1537 3160 1755 3232 aliquid
1791 3180 1933 3234 pro-

278 3226 557 3313 phetasse
588 3228 656 3313 de
697 3229 942 3313 Christo,
976 3233 1022 3313 si
1074 3233 1130 3288 in
1165 3226 1424 3293 nostram
1458 3226 1721 3296 notitiam
1755 3226 1932 3313 venit,

278 3311 388 3361 aut
425 3308 669 3378 venerit,
718 3311 786 3365 ad
825 3312 1130 3368 cumulum
1183 3332 1216 3370 a
1266 3318 1432 3374 nobis
1485 3308 1932 3380 commemorari

278 3393 481 3458 potest
534 3407 546 3444 :
599 3407 712 3446 non
747 3408 859 3464 quo
911 3397 1279 3453 necessarius
1326 3400 1423 3464 sit,
1475 3402 1705 3458 etiamsi
1760 3405 1931 3475 desit,

276 3469 390 3525 sed
429 3470 566 3540 quia
609 3487 720 3527 non
770 3473 1089 3544 incongrue
1121 3478 1378 3533 creditur
1409 3480 1586 3536 fuisse
1617 3487 1674 3538 et
1716 3485 1772 3538 in
1805 3469 1934 3540 aliis

275 3549 559 3620 gentibus
611 3551 891 3618 homines,
921 3555 1133 3623 quibus
1184 3556 1290 3613 hoc
1335 3564 1672 3631 mysterium
1725 3566 1930 3620 revela-

275 3635 409 3713 tum
435 3635 545 3699 est,
576 3636 638 3713 et
665 3633 766 3703 qui
807 3633 915 3690 hoc
947 3635 1120 3690 etiam
1161 3638 1468 3706 praedicere
1499 3642 1739 3713 impulsi
1772 3649 1930 3713 sunt,

275 3710 404 3764 sive
445 3711 748 3782 participes
793 3714 1054 3781 ejusdem
1087 3718 1284 3786 gratim
1320 3721 1550 3789 fuerint,
1584 3710 1701 3778 sive
1739 3710 1933 3795 exper-

274 3794 392 3858 tes,
439 3791 541 3846 sed
580 3795 905 3875 per_malos
938 3797 1176 3867 angelos
1208 3799 1358 3855 docti
1392 3807 1545 3871 sunt,
1579 3821 1724 3875 quos
1755 3791 1929 3865 etiam

278 3877 628 3942 praesentem
681 3873 996 3943 Christum,
1037 3894 1210 3948 quem
1262 3881 1448 3936 Judaei
1497 3873 1611 3939 non
1652 3902 1928 3956 agnosce-

277 3953 448 4037 bant,
493 3955 710 4009 scimus
743 3956 918 4012 fuisse
967 3961 1282 4017 confessos.
1334 3963 1448 4020 Nec
1498 3966 1658 4037 ipsos
1691 3953 1928 4028 Iludaeos

275 4032 552 4089 existimo
601 4036 810 4092 audere
845 4041 1210 4110 contendere,
1251 4032 1542 4101 neminem
1578 4049 1930 4118 pertinuisse

275 4112 345 4168 ad
397 4112 604 4198 Deum,
640 4121 844 4185 prater
875 4117 1186 4186 Israelitas,
1223 4137 1291 4177 ex
1321 4140 1435 4194 quo
1468 4112 1721 4198 propago
1756 4131 1928 4187 Israel

273 4207 408 4283 esse
446 4194 640 4265 cmpit,
683 4198 989 4283 reprobate
1020 4200 1148 4269 ejus
1189 4202 1363 4283 t‘ratre
1396 4194 1928 4283 mdicrhfPopulus

273 4275 436 4361 enim
487 4277 856 4361 revera,_qui
907 4283 1136 4352 proprie
1184 4282 1281 4340 Dei
1336 4287 1586 4358 pepulus
1616 4275 1924 4361 diceretur,

275 4354 477 4410 nullus
523 4355 674 4412 alius
720 4358 875 4414 fuit:
924 4361 1186 4418 homines
1228 4354 1428 4422 autem.
1471 4372 1759 4440 quosdam
1809 4354 1926 4431 non

273 4439 528 4504 terrena,
581 4438 682 4493 sed
737 4439 954 4495 caalesti
995 4442 1270 4500 societate
1311 4449 1379 4501 ad
1419 4438 1584 4504 veros
1629 4453 1926 4512 Israelitas

274 4531 544 4588 supernai
597 4517 749 4574 cives
798 4520 994 4590 patriae
1053 4524 1404 4592 pertinentes
1455 4530 1631 4587 etiam
1683 4534 1740 4588 in
1795 4534 1925 4592 aliis

273 4597 805 4682 gentibusfuisse,
840 4617 1049 4674 negare
1089 4621 1204 4659 non
1247 4615 1494 4676 possunt
1526 4613 1696 4682 :quia
1736 4615 1785 4670 si
1828 4633 1925 4671 ne-

271 4681 426 4745 gant,
484 4677 760 4735 facillime
790 4682 1219 4739 convincuntur
1248 4687 1318 4741 de
1351 4695 1550 4746 sancto
1581 4677 1637 4746 et
1669 4695 1920 4752 mirabili

271 4755 390 4841 viro
419 4757 550 4828 Job,
585 4760 697 4841 qui
733 4777 836 4816 nec
884 4762 1178 4834 indigena,
1215 4783 1319 4822 nec
1354 4771 1699 4841 proselytus,
1732 4773 1788 4827 id
1835 4781 1923 4832 est

271 4837 498 4927 advena
525 4840 724 4927 populi
757 4841 939 4927 Israel
974 4844 1116 4912 fuit;
1141 4846 1239 4900 sed
1272 4864 1339 4902 ex
1356 4837 1533 4920 gente
1550 4837 1804 4909 Idumam
1825 4872 1922 4927 ge-

273 4935 384 5008 nus
411 4921 658 5008 ducens,
690 4924 768 5008 ibi
797 4930 980 4996 ortus,
1004 4928 1220 4984 ibidem
1251 4936 1516 4989 mortuus
1546 4939 1636 4990 est
1661 4953 1673 4991 :
1699 4939 1799 5008 qui
1827 4921 1921 4993 di-

271 5001 404 5087 vino
455 5003 541 5058 sic
581 5005 852 5061 laudatur
895 5008 1146 5079 eloquio,
1201 5015 1266 5066 ut
1300 5013 1452 5082 quod
1511 5017 1582 5070 ad
1628 5001 1919 5087 justitiam

271 5081 659 5154 pietatemque
685 5090 908 5170 attinet,
943 5089 1137 5144 nullus
1158 5089 1206 5145 ei
1239 5081 1662 5152 homosuorum
1698 5105 1918 5170 tempo-

270 5177 398 5218 rum
437 5171 771 5246 ccrequetur
799 5168 920 5236 (Job
951 5185 996 5236 i;
1047 5170 1235 5226 Ezech.
1288 5189 1404 5242 xxv,
1437 5178 1547 5246 20).
1596 5179 1730 5242 Quze
1773 5168 1919 5236 tem-

268 5258 410 5330 pora
453 5245 582 5315 ejus
633 5250 900 5318 quamvis
941 5267 1052 5305 non
1085 5251 1450 5310 inveniamus
1497 5245 1553 5311 in
1592 5258 1914 5330 Chronicis,

267 5322 602 5397 colligimus
632 5331 828 5384 tamen
875 5346 943 5386 ex
972 5329 1116 5387 libro
1149 5335 1297 5402 ejus,
1331 5351 1500 5405 quem
1535 5353 1636 5408 pro
1667 5339 1759 5394 sui
1802 5322 1918 5396 me;

333 5557 536 5634 ilEdi'ti.
568 5559 633 5606 de
665 5559 915 5634 inimicis
945 5565 1100 5634 meis.
1126 5568 1189 5615 At
1211 5567 1353 5628 Mss,
1379 5568 1440 5616 in
1473 5569 1726 5621 inimicis
1746 5574 1881 5623 meis
1906 5589 1918 5634 ;

263 5619 695 5695 jufta'graocum
726 5625 1090 5695 Septuaginta.

329 5681 364 5755 ?_
406 5681 559 5756 Yind.
614 5687 733 5756 iam.
782 5681 891 5756 Eia,
927 5681 1096 5756 eam
1144 5701 1221 5742 est
1280 5693 1344 5742 in
1395 5698 1671 5756 gentibus.
1730 5699 1919 5751 Manu-

265 5744 448 5808 scripti
475 5760 586 5798 non
613 5749 835 5811 habent,
867 5744 944 5801 est
972 5751 1053 5806 in.

3608 402 3727 460 60

2072 519 2185 576 rito
2217 521 2492 578 Israelitze
2542 521 2600 578 in
2658 524 3063 580 auctoritatem
3116 527 3452 586 canonicam
3495 546 3723 601 recepe-

2071 606 2232 668 runt,
2278 605 2450 658 tertia
2499 604 2873 675 generatione
2921 606 3291 676 posteriorem
3339 609 3515 666 luisse
3546 628 3721 683 quam

2069 681 2246 737 Israel
2269 683 2367 754 (a).
2393 683 2688 740 Diviuitus
2719 688 2912 739 autem
2933 687 3232 755 provisum
3259 687 3435 744 fuisse
3469 681 3580 746 non
3611 693 3723 748 du-

2069 761 2214 829 bito,
2250 772 2310 818 ut
2333 781 2400 819 ex
2435 766 2541 821 hoc
2583 781 2697 820 uno
2729 765 3018 820 sciremus
3051 767 3223 823 etiam
3261 786 3359 838 per
3389 771 3533 827 alias
3574 790 3718 841 gen-

2070 847 2154 900 tes
2201 861 2328 901 esse
2387 847 2649 918 potuisse
2697 847 2792 918 qui
2852 850 3172 904 secundum
3225 852 3403 906 Deum
3454 855 3722 910 vixerunt

2068 925 2239 996 eique
2279 923 2646 997 placuerunt,
2698 926 3055 997 pertinentes
3104 930 3174 983 ad
3223 931 3587 1000 spiritualem
3619 935 3717 990 Je-

2069 1004 2322 1061 rusalem
2357 1007 2394 1060 ¹.
2425 1006 2584 1069 Quod
2621 1006 2837 1062 nemini
2870 1024 3214 1063 concessum
3251 1011 3430 1065 fuisse
3474 1015 3717 1068 creden-

2067 1083 2205 1138 dum
2257 1088 2367 1151 est,
2427 1086 2541 1140 nisi
2598 1085 2690 1140 cui
2736 1086 3012 1142 divinitus
3062 1088 3347 1145 revelatus
3417 1100 3503 1146 est
3562 1109 3715 1149 unus

2069 1164 2348 1219 mediator
2393 1164 2491 1220 Dei
2525 1171 2581 1220 et
2613 1165 2918 1221 hominum
2968 1167 3141 1223 homo
3174 1169 3439 1225 Christus
3477 1171 3649 1228 Jesus
3698 1189 3712 1230 :

2066 1245 2166 1315 qui
2193 1253 2469 1300 venturus
2502 1245 2558 1300 in
2588 1263 2761 1302 carne
2793 1248 2876 1302 sic
2900 1248 3160 1318 antiquis
3185 1251 3407 1305 sanctis
3439 1269 3716 1323 praenun-

2065 1325 2340 1394 tiabatur,
2392 1327 2884 1398 quemadmodum
2935 1327 3098 1384 nobis
3133 1330 3358 1386 venisse
3408 1336 3714 1390 nuntiatus

2064 1410 2170 1472 est,
2207 1410 2270 1460 ut
2320 1424 2433 1462 una
2480 1409 2800 1479 eademque
2850 1425 2950 1480 per
2983 1409 3175 1478 ipsum
3219 1411 3362 1466 ﬁdes
3403 1428 3606 1470 omnes
3654 1416 3713 1471 in

2063 1483 2163 1539 Dei
2196 1485 2514 1554 civitatem,
2546 1487 2646 1542 Dei
2682 1487 2944 1552 domum,
2972 1489 3071 1544 Dei
3104 1491 3390 1559 templum
3423 1493 3715 1563 prtedesti-

2064 1570 2230 1620 natos
2268 1568 2545 1636 perducat
2585 1568 2653 1622 ad
2689 1569 2890 1622 Deum.
2925 1569 3036 1623 Sed
3072 1585 3430 1641 quaecunque
3461 1572 3710 1629 aliorum

2062 1646 2380 1718 prepbetim
2413 1648 2480 1702 de
2518 1649 2612 1703 Dei
2645 1665 2744 1719 per
2773 1648 3070 1705 Christum
3107 1651 3310 1706 Jesum
3351 1653 3538 1722 gratia
3578 1670 3712 1725 pro-

2061 1727 2348 1794 feruntur,
2389 1734 2638 1798 possunt
2678 1730 2869 1800 putari
2920 1745 2952 1783 a
2991 1729 3337 1787 Christianis
3395 1749 3523 1788 esse
3571 1750 3711 1789 con-

2059 1805 2219 1861 fictae.
2254 1807 2386 1863 Ideo
2421 1807 2562 1864 nihil
2598 1817 2682 1863 est
2715 1809 2941 1864 ﬁrmius
2974 1810 3042 1863 ad
3069 1811 3499 1867 convincendos
3523 1829 3710 1885 quos-

2058 1887 2198 1943 libet
2220 1887 2461 1954 alienos,
2495 1888 2545 1943 si
2575 1890 2646 1944 de
2677 1889 2785 1944 hac
2818 1905 2879 1944 re
2908 1891 3333 1957 contenderint,
3361 1897 3710 1965 nostrosque

2057 1967 2351 2022 faciendos
2399 1968 2441 2033 ε,
2493 1971 2540 2023 si
2598 1978 2748 2024 recte
2796 1970 3116 2041 sapuerint,
3165 1987 3340 2041 quam
3405 1977 3464 2026 ut
3513 1974 3709 2030 divina

2057 2049 2329 2119 praedicta
2361 2052 2432 2105 de
2463 2050 2688 2106 Christo
2715 2068 2781 2105 ea
2815 2051 3199 2121 proferantur,
3225 2070 3350 2122 quae
3384 2054 3439 2107 in
3473 2054 3707 2112 Judaeu-

2055 2145 2184 2182 rum
2220 2130 2442 2199 scripta
2471 2134 2610 2184 sunt
2640 2131 2940 2185 codicibus
2977 2147 2990 2184 :
3031 2131 3244 2202 quibus
3269 2134 3484 2188 avulsis
3516 2137 3585 2189 de
3617 2153 3707 2191 se-

2055 2207 2229 2262 dibus
2281 2209 2549 2280 propriis,
2596 2214 2652 2263 et
2706 2215 2938 2280 propter
2989 2210 3098 2264 hoc
3141 2211 3541 2266 testimonium
3585 2218 3702 2268 toto

2051 2285 2192 2340 orbe
2238 2286 2538 2357 dispersis,
2572 2285 2783 2342 Christi
2841 2303 3256 2358 usquequaque
3302 2290 3482 2344 crevit
3514 2290 3707 2346 Eccle-

2054 2383 2160 2422 818.

2051 2525 2284 2582 CAPUT
2328 2526 2574 2584 XLVIII.
2615 2557 2685 2568 ——
2732 2525 3089 2594 Prophetiam
3146 2528 3352 2597 Aggtei,
3405 2545 3512 2600 qua
3559 2529 3705 2586 dixit

2123 2608 2386 2672 maiorem
2425 2609 2675 2676 futuram
2722 2608 2959 2676 gloriam
2999 2607 3192 2662 domus
3230 2608 3351 2676 Dei,
3391 2625 3554 2681 quam
3582 2613 3703 2680 pri-

2121 2703 2272 2742 mum
2307 2689 2530 2758 fuisset,
2562 2703 2672 2742 non
2709 2689 2766 2741 in
2801 2687 3233 2757 rerediﬁcatione
3273 2690 3484 2760 templi,
3513 2692 3606 2745 sed
3643 2691 3702 2746 in

2122 2768 2359 2823 Ecclesia
2383 2767 2586 2823 Christi
2609 2785 2721 2824 esse
2750 2768 3095 2840 completam.

2119 2911 2250 2962 Haec
2281 2908 2493 2962 domus
2526 2908 2623 2963 Dei
2657 2906 2899 2977 majoris
2931 2910 3019 2962 est
3050 2905 3271 2977 gloria,
3307 2923 3482 2977 quam
3513 2908 3700 2965 fuerat

2043 2985 2144 3042 illa
2171 2986 2357 3057 prima
2390 2986 2566 3056 lignis
2606 2994 2658 3042 et
2702 2985 3014 3057 lapidibus,
3062 2985 3400 3056 ceterisque
3432 2986 3698 3056 pretiosis

2044 3067 2213 3122 rebus
2278 3066 2650 3137 metallisque
2695 3071 3043 3121 constructa.
3088 3065 3211 3120 Non
3264 3065 3457 3136 itaque
3507 3066 3698 3139 Aggzei

2046 3145 2352 3219 prepbetia
2401 3147 2459 3201 in
2505 3145 2706 3216 templi
2740 3145 2897 3201 illius
2948 3145 3372 3201 instauratione
3412 3147 3701 3217 completa

2043 3231 2151 3283 est.
2176 3228 2255 3281 Ex
2279 3242 2391 3297 quo
2423 3227 2578 3281 enim
2603 3227 2991 3282 instauratum
3025 3230 3133 3294 est,
3169 3243 3465 3296 nunquam
3501 3233 3696 3282 osten-

2045 3307 2205 3361 ditur
2255 3307 2530 3360 habuisse
2578 3311 2802 3360 tantam
2848 3305 3116 3376 gloriam,
3170 3311 3450 3375 quantum
3495 3307 3699 3361 habuit

2045 3392 2306 3455 tempore
2323 3385 2649 3441 Salomonis
2686 3404 2698 3440 :
2732 3387 2844 3440 imo
2871 3389 3068 3457 potius
3091 3387 3412 3440 ostenditur
3439 3388 3692 3454 primum

2045 3465 2360 3520 cessatione
2410 3465 2718 3534 prophetia:
2771 3465 2949 3518 fuisse
2999 3465 3210 3518 domus
3252 3464 3410 3517 illius
3452 3465 3694 3535 gloriam

2046 3543 2419 3610 diminutam,
2469 3544 2675 3598 deinde
2730 3543 2916 3612 ipsius
2965 3542 3154 3612 gentis
3195 3541 3460 3597 cladibus
3515 3547 3696 3600 tantis

2044 3640 2231 3694 usque
2280 3625 2347 3676 ad
2402 3622 2672 3676 ultimum
2725 3623 3037 3690 excidium,
3084 3621 3238 3690 quod
3284 3621 3492 3675 factum
3530 3629 3618 3676 est
3663 3641 3696 3678 a

2045 3703 2338 3772 Romanis,
2372 3703 2528 3757 sicut
2576 3719 2641 3755 ea
2691 3718 2812 3772 qum
2855 3717 3032 3769 supra
3064 3704 3199 3753 sunt
3246 3708 3695 3756 commemorata

2043 3790 2324 3840 testantur
2365 3785 2466 3853 (b).
2500 3783 2627 3838 Haec
2667 3787 2856 3837 autem
2899 3783 3108 3836 domus
3140 3781 3210 3835 ad
3256 3798 3465 3835 novum
3517 3783 3695 3853 perti-

2043 3884 2186 3925 nens
2231 3867 2688 3931 Testamentum,
2723 3868 2881 3918 tunto
2932 3862 3133 3934 utique
3184 3862 3422 3932 majoris
3455 3868 3542 3917 est
3574 3863 3696 3934 glo-

2042 3946 2162 4009 riae,
2222 3948 2438 4015 quanto
2499 3943 2760 3997 meliores
2818 3945 2953 3996 sunt
3011 3939 3231 4010 lapides
3292 3939 3424 4002 vivi,
3475 3941 3691 4011 quibus

2042 4024 2416 4080 credentibus
2483 4023 2894 4092 renovatisque
2958 4019 3332 4075 construitur.
3394 4019 3503 4073 Sed
3565 4019 3692 4074 ideo

2043 4122 2146 4178 per
2188 4104 2676 4159 instaurationem
2737 4101 2937 4172 templi
2991 4100 3150 4154 illius
3205 4099 3531 4169 signiﬁcata
3581 4105 3688 4167 est,

2041 4186 2179 4260 quia
2209 4187 2338 4257 ipsa
2370 4183 2666 4240 renovatio
2693 4183 2850 4238 illius
2882 4183 3108 4237 aediﬁcii
3141 4181 3434 4252 signiﬁcat
3460 4182 3692 4253 eloquio

2040 4266 2382 4339 prophetico
2439 4265 2683 4320 alterum
2723 4264 3185 4331 Testamentum,
3227 4263 3378 4332 quod
3433 4261 3694 4333 appella-

2039 4352 2137 4402 tur
2177 4363 2408 4401 novum.
2445 4345 2606 4411 Quod
2639 4361 2771 4417 ergo
2812 4344 2957 4398 Deus
2998 4341 3146 4397 dixit
3178 4358 3276 4411 per
3311 4350 3693 4398 memoratum

2041 4427 2400 4498 prOphetam,
2428 4427 2485 4481 Et
2517 4426 2652 4481 dabo
2680 4441 2872 4495 pacem
2897 4426 2957 4479 in
2981 4423 3092 4479 loco
3116 4424 3217 4476 isto
3251 4422 3459 4492 (.lggmi
3483 4439 3544 4489 ιι,
3573 4423 3690 4495 1Ο);

2041 4524 2142 4579 per
2181 4508 2607 4579 signiﬁcantem
2659 4505 2876 4571 locum,
2911 4504 3006 4593 ille
3049 4503 3147 4593 qui
3199 4519 3267 4593 eo
3304 4503 3690 4593 significatur,

2039 4589 2456 4660 intelligendus
2496 4593 2583 4642 est
2624 4605 2636 4642 :
2692 4592 2756 4642 ut
2785 4586 2925 4658 quia
2967 4585 3066 4639 illo
3099 4584 3223 4639 loco
3256 4585 3576 4638 instaurato
3609 4584 3690 4638 si-

2038 4670 2315 4741 gniﬁcata
2361 4673 2449 4723 est
2493 4667 2772 4733 Ecclesia,
2807 4683 2932 4738 qua:
2985 4667 3168 4718 fuerat
3212 4664 3554 4716 aediﬁcanda
3592 4679 3694 4732 per

2038 4750 2356 4816 Christum,
2391 4747 2535 4803 nihil
2566 4747 2722 4802 aliud
2756 4746 3101 4828 accipiatur,
3138 4743 3290 4813 quod
3328 4743 3553 4828 dictum
3580 4747 3688 4806 est,

2037 4830 2181 4886 Dabo
2219 4846 2407 4902 pacem
2443 4828 2636 4882 inloco
2669 4829 2802 4906 isto;
2835 4823 2968 4906 nisi,
3009 4822 3161 4906 Dabo
3206 4835 3403 4906 pacem
3440 4818 3503 4906 in
3542 4817 3686 4906 loco,

2039 4897 2532 4984 quem-significat
2562 4906 2723 4961 locus
2754 4904 2882 4959 iste.
2918 4899 3201 4966 Quoniam
3236 4897 3430 4953 omnia
3461 4897 3686 4966 signiﬁ-

2102 5143 2117 5175 1
2152 5135 2402 5201 Nonnulli
2430 5135 2572 5193 Mss,
2608 5131 2801 5201 Israel:
2834 5192 2849 5201 ῃ
2894 5192 2904 5201 _
2998 5192 3012 5201 _
3146 5192 3156 5201 ,
3216 5191 3248 5201 ,,
3437 5188 3446 5198 .
3485 5187 3494 5198 .
3557 5187 3662 5201 .,...

2097 5201 2120 5234 2
2177 5200 2330 5252 Editi.
2385 5187 2708 5258 nostrosque
2757 5191 3336 5258 fulciendo.s._Aptius,
3396 5187 3499 5236 nisi
3553 5187 3690 5258 falli-

2035 5277 2172 5318 mur,
2207 5263 2350 5326 quod
2393 5272 2576 5310 omnes
2606 5251 2821 5309 habent
2847 5251 3211 5317 manuscripti,
3246 5261 3566 5314 nostrosque
3595 5251 3689 5310 fa-

2035 5327 2344 5447 ctigldof’ide
2395 5386 2580 5436 Euseb.
2629 5385 2720 5433 lib.
2777 5384 2798 5432 1
2854 5383 3144 5432 Demonstr.
3202 5391 3415 5439 evang,
3477 5389 3624 5438 capp.
3657 5375 3688 5424 5

2035 5452 2164 5576 “(2).
2216 5512 2595 5578 _Nihilominus
2667 5512 2834 5578 haec_
2868 5509 3145 5578 prophetia
3215 5505 3387 5578 potest
3439 5501 3685 5578 ‘intelligi

2037 5567 2359 5640 secundrum_
2389 5588 2603 5640 sensum
2664 5567 2984 5640 prapritfm.‘
3022 5571 3178 5640 Nnni“
3225 5567 3405 5640 dicit“
3426 5567 3682 5640 A‘ggaens,

2037 5638 2279 5702 Implebo
2327 5638 2550 5686 domum
2583 5629 2990 5702 is_tam_-_gloria,
3019 5633 3088 5702 ob
3118 5630 3346 5702 Christi.
3370 5629 3685 5702 Redempto-

2034 5693 2514 5818 rist‘pﬁ'psgentiam,
2549 5700 2645 5763 qui
2671 5701 2729 5750 in
2755 5693 2849 5752 illo
2883 5697 3078 5761 templo
3112 5693 3414 5758 frequenter
3440 5693 3686 5742 versatus

2034 5777 2090 5815 es
2118 5801 2131 5816 .
2289 5780 2396 5815 una.

2033 5777 2131 5816 θβι.
2162 5777 2396 5816 unum.
