4124 6188
415 284 529 343 611

418 413 610 472 cantia
647 412 918 468 videntur
947 405 1381 480 quodammodo
1433 419 1632 461 earum
1678 422 1891 474 rerum,
1927 423 2071 478 quas

419 499 773 570 signiﬁcant,
825 491 1110 548 sustinere
1156 503 1470 570 personas:
1518 488 1670 570 sicut
1713 488 1934 570 dictum
1979 493 2068 543 est

416 568 489 636 ab
520 574 817 648 Apostolo,
857 578 1017 627 Petra
1055 575 1174 625 erat
1207 568 1450 623 Christus
1482 570 1526 638 (Ι
1555 569 1672 624 Cor.
1707 585 1760 634 ιι,
1795 569 1882 639 li);
1927 585 2066 640 quo-

417 661 576 717 niam
614 660 770 727 petra
803 653 921 717 illa,
955 653 1024 707 de
1063 667 1179 722 qua
1221 651 1329 704 hoc
1368 648 1587 703 dictum
1630 654 1737 718 est,
1771 649 2068 720 signitice-

413 741 512 796 bat
545 738 749 807 utique
785 733 1102 788 Christum.
1151 731 1329 798 Major
1360 735 1449 783 est
1498 729 1694 800 itaque
1733 729 1916 800 gloria
1965 731 2065 784 do-

415 837 548 878 mus
590 819 763 886 hujus
796 815 925 869 novi
973 810 1352 874 Testamenti,
1388 827 1560 881 quam
1617 813 1826 866 domus
1857 810 2062 881 prioris

411 899 622 958 veteris
655 894 1012 952 Testamenti
1048 909 1060 946 :
1097 898 1153 946 et
1193 901 1328 947 tunc
1359 893 1663 962 apparebit
1696 893 1900 962 major,
1932 908 2060 946 cum

414 978 796 1037 dedicabitur.
850 976 1010 1030 Tunc
1043 972 1194 1026 enim
1248 972 1419 1026 veniet
1479 970 1820 1026 Desideratus
1854 974 2064 1027 cunctis

409 1061 660 1133 gentibus
686 1054 896 1126 (Aggwi
926 1069 986 1116 ιι,
1012 1054 1090 1123 8),
1122 1052 1276 1107 sicut
1304 1050 1512 1133 legitur
1542 1051 1601 1133 in
1633 1051 1892 1107 lIebraao.
1916 1052 2060 1108 Nam

413 1131 573 1215 prius
597 1139 723 1209 ejus
742 1137 1021 1190 adventus
1057 1133 1312 1215 nondum
1343 1136 1463 1185 erat
1485 1131 1850 1215 desideratus~
1873 1135 2060 1215 omni-

411 1211 522 1278 bus
573 1218 869 1290 gentibus.
918 1214 1042 1268 Non
1100 1211 1254 1267 enim
1286 1228 1453 1281 quem
1505 1213 1779 1268 deberent
1823 1213 2058 1268 deside-

410 1318 557 1370 rare,
604 1298 891 1363 sciebant,
945 1294 1002 1348 in
1059 1307 1230 1363 quem
1293 1308 1406 1346 non
1472 1293 1854 1349 crediderant.
1897 1295 2058 1349 Tunc

408 1384 586 1440 etiam
618 1378 944 1436 secundum
995 1373 1376 1444 Septuaginta
1425 1373 1764 1444 interpretes
1793 1375 1956 1446 (quia
2002 1379 2058 1430 et

408 1465 533 1535 ipse
591 1457 960 1532 propheticus
1023 1470 1230 1509 sensus
1266 1454 1670 1535 est),?veuient
1725 1472 1844 1526 quo:
1890 1457 2059 1510 electa

407 1534 535 1602 sunt
570 1541 786 1596 Domini
806 1537 870 1591 de
898 1535 1104 1590 cunctis
1124 1534 1394 1602 gentibus.
1416 1534 1579 1590 Tunc
1603 1535 1756 1588 enim
1789 1551 1918 1590 vere
1941 1552 2054 1590 non

407 1624 640 1680 venient
697 1618 807 1672 nisi
857 1615 1056 1679 electa,
1119 1615 1188 1666 de
1249 1613 1464 1684 quibus
1526 1613 1663 1668 dicit
1721 1614 2056 1685 Apostolus,

403 1708 558 1762 Sicut
604 1699 764 1770 elegit
810 1713 906 1751 nos
947 1694 1006 1748 in
1055 1696 1168 1764 ipso
1199 1695 1325 1748 ante
1380 1694 1580 1748 mundi
1617 1695 2058 1750 constitutionem

407 1783 621 1853 (Ephes,
666 1797 703 1848 ι,
753 1779 830 1849 4).
881 1777 1010 1845 Ipse
1060 1773 1274 1843 quippe
1333 1772 1708 1841 architectus,
1757 1775 1853 1845 qui
1885 1775 2052 1841 dixit,

402 1866 561 1921 Multi
590 1862 787 1928 vocati,
834 1859 994 1929 pauci
1051 1861 1236 1909 autem
1293 1854 1452 1908 electi
1493 1855 1702 1925 (Matth.
1750 1873 1892 1924 xxxi,
1946 1859 2052 1928 1i),

404 1962 518 2002 non
554 1945 624 1998 de
649 1943 738 1997 his
773 1945 788 1977 ¹
834 1939 933 2011 qui
967 1936 1150 1991 vocati
1192 1935 1276 1989 sic
1307 1941 1610 2003 venerunt,
1648 1943 1710 1991 ut
1741 1937 1811 1992 de
1860 1941 2053 1994 convi-

403 2027 497 2082 vio
555 2025 999 2098 projicerentur,
1052 2016 1152 2072 sed
1189 2016 1258 2070 de
1300 2015 1500 2070 electis
1550 2019 2052 2074 demonstraturus

404 2113 493 2166 est
521 2108 868 2163 aedificatam
912 2104 1174 2157 domum,
1211 2114 1335 2168 quae
1382 2099 1597 2155 nullam
1632 2102 1906 2173 deinceps
1940 2103 2053 2157 for-

402 2189 648 2246 midabit
706 2186 958 2242 ruinam.
1008 2180 1174 2235 Nunc
1223 2182 1442 2247 autem,
1501 2184 1735 2252 quando
1768 2189 1822 2237 et
1872 2184 1926 2237 hi
1972 2199 2051 2238 τε-

399 2270 561 2342 plent
603 2266 897 2332 ecclesias,
941 2277 1087 2334 quos
1135 2263 1420 2342 tanquam
1469 2261 1525 2315 in
1579 2280 1711 2318 area
1761 2264 2049 2319 ventilalio

400 2340 715 2422 gepambit,
750 2364 864 2402 non
910 2344 1150 2422 apparet
1182 2345 1344 2395 tanta
1373 2340 1553 2410 gloria
1602 2346 1812 2401 domus
1853 2346 2048 2415 huius,

399 2421 616 2503 quanta
658 2435 795 2484 tunc
840 2421 1162 2498 apparebit,
1213 2423 1444 2491 quando
1494 2427 1762 2499 quisquis
1795 2427 1871 2482 ibi
1916 2427 2043 2495 erit,

401 2527 633 2582 semper
662 2509 788 2564 erit.

395 2670 632 2726 CAPUT
685 2668 891 2727 XLIX.
942 2700 1009 2709 —
1066 2671 1137 2724 De
1190 2667 1486 2724 indiscreta
1517 2668 1536 2702 ³
1583 2666 2050 2738 multiplicatione

471 2750 750 2809 Ecclesiae.
783 2767 889 2819 qua
923 2752 979 2804 in
1007 2752 1105 2806 hoc
1133 2750 1336 2807 saeculo
1361 2749 1522 2802 multi
1551 2748 1770 2819 reprobi
1803 2751 2045 2804 miscen-

472 2839 562 2882 tur
590 2830 798 2884 electis.

471 2957 536 3012 In
569 2956 676 3011 hoc
707 2971 842 3026 ergo
892 2957 1150 3028 maligno
1182 2956 1413 3024 saeculo,
1449 2956 1505 3010 in
1539 2956 1632 3010 his
1679 2955 1884 3010 diebus
1930 2972 2044 3009 ma-

399 3037 494 3106 lis,
527 3037 628 3092 ubi
666 3053 761 3106 per
798 3037 1184 3092 humilitatem
1221 3043 1560 3107 praesentem
1605 3038 1849 3092 futuram
1895 3053 2046 3091 com-

396 3122 562 3188 parat
591 3116 844 3173 Ecclesia
886 3117 1311 3180 celsitudinem.
1344 3121 1399 3172 et
1440 3116 1717 3172 timorum
1759 3116 2041 3185 stimulis,

393 3198 661 3255 dolorum
725 3197 1056 3266 tormentis,
1096 3196 1360 3252 laborum
1423 3197 1723 3262 molestiis,
1767 3198 2038 3254 tentatio-

394 3296 534 3336 num
567 3278 839 3350 periculis
881 3277 1164 3345 eruditur,
1198 3277 1323 3333 sola
1363 3295 1464 3349 spe
1495 3278 1775 3348 gaudens,
1808 3280 2041 3348 quando

390 3376 604 3417 sanum
651 3359 884 3430 gaudet,
936 3359 1104 3414 multi
1139 3359 1365 3430 reprobi
1402 3360 1717 3414 miscentur
1761 3359 1956 3426 bonis;
1986 3365 2042 3414 ct

390 3440 622 3512 utrique
662 3446 940 3508 tanquam
994 3440 1050 3494 in
1109 3455 1380 3509 sagenam
1431 3438 1823 3510 evangelicum
1875 3437 2038 3493 colli-

387 3528 608 3594 guntur
661 3521 760 3592 (Iit.
812 3536 938 3585 xm,
969 3521 1098 3591 47);
1134 3525 1188 3574 et
1217 3519 1274 3574 in
1328 3519 1436 3574 hoc
1469 3519 1706 3585 mundo,
1760 3524 2036 3591 tanquam

385 3602 445 3656 in
482 3601 648 3668 mari,
704 3602 938 3672 utrique
970 3599 1182 3656 inclusi
1219 3599 1437 3654 retibus
1471 3599 1782 3654 indiscrete
1815 3605 2036 3667 natant,

384 3683 568 3739 donec
609 3683 978 3753 perveniatur
1009 3682 1076 3736 ad
1119 3681 1305 3745 littus,
1349 3681 1445 3735 ubi
1483 3681 1617 3734 mali
1662 3687 2040 3751 segregantur

379 3778 412 3819 δ
452 3761 640 3831 bonis,
672 3767 728 3818 et
770 3762 827 3817 in
885 3761 1052 3818 bonis
1095 3768 1373 3832 tanquam
1409 3761 1467 3815 in
1519 3759 1737 3829 templo
1787 3776 1914 3826 suo,
1957 3761 2035 3815 sit

378 3841 534 3898 Deus
564 3842 836 3898 omniain
871 3842 1148 3898 omnibus
1178 3843 1224 3912 (Ι
1250 3843 1373 3896 Cor.
1401 3859 1493 3906 xv,
1514 3843 1632 3912 28).
1666 3839 1912 3896 Proinde
1935 3857 2031 3896 vo-

376 3938 497 3979 cem
524 3938 676 3978 nunc
707 3923 1079 3994 agnoscimus
1111 3923 1236 3990 ejus
1268 3923 1518 3991 impleri,
1555 3919 1654 3992 qui
1689 3919 2034 3990 loquebatur

376 4003 435 4059 in
489 4003 738 4067 Psalmo,
789 4010 961 4073 atque
1005 4003 1254 4064 dicebat,
1319 4001 1683 4070 Annuntiavi,
1737 4010 1786 4056 et
1824 4002 2033 4057 locutus

377 4101 518 4151 sum,
604 4083 969 4152 multiplicati
1050 4087 1179 4137 sunt
1253 4101 1420 4153 super
1478 4099 1770 4137 numerum
1854 4083 2026 4152 (Psal.

375 4180 568 4228 xxxrx,
619 4165 692 4232 6).
755 4165 869 4219 lloc
905 4165 967 4217 lit
1028 4180 1202 4231 nunc,
1244 4181 1310 4217 ex
1357 4181 1469 4234 quo
1514 4163 1765 4232 primum
1830 4179 1930 4232 per
1965 4180 2028 4217 os

378 4245 748 4314 praecursoria
800 4244 890 4298 sui
921 4243 1188 4307 Joannis,
1238 4242 1446 4298 deinde
1482 4259 1577 4311 per
1624 4260 1689 4298 os
1732 4243 2027 4313 proprium

374 4322 759 4387 annuntiavit,
809 4332 859 4377 et
908 4322 1140 4375 locutus
1180 4326 1286 4387 est,
1322 4324 1544 4388 dicens,
1580 4324 1727 4393 Agite
1765 4325 2032 4391 paeniten-

367 4402 528 4464 tiam,
572 4400 1035 4470 appropinquavit
1070 4403 1218 4454 enim
1265 4418 1492 4472 regnum
1522 4405 1782 4458 caelorum
1813 4403 2025 4473 (Matth.

366 4495 452 4546 ιιι,
481 4479 550 4543 2;
584 4495 658 4541 iv,
698 4481 802 4545 17).
838 4480 1026 4548 Elegit
1056 4479 1398 4549 discipulus,
1435 4499 1580 4553 quos
1631 4490 1685 4536 et
1721 4483 2024 4552 Apostolos

366 4557 689 4614 nominavit
718 4559 870 4625 (Luc.
895 4575 970 4622 v1,
1009 4559 1114 4623 13).
1144 4557 1446 4614 humiliter
1479 4567 1666 4628 natos,
1711 4563 2022 4616 inhonora-

365 4642 455 4695 tos
513 4638 881 4707 illitteratos;
939 4642 1001 4693 ut
1049 4636 1333 4709 quidquid
1397 4657 1674 4710 magnum
1726 4651 1916 4694 essent
1968 4648 2024 4696 et

365 4722 640 4785 tacerent,
674 4720 796 4790 ipse
832 4721 887 4774 in
939 4720 1026 4774 eis
1066 4725 1214 4774 esset
1247 4723 1301 4774 et
1343 4720 1572 4774 faceret.
1606 4719 1821 4774 Habuit
1876 4720 2023 4774 inter

363 4818 462 4858 eos
498 4819 704 4866 unum,
736 4818 850 4873 quo
885 4800 1037 4856 malo
1072 4803 1242 4856 utens
1274 4801 1440 4866 bene,
1479 4805 1535 4854 et
1578 4817 1695 4854 sum
1730 4799 2021 4870 passionis

361 4883 708 4954 dispositum
762 4882 1050 4955 impleret,
1103 4886 1159 4937 et
1213 4881 1480 4938 Ecclesia:
1513 4897 1631 4936 suae
1685 4879 2016 4936 tolerando-

357 4979 484 5019 rum
569 4963 853 5018 malorum
924 4963 1202 5032 prebeer
1273 4962 1628 5035 exemplum.
1695 4961 2013 5026 Seminato,

357 5050 644 5116 quantum
692 5060 790 5114 per
840 5047 966 5113 ejus
1001 5045 1300 5114 oportebat
1335 5045 1705 5116 praesentiam
1741 5059 2008 5113 corpora-

355 5127 494 5191 lem,
527 5134 725 5182 sanclo
762 5125 1088 5194 Evangelio,
1115 5143 1320 5197 passus
1353 5134 1457 5191 est,
1491 5135 1753 5181 mortuus
1786 5131 1892 5190 est,
1929 5141 2016 5178 re-

356 5207 609 5261 surrexit
663 5221 676 5258 :
728 5207 996 5274 passione
1033 5207 1350 5260 ostendens
1391 5208 1526 5277 quid
1576 5208 1863 5260 sustinere
1915 5221 2016 5276 pro

353 5289 611 5352 veritate,
669 5285 1094 5341 resurrectione
1142 5287 1280 5356 quid
1333 5303 1567 5358 sperare
1607 5287 1662 5342 in
1697 5284 2017 5342 zetcrnitate

355 5367 670 5423 debeamus
728 5384 740 5420 :
797 5371 1034 5436 excepta
1095 5366 1408 5421 altitudine
1467 5367 1840 5434 sacramenti,
1902 5384 2017 5438 qua

429 5529 457 5600 l.
489 5529 640 5600 Editi,
693 5543 803 5577 non
849 5530 910 5576 de
958 5528 1043 5576 his
1094 5528 1256 5576 dixit.
1292 5529 1470 5586 Abest,
1518 5530 1680 5588 dixit.
1736 5544 1768 5580 θ,
1818 5545 2011 5580 ιιιειιιιιο

360 5592 588 5700 Mamili:
608 5653 726 5702 Mss.
759 5653 895 5705 Editi
921 5656 1119 5712 autem,
1152 5654 1381 5704 ἰηοενιαο

1479 273 1578 331 DF.
1623 271 1990 334 CIVITATE
2039 273 2187 346 DEI,
2236 272 2301 334 S.
2346 271 2774 336 AUGUSTINI

3711 281 3828 340 612

2183 407 2421 476 sanguis
2451 407 2576 475 ejus
2605 406 2666 462 in
2691 406 3090 463 remissionem
3128 411 3499 479 peccatorum
3535 410 3697 465 fusus
3727 417 3830 466 est.

2183 491 2562 543 ConverSatus
2591 493 2678 542 est
2701 489 2758 543 in
2791 495 2944 543 terra
2979 490 3362 560 quadraginta
3394 491 3518 546 dies
3551 508 3682 546 cum
3712 494 3838 548 dis-

2183 569 2395 639 cipulis
2441 570 2585 634 suis,
2651 573 2820 638 atque
2881 571 3023 642 ipsis
3084 572 3414 628 videntibus
3463 575 3730 629 ascendit
3778 575 3835 629 in

2179 649 2412 716 cmlum,
2446 657 2496 703 et
2532 653 2660 720 post
2690 652 2808 704 dies
2839 652 3037 705 decem
3074 651 3233 706 misit
3267 654 3618 722 promissum
3656 655 3841 725 Spiri-

2178 733 2298 784 tum
2334 735 2604 784 sanctum
2639 730 2654 763 ¹
2696 746 2709 784 :
2748 731 2916 799 cujus
2948 731 3238 787 venientis
3284 735 3343 786 in
3376 750 3474 789 eos
3505 734 3605 805 qui
3640 735 3839 789 credi-

2179 811 2401 875 derant,
2439 819 2572 864 tunc
2604 811 2839 881 signum
2873 819 2992 866 erat
3025 813 3338 867 maximum
3365 820 3419 868 et
3452 817 3699 869 maxime
3734 831 3836 870 ne-

2177 892 2520 960 cessarium,
2556 897 2616 945 ut
2640 892 3047 963 unusquisque
3079 909 3278 948 eorum
3313 895 3526 966 linguis
3559 896 3829 951 omnium

2179 972 2438 1042 gentium
2485 971 2820 1042 loqueretur
2865 989 2878 1028 :
2930 973 3005 1028 ita
3035 974 3369 1044 signiﬁcans
3417 977 3706 1032 unitatem
3743 994 3842 1032 ca-

2177 1052 2408 1108 tholicae
2439 1051 2708 1108 Ecclesiae
2750 1069 2846 1124 per
2886 1069 3088 1110 omnes
3121 1060 3323 1125 gentes
3350 1057 3628 1126 futuram,
3661 1074 3726 1113 ac
3756 1059 3843 1114 sic

2173 1132 2394 1204 linguis
2421 1133 2684 1189 omnibus
2715 1133 3065 1190 locuturam.

2172 1297 2403 1354 CAPUT
2451 1299 2511 1352 L.
2558 1328 2625 1339 --
2658 1301 2729 1355 De
2773 1301 3171 1372 praedicatione
3212 1304 3520 1372 Evangelii,
3566 1323 3687 1376 quae
3739 1325 3845 1378 per

2243 1379 2521 1450 passiones
2562 1380 2984 1449 prxdicantium
3027 1383 3233 1437 clarior
3273 1393 3322 1439 et
3362 1388 3635 1454 potentior
3676 1393 3844 1458 [acta

2242 1461 2339 1506 εει.

2239 1587 2456 1641 Deinde
2476 1587 2796 1642 secundum
2832 1588 2990 1644 illam
3028 1591 3412 1660 pr0phetiam,
3444 1595 3526 1648 Ea:
3565 1595 3702 1650 Sion
3740 1597 3842 1652 (ea:

2164 1668 2384 1740 prodiet
2410 1677 2459 1723 et
2491 1672 2712 1723 verbum
2744 1670 2964 1724 Domini
2995 1687 3066 1726 ex
3101 1673 3405 1728 Jerusalem
3436 1676 3590 1743 (Isai,
3633 1693 3697 1741 ιι,
3733 1679 3797 1746 3)
3824 1695 3837 1733 :

2167 1754 2224 1804 et
2253 1749 2573 1803 secundum
2616 1748 2799 1818 ipsius
2843 1749 3074 1805 Domini
3126 1753 3338 1808 Christi
3372 1756 3676 1825 praedicta,
3729 1759 3838 1813 ubi

2168 1833 2299 1899 post
2349 1830 2823 1884 resurrectionem
2875 1832 3250 1901 stupentibus
3313 1849 3448 1888 eum
3507 1835 3840 1908 discipulis

2165 1908 2282 1963 suis
2330 1909 2547 1979 aperuit
2587 1925 2827 1978 sensum,
2865 1916 2923 1964 ut
2980 1911 3352 1983 intelligerent
3396 1916 3734 1986 Scripturas,
3781 1925 3838 1975 et

2162 1988 2308 2043 dixit
2337 1991 2435 2055 eis,
2488 1990 2756 2057 Quantam
2783 1993 2866 2045 sic
2891 1996 3162 2064 scriptum
3191 1998 3292 2062 est,
3325 2000 3374 2049 et
3417 1998 3499 2051 sic
3540 1999 3838 2066 oportebat

2164 2070 2439 2124 Christum
2482 2073 2616 2139 pati,
2666 2077 2719 2125 et
2766 2089 3052 2142 resurgere
3078 2091 3111 2126 a
3152 2079 3384 2131 mortuis
3417 2080 3579 2133 tertio
3623 2081 3740 2146 die,
3780 2090 3838 2136 et

2159 2148 2456 2220 prazdicari
2478 2149 2538 2204 in
2559 2150 2782 2205 nomine
2810 2153 2928 2221 eius
2948 2153 3327 2222 paenitentiam
3352 2165 3402 2211 et
3433 2157 3828 2214 remissionem

2159 2234 2504 2299 peccatorum
2545 2245 2644 2297 per
2678 2247 2866 2287 omnes
2913 2237 3118 2300 gentes,
3170 2236 3562 2306 incipientibus
3601 2238 3672 2291 ab
3715 2241 3829 2294 Je-

2159 2310 2399 2363 rusalem
2430 2312 2583 2379 (Luc,
2629 2327 2780 2375 xxxv,
2819 2313 2905 2376 46,
2957 2313 3078 2382 £7);
3115 2319 3170 2368 et
3214 2315 3311 2368 ubi
3349 2332 3552 2371 rursus
3597 2317 3684 2372 eis
3743 2320 3828 2374 de

2161 2390 2411 2446 adventu
2461 2391 2587 2460 ejus
2645 2391 2960 2446 novissimo
3008 2394 3439 2464 requirentibus
3490 2400 3830 2469 respondit.

2161 2476 2334 2542 atque
2383 2471 2482 2538 ait,
2545 2474 2667 2527 Non
2696 2481 2774 2528 est
2833 2482 3070 2528 vestrum
3116 2477 3256 2530 scire
3304 2485 3549 2546 tempora
3582 2479 3669 2533 vel
3701 2496 3831 2536 mo-

2159 2561 2338 2606 menta
2369 2551 2410 2617 ε,
2445 2568 2564 2624 quae
2594 2554 2760 2608 Pater
2786 2556 2967 2624 posuit
2991 2555 3049 2608 in
3079 2571 3178 2610 sua
3209 2560 3473 2627 potestate
3501 2575 3520 2612 :
3544 2559 3646 2613 sed
3666 2560 3827 2615 acci-

2157 2631 2322 2702 pietis
2388 2633 2656 2688 virtutem
2714 2633 2960 2703 Spiritus
3009 2637 3189 2690 sancti
3237 2640 3711 2707 supervenientem
3761 2643 3829 2694 in

2156 2729 2268 2776 vos,
2329 2715 2380 2766 et
2435 2712 2593 2768 eritis
2641 2713 2788 2768 mihi
2823 2717 2980 2769 testes
3027 2718 3086 2770 in
3141 2717 3466 2786 Jerusalem,
3516 2724 3572 2773 et
3604 2722 3665 2773 in
3706 2725 3828 2776 tota

2155 2793 2340 2849 Iudaea
2357 2802 2408 2848 et
2431 2794 2708 2860 Samaria,
2739 2799 2788 2850 et
2811 2810 2981 2866 usque
3003 2797 3063 2850 in
3082 2797 3218 2865 ﬁnes
3235 2805 3393 2852 terrae
3421 2799 3554 2864 (Act.
3584 2816 3621 2866 ι,
3641 2801 3697 2864 7,
3717 2800 3775 2872 8)
3807 2817 3824 2855 :

2156 2874 2412 2944 primum
2444 2891 2506 2930 se
2539 2877 2610 2930 ab
2640 2877 2960 2931 Jerusalem
2997 2877 3230 2932 dill‘udit
3279 2878 3552 2944 Ecclesia,
3586 2885 3641 2934 ct
3672 2897 3821 2936 cum

2155 2953 2212 3007 in
2244 2953 2441 3007 Judaaa
2463 2958 2633 3023 atque
2665 2955 2925 3010 Samaria
2959 2954 3195 3026 plurimi
3228 2957 3632 3019 credidissent.
3659 2967 3712 3013 et
3745 2959 3819 3015 in

2154 3031 2298 3112 alias
2330 3041 2523 3101 gentes
2556 3035 2703 3088 itum
2736 3042 2844 3102 est,
2877 3035 2957 3090 eis
3014 3036 3505 3093 annuntiantibus
3543 3039 3824 3112 Evange-

2153 3111 2318 3182 lium,
2369 3130 2517 3184 quos
2576 3115 2721 3186 ipse,
2799 3117 2949 3170 sicut
3004 3117 3332 3184 luminaria,
3391 3125 3446 3173 et
3511 3111 3822 3190 aptaverat

2151 3193 2341 3262 verbo,
2374 3200 2430 3250 et
2475 3196 2815 3251 accenderat
2855 3197 3066 3267 Spiritu
3111 3204 3332 3256 sancto.
3369 3200 3614 3256 Dixerat
3647 3202 3814 3256 enim

2148 3277 2254 3341 eis,
2290 3277 2470 3332 Nolite
2507 3279 2703 3332 timere
2729 3294 2820 3333 eos
2867 3281 2963 3349 qui
3011 3295 3205 3351 carpas
3247 3281 3518 3349 occidunt,
3551 3284 3816 3338 animam

2146 3365 2334 3411 autem
2363 3372 2472 3412 non
2495 3362 2719 3427 possunt
2747 3359 3022 3428 occidere(
3032 3360 3214 3414 Matth.
3249 3380 3304 3428 x,
3328 3361 3438 3429 28).
3471 3363 3578 3426 Qui
3617 3372 3680 3416 ut
3712 3363 3815 3416 fri-

2147 3437 2264 3507 gidi
2319 3439 2525 3493 timore
2577 3453 2690 3492 non
2737 3445 2953 3505 essent,
2996 3441 3128 3506 igne
3159 3441 3460 3496 charitatis
3493 3443 3814 3498 ardebant.

2151 3519 2406 3587 Denique
2446 3533 2546 3588 per
2590 3518 2766 3588 ipsos,
2829 3535 2939 3574 non
2983 3520 3172 3573 solum
3235 3521 3332 3591 qui
3367 3537 3500 3576 eum
3563 3528 3620 3577 et
3669 3526 3815 3577 ante

2146 3599 2474 3669 passionem
2526 3603 2583 3652 et
2633 3604 2760 3669 post
2791 3599 3275 3656 resurrectionem
3313 3601 3574 3657 viderant
3605 3607 3663 3657 et
3695 3619 3814 3658 au-

2145 3679 2393 3744 dierant,
2429 3694 2624 3734 verum
2665 3679 2835 3734 etiam
2874 3687 3002 3752 post
3033 3681 3253 3736 obitum
3287 3697 3486 3737 eorum
3530 3698 3630 3752 per
3663 3699 3810 3752 pos-

2145 3765 2296 3814 teres
2325 3774 2548 3824 eorum,
2591 3759 2740 3813 inter
2773 3759 3091 3816 horrendas
3139 3763 3572 3830 persecutiones
3603 3767 3662 3818 et
3702 3780 3814 3819 va-

2145 3839 2261 3894 rios
2285 3839 2576 3893 cruciatus
2610 3854 2676 3894 ac
2709 3840 2910 3894 funera
2943 3845 3264 3912 martyrum
3301 3843 3676 3912 praedicatum
3710 3850 3807 3900 est

2141 3926 2260 3977 toto
2299 3920 2434 3975 orbe
2484 3920 2884 3992 Evangelium,
2917 3927 3280 3978 contestante
3330 3927 3444 3978 Deo
3503 3923 3708 3996 signis,
3743 3932 3806 3981 et

2141 4002 2400 4066 ostentis,
2435 4007 2491 4056 et
2511 4002 2683 4056 variis
2717 4001 3054 4069 virtutibus,
3083 4008 3140 4057 et
3167 4004 3420 4074 Spiritus
3452 4007 3634 4060 sancti
3667 4021 3804 4061 mu-

2140 4085 2376 4138 neribus
2411 4098 2425 4136 :
2471 4087 2530 4136 ut
2562 4081 2755 4153 populi
2783 4082 3047 4153 gentium
3081 4084 3381 4139 credentes
3413 4083 3471 4138 in
3505 4100 3665 4152 eum,
3691 4085 3795 4158 qui

2142 4181 2241 4235 pro
2282 4179 2482 4218 eorum
2539 4163 2938 4234 redemptione
2969 4165 3284 4219 crucifixus
3325 4169 3435 4232 est,
3468 4164 3800 4222 christiano

2139 4262 2334 4299 amore
2366 4249 2786 4298 venerarcntur
2825 4245 3176 4314 sanguinem
3231 4254 3580 4318 martyrum,
3618 4263 3795 4316 quem

2137 4325 2425 4378 diabolico
2459 4323 2648 4376 furore
2691 4325 2994 4386 fuderunt;
3041 4326 3268 4396 ipsique
3319 4342 3504 4396 reges,
3538 4342 3791 4398 quorum

2135 4403 2361 4473 legibus
2401 4403 2742 4459 vastabatur
2790 4405 3062 4472 Ecclesia,
3097 4407 3144 4460 ei
3205 4407 3427 4461 nomini
3478 4406 3794 4463 salubriter

2135 4484 2541 4549 subderentur,
2577 4485 2728 4553 quod
2769 4487 2838 4540 de
2881 4491 3030 4542 terra
3069 4486 3386 4542 crudeliter
3430 4489 3654 4544 auferre
3695 4505 3796 4544 co-

2134 4564 2250 4619 nati
2294 4569 2450 4629 eunt,
2485 4569 2541 4618 et
2577 4565 2750 4620 falsos
2781 4567 2917 4622 deos
2959 4568 3279 4638 inciperent
3311 4569 3606 4640 persequi,
3640 4586 3792 4640 quo-

2132 4660 2259 4698 rum
2294 4660 2467 4698 causa
2498 4645 2753 4701 cultores
2795 4647 2889 4702 Dei
2945 4649 3058 4703 veri
3103 4651 3332 4704 fuerant
3377 4656 3547 4704 antea
3590 4667 3793 4720 porse-

2130 4726 2270 4780 cuti.

2127 4885 2359 4943 CAPUT
2403 4888 2483 4942 L1.
2535 4917 2604 4928 ——
2631 4889 2780 4955 Quod
2811 4889 2980 4944 etiam
3007 4906 3108 4961 per
3149 4893 3530 4947 haereticorum
3568 4893 3785 4949 dissen~

2466 4970 2642 5025 siones
2672 4970 2800 5033 ﬁdes
2829 4971 3098 5026 catholica
3131 4973 3434 5028 roboretur.

2200 5113 2246 5164 1.
2309 5112 2526 5168 Vidcns
2578 5121 2770 5168 autem
2835 5115 3105 5171 diabolus
3171 5116 3384 5183 templa
3441 5119 3782 5174 daemonum

2125 5192 2333 5257 deseri,
2393 5199 2450 5247 et
2506 5194 2562 5246 in
2635 5211 2837 5249 nomen
2890 5195 3193 5252 liberanlis
3263 5196 3595 5252 Mediatoris
3647 5215 3783 5254 cur-

2123 5288 2246 5328 rere
2297 5288 2482 5344 genus
2537 5275 2884 5340 humanum,
2937 5275 3238 5332 haereticos
3289 5279 3487 5346 movit,
3522 5278 3622 5349 qui
3669 5279 3782 5334 sub

2143 5529 2396 5603 _‘1.Editi
2453 5529 2676 5581 addunt.
2735 5528 2926 5577 Patris
2981 5530 3121 5578 sui:
3165 5545 3270 5579 non
3331 5533 3507 5580 autem
3568 5534 3777 5583 veteres

2119 5591 2389 5703 miliiMss.
2427 5667 2535 5703 non
2562 5657 2662 5712 est,
2695 5653 2777 5703 vel
2807 5663 3100 5704 momenta.
