4110 6196
273 287 384 348 613

272 419 546 477 vocabulo
563 419 877 475 christiano
911 416 1182 474 doctrinas
1201 417 1536 474 resisterent
1557 416 1908 483 christianos,

275 502 435 573 quasi
478 505 716 572 possent
765 498 1158 554 indifferenter
1213 498 1336 554 sine
1387 497 1502 552 ulla
1550 496 1915 567 correptione

275 582 469 637 haberi
500 580 558 635 in
590 579 823 635 civitate
847 579 968 645 Dei,
1004 579 1156 633 sicut
1195 577 1400 634 civitas
1433 577 1790 633 confusionis
1823 578 1916 630 in-

275 663 602 718 differenter
631 660 832 715 habuit
873 659 1254 730 philosophos
1300 660 1452 714 inter
1497 675 1559 712 se
1606 657 1833 712 diversa
1863 665 1917 712 et

274 743 510 797 adversa
561 741 898 796 sentientes.
953 738 1061 805 Qui
1111 755 1244 811 ergo
1291 740 1348 793 in
1399 737 1653 794 Ecclesia
1702 736 1914 793 Christi

273 822 600 878 morbidum
633 820 849 891 aliquid
886 836 1246 891 pravumque
1291 821 1548 890 sapiunt,
1587 820 1633 874 si
1666 817 1914 888 correpti

273 909 334 959 ut
364 919 573 958 sanum
619 907 959 971 rectumque
1008 902 1257 972 sapiant,
1293 901 1574 955 resistunt
1605 904 1917 956 contuma—

270 986 430 1052 citer,
466 1002 687 1056 suaque
723 985 996 1055 pestifera
1018 990 1072 1038 et.
1105 983 1396 1038 mortifera
1428 985 1702 1054 dogmata
1724 995 1920 1035 emen-

270 1067 407 1122 dare
458 1065 680 1131 nolunt,
739 1065 841 1120 sed
909 1064 1206 1120 defensare
1250 1063 1599 1134 persistunt;
1662 1061 1918 1117 haeretici

269 1150 436 1216 ﬁunt,
471 1154 526 1204 et
583 1149 734 1204 foras
786 1152 1062 1203 exeuntes
1098 1148 1387 1202 habentur
1432 1147 1490 1200 in
1522 1144 1920 1202 exercentibus

267 1229 537 1285 inimicis.
592 1229 781 1284 Etiam
833 1229 916 1284 sic
977 1227 1192 1299 quippe
1249 1227 1400 1282 veris
1448 1226 1563 1282 illis
1619 1223 1918 1280 catholicis

268 1311 549 1367 membris
580 1309 792 1365 Christi
827 1308 980 1364 malo
1015 1325 1120 1364 suo
1146 1313 1412 1379 prosunt,
1447 1309 1584 1362 dum
1620 1307 1771 1362 Deus
1805 1305 1918 1360 uti-

267 1397 365 1447 tur
413 1395 470 1447 et
529 1391 698 1445 malis
760 1391 927 1456 bene,
982 1393 1038 1444 et
1096 1388 1482 1461 diligentibus
1539 1404 1672 1443 eum
1722 1386 1921 1442 omnia

265 1466 648 1543 cooperantur
699 1474 714 1507 ι
756 1469 818 1526 in
877 1471 1089 1525 bonum
1126 1473 1297 1537 (Rom.
1351 1485 1475 1534 vru,
1514 1469 1627 1537 28).
1691 1465 1916 1523 Inimici

267 1555 424 1610 enim
457 1568 663 1608 omnes
695 1550 980 1619 Ecclesiae,
1011 1550 1269 1621 quolibet
1299 1565 1492 1605 errore
1522 1553 1804 1604 czecentur
1832 1545 1914 1601 vel

267 1633 495 1688 malitia
525 1634 930 1704 depravantur,
977 1633 1024 1684 si
1076 1631 1371 1702 accipiunt
1418 1636 1752 1698 potestatem
1795 1643 1921 1704 cor-5

267 1712 544 1783 poraliter
587 1703 904 1781 uitligendi,
946 1716 1214 1766 exercent
1269 1713 1397 1779 ejus
1457 1708 1823 1779 patientiam;
1869 1703 1920 1760 si

265 1794 675 1848 tantummodo
711 1791 860 1846 male
895 1791 1194 1846 sentiendo
1218 1791 1619 1857 adversantur,
1653 1791 1921 1843 exercent

263 1875 395 1945 ejus
427 1875 808 1944 sapientiam;
843 1878 908 1927 ut
955 1876 1145 1926 autem
1197 1871 1372 1926 etiam
1404 1870 1626 1924 inimici
1659 1867 1917 1939 diligan-

266 1961 384 2023 tur,
419 1960 683 2011 exercent
715 1955 844 2023 ejus
867 1953 1351 2020 benevolentiam,
1377 1956 1476 2004 aut
1505 1951 1678 2006 etiam
1713 1948 1921 2004 beneﬁ-

262 2035 541 2103 centiam,
576 2035 693 2090 sive
736 2032 1002 2088 suadibili
1035 2033 1055 2066 ²
1103 2034 1363 2088 doctrina
1395 2047 1527 2085 cum
1578 2029 1662 2085 eis
1693 2033 1918 2099 agatur,

262 2119 390 2174 sive
421 2116 663 2172 terribili
699 2113 1028 2184 disciplina.
1074 2116 1153 2166 Ac
1179 2128 1277 2182 per
1316 2112 1424 2166 hoc
1455 2108 1722 2164 diabolus
1756 2108 1918 2178 prin-

261 2215 407 2268 ceps
453 2197 650 2266 impiae
699 2195 976 2258 civitatis,
1029 2194 1306 2245 adversus
1355 2189 1818 2259 peregrinantem
1863 2188 1918 2239 in

263 2279 382 2334 hoc
437 2276 657 2330 mundo
693 2273 986 2327 civitatem
1045 2273 1149 2326 Dei
1203 2288 1337 2325 vasa
1390 2268 1620 2340 propria
1659 2284 1920 2322 commo-

259 2357 483 2422 vendo,
517 2354 662 2410 nihil
695 2354 744 2409 ei
778 2369 984 2407 nocere
1017 2351 1394 2423 permittitur.
1433 2351 1532 2404 Cui
1570 2348 1767 2419 procul
1809 2349 1921 2402 du-

260 2438 366 2495 bio
401 2442 457 2491 et
481 2437 653 2491 rebus
685 2434 978 2506 prosperis
1017 2431 1355 2496 consolatio,
1386 2435 1588 2485 utnon
1616 2429 1924 2500 frangatur

261 2516 573 2584 adversis;
634 2519 688 2571 et
727 2516 903 2570 rebus
935 2515 1216 2568 adversus
1273 2509 1627 2576 exercitatio,
1687 2514 1751 2564 ut
1808 2525 1921 2564 non

261 2602 684 2668 corrumpatur
732 2595 1048 2667 prosperis,
1083 2611 1184 2665 per
1213 2593 1468 2649 divinam
1505 2591 1922 2663 providentiam

261 2681 618 2750 procuratur
650 2693 661 2729 :
698 2684 868 2745 atque
899 2675 977 2728 ita
997 2677 1360 2744 temperatur
1391 2678 1704 2741 utrumque
1727 2670 1798 2750 ab
1829 2669 1920 2750 al-

260 2747 515 2824 terutro,
551 2760 613 2810 ut
657 2756 715 2810 in
770 2754 1000 2809 Psalmo
1060 2753 1220 2808 illam
1276 2768 1474 2807 vocem
1523 2767 1641 2806 non
1689 2747 1922 2804 aliunde

264 2853 665 2911 agnoscamus
695 2842 971 2904 exortam,
1003 2833 1311 2892 Secundum
1329 2830 1747 2887 multitudinem
1767 2829 1921 2884 dolo-

261 2937 398 2974 rum
427 2933 671 2974 meorum
701 2915 761 2970 in
793 2915 951 2971 corde
979 2930 1118 2983 meo,
1149 2914 1549 2969 consolationes
1591 2916 1701 2966 ture
1729 2911 1924 2978 iucun-

260 3001 540 3056 daverunt
569 2997 814 3053 animum
863 3012 1046 3050 meam
1088 2994 1260 3064 (Psal.
1307 3009 1466 3061 xcm,
1501 2992 1606 3061 19).
1660 2990 1802 3045 Hinc
1835 2994 1924 3044 est

260 3079 498 3137 etillud
535 3077 815 3149 Apostoli,
848 3077 952 3147 Spe
981 3076 1298 3147 gaudentes,
1333 3075 1386 3127 in
1421 3071 1782 3127 tribulatione
1809 3087 1918 3141 p.2-

257 3165 464 3218 tientes
494 3160 669 3232 (Rom.
698 3175 797 3222 x11,
837 3157 941 3227 12).

329 3243 389 3296 2.
419 3239 566 3294 Nam
602 3243 659 3292 et
700 3238 780 3307 id,
830 3236 984 3308 quod
1019 3234 1098 3290 ait
1128 3233 1278 3288 idem
1331 3233 1548 3300 doctor,
1584 3231 1923 3302 Quicumque

253 3321 462 3377 uolunt
480 3323 537 3374 in
571 3318 792 3374 Christo
811 3321 899 3390 pie
925 3319 1122 3384 vivere,
1147 3316 1575 3386 persecutionem
1594 3315 1882 3383 patientur
1899 3312 1920 3346 ³

253 3402 328 3474 (ΙΙ
373 3401 514 3455 Tim.
548 3416 631 3463 ιιι,
665 3399 774 3469 12),
811 3397 986 3452 nullis
1021 3397 1352 3465 putandum
1387 3397 1474 3474 est
1505 3392 1704 3474 deesse
1751 3405 1922 3461 posse

251 3473 653 3550 temporibus.
685 3479 828 3542 Quia
858 3484 917 3533 et
947 3493 1078 3532 cum
1111 3475 1180 3530 ab
1215 3474 1297 3530 eis
1330 3473 1429 3544 qui
1463 3473 1605 3527 foris
1644 3476 1782 3526 sunt
1804 3486 1919 3525 non

253 3562 658 3631 saevientibus,
709 3559 933 3615 videtur
981 3574 1110 3613 esse
1157 3554 1574 3626 tranquillitas,
1618 3559 1676 3608 et
1731 3567 1924 3606 revera

252 3645 410 3710 est‘,
444 3641 882 3713 plurimumque
913 3635 1318 3693 consolationis
1339 3636 1524 3703 ati'ert,
1549 3633 1802 3687 maxime
1831 3631 1924 3684 in-

256 3712 499 3790 ﬁrmis;
533 3739 649 3778 non
702 3727 898 3776 tamen
931 3720 1163 3782 desunt,
1205 3718 1322 3771 imo
1356 3715 1528 3770 multi
1577 3722 1711 3769 sunt
1743 3712 1920 3778 intus,

257 3807 361 3878 qui
402 3805 576 3860 corda
609 3804 700 3874 pie
731 3801 1046 3856 viventium
1080 3798 1200 3853 suis
1233 3797 1475 3869 perditis
1511 3797 1770 3850 moribus
1801 3808 1924 3848 cru-

260 3876 466 3942 ciant:
503 3884 776 3955 quoniam
807 3899 906 3954 per
937 3897 1035 3936 eos
1068 3879 1507 3949 blasphematur
1534 3876 1923 3955 christianum

260 3972 321 4022 et.
350 3953 712 4022 catholicum
738 3953 946 4017 nomen
974 3979 986 4015 :
1022 3958 1176 4030 quod
1194 3962 1414 4030 quanto
1447 3961 1534 4011 est
1555 3956 1787 4012 charius
1816 3953 1924 4020 eis,

261 4047 366 4120 qui
403 4044 606 4102 volunt
632 4045 723 4116 pie
739 4043 928 4098 vivere
951 4041 1007 4095 in
1033 4042 1463 4120 Christo,itanto
1499 4037 1682 4120 magis
1705 4035 1920 4103 dolent,

261 4118 430 4198 quod
463 4141 563 4197 per
595 4123 779 4179 malos
828 4123 986 4178 intus
1028 4119 1244 4191 positos
1276 4119 1356 4186 ﬁt,
1398 4123 1462 4173 ut
1493 4118 1688 4172 minus
1747 4133 1921 4188 quam

260 4207 508 4279 piorum
543 4212 762 4260 mentes
812 4202 1165 4268 desiderant,
1211 4199 1508 4271 diligatur.
1545 4199 1660 4270 Ipsi
1692 4213 1923 4268 quoque

259 4287 547 4353 haeretici,
579 4302 713 4342 cum
760 4286 1086 4355 cogitantur
1115 4281 1330 4336 habere
1371 4297 1582 4336 nomen
1605 4279 1626 4314 ³
1655 4288 1708 4334 et
1738 4295 1927 4334 sacra-

259 4372 471 4424 menta
501 4367 842 4429 christiana,
884 4368 940 4418 et
986 4363 1331 4434 Scripturas,
1373 4366 1429 4417 et
1477 4359 1918 4433 professionem,

257 4465 548 4522 magnum
574 4449 833 4504 dolorem
857 4447 1075 4500 faciunt
1103 4446 1161 4498 in
1185 4443 1459 4500 cordibus
1485 4443 1715 4513 piorum
1743 4459 1755 4497 ε
1791 4441 1926 4512 quia

255 4536 315 4587 et
365 4531 548 4585 multi
586 4529 846 4585 volentes
889 4542 1009 4582 esse
1068 4524 1406 4589 Christiani,
1440 4532 1672 4595 propter
1720 4538 1923 4578 eorum

257 4611 669 4667 dissensiones
714 4609 981 4664 bzesitare
1012 4610 1318 4676 coguntur,
1353 4608 1412 4659 et
1457 4603 1621 4659 multi
1657 4602 1924 4657 maledici

259 4691 448 4750 etiam
473 4691 532 4746 in
553 4691 645 4746 his
661 4686 1286 4747 iuveniuntmateriam
1300 4684 1740 4756 blasphemandi
1758 4682 1924 4737 Chri-

257 4773 527 4828 stianum
562 4788 813 4840 nomen;
847 4770 985 4841 quia
1015 4772 1070 4823 et
1101 4767 1214 4838 ipsi
1258 4780 1490 4837 quoque
1522 4764 1694 4819 modo
1725 4763 1923 4818 Chris-

329 5015 346 5046 ι
387 5009 573 5059 Plures
600 5012 652 5059 et
681 5008 876 5064 probae
904 5007 1061 5056 notae
1090 5004 1227 5064 Mss,
1258 5011 1596 5064 cooperatur.
1627 5001 1829 5050 Alludit
1858 5001 1926 5050 ad

257 5071 445 5123 locum
475 5064 726 5134 Apostoli.
758 5073 906 5120 Rom.
939 5083 1045 5134 nu,
1069 5067 1150 5122 28,
1169 5066 1274 5134 ubi
1302 5079 1481 5134 graece
1501 5066 1598 5134 est,
1627 5064 1920 5134 signes-get:

255 5136 410 5198 quod
441 5127 698 5184 utrolibet
724 5135 880 5183 modo
915 5131 1052 5180 verti
1096 5131 1285 5192 potest,
1316 5129 1588 5178 referendo
1618 5129 1686 5176 ad
1721 5127 1921 5183 Theon,

253 5200 348 5248 vel
475 5207 670 5261 panta.

320 5261 344 5294 ²
381 5253 618 5309 εἶθ’Μδε.
651 5260 788 5308 Editi
816 5261 1014 5317 autem,
1047 5253 1327 5303 suasibili.

250 5324 343 5435 M3
410 5323 745 5385 Patiuntur,
795 5324 951 5385 juxta
1003 5312 1158 5369 codd.
1216 5319 1444 5379 nostros,
1515 5317 1724 5379 excepto
1780 5312 1922 5365 2050.

317 5449 342 5482 ι
375 5449 460 5513 Eg.
496 5452 548 5498 et
580 5449 790 5513 aliquot
819 5449 1041 5513 Mss.,_et
1071 5460 1264 5494 revera
1289 5444 1423 5513 utile
1452 5452 1545 5493 est.

319 5515 342 5547 ⁵
398 5511 575 5567 Editi,
627 5504 751 5560 cum
789 5504 1159 5559 christianum
1211 5509 1525 5570 cogitantur
1571 5504 1765 5553 habere
1824 5517 1919 5550 no—

247 5589 430 5624 mem.
461 5575 623 5624 Abest
651 5575 1026 5625 christianum
1059 5586 1092 5620 a
1117 5572 1239 5620 Mss.

1440 282 1679 343 LIBER
1719 281 2070 345 DECIMUS
2115 282 2502 345 OCTAVUS.

3551 298 3668 356 614

2022 415 2166 472 tiani
2199 415 2584 487 appellantur.
2621 417 2717 472 His
2757 421 2928 488 atque
2959 419 3296 490 hujusmodi
3331 426 3517 496 pravis
3548 444 3674 485 mo-

2029 496 2189 580 ribus
2238 503 2295 551 et
2343 497 2659 580 erroribus
2694 498 3000 580 hominum
3049 506 3509 570 persecutionem
3571 527 3673 580 pa-

2027 578 2253 633 tiuntur
2285 579 2382 649 qui
2415 576 2616 634 volunt
2646 578 2704 634 in
2728 579 2956 635 Christo
2990 582 3079 652 pie
3102 583 3307 649 vivere,
3335 588 3509 642 etiam
3552 576 3677 646 nul-

2026 657 2080 712 lo
2158 658 2470 712 infestante
2549 674 2734 728 neque
2812 668 3049 716 vexaute
3132 679 3342 733 corpus
3418 665 3672 726 illorum.

2023 735 2335 820 Patiuntur
2361 739 2574 810 quippe
2596 739 2742 794 hanc
2769 741 3226 811 persecutionem
3254 761 3365 799 non
3394 747 3448 800 in
3472 765 3678 820 corpo-

2026 819 2206 886 ribus,
2257 820 2352 874 sed
2407 821 2464 874 in
2526 821 2822 888 cordibus,
2875 821 3035 876 Unde
3095 823 3192 878 illa
3243 841 3346 879 vox
3389 833 3475 882 est
3521 847 3533 884 :
3578 819 3678 884 Se-

2022 901 2263 954 cundum
2335 900 2747 956 multitudinem
2799 901 3048 957 dolorum
3092 920 3337 959 meorum
3397 910 3458 962 in
3515 910 3677 966 corde

2023 997 2158 1036 meo.
2195 981 2319 1036 Non
2359 982 2513 1037 enim
2556 983 2656 1048 ait,
2719 983 2782 1037 In
2817 999 3053 1053 corpore
3115 1002 3264 1041 meo.
3313 988 3419 1042 Sed
3475 1005 3676 1047 rursus

2025 1063 2303 1134 quoniam
2336 1064 2666 1135 cogitantur
2698 1065 3083 1120 immutabilis
3125 1067 3320 1124 divina
3365 1071 3674 1140 promissa,

2025 1152 2078 1200 et
2108 1147 2262 1214 quod
2291 1146 2371 1200 ait
2410 1145 2741 1215 Apostolus,
2777 1149 2937 1201 Novit
2983 1147 3247 1204 Dominus
3282 1153 3379 1221 qui
3405 1161 3533 1207 sunt
3561 1154 3679 1224 ejus

2024 1225 2093 1297 (Il
2120 1225 2254 1280 Tim.
2290 1243 2348 1292 ιι,
2377 1227 2462 1296 19)
2487 1243 2500 1280 :
2529 1227 2668 1294 Quos
2699 1227 2850 1282 enim
2867 1229 3160 1298 praesciuit,
3186 1240 3235 1285 et
3255 1233 3681 1302 praedestinavit

2024 1306 2324 1374 conformes
2346 1306 2364 1340 ί
2397 1307 2660 1374 imaginis
2690 1308 2828 1363 Filii
2846 1308 2934 1363 sui
2959 1312 3136 1379 (Rom.
3163 1327 3282 1379 vni,
3324 1312 3416 1384 29)
3446 1331 3458 1381 ;
3491 1330 3556 1370 ex
3587 1315 3672 1370 eis

2025 1386 2209 1457 perire
2243 1387 2438 1442 nullus
2472 1393 2660 1457 potest
2691 1407 2704 1456 ;
2740 1389 2868 1444 ideo
2906 1391 3170 1461 sequitur
3201 1393 3257 1446 in
3290 1391 3387 1447 illo
3431 1393 3677 1464 psalmo,

2026 1466 2427 1522 Consolatione:
2485 1469 2597 1523 tuse
2644 1469 3093 1538 jucundacerunt
3149 1473 3400 1527 animam
3469 1490 3672 1531 meam.

2026 1547 2195 1604 Dolor
2225 1553 2420 1603 autem
2455 1549 2597 1617 ipse,
2632 1549 2730 1619 qui
2762 1550 2824 1603 ﬁt
2849 1551 2906 1604 in
2939 1552 3214 1607 cordibus
3240 1553 3491 1621 piorum,
3525 1571 3674 1626 quos

2027 1636 2451 1698 persequuntur
2483 1645 2670 1686 mores
2711 1628 3176 1685 Christianorum
3233 1633 3521 1687 malorum
3556 1634 3675 1688 sive

2027 1707 2325 1773 falsorum,
2345 1709 2578 1778 prodest
2595 1707 2961 1775 dolentibus;
3003 1712 3280 1781 quoniam
3303 1713 3371 1767 de
3391 1712 3677 1769 charitate

2024 1788 2345 1852 descendit,
2392 1803 2506 1858 qua
2553 1805 2650 1843 eos
2707 1791 2892 1860 perire
2951 1796 3178 1852 nolunt,
3241 1807 3346 1848 nec
3397 1794 3677 1864 impedire

2023 1867 2270 1923 aliorum
2321 1869 2591 1924 salutem.
2652 1871 2908 1940 Denique
2967 1887 3188 1942 magnae
3244 1875 3673 1929 consolationes

2028 1948 2171 2003 fiunt
2202 1950 2375 2003 etiam
2409 1951 2478 2003 de
2509 1951 2967 2005 correctionihus
2997 1969 3224 2018 eorum,
3267 1971 3389 2022 quae
3444 1955 3671 2024 piorum

2026 2029 2250 2082 animus
2279 2029 2826 2098 tantajucunditate
2848 2031 3232 2101 perfundunt,
3259 2036 3495 2102 quantis
3519 2033 3677 2088 dolo-

2027 2109 2188 2162 ribus
2221 2106 2290 2162 de
2339 2124 2440 2161 sua
2492 2110 2810 2178 perditione
2863 2109 3288 2165 cruciaverunt.
3321 2112 3413 2166 Sic
3460 2113 3518 2167 in
3570 2113 3675 2166 hoc

2026 2187 2258 2254 saeculo,
2293 2187 2350 2242 in
2385 2188 2474 2242 his
2504 2189 2712 2244 diebus
2743 2188 2937 2253 malis,
2975 2206 3088 2244 non
3131 2189 3321 2245 solum
3359 2208 3390 2244 a
3424 2199 3676 2261 tempore

2027 2269 2344 2340 corporalis
2386 2270 2704 2340 praesentire
2739 2271 2949 2327 Christi
2994 2276 3051 2325 et
3079 2272 3490 2342 Apostolorum
3523 2274 3676 2342 ejus,

2027 2351 2126 2404 sed
2159 2351 2230 2403 ab
2261 2349 2387 2419 ipso
2409 2350 2571 2418 Abel,
2596 2367 2769 2421 quem
2796 2351 3050 2421 primum
3073 2353 3302 2421 justum
3326 2352 3540 2423 impius
3572 2354 3679 2408 fra-

2027 2434 2115 2486 ter
2143 2431 2371 2494 occidit,
2398 2437 2454 2486 et
2476 2431 2747 2502 deinceps
2771 2448 2953 2502 usque
2974 2433 3031 2486 in
3057 2433 3234 2503 hujus
3258 2433 3450 2489 saeculi
3476 2434 3674 2502 finem,

2026 2511 2177 2565 inter
2209 2512 2637 2581 persecutiones
2671 2515 2875 2568 mundi
2907 2521 2961 2569 et
2992 2514 3420 2570 consolationes
3457 2514 3555 2569 Dei
3582 2530 3676 2584 pe-

2027 2592 2372 2660 regrinando
2403 2595 2692 2664 procurrit
2725 2594 2995 2650 Ecclesia.

2027 2807 2259 2864 CAPUT
2294 2811 2402 2864 LII.
2439 2842 2503 2848 —
2538 2811 2616 2865 Au
2643 2810 2973 2874 credendum
3003 2811 3095 2875 sit,
3124 2811 3265 2881 quod
3314 2813 3548 2881 quidam
3578 2829 3678 2884 pu-

2097 2892 2238 2956 tant,
2273 2890 2512 2959 impletis
2551 2889 2731 2946 decem
2769 2891 3236 2961 persecutionibus
3265 2907 3390 2962 quze
3423 2892 3676 2964 fuerunt,

2099 2970 2312 3023 nullam
2342 2972 2464 3040 jam
2505 2987 2779 3040 superesse
2805 2981 3014 3043 praeter
3052 2973 3418 3040 undecimam,
3450 2989 3570 3045 quae
3622 2975 3679 3029 in

2097 3047 2216 3118 ipso
2249 3049 2579 3104 Antechristi
2606 3056 2850 3121 tempore
2892 3050 2964 3105 sit
2991 3053 3204 3119 futura.

2099 3237 2147 3290 1.
2184 3236 2428 3292 Proinde
2461 3253 2532 3292 ne
2572 3238 2714 3293 illud
2752 3239 2985 3309 quidem
3019 3243 3227 3295 temere
3259 3246 3394 3309 puto
3425 3257 3552 3297 esse
3593 3243 3678 3296 di-

2024 3319 2292 3379 cendum,
2315 3317 2434 3372 sive
2456 3319 2828 3388 credendum,
2854 3321 3006 3390 quod
3035 3321 3332 3374 nonnullis
3356 3323 3544 3376 visum
3569 3331 3678 3390 est,

2023 3398 2109 3452 vel
2177 3398 2422 3464 videtur,
2491 3413 2605 3450 non
2657 3399 2912 3468 amplius
2972 3399 3292 3453 Ecclesiam
3364 3416 3677 3469 passuram

2025 3476 2456 3548 persecutiones
2491 3492 2676 3546 usque
2721 3478 2792 3530 ad
2839 3483 3065 3546 tempus
3101 3477 3465 3545 Antichristi,
3502 3496 3675 3548 quam

2028 3563 2167 3628 quot
2190 3559 2314 3626 jam
2350 3573 2522 3627 passa
2549 3561 2658 3623 est,
2684 3558 2738 3611 id
2773 3562 2860 3612 est
2893 3559 3114 3623 decem,
3151 3561 3215 3610 ut
3249 3559 3560 3612 undecima
3588 3575 3683 3614 ea-

2027 3641 2275 3709 demque
2337 3637 2656 3692 novissima
2703 3638 2780 3691 sit
2844 3637 2914 3691 ab
2975 3635 3358 3692 Antichristo.
3422 3639 3676 3695 Primam

2029 3719 2241 3792 quippe
2274 3722 2611 3787 computant
2633 3735 2664 3772 a
2697 3717 2922 3772 Nerone
2949 3733 3076 3788 qua:
3109 3718 3260 3772 facta
3285 3723 3374 3774 est
3396 3719 3436 3779 ⁵,
3471 3735 3675 3776 secun-

2029 3804 2161 3857 dam
2192 3818 2224 3855 a
2263 3800 2614 3868 Domitiano,
2649 3817 2681 3854 a
2713 3799 2964 3869 Traiano
3015 3799 3267 3867 tertiam,
3302 3808 3565 3869 quartam
3605 3802 3676 3858 ab

2028 3883 2340 3945 Antonino,
2374 3883 2630 3934 aSevero
2663 3878 2954 3950 quintam,
2998 3887 3214 3933 sextam
3254 3896 3287 3932 a
3336 3878 3674 3950 Maximino,

2028 3978 2061 4016 a
2091 3960 2261 4017 Decio
2294 3958 2628 4030 septimam,
2662 3964 2922 4015 octavam
2958 3975 2989 4011 τι
3021 3957 3347 4026 Valeriano,
3390 3959 3461 4012 ab
3493 3960 3676 4015 Aure-

2027 4042 2183 4097 liano
2243 4057 2479 4108 nonam,
2509 4039 2795 4094 decimam
2838 4057 2868 4092 ιι
2919 4038 3274 4094 Diocletiano
3307 4043 3364 4093 et
3413 4039 3681 4094 Maximi-

2026 4147 2136 4187 ano
2167 4131 2266 4203 (α).
2303 4129 2504 4200 Plagas
2533 4128 2685 4183 enim
2714 4128 3137 4199 Egyptiorum,
3171 4127 3449 4198 quoniam
3475 4128 3674 4184 decem

2026 4213 2292 4278 fuerunt,
2315 4216 2627 4282 antequam
2653 4210 2788 4264 inde
2810 4208 3261 4280 exireinciperet
3284 4207 3532 4278 populus
3556 4209 3673 4277 Dei;

2026 4297 2231 4365 putant
2259 4293 2327 4347 ad
2359 4291 2517 4346 hunc
2547 4289 2909 4346 intellectum
2931 4305 3061 4346 esse
3093 4289 3443 4355 referendas,
3481 4293 3545 4344 ut
3576 4307 3677 4346 no-

2025 4375 2266 4429 vissima
2298 4372 2634 4428 Antichristi
2672 4371 3019 4442 persecutio,
3044 4371 3253 4427 similis
3277 4372 3532 4427 videatur
3565 4387 3676 4426 un-

2027 4455 2262 4510 decimae
2296 4452 2497 4525 plagae,
2531 4467 2649 4522 qua
2682 4450 2943 4522 (Egyptii,
2977 4453 3114 4505 dum
3150 4451 3434 4507 hostiliter
3464 4467 3676 4523 seque-

2028 4542 2227 4589 rentur
2285 4535 2575 4600 Hebraaos,
2609 4533 2666 4586 in
2713 4531 2850 4586 mari
2887 4531 3104 4600 Rubro,
3159 4532 3372 4604 populo
3424 4531 3525 4587 Dei
3573 4548 3678 4605 per

2093 4877 2106 4910 ¹
2144 4875 2299 4932 Editi,
2362 4875 2668 4933 conformes
2704 4870 2848 4932 ﬁeri.
2887 4869 3134 4933 Verbum,
3173 4868 3321 4933 ﬁeri,
3370 4879 3478 4916 non
3511 4868 3592 4916 est
3617 4867 3675 4916 in

2025 4930 2401 4998 manuscriptis
2429 4930 2525 4985 nec
2553 4930 2825 4998 ingraeco
2857 4933 3008 4980 textu
3034 4930 3292 4998 Apostoli.

2087 5001 2109 5034 2
2137 4992 2439 5048 νίιιᾶ.’Ληι.
2491 4999 2543 5046 et
2584 4995 2788 5056 aliquot
2835 4993 3183 5055 manuscripti
3228 4992 3500 5047 omittunt.
3536 5006 3676 5055 quae

2022 5066 2175 5184 tua?
2195 5069 2372 5171 Pcrfitma
2412 5119 2703 5184 persecutio
2746 5119 2843 5167 sub
2892 5118 3108 5184 Nerone,
3159 5131 3300 5184 anno
3346 5115 3543 5184 Christi
3568 5115 3627 5164 64
3662 5131 3674 5171 ;

2025 5179 2256 5236 secunda
2285 5185 2384 5233 sub
2412 5179 2742 5236 Domitiano,
2774 5195 2914 5230 anno
2942 5180 3008 5228 93
3040 5195 3052 5238 ;
3099 5182 3257 5230 tertia
3303 5181 3402 5230 sub
3431 5179 3671 5240 Traiano.

2025 5262 2165 5298 anno
2200 5247 2286 5296 107
2319 5262 2331 5303 ;
2382 5249 2574 5308 quarta
2621 5246 2718 5308 sub
2757 5245 3008 5299 Adriano,
3057 5257 3198 5308 anno
3237 5242 3345 5298 118,
3385 5242 3472 5291 vel
3501 5240 3677 5308 potius

2025 5312 2125 5360 sub
2154 5303 2441 5364 Antonino,
2473 5322 2614 5356 anno
2632 5307 2722 5355 162
2747 5321 2758 5365 ;
2779 5308 2968 5369 quinta
2995 5308 3093 5355 sub
3115 5306 3328 5367 Severo,
3363 5317 3530 5369 annok
3547 5303 3638 5369 202
3661 5317 3672 5350 :

2025 5378 2177 5424 sexta
2223 5375 2320 5422 sub
2373 5371 2680 5430 Maximino,
2726 5366 2868 5420 anno
2913 5369 3051 5427 235;
3101 5370 3326 5431 septima
3365 5367 3464 5417 sub
3502 5366 3673 5431 Decio,

2025 5451 2166 5486 anno
2195 5436 2287 5484 250
2319 5450 2330 5492 ;
2364 5437 2555 5484 octava
2583 5435 2681 5483 sub
2729 5433 3026 5489 Valeriano,
3070 5429 3211 5480 anno
3240 5429 3331 5477 257
3363 5445 3374 5486 ;
3409 5442 3551 5479 nona
3578 5430 3678 5492 sub

2024 5500 2312 5548 Aureliano
2342 5511 2482 5546 anno
2512 5496 2640 5554 272;
2672 5497 2877 5545 decima
2922 5495 3021 5544 sub
3069 5494 3391 5543 Diocletiano
3438 5494 3489 5541 et
3518 5491 3679 5540 Maxi-

2026 5562 2224 5622 miano,
2255 5573 2396 5612 anno
2425 5559 2533 5610 302.
2566 5559 2800 5611 Laecam.
